  <div class='ocr_page' id='page_1' title='image "/cluster/home/n/w/nwhite01/storage/ocr_20150623/34/uva.x000826574/490.png"; bbox 0 0 3874 6310; ppageno 0'>
   <div class='ocr_carea' id='block_1_1' title="bbox 182 326 309 391">
    <p class='ocr_par' dir='ltr' id='par_1_1' title="bbox 182 326 309 391">
     <span class='ocr_line' id='line_1_1' title="bbox 182 326 309 391; baseline -0.016 0"><span class='ocrx_word' id='word_1_1' title='bbox 182 326 309 391; x_wconf 78' lang='lat'><strong>937</strong></span> 
     </span>
    </p>
   </div>
   <div class='ocr_carea' id='block_1_2' title="bbox 181 542 1797 621">
    <p class='ocr_par' dir='ltr' id='par_1_2' title="bbox 181 542 1797 621">
     <span class='ocr_line' id='line_1_2' title="bbox 181 542 1797 621; baseline 0.008 -26"><span class='ocrx_word' id='word_1_2' title='bbox 181 554 325 595; x_wconf 81' lang='lat' dir='ltr'><strong>eam</strong></span> <span class='ocrx_word' id='word_1_3' title='bbox 362 542 440 597; x_wconf 78' lang='lat' dir='ltr'><strong>eis</strong></span> <span class='ocrx_word' id='word_1_4' title='bbox 470 559 485 597; x_wconf 86' lang='lat'><strong>:</strong></span> <span class='ocrx_word' id='word_1_5' title='bbox 521 544 641 614; x_wconf 90' lang='lat' dir='ltr'><strong>quia</strong></span> <span class='ocrx_word' id='word_1_6' title='bbox 677 545 899 609; x_wconf 84' lang='lat' dir='ltr'><strong>vocavi,</strong></span> <span class='ocrx_word' id='word_1_7' title='bbox 927 556 984 601; x_wconf 91' lang='lat' dir='ltr'><strong>et</strong></span> <span class='ocrx_word' id='word_1_8' title='bbox 1019 564 1123 602; x_wconf 93' lang='lat' dir='ltr'><strong>non</strong></span> <span class='ocrx_word' id='word_1_9' title='bbox 1151 557 1263 603; x_wconf 92' lang='lat' dir='ltr'><strong>erat</strong></span> <span class='ocrx_word' id='word_1_10' title='bbox 1291 550 1379 619; x_wconf 99' lang='lat' dir='ltr'><strong>qui</strong></span> <span class='ocrx_word' id='word_1_11' title='bbox 1420 552 1797 621; x_wconf 75' lang='lat' dir='ltr'><strong>responderet;</strong></span> 
     </span>
    </p>
   </div>
   <div class='ocr_carea' id='block_1_3' title="bbox 179 630 1799 713">
    <p class='ocr_par' dir='ltr' id='par_1_3' title="bbox 179 630 1799 713">
     <span class='ocr_line' id='line_1_3' title="bbox 179 630 1799 713; baseline 0.007 -26"><span class='ocrx_word' id='word_1_12' title='bbox 179 630 421 689; x_wconf 86' lang='lat' dir='ltr'><strong>locutus</strong></span> <span class='ocrx_word' id='word_1_13' title='bbox 448 649 586 702; x_wconf 85' lang='lat' dir='ltr'><strong>smn,</strong></span> <span class='ocrx_word' id='word_1_14' title='bbox 609 644 660 690; x_wconf 90' lang='lat' dir='ltr'><strong>et</strong></span> <span class='ocrx_word' id='word_1_15' title='bbox 690 651 794 692; x_wconf 91' lang='lat' dir='ltr'><strong>non</strong></span> <span class='ocrx_word' id='word_1_16' title='bbox 820 638 1129 701; x_wconf 84' lang='lat' dir='ltr'><strong>audierunt;</strong></span> <span class='ocrx_word' id='word_1_17' title='bbox 1156 639 1499 713; x_wconf 80' lang='lat' dir='ltr'><strong>feceruntque</strong></span> <span class='ocrx_word' id='word_1_18' title='bbox 1528 644 1720 698; x_wconf 88' lang='lat' dir='ltr'><strong>malum</strong></span> <span class='ocrx_word' id='word_1_19' title='bbox 1749 644 1799 699; x_wconf 91' lang='lat' dir='ltr'><strong>in</strong></span> 
     </span>
    </p>
   </div>
   <div class='ocr_carea' id='block_1_4' title="bbox 180 723 1798 804">
    <p class='ocr_par' dir='ltr' id='par_1_4' title="bbox 180 723 1798 804">
     <span class='ocr_line' id='line_1_4' title="bbox 180 723 1798 804; baseline 0.008 -27"><span class='ocrx_word' id='word_1_20' title='bbox 180 723 383 779; x_wconf 85' lang='lat' dir='ltr'><strong>oculis</strong></span> <span class='ocrx_word' id='word_1_21' title='bbox 412 724 583 794; x_wconf 76' lang='lat' dir='ltr'><strong>meis,</strong></span> <span class='ocrx_word' id='word_1_22' title='bbox 625 736 679 781; x_wconf 89' lang='lat' dir='ltr'><strong>et</strong></span> <span class='ocrx_word' id='word_1_23' title='bbox 714 742 835 797; x_wconf 70' lang='lat' dir='ltr'><strong>quae</strong></span> <span class='ocrx_word' id='word_1_24' title='bbox 876 729 1017 782; x_wconf 89' lang='lat' dir='ltr'><strong>nolui</strong></span> <span class='ocrx_word' id='word_1_25' title='bbox 1062 730 1355 801; x_wconf 83' lang='lat' dir='ltr'><strong>elegerunt.</strong></span> <span class='ocrx_word' id='word_1_26' title='bbox 1396 733 1588 789; x_wconf 83' lang='lat' dir='ltr'><strong>Audite</strong></span> <span class='ocrx_word' id='word_1_27' title='bbox 1629 735 1798 804; x_wconf 81' lang='lat' dir='ltr'><strong>legem</strong></span> 
     </span>
    </p>
   </div>
   <div class='ocr_carea' id='block_1_5' title="bbox 180 815 1797 893">
    <p class='ocr_par' dir='ltr' id='par_1_5' title="bbox 180 815 1797 893">
     <span class='ocr_line' id='line_1_5' title="bbox 180 815 1797 893; baseline 0.007 -24"><span class='ocrx_word' id='word_1_28' title='bbox 180 815 450 881; x_wconf 83' lang='lat' dir='ltr'><strong>Domini,</strong></span> <span class='ocrx_word' id='word_1_29' title='bbox 482 819 573 888; x_wconf 94' lang='lat' dir='ltr'><strong>qui</strong></span> <span class='ocrx_word' id='word_1_30' title='bbox 618 820 842 873; x_wconf 87' lang='lat' dir='ltr'><strong>tremitis</strong></span> <span class='ocrx_word' id='word_1_31' title='bbox 867 821 933 874; x_wconf 90' lang='lat' dir='ltr'><strong>ad</strong></span> <span class='ocrx_word' id='word_1_32' title='bbox 967 821 1190 877; x_wconf 94' lang='lat' dir='ltr'><strong>verbum</strong></span> <span class='ocrx_word' id='word_1_33' title='bbox 1225 824 1362 893; x_wconf 87' lang='lat' dir='ltr'><strong>ejus.</strong></span> <span class='ocrx_word' id='word_1_34' title='bbox 1410 826 1665 881; x_wconf 78' lang='lat' dir='ltr'><strong>Dixerunt</strong></span> <span class='ocrx_word' id='word_1_35' title='bbox 1689 826 1797 881; x_wconf 82' lang='lat' dir='ltr'><strong>fra-</strong></span> 
     </span>
    </p>
   </div>
   <div class='ocr_carea' id='block_1_6' title="bbox 180 910 1795 990">
    <p class='ocr_par' dir='ltr' id='par_1_6' title="bbox 180 910 1795 990">
     <span class='ocr_line' id='line_1_6' title="bbox 180 910 1795 990; baseline 0.009 -28"><span class='ocrx_word' id='word_1_36' title='bbox 180 918 310 963; x_wconf 87' lang='lat' dir='ltr'><strong>tres</strong></span> <span class='ocrx_word' id='word_1_37' title='bbox 342 910 508 965; x_wconf 87' lang='lat' dir='ltr'><strong>vestri</strong></span> <span class='ocrx_word' id='word_1_38' title='bbox 534 910 776 967; x_wconf 88' lang='lat' dir='ltr'><strong>odientes</strong></span> <span class='ocrx_word' id='word_1_39' title='bbox 804 929 896 969; x_wconf 92' lang='lat' dir='ltr'><strong>vos</strong></span> <span class='ocrx_word' id='word_1_40' title='bbox 924 925 977 968; x_wconf 90' lang='lat' dir='ltr'><strong>et</strong></span> <span class='ocrx_word' id='word_1_41' title='bbox 1013 915 1325 986; x_wconf 87' lang='lat' dir='ltr'><strong>abjicientes</strong></span> <span class='ocrx_word' id='word_1_42' title='bbox 1361 930 1576 990; x_wconf 76' lang='lat' dir='ltr'><strong>propter</strong></span> <span class='ocrx_word' id='word_1_43' title='bbox 1602 936 1795 977; x_wconf 82' lang='lat' dir='ltr'><strong>nomen</strong></span> 
     </span>
    </p>
   </div>
   <div class='ocr_carea' id='block_1_7' title="bbox 178 999 1795 1072">
    <p class='ocr_par' dir='ltr' id='par_1_7' title="bbox 178 999 1795 1072">
     <span class='ocr_line' id='line_1_7' title="bbox 178 999 1795 1072; baseline 0.009 -20"><span class='ocrx_word' id='word_1_44' title='bbox 178 1013 409 1066; x_wconf 88' lang='lat' dir='ltr'><strong>meum,</strong></span> <span class='ocrx_word' id='word_1_45' title='bbox 442 999 783 1058; x_wconf 85' lang='lat' dir='ltr'><strong>Glorificetnr</strong></span> <span class='ocrx_word' id='word_1_46' title='bbox 809 1004 1064 1060; x_wconf 80' lang='lat' dir='ltr'><strong>Dominus</strong></span> <span class='ocrx_word' id='word_1_47' title='bbox 1084 1048 1100 1072; x_wconf 94' lang='lat'><strong>,</strong></span> <span class='ocrx_word' id='word_1_48' title='bbox 1132 1017 1186 1063; x_wconf 92' lang='lat' dir='ltr'><strong>et</strong></span> <span class='ocrx_word' id='word_1_49' title='bbox 1212 1008 1507 1066; x_wconf 73' lang='lat' dir='ltr'><strong>videbimus</strong></span> <span class='ocrx_word' id='word_1_50' title='bbox 1535 1011 1586 1065; x_wconf 93' lang='lat' dir='ltr'><strong>in</strong></span> <span class='ocrx_word' id='word_1_51' title='bbox 1614 1012 1795 1067; x_wconf 72' lang='lat' dir='ltr'><strong>la;titia</strong></span> 
     </span>
    </p>
   </div>
   <div class='ocr_carea' id='block_1_8' title="bbox 180 1092 1189 1162">
    <p class='ocr_par' dir='ltr' id='par_1_8' title="bbox 180 1092 1189 1162">
     <span class='ocr_line' id='line_1_8' title="bbox 180 1092 1189 1162; baseline 0.01 -20"><span class='ocrx_word' id='word_1_52' title='bbox 180 1101 419 1157; x_wconf 77' lang='lat' dir='ltr'><strong>vestra;</strong></span> <span class='ocrx_word' id='word_1_53' title='bbox 449 1092 548 1162; x_wconf 77' lang='lat' dir='ltr'><strong>ipsi</strong></span> <span class='ocrx_word' id='word_1_54' title='bbox 573 1104 751 1149; x_wconf 75' lang='lat' dir='ltr'><strong>autem</strong></span> <span class='ocrx_word' id='word_1_55' title='bbox 781 1094 1189 1152; x_wconf 89' lang='lat' dir='ltr'><strong>confundentur.</strong></span> 
     </span>
    </p>
   </div>
   <div class='ocr_carea' id='block_1_9' title="bbox 650 1210 1351 1269">
    <p class='ocr_par' dir='ltr' id='par_1_9' title="bbox 650 1210 1351 1269">
     <span class='ocr_line' id='line_1_9' title="bbox 650 1210 1351 1269; baseline 0.004 -6"><span class='ocrx_word' id='word_1_56' title='bbox 650 1210 739 1265; x_wconf 86' lang='lat' dir='ltr'><strong>DE</strong></span> <span class='ocrx_word' id='word_1_57' title='bbox 781 1210 982 1267; x_wconf 77' lang='lat' dir='ltr'><strong>LIBRO</strong></span> <span class='ocrx_word' id='word_1_58' title='bbox 1017 1212 1351 1269; x_wconf 67' lang='lat' dir='ltr'><strong>JEREMIE.</strong></span> 
     </span>
    </p>
   </div>
   <div class='ocr_carea' id='block_1_10' title="bbox 257 1317 1789 1396">
    <p class='ocr_par' dir='ltr' id='par_1_10' title="bbox 257 1317 1789 1396">
     <span class='ocr_line' id='line_1_10' title="bbox 257 1317 1789 1396; baseline 0.007 -23"><span class='ocrx_word' id='word_1_59' title='bbox 257 1317 429 1393; x_wconf 82' lang='lat' dir='ltr'><strong>[Cap.</strong></span> <span class='ocrx_word' id='word_1_60' title='bbox 459 1319 542 1393; x_wconf 88' lang='lat' dir='ltr'><strong>n.]</strong></span> <span class='ocrx_word' id='word_1_61' title='bbox 574 1320 765 1377; x_wconf 80' lang='lat' dir='ltr'><strong>Audite</strong></span> <span class='ocrx_word' id='word_1_62' title='bbox 810 1324 1029 1378; x_wconf 90' lang='lat' dir='ltr'><strong>verbum</strong></span> <span class='ocrx_word' id='word_1_63' title='bbox 1072 1325 1313 1389; x_wconf 90' lang='lat' dir='ltr'><strong>Domini,</strong></span> <span class='ocrx_word' id='word_1_64' title='bbox 1364 1325 1553 1381; x_wconf 87' lang='lat' dir='ltr'><strong>domus</strong></span> <span class='ocrx_word' id='word_1_65' title='bbox 1591 1326 1789 1396; x_wconf 80' lang='lat' dir='ltr'><strong>Jacob,</strong></span> 
     </span>
    </p>
   </div>
   <div class='ocr_carea' id='block_1_11' title="bbox 169 1405 1792 1483">
    <p class='ocr_par' dir='ltr' id='par_1_11' title="bbox 169 1405 1792 1483">
     <span class='ocr_line' id='line_1_11' title="bbox 169 1405 1792 1483; baseline 0.005 -16"><span class='ocrx_word' id='word_1_66' title='bbox 169 1405 233 1468; x_wconf 77' lang='lat' dir='ltr'><strong>et</strong></span> <span class='ocrx_word' id='word_1_67' title='bbox 261 1428 467 1467; x_wconf 89' lang='lat' dir='ltr'><strong>omnes</strong></span> <span class='ocrx_word' id='word_1_68' title='bbox 492 1415 833 1483; x_wconf 76' lang='lat' dir='ltr'><strong>cognationes</strong></span> <span class='ocrx_word' id='word_1_69' title='bbox 855 1416 1046 1470; x_wconf 89' lang='lat' dir='ltr'><strong>domus</strong></span> <span class='ocrx_word' id='word_1_70' title='bbox 1072 1415 1250 1472; x_wconf 89' lang='lat' dir='ltr'><strong>Israel.</strong></span> <span class='ocrx_word' id='word_1_71' title='bbox 1296 1418 1419 1474; x_wconf 74' lang='lat' dir='ltr'><strong>Hrec</strong></span> <span class='ocrx_word' id='word_1_72' title='bbox 1456 1419 1584 1474; x_wconf 88' lang='lat' dir='ltr'><strong>dicit</strong></span> <span class='ocrx_word' id='word_1_73' title='bbox 1612 1421 1792 1475; x_wconf 87' lang='lat' dir='ltr'><strong>Domi-</strong></span> 
     </span>
    </p>
   </div>
   <div class='ocr_carea' id='block_1_12' title="bbox 171 1502 1788 1580">
    <p class='ocr_par' dir='ltr' id='par_1_12' title="bbox 171 1502 1788 1580">
     <span class='ocr_line' id='line_1_12' title="bbox 171 1502 1788 1580; baseline 0.006 -23"><span class='ocrx_word' id='word_1_74' title='bbox 171 1517 291 1558; x_wconf 85' lang='lat' dir='ltr'><strong>nus</strong></span> <span class='ocrx_word' id='word_1_75' title='bbox 326 1520 343 1555; x_wconf 91' lang='lat'><strong>:</strong></span> <span class='ocrx_word' id='word_1_76' title='bbox 380 1502 517 1570; x_wconf 91' lang='lat' dir='ltr'><strong>Quid</strong></span> <span class='ocrx_word' id='word_1_77' title='bbox 544 1503 859 1559; x_wconf 80' lang='lat' dir='ltr'><strong>invenerunt</strong></span> <span class='ocrx_word' id='word_1_78' title='bbox 887 1518 1066 1575; x_wconf 91' lang='lat' dir='ltr'><strong>patres</strong></span> <span class='ocrx_word' id='word_1_79' title='bbox 1094 1508 1251 1561; x_wconf 85' lang='lat' dir='ltr'><strong>vestri</strong></span> <span class='ocrx_word' id='word_1_80' title='bbox 1281 1508 1334 1562; x_wconf 89' lang='lat' dir='ltr'><strong>in</strong></span> <span class='ocrx_word' id='word_1_81' title='bbox 1361 1525 1446 1564; x_wconf 91' lang='lat' dir='ltr'><strong>me</strong></span> <span class='ocrx_word' id='word_1_82' title='bbox 1475 1509 1788 1580; x_wconf 77' lang='lat' dir='ltr'><strong>iniquitatis,</strong></span> 
     </span>
    </p>
   </div>
   <div class='ocr_carea' id='block_1_13' title="bbox 165 1593 1792 1672">
    <p class='ocr_par' dir='ltr' id='par_1_13' title="bbox 165 1593 1792 1672">
     <span class='ocr_line' id='line_1_13' title="bbox 165 1593 1792 1672; baseline 0.008 -27"><span class='ocrx_word' id='word_1_83' title='bbox 165 1594 310 1664; x_wconf 84' lang='lat' dir='ltr'><strong>quia</strong></span> <span class='ocrx_word' id='word_1_84' title='bbox 339 1593 729 1664; x_wconf 84' lang='lat' dir='ltr'><strong>elongaveruut</strong></span> <span class='ocrx_word' id='word_1_85' title='bbox 756 1612 787 1650; x_wconf 90' lang='lat' dir='ltr'><strong>a</strong></span> <span class='ocrx_word' id='word_1_86' title='bbox 815 1612 899 1651; x_wconf 89' lang='lat' dir='ltr'><strong>me</strong></span> <span class='ocrx_word' id='word_1_87' title='bbox 918 1638 933 1664; x_wconf 96' lang='lat'><strong>,</strong></span> <span class='ocrx_word' id='word_1_88' title='bbox 976 1608 1031 1652; x_wconf 93' lang='lat' dir='ltr'><strong>et</strong></span> <span class='ocrx_word' id='word_1_89' title='bbox 1055 1599 1460 1656; x_wconf 89' lang='lat' dir='ltr'><strong>ambulaverunt</strong></span> <span class='ocrx_word' id='word_1_90' title='bbox 1486 1611 1607 1672; x_wconf 85' lang='lat' dir='ltr'><strong>post</strong></span> <span class='ocrx_word' id='word_1_91' title='bbox 1645 1605 1792 1658; x_wconf 80' lang='lat' dir='ltr'><strong>vani-</strong></span> 
     </span>
    </p>
   </div>
   <div class='ocr_carea' id='block_1_14' title="bbox 167 1684 1790 1761">
    <p class='ocr_par' dir='ltr' id='par_1_14' title="bbox 167 1684 1790 1761">
     <span class='ocr_line' id='line_1_14' title="bbox 167 1684 1790 1761; baseline 0.008 -24"><span class='ocrx_word' id='word_1_92' title='bbox 167 1693 395 1749; x_wconf 81' lang='lat' dir='ltr'><strong>tatem,</strong></span> <span class='ocrx_word' id='word_1_93' title='bbox 442 1695 496 1739; x_wconf 91' lang='lat' dir='ltr'><strong>et</strong></span> <span class='ocrx_word' id='word_1_94' title='bbox 540 1686 659 1739; x_wconf 88' lang='lat' dir='ltr'><strong>vani</strong></span> <span class='ocrx_word' id='word_1_95' title='bbox 704 1684 829 1741; x_wconf 88' lang='lat' dir='ltr'><strong>facti</strong></span> <span class='ocrx_word' id='word_1_96' title='bbox 876 1690 1044 1743; x_wconf 87' lang='lat' dir='ltr'><strong>sunt?</strong></span> <span class='ocrx_word' id='word_1_97' title='bbox 1082 1689 1147 1743; x_wconf 85' lang='lat' dir='ltr'><strong>Et</strong></span> <span class='ocrx_word' id='word_1_98' title='bbox 1195 1702 1308 1761; x_wconf 81' lang='lat' dir='ltr'><strong>post</strong></span> <span class='ocrx_word' id='word_1_99' title='bbox 1350 1693 1520 1747; x_wconf 85' lang='lat' dir='ltr'><strong>decem</strong></span> <span class='ocrx_word' id='word_1_100' title='bbox 1564 1711 1736 1749; x_wconf 80' lang='lat' dir='ltr'><strong>versus</strong></span> <span class='ocrx_word' id='word_1_101' title='bbox 1769 1712 1790 1751; x_wconf 89' lang='lat'><strong><em>:</em></strong></span> 
     </span>
    </p>
   </div>
   <div class='ocr_carea' id='block_1_15' title="bbox 163 1776 1791 1851">
    <p class='ocr_par' dir='ltr' id='par_1_15' title="bbox 163 1776 1791 1851">
     <span class='ocr_line' id='line_1_15' title="bbox 163 1776 1791 1851; baseline 0.006 -19"><span class='ocrx_word' id='word_1_102' title='bbox 163 1776 570 1835; x_wconf 57' lang='lat' dir='ltr'><strong>[hereditatem</strong></span> <span class='ocrx_word' id='word_1_103' title='bbox 603 1796 772 1835; x_wconf 86' lang='lat' dir='ltr'><strong>meam</strong></span> <span class='ocrx_word' id='word_1_104' title='bbox 802 1783 1054 1851; x_wconf 84' lang='lat' dir='ltr'><strong>posuistis</strong></span> <span class='ocrx_word' id='word_1_105' title='bbox 1086 1784 1137 1838; x_wconf 91' lang='lat' dir='ltr'><strong>in</strong></span> <span class='ocrx_word' id='word_1_106' title='bbox 1176 1784 1649 1843; x_wconf 90' lang='lat' dir='ltr'><strong>abominationem.</strong></span> <span class='ocrx_word' id='word_1_107' title='bbox 1692 1786 1791 1843; x_wconf 88' lang='lat' dir='ltr'><strong>Sa-</strong></span> 
     </span>
    </p>
   </div>
   <div class='ocr_carea' id='block_1_16' title="bbox 162 1869 1787 1939">
    <p class='ocr_par' dir='ltr' id='par_1_16' title="bbox 162 1869 1787 1939">
     <span class='ocr_line' id='line_1_16' title="bbox 162 1869 1787 1939; baseline 0.006 -14"><span class='ocrx_word' id='word_1_108' title='bbox 162 1869 442 1926; x_wconf 81' lang='lat' dir='ltr'><strong>cerdotes</strong></span> <span class='ocrx_word' id='word_1_109' title='bbox 467 1887 573 1925; x_wconf 90' lang='lat' dir='ltr'><strong>non</strong></span> <span class='ocrx_word' id='word_1_110' title='bbox 603 1872 872 1939; x_wconf 77' lang='lat' dir='ltr'><strong>dixerunt,</strong></span> <span class='ocrx_word' id='word_1_111' title='bbox 907 1873 1003 1929; x_wconf 88' lang='lat' dir='ltr'><strong>Ubi</strong></span> <span class='ocrx_word' id='word_1_112' title='bbox 1026 1884 1108 1929; x_wconf 91' lang='lat' dir='ltr'><strong>est</strong></span> <span class='ocrx_word' id='word_1_113' title='bbox 1131 1875 1427 1932; x_wconf 84' lang='lat' dir='ltr'><strong>Dominus?</strong></span> <span class='ocrx_word' id='word_1_114' title='bbox 1457 1877 1522 1932; x_wconf 90' lang='lat' dir='ltr'><strong>Et</strong></span> <span class='ocrx_word' id='word_1_115' title='bbox 1544 1887 1787 1936; x_wconf 88' lang='lat' dir='ltr'><strong>tenentes</strong></span> 
     </span>
    </p>
   </div>
   <div class='ocr_carea' id='block_1_17' title="bbox 162 1961 1786 2037">
    <p class='ocr_par' dir='ltr' id='par_1_17' title="bbox 162 1961 1786 2037">
     <span class='ocr_line' id='line_1_17' title="bbox 162 1961 1786 2037; baseline 0.007 -20"><span class='ocrx_word' id='word_1_116' title='bbox 162 1961 361 2032; x_wconf 87' lang='lat' dir='ltr'><strong>legem</strong></span> <span class='ocrx_word' id='word_1_117' title='bbox 396 1964 701 2018; x_wconf 90' lang='lat' dir='ltr'><strong>nescierunt</strong></span> <span class='ocrx_word' id='word_1_118' title='bbox 729 1981 836 2028; x_wconf 93' lang='lat' dir='ltr'><strong>me,</strong></span> <span class='ocrx_word' id='word_1_119' title='bbox 864 1976 918 2019; x_wconf 89' lang='lat' dir='ltr'><strong>et</strong></span> <span class='ocrx_word' id='word_1_120' title='bbox 942 1975 1184 2035; x_wconf 87' lang='lat' dir='ltr'><strong>pastores</strong></span> <span class='ocrx_word' id='word_1_121' title='bbox 1210 1969 1539 2037; x_wconf 70' lang='lat' dir='ltr'><strong>prmvaricati</strong></span> <span class='ocrx_word' id='word_1_122' title='bbox 1570 1982 1694 2027; x_wconf 94' lang='lat' dir='ltr'><strong>sunt</strong></span> <span class='ocrx_word' id='word_1_123' title='bbox 1732 1974 1786 2028; x_wconf 89' lang='lat' dir='ltr'><strong>in</strong></span> 
     </span>
    </p>
   </div>
   <div class='ocr_carea' id='block_1_18' title="bbox 162 2056 1784 2129">
    <p class='ocr_par' dir='ltr' id='par_1_18' title="bbox 162 2056 1784 2129">
     <span class='ocr_line' id='line_1_18' title="bbox 162 2056 1784 2129; baseline 0.008 -22"><span class='ocrx_word' id='word_1_124' title='bbox 162 2068 282 2117; x_wconf 85' lang='lat' dir='ltr'><strong>me,</strong></span> <span class='ocrx_word' id='word_1_125' title='bbox 312 2062 376 2108; x_wconf 86' lang='lat' dir='ltr'><strong>et</strong></span> <span class='ocrx_word' id='word_1_126' title='bbox 400 2056 673 2125; x_wconf 75' lang='lat' dir='ltr'><strong>propheta:</strong></span> <span class='ocrx_word' id='word_1_127' title='bbox 705 2056 1156 2125; x_wconf 89' lang='lat' dir='ltr'><strong>propbetaveruut</strong></span> <span class='ocrx_word' id='word_1_128' title='bbox 1185 2060 1238 2113; x_wconf 93' lang='lat' dir='ltr'><strong>in</strong></span> <span class='ocrx_word' id='word_1_129' title='bbox 1268 2060 1416 2129; x_wconf 89' lang='lat' dir='ltr'><strong>Baal,</strong></span> <span class='ocrx_word' id='word_1_130' title='bbox 1447 2072 1501 2117; x_wconf 90' lang='lat' dir='ltr'><strong>et</strong></span> <span class='ocrx_word' id='word_1_131' title='bbox 1528 2062 1665 2119; x_wconf 89' lang='lat' dir='ltr'><strong>idola</strong></span> <span class='ocrx_word' id='word_1_132' title='bbox 1695 2080 1784 2121; x_wconf 64' lang='grc' dir='ltr'><strong>εει</strong></span> 
     </span>
    </p>
   </div>
   <div class='ocr_carea' id='block_1_19' title="bbox 160 2147 1787 2228">
    <p class='ocr_par' dir='ltr' id='par_1_19' title="bbox 160 2147 1787 2228">
     <span class='ocr_line' id='line_1_19' title="bbox 160 2147 1787 2228; baseline 0.006 -28"><span class='ocrx_word' id='word_1_133' title='bbox 160 2148 280 2200; x_wconf 89' lang='lat' dir='ltr'><strong>cuti</strong></span> <span class='ocrx_word' id='word_1_134' title='bbox 310 2155 466 2201; x_wconf 90' lang='lat' dir='ltr'><strong>sunt.</strong></span> <span class='ocrx_word' id='word_1_135' title='bbox 498 2147 562 2201; x_wconf 79' lang='lat' dir='ltr'><strong>Et</strong></span> <span class='ocrx_word' id='word_1_136' title='bbox 584 2150 739 2217; x_wconf 72' lang='lat' dir='ltr'><strong>paulo</strong></span> <span class='ocrx_word' id='word_1_137' title='bbox 764 2159 875 2220; x_wconf 83' lang='lat' dir='ltr'><strong>post</strong></span> <span class='ocrx_word' id='word_1_138' title='bbox 906 2168 917 2203; x_wconf 88' lang='lat'><strong>:</strong></span> <span class='ocrx_word' id='word_1_139' title='bbox 943 2150 1209 2222; x_wconf 80' lang='lat' dir='ltr'><strong>Numquid</strong></span> <span class='ocrx_word' id='word_1_140' title='bbox 1247 2152 1599 2209; x_wconf 86' lang='lat' dir='ltr'><strong>obliviscetur</strong></span> <span class='ocrx_word' id='word_1_141' title='bbox 1637 2157 1787 2228; x_wconf 86' lang='lat' dir='ltr'><strong>virgo</strong></span> 
     </span>
    </p>
   </div>
   <div class='ocr_carea' id='block_1_20' title="bbox 162 2241 1782 2316">
    <p class='ocr_par' dir='ltr' id='par_1_20' title="bbox 162 2241 1782 2316">
     <span class='ocr_line' id='line_1_20' title="bbox 162 2241 1782 2316; baseline 0.008 -23"><span class='ocrx_word' id='word_1_142' title='bbox 162 2242 488 2295; x_wconf 80' lang='lat' dir='ltr'><strong>ornamenti</strong></span> <span class='ocrx_word' id='word_1_143' title='bbox 515 2241 617 2305; x_wconf 90' lang='lat' dir='ltr'><strong>sui,</strong></span> <span class='ocrx_word' id='word_1_144' title='bbox 650 2253 741 2296; x_wconf 93' lang='lat' dir='ltr'><strong>aut</strong></span> <span class='ocrx_word' id='word_1_145' title='bbox 760 2258 953 2313; x_wconf 92' lang='lat' dir='ltr'><strong>sponsa</strong></span> <span class='ocrx_word' id='word_1_146' title='bbox 983 2244 1159 2299; x_wconf 80' lang='lat' dir='ltr'><strong>fascia:</strong></span> <span class='ocrx_word' id='word_1_147' title='bbox 1190 2248 1475 2316; x_wconf 84' lang='lat' dir='ltr'><strong>pectoralis</strong></span> <span class='ocrx_word' id='word_1_148' title='bbox 1502 2263 1611 2303; x_wconf 74' lang='lat' dir='ltr'><strong>sum</strong></span> <span class='ocrx_word' id='word_1_149' title='bbox 1633 2248 1658 2304; x_wconf 80' lang='lat'><strong>?</strong></span> <span class='ocrx_word' id='word_1_150' title='bbox 1680 2250 1782 2305; x_wconf 83' lang='lat' dir='ltr'><strong>Po-</strong></span> 
     </span>
    </p>
   </div>
   <div class='ocr_carea' id='block_1_21' title="bbox 164 2334 1780 2402">
    <p class='ocr_par' dir='ltr' id='par_1_21' title="bbox 164 2334 1780 2402">
     <span class='ocr_line' id='line_1_21' title="bbox 164 2334 1780 2402; baseline 0.009 -18"><span class='ocrx_word' id='word_1_151' title='bbox 164 2334 339 2402; x_wconf 85' lang='lat' dir='ltr'><strong>pulus</strong></span> <span class='ocrx_word' id='word_1_152' title='bbox 380 2350 510 2388; x_wconf 87' lang='lat' dir='ltr'><strong>vero</strong></span> <span class='ocrx_word' id='word_1_153' title='bbox 551 2351 700 2389; x_wconf 89' lang='lat' dir='ltr'><strong>meus</strong></span> <span class='ocrx_word' id='word_1_154' title='bbox 746 2336 940 2391; x_wconf 86' lang='lat' dir='ltr'><strong>oblitus</strong></span> <span class='ocrx_word' id='word_1_155' title='bbox 979 2346 1063 2392; x_wconf 87' lang='lat' dir='ltr'><strong>est</strong></span> <span class='ocrx_word' id='word_1_156' title='bbox 1100 2339 1203 2392; x_wconf 89' lang='lat' dir='ltr'><strong>mei</strong></span> <span class='ocrx_word' id='word_1_157' title='bbox 1238 2339 1427 2396; x_wconf 86' lang='lat' dir='ltr'><strong>diebus</strong></span> <span class='ocrx_word' id='word_1_158' title='bbox 1470 2342 1780 2399; x_wconf 87' lang='lat' dir='ltr'><strong>innumeris.</strong></span> 
     </span>
    </p>
   </div>
   <div class='ocr_carea' id='block_1_22' title="bbox 167 2423 1783 2504">
    <p class='ocr_par' dir='ltr' id='par_1_22' title="bbox 167 2423 1783 2504">
     <span class='ocr_line' id='line_1_22' title="bbox 167 2423 1783 2504; baseline 0.007 -25"><span class='ocrx_word' id='word_1_159' title='bbox 167 2423 322 2491; x_wconf 83' lang='lat' dir='ltr'><strong>Quid</strong></span> <span class='ocrx_word' id='word_1_160' title='bbox 356 2426 553 2479; x_wconf 91' lang='lat' dir='ltr'><strong>niteris</strong></span> <span class='ocrx_word' id='word_1_161' title='bbox 579 2425 770 2479; x_wconf 86' lang='lat' dir='ltr'><strong>bonam</strong></span> <span class='ocrx_word' id='word_1_162' title='bbox 797 2427 1081 2483; x_wconf 74' lang='lat' dir='ltr'><strong>osmndere</strong></span> <span class='ocrx_word' id='word_1_163' title='bbox 1107 2430 1245 2483; x_wconf 89' lang='lat' dir='ltr'><strong>viam</strong></span> <span class='ocrx_word' id='word_1_164' title='bbox 1273 2440 1414 2485; x_wconf 89' lang='lat' dir='ltr'><strong>tuam</strong></span> <span class='ocrx_word' id='word_1_165' title='bbox 1446 2433 1514 2487; x_wconf 88' lang='lat' dir='ltr'><strong>ad</strong></span> <span class='ocrx_word' id='word_1_166' title='bbox 1539 2450 1783 2504; x_wconf 72' lang='lat' dir='ltr'><strong>qumren-</strong></span> 
     </span>
    </p>
   </div>
   <div class='ocr_carea' id='block_1_23' title="bbox 159 2516 1781 2589">
    <p class='ocr_par' dir='ltr' id='par_1_23' title="bbox 159 2516 1781 2589">
     <span class='ocr_line' id='line_1_23' title="bbox 159 2516 1781 2589; baseline 0.007 -18"><span class='ocrx_word' id='word_1_167' title='bbox 159 2516 296 2572; x_wconf 86' lang='lat' dir='ltr'><strong>dam</strong></span> <span class='ocrx_word' id='word_1_168' title='bbox 320 2517 691 2584; x_wconf 86' lang='lat' dir='ltr'><strong>dilectionem,</strong></span> <span class='ocrx_word' id='word_1_169' title='bbox 706 2534 823 2588; x_wconf 80' lang='lat' dir='ltr'><strong>qua:</strong></span> <span class='ocrx_word' id='word_1_170' title='bbox 846 2520 1063 2589; x_wconf 84' lang='lat' dir='ltr'><strong>insuper</strong></span> <span class='ocrx_word' id='word_1_171' title='bbox 1079 2531 1131 2575; x_wconf 86' lang='lat' dir='ltr'><strong>et</strong></span> <span class='ocrx_word' id='word_1_172' title='bbox 1161 2522 1391 2577; x_wconf 86' lang='lat' dir='ltr'><strong>malitias</strong></span> <span class='ocrx_word' id='word_1_173' title='bbox 1417 2533 1535 2578; x_wconf 90' lang='lat' dir='ltr'><strong>tuas</strong></span> <span class='ocrx_word' id='word_1_174' title='bbox 1554 2524 1781 2582; x_wconf 74' lang='lat' dir='ltr'><strong>domuisti</strong></span> 
     </span>
    </p>
   </div>
   <div class='ocr_carea' id='block_1_24' title="bbox 160 2608 1784 2685">
    <p class='ocr_par' dir='ltr' id='par_1_24' title="bbox 160 2608 1784 2685">
     <span class='ocr_line' id='line_1_24' title="bbox 160 2608 1784 2685; baseline 0.007 -24"><span class='ocrx_word' id='word_1_175' title='bbox 160 2608 284 2661; x_wconf 84' lang='lat' dir='ltr'><strong>vias</strong></span> <span class='ocrx_word' id='word_1_176' title='bbox 335 2617 488 2672; x_wconf 84' lang='lat' dir='ltr'><strong>tuas;</strong></span> <span class='ocrx_word' id='word_1_177' title='bbox 537 2617 590 2663; x_wconf 89' lang='lat' dir='ltr'><strong>et</strong></span> <span class='ocrx_word' id='word_1_178' title='bbox 633 2609 683 2662; x_wconf 92' lang='lat' dir='ltr'><strong>in</strong></span> <span class='ocrx_word' id='word_1_179' title='bbox 715 2608 815 2664; x_wconf 78' lang='lat' dir='ltr'><strong>alis</strong></span> <span class='ocrx_word' id='word_1_180' title='bbox 843 2610 945 2665; x_wconf 90' lang='lat' dir='ltr'><strong>tuis</strong></span> <span class='ocrx_word' id='word_1_181' title='bbox 967 2611 1211 2666; x_wconf 87' lang='lat' dir='ltr'><strong>inventus</strong></span> <span class='ocrx_word' id='word_1_182' title='bbox 1236 2621 1321 2668; x_wconf 71' lang='lat' dir='ltr'><strong>est</strong></span> <span class='ocrx_word' id='word_1_183' title='bbox 1346 2616 1561 2685; x_wconf 79' lang='lat' dir='ltr'><strong>sanguis</strong></span> <span class='ocrx_word' id='word_1_184' title='bbox 1585 2616 1784 2673; x_wconf 84' lang='lat' dir='ltr'><strong>anima-</strong></span> 
     </span>
    </p>
   </div>
   <div class='ocr_carea' id='block_1_25' title="bbox 159 2702 1778 2769">
    <p class='ocr_par' dir='ltr' id='par_1_25' title="bbox 159 2702 1778 2769">
     <span class='ocr_line' id='line_1_25' title="bbox 159 2702 1778 2769; baseline 0.006 -15"><span class='ocrx_word' id='word_1_185' title='bbox 159 2714 287 2754; x_wconf 83' lang='lat' dir='ltr'><strong>rum</strong></span> <span class='ocrx_word' id='word_1_186' title='bbox 324 2714 621 2769; x_wconf 85' lang='lat' dir='ltr'><strong>pauperum</strong></span> <span class='ocrx_word' id='word_1_187' title='bbox 661 2712 712 2754; x_wconf 90' lang='lat' dir='ltr'><strong>ct</strong></span> <span class='ocrx_word' id='word_1_188' title='bbox 745 2702 1126 2757; x_wconf 76' lang='lat' dir='ltr'><strong>innocentum?</strong></span> <span class='ocrx_word' id='word_1_189' title='bbox 1168 2704 1282 2758; x_wconf 87' lang='lat' dir='ltr'><strong>Non</strong></span> <span class='ocrx_word' id='word_1_190' title='bbox 1324 2704 1377 2757; x_wconf 93' lang='lat' dir='ltr'><strong>in</strong></span> <span class='ocrx_word' id='word_1_191' title='bbox 1417 2705 1574 2761; x_wconf 88' lang='lat' dir='ltr'><strong>fossis</strong></span> <span class='ocrx_word' id='word_1_192' title='bbox 1602 2707 1778 2764; x_wconf 83' lang='lat' dir='ltr'><strong>inveni</strong></span> 
     </span>
    </p>
   </div>
   <div class='ocr_carea' id='block_1_26' title="bbox 159 2791 1774 2865">
    <p class='ocr_par' dir='ltr' id='par_1_26' title="bbox 159 2791 1774 2865">
     <span class='ocr_line' id='line_1_26' title="bbox 159 2791 1774 2865; baseline 0.004 -18"><span class='ocrx_word' id='word_1_193' title='bbox 159 2807 262 2847; x_wconf 82' lang='lat' dir='ltr'><strong>eos</strong></span> <span class='ocrx_word' id='word_1_194' title='bbox 284 2833 302 2857; x_wconf 94' lang='lat'><strong>,</strong></span> <span class='ocrx_word' id='word_1_195' title='bbox 335 2791 435 2846; x_wconf 85' lang='lat' dir='ltr'><strong>sed</strong></span> <span class='ocrx_word' id='word_1_196' title='bbox 464 2792 513 2844; x_wconf 92' lang='lat' dir='ltr'><strong>in</strong></span> <span class='ocrx_word' id='word_1_197' title='bbox 550 2791 797 2845; x_wconf 81' lang='lat' dir='ltr'><strong>omnibus</strong></span> <span class='ocrx_word' id='word_1_198' title='bbox 824 2809 943 2863; x_wconf 72' lang='lat' dir='ltr'><strong>qum</strong></span> <span class='ocrx_word' id='word_1_199' title='bbox 959 2809 1119 2864; x_wconf 86' lang='lat' dir='ltr'><strong>supra</strong></span> <span class='ocrx_word' id='word_1_200' title='bbox 1143 2796 1452 2850; x_wconf 85' lang='lat' dir='ltr'><strong>memoravi.</strong></span> <span class='ocrx_word' id='word_1_201' title='bbox 1481 2796 1551 2852; x_wconf 82' lang='lat' dir='ltr'><strong>Et</strong></span> <span class='ocrx_word' id='word_1_202' title='bbox 1572 2798 1774 2865; x_wconf 75' lang='lat' dir='ltr'><strong>dixisti,</strong></span> 
     </span>
    </p>
   </div>
   <div class='ocr_carea' id='block_1_27' title="bbox 161 2886 1776 2961">
    <p class='ocr_par' dir='ltr' id='par_1_27' title="bbox 161 2886 1776 2961">
     <span class='ocr_line' id='line_1_27' title="bbox 161 2886 1776 2961; baseline 0.005 -22"><span class='ocrx_word' id='word_1_203' title='bbox 161 2886 400 2954; x_wconf 78' lang='lat' dir='ltr'><strong>Absque</strong></span> <span class='ocrx_word' id='word_1_204' title='bbox 432 2893 648 2953; x_wconf 88' lang='lat' dir='ltr'><strong>peccato</strong></span> <span class='ocrx_word' id='word_1_205' title='bbox 693 2895 746 2939; x_wconf 93' lang='lat' dir='ltr'><strong>et</strong></span> <span class='ocrx_word' id='word_1_206' title='bbox 787 2886 1044 2943; x_wconf 90' lang='lat' dir='ltr'><strong>innocens</strong></span> <span class='ocrx_word' id='word_1_207' title='bbox 1087 2902 1188 2958; x_wconf 79' lang='lat' dir='ltr'><strong>ego</strong></span> <span class='ocrx_word' id='word_1_208' title='bbox 1228 2903 1381 2952; x_wconf 92' lang='lat' dir='ltr'><strong>sum,</strong></span> <span class='ocrx_word' id='word_1_209' title='bbox 1413 2898 1467 2944; x_wconf 88' lang='lat' dir='ltr'><strong>et</strong></span> <span class='ocrx_word' id='word_1_210' title='bbox 1494 2902 1776 2961; x_wconf 79' lang='lat' dir='ltr'><strong>propterea</strong></span> 
     </span>
    </p>
   </div>
   <div class='ocr_carea' id='block_1_28' title="bbox 158 2976 1772 3050">
    <p class='ocr_par' dir='ltr' id='par_1_28' title="bbox 158 2976 1772 3050">
     <span class='ocr_line' id='line_1_28' title="bbox 158 2976 1772 3050; baseline 0.004 -20"><span class='ocrx_word' id='word_1_211' title='bbox 158 2986 451 3031; x_wconf 70' lang='lat' dir='ltr'><strong>avertatur</strong></span> <span class='ocrx_word' id='word_1_212' title='bbox 471 2976 615 3032; x_wconf 91' lang='lat' dir='ltr'><strong>furor</strong></span> <span class='ocrx_word' id='word_1_213' title='bbox 638 2986 757 3032; x_wconf 89' lang='lat' dir='ltr'><strong>tuus</strong></span> <span class='ocrx_word' id='word_1_214' title='bbox 777 2993 807 3031; x_wconf 92' lang='lat' dir='ltr'><strong>a</strong></span> <span class='ocrx_word' id='word_1_215' title='bbox 832 2994 939 3034; x_wconf 90' lang='lat' dir='ltr'><strong>me.</strong></span> <span class='ocrx_word' id='word_1_216' title='bbox 962 2979 1098 3034; x_wconf 85' lang='lat' dir='ltr'><strong>Ecce</strong></span> <span class='ocrx_word' id='word_1_217' title='bbox 1118 2994 1216 3050; x_wconf 84' lang='lat' dir='ltr'><strong>ego</strong></span> <span class='ocrx_word' id='word_1_218' title='bbox 1231 2980 1432 3050; x_wconf 89' lang='lat' dir='ltr'><strong>judicio</strong></span> <span class='ocrx_word' id='word_1_219' title='bbox 1458 2982 1772 3037; x_wconf 81' lang='lat' dir='ltr'><strong>contendam</strong></span> 
     </span>
    </p>
   </div>
   <div class='ocr_carea' id='block_1_29' title="bbox 159 3067 1773 3140">
    <p class='ocr_par' dir='ltr' id='par_1_29' title="bbox 159 3067 1773 3140">
     <span class='ocr_line' id='line_1_29' title="bbox 159 3067 1773 3140; baseline 0.006 -20"><span class='ocrx_word' id='word_1_220' title='bbox 159 3076 375 3131; x_wconf 78' lang='lat' dir='ltr'><strong>tecum,</strong></span> <span class='ocrx_word' id='word_1_221' title='bbox 408 3083 473 3121; x_wconf 88' lang='lat' dir='ltr'><strong>eo</strong></span> <span class='ocrx_word' id='word_1_222' title='bbox 501 3067 640 3137; x_wconf 89' lang='lat' dir='ltr'><strong>quod</strong></span> <span class='ocrx_word' id='word_1_223' title='bbox 669 3068 890 3134; x_wconf 80' lang='lat' dir='ltr'><strong>dixeris,</strong></span> <span class='ocrx_word' id='word_1_224' title='bbox 920 3067 1037 3123; x_wconf 90' lang='lat' dir='ltr'><strong>Non</strong></span> <span class='ocrx_word' id='word_1_225' title='bbox 1082 3071 1315 3139; x_wconf 82' lang='lat' dir='ltr'><strong>peccavi.</strong></span> <span class='ocrx_word' id='word_1_226' title='bbox 1346 3071 1513 3140; x_wconf 85' lang='lat' dir='ltr'><strong>Quam</strong></span> <span class='ocrx_word' id='word_1_227' title='bbox 1556 3073 1674 3127; x_wconf 90' lang='lat' dir='ltr'><strong>vilis</strong></span> <span class='ocrx_word' id='word_1_228' title='bbox 1715 3090 1773 3130; x_wconf 86' lang='lat' dir='ltr'><strong>es</strong></span> 
     </span>
    </p>
   </div>
   <div class='ocr_carea' id='block_1_30' title="bbox 156 3158 1769 3237">
    <p class='ocr_par' dir='ltr' id='par_1_30' title="bbox 156 3158 1769 3237">
     <span class='ocr_line' id='line_1_30' title="bbox 156 3158 1769 3237; baseline 0.007 -25"><span class='ocrx_word' id='word_1_229' title='bbox 156 3159 303 3214; x_wconf 81' lang='lat' dir='ltr'><strong>facta</strong></span> <span class='ocrx_word' id='word_1_230' title='bbox 343 3158 524 3227; x_wconf 85' lang='lat' dir='ltr'><strong>nimis,</strong></span> <span class='ocrx_word' id='word_1_231' title='bbox 559 3161 755 3215; x_wconf 84' lang='lat' dir='ltr'><strong>iterans</strong></span> <span class='ocrx_word' id='word_1_232' title='bbox 785 3162 898 3216; x_wconf 86' lang='lat' dir='ltr'><strong>vias</strong></span> <span class='ocrx_word' id='word_1_233' title='bbox 924 3164 1076 3218; x_wconf 90' lang='lat' dir='ltr'><strong>tuas!</strong></span> <span class='ocrx_word' id='word_1_234' title='bbox 1109 3173 1164 3219; x_wconf 89' lang='lat' dir='ltr'><strong>et</strong></span> <span class='ocrx_word' id='word_1_235' title='bbox 1189 3164 1257 3219; x_wconf 90' lang='lat' dir='ltr'><strong>ab</strong></span> <span class='ocrx_word' id='word_1_236' title='bbox 1282 3164 1516 3237; x_wconf 68' lang='lat' dir='ltr'><strong>Iligypto</strong></span> <span class='ocrx_word' id='word_1_237' title='bbox 1538 3168 1769 3223; x_wconf 87' lang='lat' dir='ltr'><strong>confun-</strong></span> 
     </span>
    </p>
   </div>
   <div class='ocr_carea' id='block_1_31' title="bbox 155 3253 1770 3319">
    <p class='ocr_par' dir='ltr' id='par_1_31' title="bbox 155 3253 1770 3319">
     <span class='ocr_line' id='line_1_31' title="bbox 155 3253 1770 3319; baseline 0.005 -12"><span class='ocrx_word' id='word_1_238' title='bbox 155 3253 337 3319; x_wconf 91' lang='lat' dir='ltr'><strong>deris,</strong></span> <span class='ocrx_word' id='word_1_239' title='bbox 382 3254 519 3307; x_wconf 89' lang='lat' dir='ltr'><strong>sicut</strong></span> <span class='ocrx_word' id='word_1_240' title='bbox 557 3254 776 3308; x_wconf 87' lang='lat' dir='ltr'><strong>confusa</strong></span> <span class='ocrx_word' id='word_1_241' title='bbox 818 3270 879 3310; x_wconf 90' lang='lat' dir='ltr'><strong>es</strong></span> <span class='ocrx_word' id='word_1_242' title='bbox 953 3255 1021 3308; x_wconf 89' lang='lat' dir='ltr'><strong>ab</strong></span> <span class='ocrx_word' id='word_1_243' title='bbox 1065 3257 1249 3311; x_wconf 85' lang='lat' dir='ltr'><strong>Assur.</strong></span> <span class='ocrx_word' id='word_1_244' title='bbox 1294 3256 1427 3311; x_wconf 89' lang='lat' dir='ltr'><strong>Nam</strong></span> <span class='ocrx_word' id='word_1_245' title='bbox 1471 3267 1527 3313; x_wconf 92' lang='lat' dir='ltr'><strong>et</strong></span> <span class='ocrx_word' id='word_1_246' title='bbox 1567 3260 1635 3313; x_wconf 89' lang='lat' dir='ltr'><strong>ab</strong></span> <span class='ocrx_word' id='word_1_247' title='bbox 1670 3260 1770 3315; x_wconf 86' lang='lat' dir='ltr'><strong>ista</strong></span> 
     </span>
    </p>
   </div>
   <div class='ocr_carea' id='block_1_32' title="bbox 153 3343 1766 3416">
    <p class='ocr_par' dir='ltr' id='par_1_32' title="bbox 153 3343 1766 3416">
     <span class='ocr_line' id='line_1_32' title="bbox 153 3343 1766 3416; baseline 0.005 -19"><span class='ocrx_word' id='word_1_248' title='bbox 153 3343 488 3412; x_wconf 81' lang='lat' dir='ltr'><strong>egredieris,</strong></span> <span class='ocrx_word' id='word_1_249' title='bbox 524 3357 577 3398; x_wconf 88' lang='lat' dir='ltr'><strong>et</strong></span> <span class='ocrx_word' id='word_1_250' title='bbox 604 3359 793 3411; x_wconf 87' lang='lat' dir='ltr'><strong>manus</strong></span> <span class='ocrx_word' id='word_1_251' title='bbox 836 3355 939 3398; x_wconf 76' lang='lat' dir='ltr'><strong>tua:</strong></span> <span class='ocrx_word' id='word_1_252' title='bbox 987 3355 1145 3399; x_wconf 91' lang='lat' dir='ltr'><strong>erunt</strong></span> <span class='ocrx_word' id='word_1_253' title='bbox 1180 3360 1343 3414; x_wconf 85' lang='lat' dir='ltr'><strong>super</strong></span> <span class='ocrx_word' id='word_1_254' title='bbox 1382 3356 1542 3416; x_wconf 87' lang='lat' dir='ltr'><strong>caput</strong></span> <span class='ocrx_word' id='word_1_255' title='bbox 1584 3359 1766 3416; x_wconf 86' lang='lat' dir='ltr'><strong>tuum;</strong></span> 
     </span>
    </p>
   </div>
   <div class='ocr_carea' id='block_1_33' title="bbox 152 3433 1553 3503">
    <p class='ocr_par' dir='ltr' id='par_1_33' title="bbox 152 3433 1553 3503">
     <span class='ocr_line' id='line_1_33' title="bbox 152 3433 1553 3503; baseline 0.003 -16"><span class='ocrx_word' id='word_1_256' title='bbox 152 3433 424 3503; x_wconf 80' lang='lat' dir='ltr'><strong>quoniam</strong></span> <span class='ocrx_word' id='word_1_257' title='bbox 456 3433 672 3487; x_wconf 90' lang='lat' dir='ltr'><strong>obtrivit</strong></span> <span class='ocrx_word' id='word_1_258' title='bbox 698 3434 951 3488; x_wconf 91' lang='lat' dir='ltr'><strong>Dominus</strong></span> <span class='ocrx_word' id='word_1_259' title='bbox 980 3435 1356 3491; x_wconf 78' lang='lat' dir='ltr'><strong>confidentiam</strong></span> <span class='ocrx_word' id='word_1_260' title='bbox 1389 3446 1553 3491; x_wconf 90' lang='lat' dir='ltr'><strong>tuam.</strong></span> 
     </span>
    </p>
   </div>
   <div class='ocr_carea' id='block_1_34' title="bbox 231 3522 1765 3599">
    <p class='ocr_par' dir='ltr' id='par_1_34' title="bbox 231 3522 1765 3599">
     <span class='ocr_line' id='line_1_34' title="bbox 231 3522 1765 3599; baseline 0.006 -21"><span class='ocrx_word' id='word_1_261' title='bbox 231 3524 308 3578; x_wconf 77' lang='lat' dir='ltr'><strong>Et</strong></span> <span class='ocrx_word' id='word_1_262' title='bbox 336 3525 493 3593; x_wconf 79' lang='lat' dir='ltr'><strong>paulo</strong></span> <span class='ocrx_word' id='word_1_263' title='bbox 520 3536 629 3595; x_wconf 81' lang='lat' dir='ltr'><strong>post</strong></span> <span class='ocrx_word' id='word_1_264' title='bbox 659 3522 782 3599; x_wconf 86' lang='grc' dir='ltr'><strong>[ιιι.]</strong></span> <span class='ocrx_word' id='word_1_265' title='bbox 815 3544 828 3580; x_wconf 90' lang='lat'><strong>:</strong></span> <span class='ocrx_word' id='word_1_266' title='bbox 857 3526 1262 3595; x_wconf 88' lang='lat' dir='ltr'><strong>Convertimini,</strong></span> <span class='ocrx_word' id='word_1_267' title='bbox 1282 3527 1765 3598; x_wconf 87' lang='lat' dir='ltr'><strong>tilii,revertentes,</strong></span> 
     </span>
    </p>
   </div>
   <div class='ocr_carea' id='block_1_35' title="bbox 153 3615 1218 3687">
    <p class='ocr_par' dir='ltr' id='par_1_35' title="bbox 153 3615 1218 3687">
     <span class='ocr_line' id='line_1_35' title="bbox 153 3615 1218 3687; baseline -0.002 -17"><span class='ocrx_word' id='word_1_268' title='bbox 153 3616 294 3670; x_wconf 88' lang='lat' dir='ltr'><strong>dicit</strong></span> <span class='ocrx_word' id='word_1_269' title='bbox 325 3615 612 3679; x_wconf 86' lang='lat' dir='ltr'><strong>Dominus,</strong></span> <span class='ocrx_word' id='word_1_270' title='bbox 640 3616 762 3685; x_wconf 84' lang='lat' dir='ltr'><strong>quia</strong></span> <span class='ocrx_word' id='word_1_271' title='bbox 790 3630 891 3687; x_wconf 82' lang='lat' dir='ltr'><strong>ego</strong></span> <span class='ocrx_word' id='word_1_272' title='bbox 918 3617 998 3672; x_wconf 93' lang='lat' dir='ltr'><strong>vir</strong></span> <span class='ocrx_word' id='word_1_273' title='bbox 1023 3626 1218 3672; x_wconf 83' lang='lat' dir='ltr'><strong>vester.</strong></span> 
     </span>
    </p>
   </div>
   <div class='ocr_carea' id='block_1_36' title="bbox 230 3705 1767 3781">
    <p class='ocr_par' dir='ltr' id='par_1_36' title="bbox 230 3705 1767 3781">
     <span class='ocr_line' id='line_1_36' title="bbox 230 3705 1767 3781; baseline 0.006 -20"><span class='ocrx_word' id='word_1_274' title='bbox 230 3707 375 3761; x_wconf 84' lang='lat' dir='ltr'><strong>Item</strong></span> <span class='ocrx_word' id='word_1_275' title='bbox 401 3707 554 3777; x_wconf 79' lang='lat' dir='ltr'><strong>paulo</strong></span> <span class='ocrx_word' id='word_1_276' title='bbox 580 3718 690 3777; x_wconf 79' lang='lat' dir='ltr'><strong>post</strong></span> <span class='ocrx_word' id='word_1_277' title='bbox 721 3705 843 3781; x_wconf 89' lang='lat' dir='ltr'><strong>[tv.]</strong></span> <span class='ocrx_word' id='word_1_278' title='bbox 878 3726 891 3762; x_wconf 90' lang='lat'><strong>:</strong></span> <span class='ocrx_word' id='word_1_279' title='bbox 923 3709 977 3764; x_wconf 85' lang='lat' dir='ltr'><strong>Si</strong></span> <span class='ocrx_word' id='word_1_280' title='bbox 1016 3710 1349 3765; x_wconf 87' lang='lat' dir='ltr'><strong>converteris</strong></span> <span class='ocrx_word' id='word_1_281' title='bbox 1377 3712 1395 3743; x_wconf 86' lang='grc'>¹</span> <span class='ocrx_word' id='word_1_282' title='bbox 1416 3752 1431 3777; x_wconf 86' lang='grc'><em>,</em></span> <span class='ocrx_word' id='word_1_283' title='bbox 1461 3712 1657 3781; x_wconf 83' lang='lat' dir='ltr'><strong>Israel,</strong></span> <span class='ocrx_word' id='word_1_284' title='bbox 1691 3715 1767 3770; x_wconf 87' lang='lat' dir='ltr'><strong>ait</strong></span> 
     </span>
    </p>
   </div>
   <div class='ocr_carea' id='block_1_37' title="bbox 158 3800 1762 3864">
    <p class='ocr_par' dir='ltr' id='par_1_37' title="bbox 158 3800 1762 3864">
     <span class='ocr_line' id='line_1_37' title="bbox 158 3800 1762 3864; baseline 0.004 -7"><span class='ocrx_word' id='word_1_285' title='bbox 158 3801 447 3864; x_wconf 88' lang='lat' dir='ltr'><strong>Dominus,</strong></span> <span class='ocrx_word' id='word_1_286' title='bbox 480 3800 545 3855; x_wconf 91' lang='lat' dir='ltr'><strong>ad</strong></span> <span class='ocrx_word' id='word_1_287' title='bbox 574 3817 659 3856; x_wconf 90' lang='lat' dir='ltr'><strong>me</strong></span> <span class='ocrx_word' id='word_1_288' title='bbox 687 3811 1024 3857; x_wconf 88' lang='lat' dir='ltr'><strong>convertere.</strong></span> <span class='ocrx_word' id='word_1_289' title='bbox 1057 3802 1109 3858; x_wconf 90' lang='lat' dir='ltr'><strong>Si</strong></span> <span class='ocrx_word' id='word_1_290' title='bbox 1141 3803 1423 3859; x_wconf 84' lang='lat' dir='ltr'><strong>abstuleris</strong></span> <span class='ocrx_word' id='word_1_291' title='bbox 1449 3806 1762 3864; x_wconf 75' lang='lat' dir='ltr'><strong>offendicula</strong></span> 
     </span>
    </p>
   </div>
   <div class='ocr_carea' id='block_1_38' title="bbox 158 3890 1763 3965">
    <p class='ocr_par' dir='ltr' id='par_1_38' title="bbox 158 3890 1763 3965">
     <span class='ocr_line' id='line_1_38' title="bbox 158 3890 1763 3965; baseline 0.006 -20"><span class='ocrx_word' id='word_1_292' title='bbox 158 3902 248 3945; x_wconf 82' lang='lat' dir='ltr'><strong>tua</strong></span> <span class='ocrx_word' id='word_1_293' title='bbox 279 3908 311 3945; x_wconf 87' lang='lat' dir='ltr'><strong>a</strong></span> <span class='ocrx_word' id='word_1_294' title='bbox 344 3890 483 3945; x_wconf 85' lang='lat' dir='ltr'><strong>facie</strong></span> <span class='ocrx_word' id='word_1_295' title='bbox 511 3906 652 3957; x_wconf 91' lang='lat' dir='ltr'><strong>mea,</strong></span> <span class='ocrx_word' id='word_1_296' title='bbox 683 3908 787 3946; x_wconf 92' lang='lat' dir='ltr'><strong>non</strong></span> <span class='ocrx_word' id='word_1_297' title='bbox 811 3894 1255 3949; x_wconf 83' lang='lat' dir='ltr'><strong>commoveberis.</strong></span> <span class='ocrx_word' id='word_1_298' title='bbox 1286 3896 1351 3949; x_wconf 82' lang='lat' dir='ltr'><strong>Et</strong></span> <span class='ocrx_word' id='word_1_299' title='bbox 1371 3896 1595 3965; x_wconf 87' lang='lat' dir='ltr'><strong>jurabis,</strong></span> <span class='ocrx_word' id='word_1_300' title='bbox 1628 3898 1763 3955; x_wconf 80' lang='lat' dir='ltr'><strong>Vivit</strong></span> 
     </span>
    </p>
   </div>
   <div class='ocr_carea' id='block_1_39' title="bbox 157 3982 1762 4059">
    <p class='ocr_par' dir='ltr' id='par_1_39' title="bbox 157 3982 1762 4059">
     <span class='ocr_line' id='line_1_39' title="bbox 157 3982 1762 4059; baseline 0.007 -22"><span class='ocrx_word' id='word_1_301' title='bbox 157 3982 426 4037; x_wconf 89' lang='lat' dir='ltr'><strong>Dominus</strong></span> <span class='ocrx_word' id='word_1_302' title='bbox 446 4023 460 4043; x_wconf 86' lang='lat'><strong>,</strong></span> <span class='ocrx_word' id='word_1_303' title='bbox 505 3983 557 4036; x_wconf 92' lang='lat' dir='ltr'><strong>in</strong></span> <span class='ocrx_word' id='word_1_304' title='bbox 589 3985 832 4051; x_wconf 85' lang='lat' dir='ltr'><strong>veritate,</strong></span> <span class='ocrx_word' id='word_1_305' title='bbox 872 3994 925 4040; x_wconf 90' lang='lat' dir='ltr'><strong>ct</strong></span> <span class='ocrx_word' id='word_1_306' title='bbox 952 3984 1003 4038; x_wconf 92' lang='lat' dir='ltr'><strong>in</strong></span> <span class='ocrx_word' id='word_1_307' title='bbox 1028 3984 1252 4054; x_wconf 91' lang='lat' dir='ltr'><strong>judicio,</strong></span> <span class='ocrx_word' id='word_1_308' title='bbox 1279 3998 1332 4042; x_wconf 92' lang='lat' dir='ltr'><strong>et</strong></span> <span class='ocrx_word' id='word_1_309' title='bbox 1364 3989 1413 4042; x_wconf 91' lang='lat' dir='ltr'><strong>in</strong></span> <span class='ocrx_word' id='word_1_310' title='bbox 1436 3988 1676 4059; x_wconf 89' lang='lat' dir='ltr'><strong>justitia;</strong></span> <span class='ocrx_word' id='word_1_311' title='bbox 1708 4002 1762 4049; x_wconf 89' lang='lat' dir='ltr'><strong>et</strong></span> 
     </span>
    </p>
   </div>
   <div class='ocr_carea' id='block_1_40' title="bbox 159 4074 1760 4155">
    <p class='ocr_par' dir='ltr' id='par_1_40' title="bbox 159 4074 1760 4155">
     <span class='ocr_line' id='line_1_40' title="bbox 159 4074 1760 4155; baseline 0.007 -27"><span class='ocrx_word' id='word_1_312' title='bbox 159 4074 484 4130; x_wconf 82' lang='lat' dir='ltr'><strong>benediccnt</strong></span> <span class='ocrx_word' id='word_1_313' title='bbox 506 4092 627 4131; x_wconf 90' lang='lat' dir='ltr'><strong>eum</strong></span> <span class='ocrx_word' id='word_1_314' title='bbox 652 4086 859 4146; x_wconf 83' lang='lat' dir='ltr'><strong>gentes,</strong></span> <span class='ocrx_word' id='word_1_315' title='bbox 884 4078 1161 4149; x_wconf 91' lang='lat' dir='ltr'><strong>ipsumque</strong></span> <span class='ocrx_word' id='word_1_316' title='bbox 1185 4081 1489 4137; x_wconf 89' lang='lat' dir='ltr'><strong>laudabunt.</strong></span> <span class='ocrx_word' id='word_1_317' title='bbox 1520 4082 1585 4138; x_wconf 83' lang='lat' dir='ltr'><strong>Et</strong></span> <span class='ocrx_word' id='word_1_318' title='bbox 1604 4085 1760 4155; x_wconf 85' lang='lat' dir='ltr'><strong>paulo</strong></span> 
     </span>
    </p>
   </div>
   <div class='ocr_carea' id='block_1_41' title="bbox 157 4166 1758 4243">
    <p class='ocr_par' dir='ltr' id='par_1_41' title="bbox 157 4166 1758 4243">
     <span class='ocr_line' id='line_1_41' title="bbox 157 4166 1758 4243; baseline 0.009 -25"><span class='ocrx_word' id='word_1_319' title='bbox 157 4176 271 4235; x_wconf 80' lang='lat' dir='ltr'><strong>post</strong></span> <span class='ocrx_word' id='word_1_320' title='bbox 311 4182 331 4221; x_wconf 88' lang='lat'><strong><em>:</em></strong></span> <span class='ocrx_word' id='word_1_321' title='bbox 361 4166 567 4220; x_wconf 76' lang='lat' dir='ltr'><strong>Stultus</strong></span> <span class='ocrx_word' id='word_1_322' title='bbox 612 4168 836 4237; x_wconf 79' lang='lat' dir='ltr'><strong>populus</strong></span> <span class='ocrx_word' id='word_1_323' title='bbox 878 4185 1029 4225; x_wconf 89' lang='lat' dir='ltr'><strong>meus</strong></span> <span class='ocrx_word' id='word_1_324' title='bbox 1065 4188 1148 4225; x_wconf 91' lang='lat' dir='ltr'><strong>me</strong></span> <span class='ocrx_word' id='word_1_325' title='bbox 1192 4188 1296 4226; x_wconf 89' lang='lat' dir='ltr'><strong>non</strong></span> <span class='ocrx_word' id='word_1_326' title='bbox 1340 4176 1627 4243; x_wconf 84' lang='lat' dir='ltr'><strong>cognovit:</strong></span> <span class='ocrx_word' id='word_1_327' title='bbox 1665 4176 1758 4232; x_wconf 85' lang='lat' dir='ltr'><strong>filii</strong></span> 
     </span>
    </p>
   </div>
   <div class='ocr_carea' id='block_1_42' title="bbox 156 4256 1758 4332">
    <p class='ocr_par' dir='ltr' id='par_1_42' title="bbox 156 4256 1758 4332">
     <span class='ocr_line' id='line_1_42' title="bbox 156 4256 1758 4332; baseline 0.008 -23"><span class='ocrx_word' id='word_1_328' title='bbox 156 4256 257 4311; x_wconf 91' lang='lat' dir='ltr'><strong>insi</strong></span> <span class='ocrx_word' id='word_1_329' title='bbox 267 4259 482 4327; x_wconf 51' lang='lat' dir='ltr'><strong>pientes</strong></span> <span class='ocrx_word' id='word_1_330' title='bbox 504 4271 648 4324; x_wconf 88' lang='lat' dir='ltr'><strong>sunt,</strong></span> <span class='ocrx_word' id='word_1_331' title='bbox 673 4268 727 4314; x_wconf 89' lang='lat' dir='ltr'><strong>et</strong></span> <span class='ocrx_word' id='word_1_332' title='bbox 746 4262 1002 4316; x_wconf 86' lang='lat' dir='ltr'><strong>vecordes</strong></span> <span class='ocrx_word' id='word_1_333' title='bbox 1022 4277 1036 4327; x_wconf 89' lang='lat'><strong>;</strong></span> <span class='ocrx_word' id='word_1_334' title='bbox 1060 4262 1327 4332; x_wconf 85' lang='lat' dir='ltr'><strong>sapientes</strong></span> <span class='ocrx_word' id='word_1_335' title='bbox 1346 4274 1469 4320; x_wconf 90' lang='lat' dir='ltr'><strong>sunt</strong></span> <span class='ocrx_word' id='word_1_336' title='bbox 1489 4276 1546 4320; x_wconf 92' lang='lat' dir='ltr'><strong>ut</strong></span> <span class='ocrx_word' id='word_1_337' title='bbox 1563 4266 1758 4322; x_wconf 86' lang='lat' dir='ltr'><strong>faciant</strong></span> 
     </span>
    </p>
   </div>
   <div class='ocr_carea' id='block_1_43' title="bbox 158 4350 1269 4413">
    <p class='ocr_par' dir='ltr' id='par_1_43' title="bbox 158 4350 1269 4413">
     <span class='ocr_line' id='line_1_43' title="bbox 158 4350 1269 4413; baseline 0.005 -12"><span class='ocrx_word' id='word_1_338' title='bbox 158 4350 333 4413; x_wconf 85' lang='lat' dir='ltr'><strong>mala;</strong></span> <span class='ocrx_word' id='word_1_339' title='bbox 371 4350 508 4405; x_wconf 86' lang='lat' dir='ltr'><strong>bene</strong></span> <span class='ocrx_word' id='word_1_340' title='bbox 534 4359 711 4405; x_wconf 90' lang='lat' dir='ltr'><strong>autem</strong></span> <span class='ocrx_word' id='word_1_341' title='bbox 745 4351 917 4407; x_wconf 89' lang='lat' dir='ltr'><strong>facere</strong></span> <span class='ocrx_word' id='word_1_342' title='bbox 946 4353 1269 4407; x_wconf 88' lang='lat' dir='ltr'><strong>nescierunt.</strong></span> 
     </span>
    </p>
   </div>
   <div class='ocr_carea' id='block_1_44' title="bbox 234 4438 1754 4517">
    <p class='ocr_par' dir='ltr' id='par_1_44' title="bbox 234 4438 1754 4517">
     <span class='ocr_line' id='line_1_44' title="bbox 234 4438 1754 4517; baseline 0.009 -26"><span class='ocrx_word' id='word_1_343' title='bbox 234 4438 302 4493; x_wconf 79' lang='lat' dir='ltr'><strong>Et</strong></span> <span class='ocrx_word' id='word_1_344' title='bbox 342 4452 458 4511; x_wconf 78' lang='lat' dir='ltr'><strong>post</strong></span> <span class='ocrx_word' id='word_1_345' title='bbox 493 4443 699 4511; x_wconf 79' lang='lat' dir='ltr'><strong>triginta</strong></span> <span class='ocrx_word' id='word_1_346' title='bbox 733 4458 903 4497; x_wconf 81' lang='lat' dir='ltr'><strong>versus</strong></span> <span class='ocrx_word' id='word_1_347' title='bbox 948 4440 1052 4517; x_wconf 90' lang='lat' dir='ltr'><strong>[v.]</strong></span> <span class='ocrx_word' id='word_1_348' title='bbox 1083 4461 1096 4497; x_wconf 91' lang='lat'><strong>:</strong></span> <span class='ocrx_word' id='word_1_349' title='bbox 1128 4443 1363 4501; x_wconf 88' lang='lat' dir='ltr'><strong>Circuite</strong></span> <span class='ocrx_word' id='word_1_350' title='bbox 1400 4446 1513 4502; x_wconf 88' lang='lat' dir='ltr'><strong>vias</strong></span> <span class='ocrx_word' id='word_1_351' title='bbox 1541 4446 1754 4503; x_wconf 86' lang='lat' dir='ltr'><strong>Jerusa-</strong></span> 
     </span>
    </p>
   </div>
   <div class='ocr_carea' id='block_1_45' title="bbox 158 4528 1752 4609">
    <p class='ocr_par' dir='ltr' id='par_1_45' title="bbox 158 4528 1752 4609">
     <span class='ocr_line' id='line_1_45' title="bbox 158 4528 1752 4609; baseline 0.008 -26"><span class='ocrx_word' id='word_1_352' title='bbox 158 4528 287 4597; x_wconf 90' lang='lat' dir='ltr'><strong>lem,</strong></span> <span class='ocrx_word' id='word_1_353' title='bbox 322 4542 379 4587; x_wconf 93' lang='lat' dir='ltr'><strong>et</strong></span> <span class='ocrx_word' id='word_1_354' title='bbox 409 4534 651 4603; x_wconf 87' lang='lat' dir='ltr'><strong>aspicite,</strong></span> <span class='ocrx_word' id='word_1_355' title='bbox 681 4544 733 4588; x_wconf 88' lang='lat' dir='ltr'><strong>et</strong></span> <span class='ocrx_word' id='word_1_356' title='bbox 755 4534 1117 4599; x_wconf 89' lang='lat' dir='ltr'><strong>considerate,</strong></span> <span class='ocrx_word' id='word_1_357' title='bbox 1154 4545 1208 4591; x_wconf 91' lang='lat' dir='ltr'><strong>et</strong></span> <span class='ocrx_word' id='word_1_358' title='bbox 1234 4540 1455 4607; x_wconf 83' lang='lat' dir='ltr'><strong>qn:erite</strong></span> <span class='ocrx_word' id='word_1_359' title='bbox 1486 4540 1538 4593; x_wconf 93' lang='lat' dir='ltr'><strong>in</strong></span> <span class='ocrx_word' id='word_1_360' title='bbox 1566 4539 1752 4609; x_wconf 86' lang='lat' dir='ltr'><strong>plateis</strong></span> 
     </span>
    </p>
   </div>
   <div class='ocr_carea' id='block_1_46' title="bbox 156 4620 1752 4701">
    <p class='ocr_par' dir='ltr' id='par_1_46' title="bbox 156 4620 1752 4701">
     <span class='ocr_line' id='line_1_46' title="bbox 156 4620 1752 4701; baseline 0.006 -26"><span class='ocrx_word' id='word_1_361' title='bbox 156 4620 296 4689; x_wconf 86' lang='lat' dir='ltr'><strong>ejus,</strong></span> <span class='ocrx_word' id='word_1_362' title='bbox 322 4638 394 4678; x_wconf 89' lang='lat' dir='ltr'><strong>an</strong></span> <span class='ocrx_word' id='word_1_363' title='bbox 428 4624 705 4678; x_wconf 90' lang='lat' dir='ltr'><strong>inveniatis</strong></span> <span class='ocrx_word' id='word_1_364' title='bbox 730 4625 898 4678; x_wconf 89' lang='lat' dir='ltr'><strong>virmn</strong></span> <span class='ocrx_word' id='word_1_365' title='bbox 928 4624 1206 4680; x_wconf 86' lang='lat' dir='ltr'><strong>facientem</strong></span> <span class='ocrx_word' id='word_1_366' title='bbox 1230 4628 1510 4696; x_wconf 86' lang='lat' dir='ltr'><strong>judicium,</strong></span> <span class='ocrx_word' id='word_1_367' title='bbox 1532 4642 1589 4684; x_wconf 90' lang='lat' dir='ltr'><strong>et</strong></span> <span class='ocrx_word' id='word_1_368' title='bbox 1614 4647 1752 4701; x_wconf 73' lang='lat' dir='ltr'><strong>qua:-</strong></span> 
     </span>
    </p>
   </div>
   <div class='ocr_carea' id='block_1_47' title="bbox 157 4716 1750 4787">
    <p class='ocr_par' dir='ltr' id='par_1_47' title="bbox 157 4716 1750 4787">
     <span class='ocr_line' id='line_1_47' title="bbox 157 4716 1750 4787; baseline 0.008 -21"><span class='ocrx_word' id='word_1_369' title='bbox 157 4724 367 4769; x_wconf 88' lang='lat' dir='ltr'><strong>rentem</strong></span> <span class='ocrx_word' id='word_1_370' title='bbox 400 4716 577 4783; x_wconf 84' lang='lat' dir='ltr'><strong>fidem,</strong></span> <span class='ocrx_word' id='word_1_371' title='bbox 608 4726 661 4770; x_wconf 90' lang='lat' dir='ltr'><strong>et</strong></span> <span class='ocrx_word' id='word_1_372' title='bbox 684 4718 938 4787; x_wconf 80' lang='lat' dir='ltr'><strong>prepitius</strong></span> <span class='ocrx_word' id='word_1_373' title='bbox 965 4733 1058 4771; x_wconf 90' lang='lat' dir='ltr'><strong>cro</strong></span> <span class='ocrx_word' id='word_1_374' title='bbox 1085 4718 1155 4773; x_wconf 90' lang='lat' dir='ltr'><strong>ei.</strong></span> <span class='ocrx_word' id='word_1_375' title='bbox 1187 4720 1340 4787; x_wconf 88' lang='lat' dir='ltr'><strong>Quod</strong></span> <span class='ocrx_word' id='word_1_376' title='bbox 1370 4721 1411 4773; x_wconf 83' lang='lat' dir='ltr'><strong>si</strong></span> <span class='ocrx_word' id='word_1_377' title='bbox 1439 4721 1621 4786; x_wconf 85' lang='lat' dir='ltr'><strong>etiam,</strong></span> <span class='ocrx_word' id='word_1_378' title='bbox 1656 4723 1750 4778; x_wconf 84' lang='lat' dir='ltr'><strong>Vi-</strong></span> 
     </span>
    </p>
   </div>
   <div class='ocr_carea' id='block_1_48' title="bbox 157 4807 1745 4885">
    <p class='ocr_par' dir='ltr' id='par_1_48' title="bbox 157 4807 1745 4885">
     <span class='ocr_line' id='line_1_48' title="bbox 157 4807 1745 4885; baseline 0.008 -27"><span class='ocrx_word' id='word_1_379' title='bbox 157 4807 231 4859; x_wconf 82' lang='lat' dir='ltr'><strong>vit</strong></span> <span class='ocrx_word' id='word_1_380' title='bbox 263 4807 543 4873; x_wconf 87' lang='lat' dir='ltr'><strong>Dominus,</strong></span> <span class='ocrx_word' id='word_1_381' title='bbox 571 4809 826 4875; x_wconf 83' lang='lat' dir='ltr'><strong>dixerint,</strong></span> <span class='ocrx_word' id='word_1_382' title='bbox 850 4819 901 4864; x_wconf 91' lang='lat' dir='ltr'><strong>et</strong></span> <span class='ocrx_word' id='word_1_383' title='bbox 925 4810 1023 4865; x_wconf 85' lang='lat' dir='ltr'><strong>hoc</strong></span> <span class='ocrx_word' id='word_1_384' title='bbox 1050 4809 1472 4881; x_wconf 85' lang='lat' dir='ltr'><strong>falsojurabunt.</strong></span> <span class='ocrx_word' id='word_1_385' title='bbox 1504 4815 1745 4885; x_wconf 87' lang='lat' dir='ltr'><strong>Domine,</strong></span> 
     </span>
    </p>
   </div>
   <div class='ocr_carea' id='block_1_49' title="bbox 158 4899 1745 4971">
    <p class='ocr_par' dir='ltr' id='par_1_49' title="bbox 158 4899 1745 4971">
     <span class='ocr_line' id='line_1_49' title="bbox 158 4899 1745 4971; baseline 0.009 -21"><span class='ocrx_word' id='word_1_386' title='bbox 158 4899 295 4952; x_wconf 86' lang='lat' dir='ltr'><strong>oculi</strong></span> <span class='ocrx_word' id='word_1_387' title='bbox 334 4901 411 4954; x_wconf 91' lang='lat' dir='ltr'><strong>tui</strong></span> <span class='ocrx_word' id='word_1_388' title='bbox 457 4901 749 4970; x_wconf 61' lang='lat' dir='ltr'><strong>PC&gt;IllClUfll</strong></span> <span class='ocrx_word' id='word_1_389' title='bbox 798 4901 977 4956; x_wconf 87' lang='lat' dir='ltr'><strong>fidem.</strong></span> <span class='ocrx_word' id='word_1_390' title='bbox 1021 4902 1331 4959; x_wconf 75' lang='lat' dir='ltr'><strong>Percussisti</strong></span> <span class='ocrx_word' id='word_1_391' title='bbox 1375 4920 1499 4971; x_wconf 93' lang='lat' dir='ltr'><strong>eos,</strong></span> <span class='ocrx_word' id='word_1_392' title='bbox 1543 4916 1597 4962; x_wconf 84' lang='lat' dir='ltr'><strong>et</strong></span> <span class='ocrx_word' id='word_1_393' title='bbox 1642 4925 1745 4965; x_wconf 92' lang='lat' dir='ltr'><strong>non</strong></span> 
     </span>
    </p>
   </div>
   <div class='ocr_carea' id='block_1_50' title="bbox 159 4985 1750 5067">
    <p class='ocr_par' dir='ltr' id='par_1_50' title="bbox 159 4985 1750 5067">
     <span class='ocr_line' id='line_1_50' title="bbox 159 4985 1750 5067; baseline 0.01 -28"><span class='ocrx_word' id='word_1_394' title='bbox 159 4985 477 5054; x_wconf 80' lang='lat' dir='ltr'><strong>doluerunt;</strong></span> <span class='ocrx_word' id='word_1_395' title='bbox 511 4992 759 5047; x_wconf 88' lang='lat' dir='ltr'><strong>attrivisti</strong></span> <span class='ocrx_word' id='word_1_396' title='bbox 783 5007 897 5059; x_wconf 60' lang='grc' dir='ltr'><strong>ρος,</strong></span> <span class='ocrx_word' id='word_1_397' title='bbox 925 5003 977 5048; x_wconf 90' lang='lat' dir='ltr'><strong>et</strong></span> <span class='ocrx_word' id='word_1_398' title='bbox 1005 5004 1293 5050; x_wconf 91' lang='lat' dir='ltr'><strong>renuerunt</strong></span> <span class='ocrx_word' id='word_1_399' title='bbox 1322 4998 1565 5067; x_wconf 87' lang='lat' dir='ltr'><strong>accipere</strong></span> <span class='ocrx_word' id='word_1_400' title='bbox 1589 4999 1750 5055; x_wconf 88' lang='lat' dir='ltr'><strong>disci-</strong></span> 
     </span>
    </p>
   </div>
   <div class='ocr_carea' id='block_1_51' title="bbox 160 5077 1746 5158">
    <p class='ocr_par' dir='ltr' id='par_1_51' title="bbox 160 5077 1746 5158">
     <span class='ocr_line' id='line_1_51' title="bbox 160 5077 1746 5158; baseline 0.011 -28"><span class='ocrx_word' id='word_1_401' title='bbox 160 5077 355 5145; x_wconf 88' lang='lat' dir='ltr'><strong>plinam</strong></span> <span class='ocrx_word' id='word_1_402' title='bbox 394 5100 407 5137; x_wconf 87' lang='lat'><strong>:</strong></span> <span class='ocrx_word' id='word_1_403' title='bbox 440 5082 824 5138; x_wconf 90' lang='lat' dir='ltr'><strong>induravernnt</strong></span> <span class='ocrx_word' id='word_1_404' title='bbox 853 5083 1012 5139; x_wconf 90' lang='lat' dir='ltr'><strong>facies</strong></span> <span class='ocrx_word' id='word_1_405' title='bbox 1038 5101 1161 5142; x_wconf 89' lang='lat' dir='ltr'><strong>snas</strong></span> <span class='ocrx_word' id='word_1_406' title='bbox 1187 5102 1348 5155; x_wconf 90' lang='lat' dir='ltr'><strong>super</strong></span> <span class='ocrx_word' id='word_1_407' title='bbox 1378 5100 1577 5158; x_wconf 89' lang='lat' dir='ltr'><strong>petram</strong></span> <span class='ocrx_word' id='word_1_408' title='bbox 1598 5134 1613 5158; x_wconf 96' lang='lat'><strong>,</strong></span> <span class='ocrx_word' id='word_1_409' title='bbox 1646 5109 1746 5146; x_wconf 81' lang='lat' dir='ltr'><strong>no-</strong></span> 
     </span>
    </p>
   </div>
   <div class='ocr_carea' id='block_1_52' title="bbox 165 5169 1746 5255">
    <p class='ocr_par' dir='ltr' id='par_1_52' title="bbox 165 5169 1746 5255">
     <span class='ocr_line' id='line_1_52' title="bbox 165 5169 1746 5255; baseline 0.01 -32"><span class='ocrx_word' id='word_1_410' title='bbox 165 5169 371 5229; x_wconf 88' lang='lat' dir='ltr'><strong>luerunt</strong></span> <span class='ocrx_word' id='word_1_411' title='bbox 402 5178 614 5231; x_wconf 83' lang='lat' dir='ltr'><strong>reverti.</strong></span> <span class='ocrx_word' id='word_1_412' title='bbox 661 5176 774 5247; x_wconf 83' lang='lat' dir='ltr'><strong>Ego</strong></span> <span class='ocrx_word' id='word_1_413' title='bbox 810 5186 986 5232; x_wconf 86' lang='lat' dir='ltr'><strong>autem</strong></span> <span class='ocrx_word' id='word_1_414' title='bbox 1022 5179 1169 5244; x_wconf 82' lang='lat' dir='ltr'><strong>dixi,</strong></span> <span class='ocrx_word' id='word_1_415' title='bbox 1213 5180 1457 5237; x_wconf 87' lang='lat' dir='ltr'><strong>Forsitan</strong></span> <span class='ocrx_word' id='word_1_416' title='bbox 1490 5200 1746 5255; x_wconf 86' lang='lat' dir='ltr'><strong>pauperes</strong></span> 
     </span>
    </p>
   </div>
   <div class='ocr_carea' id='block_1_53' title="bbox 162 5269 1745 5346">
    <p class='ocr_par' dir='ltr' id='par_1_53' title="bbox 162 5269 1745 5346">
     <span class='ocr_line' id='line_1_53' title="bbox 162 5269 1745 5346; baseline 0.014 -34"><span class='ocrx_word' id='word_1_417' title='bbox 162 5273 304 5331; x_wconf 84' lang='lat' dir='ltr'><strong>sunt,</strong></span> <span class='ocrx_word' id='word_1_418' title='bbox 348 5276 401 5321; x_wconf 85' lang='lat' dir='ltr'><strong>et</strong></span> <span class='ocrx_word' id='word_1_419' title='bbox 445 5269 630 5333; x_wconf 89' lang='lat' dir='ltr'><strong>stulti,</strong></span> <span class='ocrx_word' id='word_1_420' title='bbox 682 5270 983 5339; x_wconf 80' lang='lat' dir='ltr'><strong>ignorantes</strong></span> <span class='ocrx_word' id='word_1_421' title='bbox 1015 5272 1152 5325; x_wconf 81' lang='lat' dir='ltr'><strong>viam</strong></span> <span class='ocrx_word' id='word_1_422' title='bbox 1201 5273 1443 5338; x_wconf 88' lang='lat' dir='ltr'><strong>Domini,</strong></span> <span class='ocrx_word' id='word_1_423' title='bbox 1489 5276 1745 5346; x_wconf 86' lang='lat' dir='ltr'><strong>judicium</strong></span> 
     </span>
    </p>
   </div>
   <div class='ocr_carea' id='block_1_54' title="bbox 163 5349 1740 5439">
    <p class='ocr_par' dir='ltr' id='par_1_54' title="bbox 163 5349 1740 5439">
     <span class='ocr_line' id='line_1_54' title="bbox 163 5349 1740 5439; baseline 0.011 -33"><span class='ocrx_word' id='word_1_424' title='bbox 163 5349 254 5409; x_wconf 85' lang='lat' dir='ltr'><strong>Dei</strong></span> <span class='ocrx_word' id='word_1_425' title='bbox 286 5358 385 5412; x_wconf 85' lang='lat' dir='ltr'><strong>sui.</strong></span> <span class='ocrx_word' id='word_1_426' title='bbox 414 5359 506 5413; x_wconf 91' lang='lat' dir='ltr'><strong>lbo</strong></span> <span class='ocrx_word' id='word_1_427' title='bbox 537 5360 695 5429; x_wconf 76' lang='lat' dir='ltr'><strong>igitur</strong></span> <span class='ocrx_word' id='word_1_428' title='bbox 724 5360 787 5414; x_wconf 90' lang='lat' dir='ltr'><strong>ad</strong></span> <span class='ocrx_word' id='word_1_429' title='bbox 820 5362 1101 5431; x_wconf 87' lang='lat' dir='ltr'><strong>optimates</strong></span> <span class='ocrx_word' id='word_1_430' title='bbox 1125 5403 1141 5427; x_wconf 92' lang='lat'><strong>,</strong></span> <span class='ocrx_word' id='word_1_431' title='bbox 1184 5373 1237 5419; x_wconf 94' lang='lat' dir='ltr'><strong>et</strong></span> <span class='ocrx_word' id='word_1_432' title='bbox 1278 5365 1465 5436; x_wconf 89' lang='lat' dir='ltr'><strong>loquar</strong></span> <span class='ocrx_word' id='word_1_433' title='bbox 1489 5369 1599 5431; x_wconf 90' lang='lat' dir='ltr'><strong>cis;</strong></span> <span class='ocrx_word' id='word_1_434' title='bbox 1644 5370 1740 5439; x_wconf 81' lang='lat' dir='ltr'><strong>ipsi</strong></span> 
     </span>
    </p>
   </div>
   <div class='ocr_carea' id='block_1_55' title="bbox 162 5448 1743 5524">
    <p class='ocr_par' dir='ltr' id='par_1_55' title="bbox 162 5448 1743 5524">
     <span class='ocr_line' id='line_1_55' title="bbox 162 5448 1743 5524; baseline 0.011 -25"><span class='ocrx_word' id='word_1_435' title='bbox 162 5448 301 5501; x_wconf 85' lang='lat' dir='ltr'><strong>enim</strong></span> <span class='ocrx_word' id='word_1_436' title='bbox 325 5462 690 5521; x_wconf 86' lang='lat' dir='ltr'><strong>cognoverunt</strong></span> <span class='ocrx_word' id='word_1_437' title='bbox 714 5454 851 5508; x_wconf 90' lang='lat' dir='ltr'><strong>viam</strong></span> <span class='ocrx_word' id='word_1_438' title='bbox 882 5454 1107 5517; x_wconf 91' lang='lat' dir='ltr'><strong>Domini,</strong></span> <span class='ocrx_word' id='word_1_439' title='bbox 1134 5456 1391 5524; x_wconf 88' lang='lat' dir='ltr'><strong>judicium</strong></span> <span class='ocrx_word' id='word_1_440' title='bbox 1424 5459 1515 5514; x_wconf 91' lang='lat' dir='ltr'><strong>Dei</strong></span> <span class='ocrx_word' id='word_1_441' title='bbox 1541 5462 1621 5514; x_wconf 87' lang='lat' dir='ltr'><strong>sui</strong></span> <span class='ocrx_word' id='word_1_442' title='bbox 1650 5480 1662 5515; x_wconf 90' lang='lat'>:</span> <span class='ocrx_word' id='word_1_443' title='bbox 1689 5472 1743 5517; x_wconf 91' lang='lat' dir='ltr'><strong>et</strong></span> 
     </span>
    </p>
   </div>
   <div class='ocr_carea' id='block_1_56' title="bbox 165 5543 1743 5620">
    <p class='ocr_par' dir='ltr' id='par_1_56' title="bbox 165 5543 1743 5620">
     <span class='ocr_line' id='line_1_56' title="bbox 165 5543 1743 5620; baseline 0.011 -31"><span class='ocrx_word' id='word_1_444' title='bbox 165 5549 286 5593; x_wconf 88' lang='lat' dir='ltr'><strong>ecce</strong></span> <span class='ocrx_word' id='word_1_445' title='bbox 330 5543 495 5613; x_wconf 83' lang='lat' dir='ltr'><strong>magis</strong></span> <span class='ocrx_word' id='word_1_446' title='bbox 536 5543 589 5598; x_wconf 87' lang='lat' dir='ltr'><strong>lti</strong></span> <span class='ocrx_word' id='word_1_447' title='bbox 629 5546 784 5598; x_wconf 87' lang='lat' dir='ltr'><strong>simul</strong></span> <span class='ocrx_word' id='word_1_448' title='bbox 828 5547 1201 5616; x_wconf 84' lang='lat' dir='ltr'><strong>confregerunt</strong></span> <span class='ocrx_word' id='word_1_449' title='bbox 1231 5547 1449 5618; x_wconf 81' lang='lat' dir='ltr'><strong>jugutn,</strong></span> <span class='ocrx_word' id='word_1_450' title='bbox 1488 5562 1743 5620; x_wconf 88' lang='lat' dir='ltr'><strong>ruperunt</strong></span> 
     </span>
    </p>
   </div>
   <div class='ocr_carea' id='block_1_57' title="bbox 165 5629 1740 5713">
    <p class='ocr_par' dir='ltr' id='par_1_57' title="bbox 165 5629 1740 5713">
     <span class='ocr_line' id='line_1_57' title="bbox 165 5629 1740 5713; baseline 0.013 -33"><span class='ocrx_word' id='word_1_451' title='bbox 165 5629 385 5690; x_wconf 84' lang='lat' dir='ltr'><strong>vincula.</strong></span> <span class='ocrx_word' id='word_1_452' title='bbox 433 5635 500 5690; x_wconf 83' lang='lat' dir='ltr'><strong>Et</strong></span> <span class='ocrx_word' id='word_1_453' title='bbox 541 5647 654 5708; x_wconf 74' lang='lat' dir='ltr'><strong>post</strong></span> <span class='ocrx_word' id='word_1_454' title='bbox 692 5651 782 5691; x_wconf 75' lang='lat' dir='ltr'><strong>sea:</strong></span> <span class='ocrx_word' id='word_1_455' title='bbox 816 5652 989 5701; x_wconf 76' lang='lat' dir='ltr'><strong>versus</strong></span> <span class='ocrx_word' id='word_1_456' title='bbox 1028 5655 1042 5691; x_wconf 92' lang='lat'><strong>:</strong></span> <span class='ocrx_word' id='word_1_457' title='bbox 1082 5637 1201 5693; x_wconf 85' lang='lat' dir='ltr'><strong>Filii</strong></span> <span class='ocrx_word' id='word_1_458' title='bbox 1231 5641 1303 5694; x_wconf 93' lang='lat' dir='ltr'><strong>tui</strong></span> <span class='ocrx_word' id='word_1_459' title='bbox 1343 5639 1740 5713; x_wconf 89' lang='lat' dir='ltr'><strong>dercliquerunt</strong></span> 
     </span>
    </p>
   </div>
   <div class='ocr_carea' id='block_1_58' title="bbox 222 5744 1738 5820">
    <p class='ocr_par' dir='ltr' id='par_1_58' title="bbox 222 5744 1738 5820">
     <span class='ocr_line' id='line_1_58' title="bbox 222 5744 1738 5820; baseline 0.012 -29"><span class='ocrx_word' id='word_1_460' title='bbox 222 5744 456 5820; x_wconf 54' lang='lat' dir='ltr'><strong>3_t&#39;ulgata</strong></span> <span class='ocrx_word' id='word_1_461' title='bbox 481 5760 634 5820; x_wconf 54' lang='lat' dir='ltr'><strong>nunc,</strong></span> <span class='ocrx_word' id='word_1_462' title='bbox 667 5747 919 5799; x_wconf 79' lang='lat' dir='ltr'><strong>reverteris</strong></span> <span class='ocrx_word' id='word_1_463' title='bbox 947 5757 1036 5800; x_wconf 84' lang='lat' dir='ltr'><strong>:at</strong></span> <span class='ocrx_word' id='word_1_464' title='bbox 1079 5754 1128 5801; x_wconf 87' lang='lat' dir='ltr'><strong>in</strong></span> <span class='ocrx_word' id='word_1_465' title='bbox 1161 5757 1370 5820; x_wconf 80' lang='lat' dir='ltr'><strong>antiquis</strong></span> <span class='ocrx_word' id='word_1_466' title='bbox 1406 5757 1565 5810; x_wconf 83' lang='lat' dir='ltr'><strong>Bibliis</strong></span> <span class='ocrx_word' id='word_1_467' title='bbox 1599 5760 1738 5809; x_wconf 85' lang='lat' dir='ltr'><strong>Corh.</strong></span> 
     </span>
    </p>
   </div>
   <div class='ocr_carea' id='block_1_59' title="bbox 162 5803 660 5867">
    <p class='ocr_par' dir='ltr' id='par_1_59' title="bbox 162 5803 660 5867">
     <span class='ocr_line' id='line_1_59' title="bbox 162 5803 660 5867; baseline 0.016 -17"><span class='ocrx_word' id='word_1_468' title='bbox 162 5803 224 5851; x_wconf 86' lang='lat' dir='ltr'><strong>uti</strong></span> <span class='ocrx_word' id='word_1_469' title='bbox 246 5803 335 5867; x_wconf 85' lang='lat' dir='ltr'><strong>hic,</strong></span> <span class='ocrx_word' id='word_1_470' title='bbox 348 5803 660 5861; x_wconf 59' lang='lat' dir='ltr'><strong>converteris.</strong></span> 
     </span>
    </p>
   </div>
   <div class='ocr_carea' id='block_1_60' title="bbox 508 5892 1193 5961">
    <p class='ocr_par' dir='ltr' id='par_1_60' title="bbox 508 5892 1193 5961">
     <span class='ocr_line' id='line_1_60' title="bbox 508 5892 1193 5961; baseline 0.001 -3"><span class='ocrx_word' id='word_1_471' title='bbox 508 5893 734 5960; x_wconf 62' lang='lat' dir='ltr'><strong>Sacr.</strong></span> <span class='ocrx_word' id='word_1_472' title='bbox 765 5892 1045 5959; x_wconf 73' lang='grc' dir='ltr'><strong>Δυσυςτ.</strong></span> <span class='ocrx_word' id='word_1_473' title='bbox 1088 5899 1193 5961; x_wconf 84' lang='lat' dir='ltr'><strong>lli.</strong></span> 
     </span>
    </p>
   </div>
   <div class='ocr_carea' id='block_1_61' title="bbox 1451 339 2237 406">
    <p class='ocr_par' dir='ltr' id='par_1_61' title="bbox 1451 339 2237 406">
     <span class='ocr_line' id='line_1_61' title="bbox 1451 339 2237 406; baseline 0.014 -11"><span class='ocrx_word' id='word_1_474' title='bbox 1451 339 1541 396; x_wconf 83' lang='lat' dir='ltr'><strong>DE</strong></span> <span class='ocrx_word' id='word_1_475' title='bbox 1570 340 1954 405; x_wconf 69' lang='lat' dir='ltr'><strong>SCRIPTUBA</strong></span> <span class='ocrx_word' id='word_1_476' title='bbox 1992 345 2237 406; x_wconf 67' lang='lat' dir='ltr'><strong>SACRA.</strong></span> 
     </span>
    </p>
   </div>
   <div class='ocr_carea' id='block_1_62' title="bbox 184 450 1803 527">
    <p class='ocr_par' dir='ltr' id='par_1_62' title="bbox 184 450 1803 527">
     <span class='ocr_line' id='line_1_62' title="bbox 184 450 1803 527; baseline 0.007 -24"><span class='ocrx_word' id='word_1_477' title='bbox 184 450 321 520; x_wconf 75' lang='lat' dir='ltr'><strong>Ego</strong></span> <span class='ocrx_word' id='word_1_478' title='bbox 358 450 633 507; x_wconf 83' lang='lat' dir='ltr'><strong>illusiones</strong></span> <span class='ocrx_word' id='word_1_479' title='bbox 654 468 840 509; x_wconf 89' lang='lat' dir='ltr'><strong>eorum</strong></span> <span class='ocrx_word' id='word_1_480' title='bbox 868 452 1082 526; x_wconf 86' lang='lat' dir='ltr'><strong>eligam,</strong></span> <span class='ocrx_word' id='word_1_481' title='bbox 1124 464 1180 511; x_wconf 90' lang='lat' dir='ltr'><strong>ct</strong></span> <span class='ocrx_word' id='word_1_482' title='bbox 1204 471 1322 527; x_wconf 71' lang='lat' dir='ltr'><strong>qua:</strong></span> <span class='ocrx_word' id='word_1_483' title='bbox 1353 456 1610 513; x_wconf 87' lang='lat' dir='ltr'><strong>timebant</strong></span> <span class='ocrx_word' id='word_1_484' title='bbox 1637 461 1803 516; x_wconf 82' lang='lat' dir='ltr'><strong>addo-</strong></span> 
     </span>
    </p>
   </div>
   <div class='ocr_carea' id='block_1_63' title="bbox 3396 367 3501 433">
    <p class='ocr_par' dir='ltr' id='par_1_63' title="bbox 3396 367 3501 433">
     <span class='ocr_line' id='line_1_63' title="bbox 3396 367 3501 433; baseline 0.019 -1"><span class='ocrx_word' id='word_1_485' title='bbox 3396 367 3501 433; x_wconf 75' lang='lat'><strong>938</strong></span> 
     </span>
    </p>
   </div>
   <div class='ocr_carea' id='block_1_64' title="bbox 1912 466 3496 555">
    <p class='ocr_par' dir='ltr' id='par_1_64' title="bbox 1912 466 3496 555">
     <span class='ocr_line' id='line_1_64' title="bbox 1912 466 3496 555; baseline 0.021 -38"><span class='ocrx_word' id='word_1_486' title='bbox 1912 479 2028 528; x_wconf 89' lang='lat' dir='ltr'><strong>me,</strong></span> <span class='ocrx_word' id='word_1_487' title='bbox 2059 475 2113 520; x_wconf 86' lang='lat' dir='ltr'><strong>et</strong></span> <span class='ocrx_word' id='word_1_488' title='bbox 2132 466 2315 553; x_wconf 76' lang='lat' dir='ltr'><strong>jurant</strong></span> <span class='ocrx_word' id='word_1_489' title='bbox 2342 469 2394 524; x_wconf 92' lang='lat' dir='ltr'><strong>in</strong></span> <span class='ocrx_word' id='word_1_490' title='bbox 2423 468 2486 525; x_wconf 91' lang='lat' dir='ltr'><strong>iis</strong></span> <span class='ocrx_word' id='word_1_491' title='bbox 2510 469 2600 543; x_wconf 87' lang='lat' dir='ltr'><strong>qui</strong></span> <span class='ocrx_word' id='word_1_492' title='bbox 2625 490 2731 532; x_wconf 90' lang='lat' dir='ltr'><strong>non</strong></span> <span class='ocrx_word' id='word_1_493' title='bbox 2759 489 2881 535; x_wconf 91' lang='lat' dir='ltr'><strong>sunt</strong></span> <span class='ocrx_word' id='word_1_494' title='bbox 2903 479 2995 539; x_wconf 92' lang='lat' dir='ltr'><strong>dii.</strong></span> <span class='ocrx_word' id='word_1_495' title='bbox 3028 482 3267 543; x_wconf 85' lang='lat' dir='ltr'><strong>Saturavi</strong></span> <span class='ocrx_word' id='word_1_496' title='bbox 3294 506 3413 555; x_wconf 85' lang='lat' dir='ltr'><strong>eos,</strong></span> <span class='ocrx_word' id='word_1_497' title='bbox 3439 502 3496 549; x_wconf 80' lang='lat' dir='ltr'><strong>et</strong></span> 
     </span>
    </p>
   </div>
   <div class='ocr_carea' id='block_1_65' title="bbox 1910 546 3490 637">
    <p class='ocr_par' dir='ltr' id='par_1_65' title="bbox 1910 546 3490 637">
     <span class='ocr_line' id='line_1_65' title="bbox 1910 546 3490 637; baseline 0.02 -31"><span class='ocrx_word' id='word_1_498' title='bbox 1910 546 2160 611; x_wconf 76' lang='lat' dir='ltr'><strong>mterhati</strong></span> <span class='ocrx_word' id='word_1_499' title='bbox 2189 569 2335 626; x_wconf 91' lang='lat' dir='ltr'><strong>sunt,</strong></span> <span class='ocrx_word' id='word_1_500' title='bbox 2366 570 2421 617; x_wconf 90' lang='lat' dir='ltr'><strong>et</strong></span> <span class='ocrx_word' id='word_1_501' title='bbox 2460 562 2510 617; x_wconf 91' lang='lat' dir='ltr'><strong>in</strong></span> <span class='ocrx_word' id='word_1_502' title='bbox 2541 564 2701 620; x_wconf 90' lang='lat' dir='ltr'><strong>domo</strong></span> <span class='ocrx_word' id='word_1_503' title='bbox 2744 574 3038 631; x_wconf 90' lang='lat' dir='ltr'><strong>meretricis</strong></span> <span class='ocrx_word' id='word_1_504' title='bbox 3069 575 3490 637; x_wconf 73' lang='lat' dir='ltr'><strong>luxuriabantur.</strong></span> 
     </span>
    </p>
   </div>
   <div class='ocr_carea' id='block_1_66' title="bbox 1909 645 3496 748">
    <p class='ocr_par' dir='ltr' id='par_1_66' title="bbox 1909 645 3496 748">
     <span class='ocr_line' id='line_1_66' title="bbox 1909 645 3496 748; baseline 0.021 -49"><span class='ocrx_word' id='word_1_505' title='bbox 1909 645 2043 715; x_wconf 84' lang='lat' dir='ltr'><strong>Equi</strong></span> <span class='ocrx_word' id='word_1_506' title='bbox 2070 660 2358 719; x_wconf 86' lang='lat' dir='ltr'><strong>amatores,</strong></span> <span class='ocrx_word' id='word_1_507' title='bbox 2382 663 2435 709; x_wconf 92' lang='lat' dir='ltr'><strong>et</strong></span> <span class='ocrx_word' id='word_1_508' title='bbox 2462 656 2761 716; x_wconf 82' lang='lat' dir='ltr'><strong>admissarii</strong></span> <span class='ocrx_word' id='word_1_509' title='bbox 2787 664 2905 719; x_wconf 86' lang='lat' dir='ltr'><strong>facti</strong></span> <span class='ocrx_word' id='word_1_510' title='bbox 2947 677 3104 733; x_wconf 89' lang='lat' dir='ltr'><strong>sunt,</strong></span> <span class='ocrx_word' id='word_1_511' title='bbox 3133 678 3496 748; x_wconf 87' lang='lat' dir='ltr'><strong>unusquisque</strong></span> 
     </span>
    </p>
   </div>
   <div class='ocr_carea' id='block_1_67' title="bbox 1908 737 3495 836">
    <p class='ocr_par' dir='ltr' id='par_1_67' title="bbox 1908 737 3495 836">
     <span class='ocr_line' id='line_1_67' title="bbox 1908 737 3495 836; baseline 0.021 -46"><span class='ocrx_word' id='word_1_512' title='bbox 1908 737 1972 791; x_wconf 90' lang='lat' dir='ltr'><strong>ad</strong></span> <span class='ocrx_word' id='word_1_513' title='bbox 2006 754 2225 796; x_wconf 80' lang='lat' dir='ltr'><strong>uxorem</strong></span> <span class='ocrx_word' id='word_1_514' title='bbox 2267 747 2491 813; x_wconf 76' lang='lat' dir='ltr'><strong>proximi</strong></span> <span class='ocrx_word' id='word_1_515' title='bbox 2532 752 2612 805; x_wconf 93' lang='lat' dir='ltr'><strong>sui</strong></span> <span class='ocrx_word' id='word_1_516' title='bbox 2657 752 2986 811; x_wconf 89' lang='lat' dir='ltr'><strong>binniebant.</strong></span> <span class='ocrx_word' id='word_1_517' title='bbox 3024 737 3301 833; x_wconf 38' lang='lat' dir='ltr'><strong>Numquid.</strong></span> <span class='ocrx_word' id='word_1_518' title='bbox 3336 737 3495 836; x_wconf 76' lang='lat' dir='ltr'><strong>super</strong></span> 
     </span>
    </p>
   </div>
   <div class='ocr_carea' id='block_1_68' title="bbox 1909 827 3491 922">
    <p class='ocr_par' dir='ltr' id='par_1_68' title="bbox 1909 827 3491 922">
     <span class='ocr_line' id='line_1_68' title="bbox 1909 827 3491 922; baseline 0.02 -41"><span class='ocrx_word' id='word_1_519' title='bbox 1909 827 1993 883; x_wconf 90' lang='lat' dir='ltr'><strong>bis</strong></span> <span class='ocrx_word' id='word_1_520' title='bbox 2024 846 2128 885; x_wconf 91' lang='lat' dir='ltr'><strong>non</strong></span> <span class='ocrx_word' id='word_1_521' title='bbox 2161 833 2406 903; x_wconf 89' lang='lat' dir='ltr'><strong>visitabo,</strong></span> <span class='ocrx_word' id='word_1_522' title='bbox 2435 837 2564 894; x_wconf 90' lang='lat' dir='ltr'><strong>dicit</strong></span> <span class='ocrx_word' id='word_1_523' title='bbox 2594 842 2891 900; x_wconf 83' lang='lat' dir='ltr'><strong>Dominus?</strong></span> <span class='ocrx_word' id='word_1_524' title='bbox 2917 858 2970 903; x_wconf 92' lang='lat' dir='ltr'><strong>et</strong></span> <span class='ocrx_word' id='word_1_525' title='bbox 3006 851 3056 903; x_wconf 92' lang='lat' dir='ltr'><strong>in</strong></span> <span class='ocrx_word' id='word_1_526' title='bbox 3085 827 3245 922; x_wconf 77' lang='lat' dir='ltr'><strong>gente</strong></span> <span class='ocrx_word' id='word_1_527' title='bbox 3270 856 3359 911; x_wconf 90' lang='lat' dir='ltr'><strong>tali</strong></span> <span class='ocrx_word' id='word_1_528' title='bbox 3386 827 3491 913; x_wconf 76' lang='lat' dir='ltr'><strong>non</strong></span> 
     </span>
    </p>
   </div>
   <div class='ocr_carea' id='block_1_69' title="bbox 1905 922 3496 1015">
    <p class='ocr_par' dir='ltr' id='par_1_69' title="bbox 1905 922 3496 1015">
     <span class='ocr_line' id='line_1_69' title="bbox 1905 922 3496 1015; baseline 0.02 -42"><span class='ocrx_word' id='word_1_529' title='bbox 1905 922 2191 979; x_wconf 84' lang='lat' dir='ltr'><strong>ulciscetur</strong></span> <span class='ocrx_word' id='word_1_530' title='bbox 2234 942 2421 983; x_wconf 89' lang='lat' dir='ltr'><strong>manus</strong></span> <span class='ocrx_word' id='word_1_531' title='bbox 2464 935 2626 987; x_wconf 85' lang='lat' dir='ltr'><strong>mea?</strong></span> <span class='ocrx_word' id='word_1_532' title='bbox 2659 934 2727 990; x_wconf 87' lang='lat' dir='ltr'><strong>Et</strong></span> <span class='ocrx_word' id='word_1_533' title='bbox 2757 949 2869 1006; x_wconf 78' lang='lat' dir='ltr'><strong>post</strong></span> <span class='ocrx_word' id='word_1_534' title='bbox 2901 942 3237 1015; x_wconf 82' lang='lat' dir='ltr'><strong>quadraginta</strong></span> <span class='ocrx_word' id='word_1_535' title='bbox 3278 963 3450 1004; x_wconf 78' lang='lat' dir='ltr'><strong>versus</strong></span> <span class='ocrx_word' id='word_1_536' title='bbox 3475 967 3496 1006; x_wconf 89' lang='lat'><strong><em>:</em></strong></span> 
     </span>
    </p>
   </div>
   <div class='ocr_carea' id='block_1_70' title="bbox 1903 1010 3491 1107">
    <p class='ocr_par' dir='ltr' id='par_1_70' title="bbox 1903 1010 3491 1107">
     <span class='ocr_line' id='line_1_70' title="bbox 1903 1010 3491 1107; baseline 0.021 -43"><span class='ocrx_word' id='word_1_537' title='bbox 1903 1010 2002 1078; x_wconf 88' lang='lat' dir='ltr'><strong>Qui</strong></span> <span class='ocrx_word' id='word_1_538' title='bbox 2032 1016 2183 1084; x_wconf 88' lang='lat' dir='ltr'><strong>posui</strong></span> <span class='ocrx_word' id='word_1_539' title='bbox 2212 1034 2429 1074; x_wconf 88' lang='lat' dir='ltr'><strong>arenam</strong></span> <span class='ocrx_word' id='word_1_540' title='bbox 2472 1026 2756 1081; x_wconf 91' lang='lat' dir='ltr'><strong>terminum</strong></span> <span class='ocrx_word' id='word_1_541' title='bbox 2785 1032 2916 1085; x_wconf 86' lang='lat' dir='ltr'><strong>mari</strong></span> <span class='ocrx_word' id='word_1_542' title='bbox 2941 1073 2957 1099; x_wconf 94' lang='lat'><strong>,</strong></span> <span class='ocrx_word' id='word_1_543' title='bbox 2996 1046 3321 1107; x_wconf 71' lang='lat' dir='ltr'><strong>prmeeptum</strong></span> <span class='ocrx_word' id='word_1_544' title='bbox 3351 1057 3491 1097; x_wconf 87' lang='lat' dir='ltr'><strong>sem-</strong></span> 
     </span>
    </p>
   </div>
   <div class='ocr_carea' id='block_1_71' title="bbox 1906 1104 3493 1194">
    <p class='ocr_par' dir='ltr' id='par_1_71' title="bbox 1906 1104 3493 1194">
     <span class='ocr_line' id='line_1_71' title="bbox 1906 1104 3493 1194; baseline 0.02 -38"><span class='ocrx_word' id='word_1_545' title='bbox 1906 1104 2169 1174; x_wconf 88' lang='lat' dir='ltr'><strong>piternum</strong></span> <span class='ocrx_word' id='word_1_546' title='bbox 2195 1112 2334 1179; x_wconf 86' lang='lat' dir='ltr'><strong>quod</strong></span> <span class='ocrx_word' id='word_1_547' title='bbox 2365 1128 2468 1168; x_wconf 90' lang='lat' dir='ltr'><strong>non</strong></span> <span class='ocrx_word' id='word_1_548' title='bbox 2501 1119 2819 1187; x_wconf 66' lang='lat' dir='ltr'><strong>praeteribit;</strong></span> <span class='ocrx_word' id='word_1_549' title='bbox 2842 1130 2897 1177; x_wconf 91' lang='lat' dir='ltr'><strong>et</strong></span> <span class='ocrx_word' id='word_1_550' title='bbox 2916 1104 3407 1194; x_wconf 76' lang='lat' dir='ltr'><strong>commovebuntur.</strong></span> <span class='ocrx_word' id='word_1_551' title='bbox 3438 1145 3493 1189; x_wconf 92' lang='lat' dir='ltr'><strong>et</strong></span> 
     </span>
    </p>
   </div>
   <div class='ocr_carea' id='block_1_72' title="bbox 1902 1207 3490 1287">
    <p class='ocr_par' dir='ltr' id='par_1_72' title="bbox 1902 1207 3490 1287">
     <span class='ocr_line' id='line_1_72' title="bbox 1902 1207 3490 1287; baseline 0.02 -38"><span class='ocrx_word' id='word_1_552' title='bbox 1902 1211 2009 1251; x_wconf 90' lang='lat' dir='ltr'><strong>non</strong></span> <span class='ocrx_word' id='word_1_553' title='bbox 2048 1207 2333 1269; x_wconf 90' lang='lat' dir='ltr'><strong>poterunt,</strong></span> <span class='ocrx_word' id='word_1_554' title='bbox 2383 1214 2438 1261; x_wconf 89' lang='lat' dir='ltr'><strong>et</strong></span> <span class='ocrx_word' id='word_1_555' title='bbox 2480 1207 2833 1267; x_wconf 90' lang='lat' dir='ltr'><strong>intumescent</strong></span> <span class='ocrx_word' id='word_1_556' title='bbox 2872 1213 3063 1271; x_wconf 87' lang='lat' dir='ltr'><strong>fluctus</strong></span> <span class='ocrx_word' id='word_1_557' title='bbox 3097 1219 3246 1287; x_wconf 86' lang='lat' dir='ltr'><strong>ejus,</strong></span> <span class='ocrx_word' id='word_1_558' title='bbox 3291 1232 3341 1277; x_wconf 91' lang='lat' dir='ltr'><strong>et</strong></span> <span class='ocrx_word' id='word_1_559' title='bbox 3386 1242 3490 1287; x_wconf 92' lang='lat' dir='ltr'><strong>non</strong></span> 
     </span>
    </p>
   </div>
   <div class='ocr_carea' id='block_1_73' title="bbox 1902 1288 3495 1370">
    <p class='ocr_par' dir='ltr' id='par_1_73' title="bbox 1902 1288 3495 1370">
     <span class='ocr_line' id='line_1_73' title="bbox 1902 1288 3495 1370; baseline 0.019 -32"><span class='ocrx_word' id='word_1_560' title='bbox 1902 1288 2207 1346; x_wconf 89' lang='lat' dir='ltr'><strong>transibunt</strong></span> <span class='ocrx_word' id='word_1_561' title='bbox 2245 1293 2391 1348; x_wconf 92' lang='lat' dir='ltr'><strong>illud.</strong></span> <span class='ocrx_word' id='word_1_562' title='bbox 2436 1295 2639 1367; x_wconf 83' lang='lat' dir='ltr'><strong>P0pnlo</strong></span> <span class='ocrx_word' id='word_1_563' title='bbox 2663 1311 2841 1358; x_wconf 90' lang='lat' dir='ltr'><strong>autem</strong></span> <span class='ocrx_word' id='word_1_564' title='bbox 2886 1304 3007 1359; x_wconf 91' lang='lat' dir='ltr'><strong>buic</strong></span> <span class='ocrx_word' id='word_1_565' title='bbox 3048 1306 3243 1363; x_wconf 86' lang='lat' dir='ltr'><strong>factum</strong></span> <span class='ocrx_word' id='word_1_566' title='bbox 3280 1322 3362 1366; x_wconf 91' lang='lat' dir='ltr'><strong>est</strong></span> <span class='ocrx_word' id='word_1_567' title='bbox 3396 1330 3495 1370; x_wconf 90' lang='lat' dir='ltr'><strong>eor</strong></span> 
     </span>
    </p>
   </div>
   <div class='ocr_carea' id='block_1_74' title="bbox 1901 1376 3489 1476">
    <p class='ocr_par' dir='ltr' id='par_1_74' title="bbox 1901 1376 3489 1476">
     <span class='ocr_line' id='line_1_74' title="bbox 1901 1376 3489 1476; baseline 0.019 -45"><span class='ocrx_word' id='word_1_568' title='bbox 1901 1376 2258 1452; x_wconf 88' lang='lat' dir='ltr'><strong>incredulum,</strong></span> <span class='ocrx_word' id='word_1_569' title='bbox 2286 1397 2340 1440; x_wconf 90' lang='lat' dir='ltr'><strong>et</strong></span> <span class='ocrx_word' id='word_1_570' title='bbox 2367 1402 2692 1459; x_wconf 76' lang='lat' dir='ltr'><strong>exasperatis</strong></span> <span class='ocrx_word' id='word_1_571' title='bbox 2719 1412 2732 1447; x_wconf 89' lang='lat'><strong>:</strong></span> <span class='ocrx_word' id='word_1_572' title='bbox 2766 1410 3119 1465; x_wconf 86' lang='lat' dir='ltr'><strong>recesserunt,</strong></span> <span class='ocrx_word' id='word_1_573' title='bbox 3148 1411 3200 1457; x_wconf 88' lang='lat' dir='ltr'><strong>et</strong></span> <span class='ocrx_word' id='word_1_574' title='bbox 3219 1404 3489 1476; x_wconf 84' lang='lat' dir='ltr'><strong>abierunt;</strong></span> 
     </span>
    </p>
   </div>
   <div class='ocr_carea' id='block_1_75' title="bbox 1900 1473 3488 1553">
    <p class='ocr_par' dir='ltr' id='par_1_75' title="bbox 1900 1473 3488 1553">
     <span class='ocr_line' id='line_1_75' title="bbox 1900 1473 3488 1553; baseline 0.018 -29"><span class='ocrx_word' id='word_1_575' title='bbox 1900 1478 1955 1525; x_wconf 91' lang='lat' dir='ltr'><strong>et</strong></span> <span class='ocrx_word' id='word_1_576' title='bbox 1991 1486 2098 1527; x_wconf 93' lang='lat' dir='ltr'><strong>non</strong></span> <span class='ocrx_word' id='word_1_577' title='bbox 2137 1473 2385 1532; x_wconf 80' lang='lat' dir='ltr'><strong>dixerunt</strong></span> <span class='ocrx_word' id='word_1_578' title='bbox 2415 1480 2467 1533; x_wconf 89' lang='lat' dir='ltr'><strong>in</strong></span> <span class='ocrx_word' id='word_1_579' title='bbox 2494 1483 2657 1538; x_wconf 90' lang='lat' dir='ltr'><strong>corde</strong></span> <span class='ocrx_word' id='word_1_580' title='bbox 2687 1500 2823 1553; x_wconf 87' lang='lat' dir='ltr'><strong>suo,</strong></span> <span class='ocrx_word' id='word_1_581' title='bbox 2871 1488 3165 1547; x_wconf 83' lang='lat' dir='ltr'><strong>Metnamns</strong></span> <span class='ocrx_word' id='word_1_582' title='bbox 3208 1473 3488 1553; x_wconf 83' lang='lat' dir='ltr'><strong>Dominum</strong></span> 
     </span>
    </p>
   </div>
   <div class='ocr_carea' id='block_1_76' title="bbox 1901 1561 3487 1659">
    <p class='ocr_par' dir='ltr' id='par_1_76' title="bbox 1901 1561 3487 1659">
     <span class='ocr_line' id='line_1_76' title="bbox 1901 1561 3487 1659; baseline 0.018 -43"><span class='ocrx_word' id='word_1_583' title='bbox 1901 1561 2068 1619; x_wconf 90' lang='lat' dir='ltr'><strong>Deum</strong></span> <span class='ocrx_word' id='word_1_584' title='bbox 2096 1575 2358 1624; x_wconf 91' lang='lat' dir='ltr'><strong>nostrum.</strong></span> <span class='ocrx_word' id='word_1_585' title='bbox 2387 1570 2454 1624; x_wconf 87' lang='lat' dir='ltr'><strong>Et</strong></span> <span class='ocrx_word' id='word_1_586' title='bbox 2481 1584 2593 1641; x_wconf 74' lang='lat' dir='ltr'><strong>post</strong></span> <span class='ocrx_word' id='word_1_587' title='bbox 2613 1592 2803 1646; x_wconf 79' lang='lat' dir='ltr'><strong>paucos</strong></span> <span class='ocrx_word' id='word_1_588' title='bbox 2823 1593 2995 1634; x_wconf 78' lang='lat' dir='ltr'><strong>versus</strong></span> <span class='ocrx_word' id='word_1_589' title='bbox 3017 1583 3033 1615; x_wconf 81' lang='grc'>¹</span> <span class='ocrx_word' id='word_1_590' title='bbox 3065 1599 3080 1637; x_wconf 90' lang='lat'><strong>:</strong></span> <span class='ocrx_word' id='word_1_591' title='bbox 3112 1573 3313 1640; x_wconf 86' lang='lat' dir='ltr'><strong>Inventi</strong></span> <span class='ocrx_word' id='word_1_592' title='bbox 3342 1600 3487 1659; x_wconf 91' lang='lat' dir='ltr'><strong>sunt,</strong></span> 
     </span>
    </p>
   </div>
   <div class='ocr_carea' id='block_1_77' title="bbox 1896 1652 3488 1745">
    <p class='ocr_par' dir='ltr' id='par_1_77' title="bbox 1896 1652 3488 1745">
     <span class='ocr_line' id='line_1_77' title="bbox 1896 1652 3488 1745; baseline 0.02 -41"><span class='ocrx_word' id='word_1_593' title='bbox 1896 1652 2092 1722; x_wconf 80' lang='lat' dir='ltr'><strong>inquit,</strong></span> <span class='ocrx_word' id='word_1_594' title='bbox 2123 1658 2174 1710; x_wconf 92' lang='lat' dir='ltr'><strong>in</strong></span> <span class='ocrx_word' id='word_1_595' title='bbox 2206 1660 2399 1729; x_wconf 87' lang='lat' dir='ltr'><strong>populo</strong></span> <span class='ocrx_word' id='word_1_596' title='bbox 2437 1678 2559 1718; x_wconf 91' lang='lat' dir='ltr'><strong>meo</strong></span> <span class='ocrx_word' id='word_1_597' title='bbox 2586 1664 2767 1735; x_wconf 90' lang='lat' dir='ltr'><strong>impii,</strong></span> <span class='ocrx_word' id='word_1_598' title='bbox 2802 1668 3115 1728; x_wconf 88' lang='lat' dir='ltr'><strong>insidiantes</strong></span> <span class='ocrx_word' id='word_1_599' title='bbox 3146 1678 3297 1745; x_wconf 84' lang='lat' dir='ltr'><strong>quasi</strong></span> <span class='ocrx_word' id='word_1_600' title='bbox 3323 1695 3488 1735; x_wconf 87' lang='lat' dir='ltr'><strong>aucu-</strong></span> 
     </span>
    </p>
   </div>
   <div class='ocr_carea' id='block_1_78' title="bbox 1896 1744 3484 1834">
    <p class='ocr_par' dir='ltr' id='par_1_78' title="bbox 1896 1744 3484 1834">
     <span class='ocr_line' id='line_1_78' title="bbox 1896 1744 3484 1834; baseline 0.019 -38"><span class='ocrx_word' id='word_1_601' title='bbox 1896 1756 2015 1811; x_wconf 78' lang='lat' dir='ltr'><strong>pes,</strong></span> <span class='ocrx_word' id='word_1_602' title='bbox 2043 1744 2262 1816; x_wconf 87' lang='lat' dir='ltr'><strong>laqueos</strong></span> <span class='ocrx_word' id='word_1_603' title='bbox 2290 1761 2550 1820; x_wconf 91' lang='lat' dir='ltr'><strong>ponentes</strong></span> <span class='ocrx_word' id='word_1_604' title='bbox 2572 1765 2634 1810; x_wconf 90' lang='lat' dir='ltr'><strong>et</strong></span> <span class='ocrx_word' id='word_1_605' title='bbox 2662 1758 2877 1827; x_wconf 89' lang='lat' dir='ltr'><strong>pedicas</strong></span> <span class='ocrx_word' id='word_1_606' title='bbox 2919 1764 2984 1816; x_wconf 89' lang='lat' dir='ltr'><strong>ad</strong></span> <span class='ocrx_word' id='word_1_607' title='bbox 3010 1744 3298 1834; x_wconf 85' lang='lat' dir='ltr'><strong>capiendos</strong></span> <span class='ocrx_word' id='word_1_608' title='bbox 3322 1772 3484 1828; x_wconf 87' lang='lat' dir='ltr'><strong>viros.</strong></span> 
     </span>
    </p>
   </div>
   <div class='ocr_carea' id='block_1_79' title="bbox 1897 1831 3487 1931">
    <p class='ocr_par' dir='ltr' id='par_1_79' title="bbox 1897 1831 3487 1931">
     <span class='ocr_line' id='line_1_79' title="bbox 1897 1831 3487 1931; baseline 0.021 -45"><span class='ocrx_word' id='word_1_609' title='bbox 1897 1831 2048 1889; x_wconf 90' lang='lat' dir='ltr'><strong>Sicut</strong></span> <span class='ocrx_word' id='word_1_610' title='bbox 2072 1836 2313 1909; x_wconf 90' lang='lat' dir='ltr'><strong>decipula</strong></span> <span class='ocrx_word' id='word_1_611' title='bbox 2357 1842 2509 1912; x_wconf 87' lang='lat' dir='ltr'><strong>plena</strong></span> <span class='ocrx_word' id='word_1_612' title='bbox 2536 1848 2742 1913; x_wconf 84' lang='lat' dir='ltr'><strong>avibus,</strong></span> <span class='ocrx_word' id='word_1_613' title='bbox 2771 1852 2848 1906; x_wconf 89' lang='lat' dir='ltr'><strong>sic</strong></span> <span class='ocrx_word' id='word_1_614' title='bbox 2874 1831 3276 1914; x_wconf 75' lang='lat' dir='ltr'><strong>dmnuseorum</strong></span> <span class='ocrx_word' id='word_1_615' title='bbox 3318 1862 3487 1931; x_wconf 74' lang='lat' dir='ltr'><strong>plena:</strong></span> 
     </span>
    </p>
   </div>
   <div class='ocr_carea' id='block_1_80' title="bbox 1894 1923 3487 2012">
    <p class='ocr_par' dir='ltr' id='par_1_80' title="bbox 1894 1923 3487 2012">
     <span class='ocr_line' id='line_1_80' title="bbox 1894 1923 3487 2012; baseline 0.021 -33"><span class='ocrx_word' id='word_1_616' title='bbox 1894 1923 2022 1980; x_wconf 86' lang='lat' dir='ltr'><strong>dolo</strong></span> <span class='ocrx_word' id='word_1_617' title='bbox 2051 1948 2064 1982; x_wconf 90' lang='lat'><strong>:</strong></span> <span class='ocrx_word' id='word_1_618' title='bbox 2095 1930 2214 1985; x_wconf 89' lang='lat' dir='ltr'><strong>ideo</strong></span> <span class='ocrx_word' id='word_1_619' title='bbox 2241 1936 2558 2005; x_wconf 87' lang='lat' dir='ltr'><strong>magnilicati</strong></span> <span class='ocrx_word' id='word_1_620' title='bbox 2578 1950 2701 1995; x_wconf 90' lang='lat' dir='ltr'><strong>sunt</strong></span> <span class='ocrx_word' id='word_1_621' title='bbox 2721 1953 2774 1997; x_wconf 90' lang='lat' dir='ltr'><strong>et</strong></span> <span class='ocrx_word' id='word_1_622' title='bbox 2790 1943 2995 1999; x_wconf 87' lang='lat' dir='ltr'><strong>dilatati</strong></span> <span class='ocrx_word' id='word_1_623' title='bbox 3020 1965 3035 2010; x_wconf 88' lang='lat'><strong>;</strong></span> <span class='ocrx_word' id='word_1_624' title='bbox 3064 1923 3341 2007; x_wconf 82' lang='lat' dir='ltr'><strong>incrassati</strong></span> <span class='ocrx_word' id='word_1_625' title='bbox 3364 1967 3487 2012; x_wconf 88' lang='lat' dir='ltr'><strong>sunt</strong></span> 
     </span>
    </p>
   </div>
   <div class='ocr_carea' id='block_1_81' title="bbox 1892 2018 3485 2117">
    <p class='ocr_par' dir='ltr' id='par_1_81' title="bbox 1892 2018 3485 2117">
     <span class='ocr_line' id='line_1_81' title="bbox 1892 2018 3485 2117; baseline 0.021 -47"><span class='ocrx_word' id='word_1_626' title='bbox 1892 2025 1949 2071; x_wconf 91' lang='lat' dir='ltr'><strong>et</strong></span> <span class='ocrx_word' id='word_1_627' title='bbox 1983 2018 2332 2092; x_wconf 89' lang='lat' dir='ltr'><strong>impingnati;</strong></span> <span class='ocrx_word' id='word_1_628' title='bbox 2372 2036 2426 2081; x_wconf 92' lang='lat' dir='ltr'><strong>et</strong></span> <span class='ocrx_word' id='word_1_629' title='bbox 2467 2031 2837 2098; x_wconf 72' lang='lat' dir='ltr'><strong>pneterierunt</strong></span> <span class='ocrx_word' id='word_1_630' title='bbox 2865 2050 3143 2095; x_wconf 89' lang='lat' dir='ltr'><strong>sermones</strong></span> <span class='ocrx_word' id='word_1_631' title='bbox 3176 2058 3324 2099; x_wconf 87' lang='lat' dir='ltr'><strong>meos</strong></span> <span class='ocrx_word' id='word_1_632' title='bbox 3362 2062 3485 2117; x_wconf 83' lang='lat' dir='ltr'><strong>pes-</strong></span> 
     </span>
    </p>
   </div>
   <div class='ocr_carea' id='block_1_82' title="bbox 1894 2106 3484 2205">
    <p class='ocr_par' dir='ltr' id='par_1_82' title="bbox 1894 2106 3484 2205">
     <span class='ocr_line' id='line_1_82' title="bbox 1894 2106 3484 2205; baseline 0.021 -45"><span class='ocrx_word' id='word_1_633' title='bbox 1894 2106 2049 2164; x_wconf 85' lang='lat' dir='ltr'><strong>sime.</strong></span> <span class='ocrx_word' id='word_1_634' title='bbox 2102 2110 2327 2168; x_wconf 88' lang='lat' dir='ltr'><strong>Causam</strong></span> <span class='ocrx_word' id='word_1_635' title='bbox 2379 2120 2560 2188; x_wconf 90' lang='lat' dir='ltr'><strong>pupilli</strong></span> <span class='ocrx_word' id='word_1_636' title='bbox 2607 2138 2711 2177; x_wconf 91' lang='lat' dir='ltr'><strong>non</strong></span> <span class='ocrx_word' id='word_1_637' title='bbox 2757 2123 3089 2198; x_wconf 62' lang='lat' dir='ltr'><strong>dixerunt”,</strong></span> <span class='ocrx_word' id='word_1_638' title='bbox 3134 2140 3185 2187; x_wconf 86' lang='lat' dir='ltr'><strong>et</strong></span> <span class='ocrx_word' id='word_1_639' title='bbox 3224 2106 3484 2205; x_wconf 67' lang='lat' dir='ltr'><strong>judicium</strong></span> 
     </span>
    </p>
   </div>
   <div class='ocr_carea' id='block_1_83' title="bbox 1892 2207 3481 2293">
    <p class='ocr_par' dir='ltr' id='par_1_83' title="bbox 1892 2207 3481 2293">
     <span class='ocr_line' id='line_1_83' title="bbox 1892 2207 3481 2293; baseline 0.021 -42"><span class='ocrx_word' id='word_1_640' title='bbox 1892 2211 2185 2269; x_wconf 87' lang='lat' dir='ltr'><strong>pauperum</strong></span> <span class='ocrx_word' id='word_1_641' title='bbox 2215 2220 2321 2259; x_wconf 91' lang='lat' dir='ltr'><strong>non</strong></span> <span class='ocrx_word' id='word_1_642' title='bbox 2354 2207 2745 2275; x_wconf 89' lang='lat' dir='ltr'><strong>jndicavernnt.</strong></span> <span class='ocrx_word' id='word_1_643' title='bbox 2772 2215 3039 2289; x_wconf 87' lang='lat' dir='ltr'><strong>Numquid</strong></span> <span class='ocrx_word' id='word_1_644' title='bbox 3083 2237 3244 2293; x_wconf 82' lang='lat' dir='ltr'><strong>super</strong></span> <span class='ocrx_word' id='word_1_645' title='bbox 3269 2226 3351 2281; x_wconf 88' lang='lat' dir='ltr'><strong>bis</strong></span> <span class='ocrx_word' id='word_1_646' title='bbox 3378 2244 3481 2285; x_wconf 85' lang='lat' dir='ltr'><strong>non</strong></span> 
     </span>
    </p>
   </div>
   <div class='ocr_carea' id='block_1_84' title="bbox 1889 2288 3482 2387">
    <p class='ocr_par' dir='ltr' id='par_1_84' title="bbox 1889 2288 3482 2387">
     <span class='ocr_line' id='line_1_84' title="bbox 1889 2288 3482 2387; baseline 0.024 -47"><span class='ocrx_word' id='word_1_647' title='bbox 1889 2288 2152 2357; x_wconf 86' lang='lat' dir='ltr'><strong>visitabo,</strong></span> <span class='ocrx_word' id='word_1_648' title='bbox 2192 2294 2319 2350; x_wconf 85' lang='lat' dir='ltr'><strong>dicit</strong></span> <span class='ocrx_word' id='word_1_649' title='bbox 2353 2298 2651 2357; x_wconf 87' lang='lat' dir='ltr'><strong>Dominus?</strong></span> <span class='ocrx_word' id='word_1_650' title='bbox 2687 2315 2779 2360; x_wconf 91' lang='lat' dir='ltr'><strong>aut</strong></span> <span class='ocrx_word' id='word_1_651' title='bbox 2805 2288 2968 2379; x_wconf 76' lang='lat' dir='ltr'><strong>super</strong></span> <span class='ocrx_word' id='word_1_652' title='bbox 2990 2288 3203 2381; x_wconf 80' lang='lat' dir='ltr'><strong>gentem</strong></span> <span class='ocrx_word' id='word_1_653' title='bbox 3232 2317 3482 2387; x_wconf 86' lang='lat' dir='ltr'><strong>hujusce-</strong></span> 
     </span>
    </p>
   </div>
   <div class='ocr_carea' id='block_1_85' title="bbox 1888 2382 3480 2475">
    <p class='ocr_par' dir='ltr' id='par_1_85' title="bbox 1888 2382 3480 2475">
     <span class='ocr_line' id='line_1_85' title="bbox 1888 2382 3480 2475; baseline 0.023 -42"><span class='ocrx_word' id='word_1_654' title='bbox 1888 2382 2033 2435; x_wconf 89' lang='lat' dir='ltr'><strong>modi</strong></span> <span class='ocrx_word' id='word_1_655' title='bbox 2062 2399 2165 2439; x_wconf 91' lang='lat' dir='ltr'><strong>non</strong></span> <span class='ocrx_word' id='word_1_656' title='bbox 2196 2389 2482 2446; x_wconf 90' lang='lat' dir='ltr'><strong>ulciscetur</strong></span> <span class='ocrx_word' id='word_1_657' title='bbox 2514 2396 2689 2450; x_wconf 89' lang='lat' dir='ltr'><strong>anima</strong></span> <span class='ocrx_word' id='word_1_658' title='bbox 2727 2415 2843 2455; x_wconf 90' lang='lat' dir='ltr'><strong>mea</strong></span> <span class='ocrx_word' id='word_1_659' title='bbox 2871 2401 2935 2455; x_wconf 74' lang='lat'><strong>&#39;?</strong></span> <span class='ocrx_word' id='word_1_660' title='bbox 2961 2403 3155 2475; x_wconf 90' lang='lat' dir='ltr'><strong>Stupor</strong></span> <span class='ocrx_word' id='word_1_661' title='bbox 3179 2419 3233 2463; x_wconf 88' lang='lat' dir='ltr'><strong>et</strong></span> <span class='ocrx_word' id='word_1_662' title='bbox 3262 2382 3480 2468; x_wconf 79' lang='lat' dir='ltr'><strong>mirabi-</strong></span> 
     </span>
    </p>
   </div>
   <div class='ocr_carea' id='block_1_86' title="bbox 1888 2469 3479 2564">
    <p class='ocr_par' dir='ltr' id='par_1_86' title="bbox 1888 2469 3479 2564">
     <span class='ocr_line' id='line_1_86' title="bbox 1888 2469 3479 2564; baseline 0.022 -40"><span class='ocrx_word' id='word_1_663' title='bbox 1888 2469 1957 2526; x_wconf 91' lang='lat' dir='ltr'><strong>lia</strong></span> <span class='ocrx_word' id='word_1_664' title='bbox 1988 2472 2121 2529; x_wconf 90' lang='lat' dir='ltr'><strong>facta</strong></span> <span class='ocrx_word' id='word_1_665' title='bbox 2150 2488 2272 2532; x_wconf 89' lang='lat' dir='ltr'><strong>sunt</strong></span> <span class='ocrx_word' id='word_1_666' title='bbox 2301 2480 2352 2535; x_wconf 93' lang='lat' dir='ltr'><strong>in</strong></span> <span class='ocrx_word' id='word_1_667' title='bbox 2384 2492 2542 2537; x_wconf 91' lang='lat' dir='ltr'><strong>terra.</strong></span> <span class='ocrx_word' id='word_1_668' title='bbox 2588 2485 2866 2556; x_wconf 71' lang='lat' dir='ltr'><strong>Propheta:</strong></span> <span class='ocrx_word' id='word_1_669' title='bbox 2905 2469 3293 2564; x_wconf 77' lang='lat' dir='ltr'><strong>proplietabant</strong></span> <span class='ocrx_word' id='word_1_670' title='bbox 3332 2519 3479 2559; x_wconf 82' lang='lat' dir='ltr'><strong>men-</strong></span> 
     </span>
    </p>
   </div>
   <div class='ocr_carea' id='block_1_87' title="bbox 1886 2562 3480 2662">
    <p class='ocr_par' dir='ltr' id='par_1_87' title="bbox 1886 2562 3480 2662">
     <span class='ocr_line' id='line_1_87' title="bbox 1886 2562 3480 2662; baseline 0.023 -45"><span class='ocrx_word' id='word_1_671' title='bbox 1886 2562 2117 2630; x_wconf 89' lang='lat' dir='ltr'><strong>dacium,</strong></span> <span class='ocrx_word' id='word_1_672' title='bbox 2150 2578 2205 2623; x_wconf 91' lang='lat' dir='ltr'><strong>et</strong></span> <span class='ocrx_word' id='word_1_673' title='bbox 2233 2572 2540 2631; x_wconf 81' lang='lat' dir='ltr'><strong>sacerdotes</strong></span> <span class='ocrx_word' id='word_1_674' title='bbox 2565 2579 2955 2648; x_wconf 88' lang='lat' dir='ltr'><strong>applaudebant</strong></span> <span class='ocrx_word' id='word_1_675' title='bbox 2979 2562 3226 2646; x_wconf 86' lang='lat' dir='ltr'><strong>manibus</strong></span> <span class='ocrx_word' id='word_1_676' title='bbox 3254 2594 3386 2662; x_wconf 90' lang='lat' dir='ltr'><strong>suis,</strong></span> <span class='ocrx_word' id='word_1_677' title='bbox 3426 2608 3480 2654; x_wconf 88' lang='lat' dir='ltr'><strong>et</strong></span> 
     </span>
    </p>
   </div>
   <div class='ocr_carea' id='block_1_88' title="bbox 1887 2656 3478 2745">
    <p class='ocr_par' dir='ltr' id='par_1_88' title="bbox 1887 2656 3478 2745">
     <span class='ocr_line' id='line_1_88' title="bbox 1887 2656 3478 2745; baseline 0.025 -41"><span class='ocrx_word' id='word_1_678' title='bbox 1887 2656 2112 2725; x_wconf 86' lang='lat' dir='ltr'><strong>populus</strong></span> <span class='ocrx_word' id='word_1_679' title='bbox 2140 2676 2291 2717; x_wconf 90' lang='lat' dir='ltr'><strong>meus</strong></span> <span class='ocrx_word' id='word_1_680' title='bbox 2324 2663 2507 2719; x_wconf 77' lang='lat' dir='ltr'><strong>dilexit</strong></span> <span class='ocrx_word' id='word_1_681' title='bbox 2537 2669 2660 2721; x_wconf 88' lang='lat' dir='ltr'><strong>talia</strong></span> <span class='ocrx_word' id='word_1_682' title='bbox 2691 2688 2704 2723; x_wconf 87' lang='lat'><strong>:</strong></span> <span class='ocrx_word' id='word_1_683' title='bbox 2735 2672 2860 2741; x_wconf 91' lang='lat' dir='ltr'><strong>quid</strong></span> <span class='ocrx_word' id='word_1_684' title='bbox 2886 2674 3049 2745; x_wconf 87' lang='lat' dir='ltr'><strong>igitur</strong></span> <span class='ocrx_word' id='word_1_685' title='bbox 3087 2678 3180 2735; x_wconf 86' lang='lat' dir='ltr'><strong>fiet</strong></span> <span class='ocrx_word' id='word_1_686' title='bbox 3204 2682 3258 2737; x_wconf 90' lang='lat' dir='ltr'><strong>in</strong></span> <span class='ocrx_word' id='word_1_687' title='bbox 3300 2656 3478 2743; x_wconf 75' lang='lat' dir='ltr'><strong>novis-</strong></span> 
     </span>
    </p>
   </div>
   <div class='ocr_carea' id='block_1_89' title="bbox 1882 2745 2208 2818">
    <p class='ocr_par' dir='ltr' id='par_1_89' title="bbox 1882 2745 2208 2818">
     <span class='ocr_line' id='line_1_89' title="bbox 1882 2745 2208 2818; baseline 0.006 -17"><span class='ocrx_word' id='word_1_688' title='bbox 1882 2745 2022 2801; x_wconf 77' lang='lat' dir='ltr'><strong>simo</strong></span> <span class='ocrx_word' id='word_1_689' title='bbox 2046 2749 2208 2818; x_wconf 81' lang='lat' dir='ltr'><strong>ejus?</strong></span> 
     </span>
    </p>
   </div>
   <div class='ocr_carea' id='block_1_90' title="bbox 1955 2836 3476 2939">
    <p class='ocr_par' dir='ltr' id='par_1_90' title="bbox 1955 2836 3476 2939">
     <span class='ocr_line' id='line_1_90' title="bbox 1955 2836 3476 2939; baseline 0.023 -48"><span class='ocrx_word' id='word_1_690' title='bbox 1955 2836 2025 2892; x_wconf 79' lang='lat' dir='ltr'><strong>Et</strong></span> <span class='ocrx_word' id='word_1_691' title='bbox 2062 2852 2175 2939; x_wconf 70' lang='lat' dir='ltr'><strong>post</strong></span> <span class='ocrx_word' id='word_1_692' title='bbox 2201 2845 2407 2915; x_wconf 79' lang='lat' dir='ltr'><strong>triginta</strong></span> <span class='ocrx_word' id='word_1_693' title='bbox 2430 2863 2600 2905; x_wconf 73' lang='lat' dir='ltr'><strong>versus</strong></span> <span class='ocrx_word' id='word_1_694' title='bbox 2628 2850 2749 2929; x_wconf 72' lang='lat' dir='ltr'><strong>[VL]</strong></span> <span class='ocrx_word' id='word_1_695' title='bbox 2782 2872 2797 2908; x_wconf 87' lang='lat'><strong><em>:</em></strong></span> <span class='ocrx_word' id='word_1_696' title='bbox 2825 2853 2921 2912; x_wconf 90' lang='lat' dir='ltr'><strong>Cui</strong></span> <span class='ocrx_word' id='word_1_697' title='bbox 2951 2858 3184 2932; x_wconf 74' lang='lat' dir='ltr'><strong>loquar?</strong></span> <span class='ocrx_word' id='word_1_698' title='bbox 3222 2874 3277 2921; x_wconf 87' lang='lat' dir='ltr'><strong>et</strong></span> <span class='ocrx_word' id='word_1_699' title='bbox 3314 2884 3476 2939; x_wconf 76' lang='lat' dir='ltr'><strong>quem</strong></span> 
     </span>
    </p>
   </div>
   <div class='ocr_carea' id='block_1_91' title="bbox 1880 2934 3476 3020">
    <p class='ocr_par' dir='ltr' id='par_1_91' title="bbox 1880 2934 3476 3020">
     <span class='ocr_line' id='line_1_91' title="bbox 1880 2934 3476 3020; baseline 0.021 -35"><span class='ocrx_word' id='word_1_700' title='bbox 1880 2934 2264 3004; x_wconf 82' lang='lat' dir='ltr'><strong>contestabor,</strong></span> <span class='ocrx_word' id='word_1_701' title='bbox 2317 2948 2377 2994; x_wconf 92' lang='lat' dir='ltr'><strong>ut</strong></span> <span class='ocrx_word' id='word_1_702' title='bbox 2428 2943 2650 2999; x_wconf 76' lang='lat' dir='ltr'><strong>audiat?</strong></span> <span class='ocrx_word' id='word_1_703' title='bbox 2700 2946 2839 3004; x_wconf 79' lang='lat' dir='ltr'><strong>Ecce</strong></span> <span class='ocrx_word' id='word_1_704' title='bbox 2898 2950 3280 3012; x_wconf 67' lang='lat' dir='ltr'><strong>incircumcism</strong></span> <span class='ocrx_word' id='word_1_705' title='bbox 3316 2934 3476 3020; x_wconf 80' lang='lat' dir='ltr'><strong>aures</strong></span> 
     </span>
    </p>
   </div>
   <div class='ocr_carea' id='block_1_92' title="bbox 1878 3029 3473 3108">
    <p class='ocr_par' dir='ltr' id='par_1_92' title="bbox 1878 3029 3473 3108">
     <span class='ocr_line' id='line_1_92' title="bbox 1878 3029 3473 3108; baseline 0.019 -30"><span class='ocrx_word' id='word_1_706' title='bbox 1878 3037 2101 3091; x_wconf 87' lang='lat' dir='ltr'><strong>eorum,</strong></span> <span class='ocrx_word' id='word_1_707' title='bbox 2152 3037 2207 3083; x_wconf 91' lang='lat' dir='ltr'><strong>et</strong></span> <span class='ocrx_word' id='word_1_708' title='bbox 2248 3029 2433 3085; x_wconf 91' lang='lat' dir='ltr'><strong>audire</strong></span> <span class='ocrx_word' id='word_1_709' title='bbox 2478 3049 2582 3087; x_wconf 91' lang='lat' dir='ltr'><strong>non</strong></span> <span class='ocrx_word' id='word_1_710' title='bbox 2620 3048 2843 3106; x_wconf 90' lang='lat' dir='ltr'><strong>possunt</strong></span> <span class='ocrx_word' id='word_1_711' title='bbox 2879 3058 2892 3094; x_wconf 88' lang='lat'><strong><em>:</em></strong></span> <span class='ocrx_word' id='word_1_712' title='bbox 2933 3058 3060 3100; x_wconf 89' lang='lat' dir='ltr'><strong>ecce</strong></span> <span class='ocrx_word' id='word_1_713' title='bbox 3101 3048 3322 3105; x_wconf 89' lang='lat' dir='ltr'><strong>verbum</strong></span> <span class='ocrx_word' id='word_1_714' title='bbox 3366 3053 3473 3108; x_wconf 85' lang='lat' dir='ltr'><strong>Do-</strong></span> 
     </span>
    </p>
   </div>
   <div class='ocr_carea' id='block_1_93' title="bbox 1877 3115 3475 3213">
    <p class='ocr_par' dir='ltr' id='par_1_93' title="bbox 1877 3115 3475 3213">
     <span class='ocr_line' id='line_1_93' title="bbox 1877 3115 3475 3213; baseline 0.019 -45"><span class='ocrx_word' id='word_1_715' title='bbox 1877 3116 2010 3170; x_wconf 90' lang='lat' dir='ltr'><strong>mini</strong></span> <span class='ocrx_word' id='word_1_716' title='bbox 2035 3115 2234 3173; x_wconf 82' lang='lat' dir='ltr'><strong>factum</strong></span> <span class='ocrx_word' id='word_1_717' title='bbox 2260 3130 2345 3177; x_wconf 90' lang='lat' dir='ltr'><strong>est</strong></span> <span class='ocrx_word' id='word_1_718' title='bbox 2369 3121 2473 3178; x_wconf 91' lang='lat' dir='ltr'><strong>illis</strong></span> <span class='ocrx_word' id='word_1_719' title='bbox 2499 3125 2552 3178; x_wconf 92' lang='lat' dir='ltr'><strong>in</strong></span> <span class='ocrx_word' id='word_1_720' title='bbox 2584 3128 2952 3200; x_wconf 88' lang='lat' dir='ltr'><strong>opprobrium,</strong></span> <span class='ocrx_word' id='word_1_721' title='bbox 2980 3145 3158 3192; x_wconf 91' lang='lat' dir='ltr'><strong>etnon</strong></span> <span class='ocrx_word' id='word_1_722' title='bbox 3179 3141 3475 3213; x_wconf 85' lang='lat' dir='ltr'><strong>suscipiunt</strong></span> 
     </span>
    </p>
   </div>
   <div class='ocr_carea' id='block_1_94' title="bbox 1878 3206 2029 3262">
    <p class='ocr_par' dir='ltr' id='par_1_94' title="bbox 1878 3206 2029 3262">
     <span class='ocr_line' id='line_1_94' title="bbox 1878 3206 2029 3262; baseline 0.013 -2"><span class='ocrx_word' id='word_1_723' title='bbox 1878 3206 2029 3262; x_wconf 89' lang='lat' dir='ltr'><strong>illud.</strong></span> 
     </span>
    </p>
   </div>
   <div class='ocr_carea' id='block_1_95' title="bbox 1946 3298 3471 3393">
    <p class='ocr_par' dir='ltr' id='par_1_95' title="bbox 1946 3298 3471 3393">
     <span class='ocr_line' id='line_1_95' title="bbox 1946 3298 3471 3393; baseline 0.022 -41"><span class='ocrx_word' id='word_1_724' title='bbox 1946 3298 2016 3393; x_wconf 64' lang='lat' dir='ltr'><strong>iit</strong></span> <span class='ocrx_word' id='word_1_725' title='bbox 2042 3305 2196 3371; x_wconf 84' lang='lat' dir='ltr'><strong>paulo</strong></span> <span class='ocrx_word' id='word_1_726' title='bbox 2221 3315 2334 3375; x_wconf 74' lang='lat' dir='ltr'><strong>post</strong></span> <span class='ocrx_word' id='word_1_727' title='bbox 2358 3305 2506 3382; x_wconf 68' lang='grc' dir='ltr'><strong>[νη]</strong></span> <span class='ocrx_word' id='word_1_728' title='bbox 2538 3328 2553 3365; x_wconf 84' lang='lat'><strong>:</strong></span> <span class='ocrx_word' id='word_1_729' title='bbox 2582 3312 2775 3370; x_wconf 83' lang='lat' dir='ltr'><strong>Audite</strong></span> <span class='ocrx_word' id='word_1_730' title='bbox 2798 3317 3018 3373; x_wconf 88' lang='lat' dir='ltr'><strong>verbum</strong></span> <span class='ocrx_word' id='word_1_731' title='bbox 3042 3320 3272 3393; x_wconf 92' lang='lat' dir='ltr'><strong>Domini,</strong></span> <span class='ocrx_word' id='word_1_732' title='bbox 3295 3341 3471 3385; x_wconf 76' lang='lat' dir='ltr'><strong>omnis</strong></span> 
     </span>
    </p>
   </div>
   <div class='ocr_carea' id='block_1_96' title="bbox 1871 3388 3470 3476">
    <p class='ocr_par' dir='ltr' id='par_1_96' title="bbox 1871 3388 3470 3476">
     <span class='ocr_line' id='line_1_96' title="bbox 1871 3388 3470 3476; baseline 0.021 -34"><span class='ocrx_word' id='word_1_733' title='bbox 1871 3388 2030 3456; x_wconf 83' lang='lat' dir='ltr'><strong>Juda,</strong></span> <span class='ocrx_word' id='word_1_734' title='bbox 2054 3394 2141 3462; x_wconf 89' lang='lat' dir='ltr'><strong>qui</strong></span> <span class='ocrx_word' id='word_1_735' title='bbox 2171 3394 2507 3465; x_wconf 84' lang='lat' dir='ltr'><strong>ingredimini</strong></span> <span class='ocrx_word' id='word_1_736' title='bbox 2539 3417 2633 3470; x_wconf 86' lang='lat' dir='ltr'><strong>per</strong></span> <span class='ocrx_word' id='word_1_737' title='bbox 2659 3414 2837 3472; x_wconf 89' lang='lat' dir='ltr'><strong>portas</strong></span> <span class='ocrx_word' id='word_1_738' title='bbox 2866 3407 2989 3473; x_wconf 85' lang='lat' dir='ltr'><strong>bas,</strong></span> <span class='ocrx_word' id='word_1_739' title='bbox 3025 3423 3076 3465; x_wconf 93' lang='lat' dir='ltr'><strong>ut</strong></span> <span class='ocrx_word' id='word_1_740' title='bbox 3109 3388 3342 3472; x_wconf 73' lang='lat' dir='ltr'><strong>adoretis</strong></span> <span class='ocrx_word' id='word_1_741' title='bbox 3375 3420 3470 3476; x_wconf 82' lang='lat' dir='ltr'><strong>Do-</strong></span> 
     </span>
    </p>
   </div>
   <div class='ocr_carea' id='block_1_97' title="bbox 1872 3481 3463 3565">
    <p class='ocr_par' dir='ltr' id='par_1_97' title="bbox 1872 3481 3463 3565">
     <span class='ocr_line' id='line_1_97' title="bbox 1872 3481 3463 3565; baseline 0.021 -33"><span class='ocrx_word' id='word_1_742' title='bbox 1872 3481 2096 3536; x_wconf 88' lang='lat' dir='ltr'><strong>minum.</strong></span> <span class='ocrx_word' id='word_1_743' title='bbox 2142 3484 2265 3539; x_wconf 71' lang='lat' dir='ltr'><strong>Iltec</strong></span> <span class='ocrx_word' id='word_1_744' title='bbox 2295 3486 2420 3542; x_wconf 88' lang='lat' dir='ltr'><strong>dicit</strong></span> <span class='ocrx_word' id='word_1_745' title='bbox 2449 3490 2706 3548; x_wconf 87' lang='lat' dir='ltr'><strong>Dominus</strong></span> <span class='ocrx_word' id='word_1_746' title='bbox 2731 3498 3061 3556; x_wconf 80' lang='lat' dir='ltr'><strong>exercituum</strong></span> <span class='ocrx_word' id='word_1_747' title='bbox 3090 3503 3228 3559; x_wconf 87' lang='lat' dir='ltr'><strong>Deus</strong></span> <span class='ocrx_word' id='word_1_748' title='bbox 3254 3506 3415 3565; x_wconf 88' lang='lat' dir='ltr'><strong>Israel</strong></span> <span class='ocrx_word' id='word_1_749' title='bbox 3447 3529 3463 3565; x_wconf 89' lang='lat'><strong><em>:</em></strong></span> 
     </span>
    </p>
   </div>
   <div class='ocr_carea' id='block_1_98' title="bbox 1873 3568 3465 3656">
    <p class='ocr_par' dir='ltr' id='par_1_98' title="bbox 1873 3568 3465 3656">
     <span class='ocr_line' id='line_1_98' title="bbox 1873 3568 3465 3656; baseline 0.019 -31"><span class='ocrx_word' id='word_1_750' title='bbox 1873 3568 2049 3626; x_wconf 86' lang='lat' dir='ltr'><strong>Bonas</strong></span> <span class='ocrx_word' id='word_1_751' title='bbox 2077 3572 2231 3629; x_wconf 91' lang='lat' dir='ltr'><strong>facile</strong></span> <span class='ocrx_word' id='word_1_752' title='bbox 2255 3576 2369 3631; x_wconf 92' lang='lat' dir='ltr'><strong>vias</strong></span> <span class='ocrx_word' id='word_1_753' title='bbox 2394 3588 2598 3634; x_wconf 84' lang='lat' dir='ltr'><strong>vestras</strong></span> <span class='ocrx_word' id='word_1_754' title='bbox 2627 3592 2682 3636; x_wconf 92' lang='lat' dir='ltr'><strong>et</strong></span> <span class='ocrx_word' id='word_1_755' title='bbox 2709 3586 2882 3640; x_wconf 85' lang='lat' dir='ltr'><strong>studia</strong></span> <span class='ocrx_word' id='word_1_756' title='bbox 2910 3600 3105 3656; x_wconf 87' lang='lat' dir='ltr'><strong>vestra,</strong></span> <span class='ocrx_word' id='word_1_757' title='bbox 3132 3605 3186 3650; x_wconf 87' lang='lat' dir='ltr'><strong>et</strong></span> <span class='ocrx_word' id='word_1_758' title='bbox 3215 3595 3465 3656; x_wconf 84' lang='lat' dir='ltr'><strong>habitabo</strong></span> 
     </span>
    </p>
   </div>
   <div class='ocr_carea' id='block_1_99' title="bbox 1870 3664 3465 3747">
    <p class='ocr_par' dir='ltr' id='par_1_99' title="bbox 1870 3664 3465 3747">
     <span class='ocr_line' id='line_1_99' title="bbox 1870 3664 3465 3747; baseline 0.018 -29"><span class='ocrx_word' id='word_1_759' title='bbox 1870 3664 2145 3721; x_wconf 83' lang='lat' dir='ltr'><strong>vobiscum</strong></span> <span class='ocrx_word' id='word_1_760' title='bbox 2172 3666 2225 3721; x_wconf 93' lang='lat' dir='ltr'><strong>in</strong></span> <span class='ocrx_word' id='word_1_761' title='bbox 2256 3669 2372 3723; x_wconf 90' lang='lat' dir='ltr'><strong>loco</strong></span> <span class='ocrx_word' id='word_1_762' title='bbox 2394 3671 2514 3726; x_wconf 89' lang='lat' dir='ltr'><strong>isto.</strong></span> <span class='ocrx_word' id='word_1_763' title='bbox 2539 3672 2712 3730; x_wconf 87' lang='lat' dir='ltr'><strong>Nolite</strong></span> <span class='ocrx_word' id='word_1_764' title='bbox 2733 3680 3002 3737; x_wconf 90' lang='lat' dir='ltr'><strong>conlidere</strong></span> <span class='ocrx_word' id='word_1_765' title='bbox 3032 3683 3083 3738; x_wconf 92' lang='lat' dir='ltr'><strong>in</strong></span> <span class='ocrx_word' id='word_1_766' title='bbox 3115 3688 3288 3744; x_wconf 88' lang='lat' dir='ltr'><strong>verbis</strong></span> <span class='ocrx_word' id='word_1_767' title='bbox 3313 3706 3465 3747; x_wconf 83' lang='lat' dir='ltr'><strong>men-</strong></span> 
     </span>
    </p>
   </div>
   <div class='ocr_carea' id='block_1_100' title="bbox 1869 3757 3456 3852">
    <p class='ocr_par' dir='ltr' id='par_1_100' title="bbox 1869 3757 3456 3852">
     <span class='ocr_line' id='line_1_100' title="bbox 1869 3757 3456 3852; baseline 0.018 -40"><span class='ocrx_word' id='word_1_768' title='bbox 1869 3757 2028 3825; x_wconf 83' lang='lat' dir='ltr'><strong>dacii,</strong></span> <span class='ocrx_word' id='word_1_769' title='bbox 2057 3760 2296 3817; x_wconf 85' lang='lat' dir='ltr'><strong>dicentes</strong></span> <span class='ocrx_word' id='word_1_770' title='bbox 2331 3782 2345 3819; x_wconf 92' lang='lat'><strong>:</strong></span> <span class='ocrx_word' id='word_1_771' title='bbox 2376 3765 2653 3837; x_wconf 86' lang='lat' dir='ltr'><strong>Templum</strong></span> <span class='ocrx_word' id='word_1_772' title='bbox 2681 3770 2911 3840; x_wconf 89' lang='lat' dir='ltr'><strong>Domini,</strong></span> <span class='ocrx_word' id='word_1_773' title='bbox 2939 3779 3193 3847; x_wconf 83' lang='lat' dir='ltr'><strong>templum</strong></span> <span class='ocrx_word' id='word_1_774' title='bbox 3227 3782 3456 3852; x_wconf 91' lang='lat' dir='ltr'><strong>Domini,</strong></span> 
     </span>
    </p>
   </div>
   <div class='ocr_carea' id='block_1_101' title="bbox 1869 3851 3460 3932">
    <p class='ocr_par' dir='ltr' id='par_1_101' title="bbox 1869 3851 3460 3932">
     <span class='ocr_line' id='line_1_101' title="bbox 1869 3851 3460 3932; baseline 0.016 -26"><span class='ocrx_word' id='word_1_775' title='bbox 1869 3851 2123 3921; x_wconf 82' lang='lat' dir='ltr'><strong>tcmplnm</strong></span> <span class='ocrx_word' id='word_1_776' title='bbox 2156 3854 2361 3909; x_wconf 90' lang='lat' dir='ltr'><strong>Domini</strong></span> <span class='ocrx_word' id='word_1_777' title='bbox 2382 3865 2484 3911; x_wconf 91' lang='lat' dir='ltr'><strong>est.</strong></span> <span class='ocrx_word' id='word_1_778' title='bbox 2508 3858 2768 3926; x_wconf 90' lang='lat' dir='ltr'><strong>Quoniam</strong></span> <span class='ocrx_word' id='word_1_779' title='bbox 2795 3863 2841 3918; x_wconf 93' lang='lat' dir='ltr'><strong>si</strong></span> <span class='ocrx_word' id='word_1_780' title='bbox 2868 3866 3004 3922; x_wconf 92' lang='lat' dir='ltr'><strong>bene</strong></span> <span class='ocrx_word' id='word_1_781' title='bbox 3025 3869 3326 3926; x_wconf 81' lang='lat' dir='ltr'><strong>dirrxcritis</strong></span> <span class='ocrx_word' id='word_1_782' title='bbox 3347 3875 3460 3932; x_wconf 87' lang='lat' dir='ltr'><strong>vias</strong></span> 
     </span>
    </p>
   </div>
   <div class='ocr_carea' id='block_1_102' title="bbox 1868 3946 3458 4027">
    <p class='ocr_par' dir='ltr' id='par_1_102' title="bbox 1868 3946 3458 4027">
     <span class='ocr_line' id='line_1_102' title="bbox 1868 3946 3458 4027; baseline 0.018 -33"><span class='ocrx_word' id='word_1_783' title='bbox 1868 3953 2075 3997; x_wconf 88' lang='lat' dir='ltr'><strong>vestras</strong></span> <span class='ocrx_word' id='word_1_784' title='bbox 2099 3953 2151 3999; x_wconf 93' lang='lat' dir='ltr'><strong>et</strong></span> <span class='ocrx_word' id='word_1_785' title='bbox 2182 3946 2356 4001; x_wconf 87' lang='lat' dir='ltr'><strong>studia</strong></span> <span class='ocrx_word' id='word_1_786' title='bbox 2381 3958 2576 4017; x_wconf 89' lang='lat' dir='ltr'><strong>vestra,</strong></span> <span class='ocrx_word' id='word_1_787' title='bbox 2605 3952 2650 4006; x_wconf 94' lang='lat' dir='ltr'><strong>si</strong></span> <span class='ocrx_word' id='word_1_788' title='bbox 2682 3952 2910 4010; x_wconf 90' lang='lat' dir='ltr'><strong>feceritis</strong></span> <span class='ocrx_word' id='word_1_789' title='bbox 2930 3958 3185 4027; x_wconf 86' lang='lat' dir='ltr'><strong>judicium</strong></span> <span class='ocrx_word' id='word_1_790' title='bbox 3217 3968 3354 4021; x_wconf 87' lang='lat' dir='ltr'><strong>inter</strong></span> <span class='ocrx_word' id='word_1_791' title='bbox 3380 3969 3458 4021; x_wconf 58' lang='lat' dir='ltr'><strong>vin</strong></span> 
     </span>
    </p>
   </div>
   <div class='ocr_carea' id='block_1_103' title="bbox 1864 4037 3455 4121">
    <p class='ocr_par' dir='ltr' id='par_1_103' title="bbox 1864 4037 3455 4121">
     <span class='ocr_line' id='line_1_103' title="bbox 1864 4037 3455 4121; baseline 0.018 -35"><span class='ocrx_word' id='word_1_792' title='bbox 1864 4047 1984 4088; x_wconf 84' lang='lat' dir='ltr'><strong>rum</strong></span> <span class='ocrx_word' id='word_1_793' title='bbox 2017 4043 2071 4088; x_wconf 92' lang='lat' dir='ltr'><strong>et</strong></span> <span class='ocrx_word' id='word_1_794' title='bbox 2106 4037 2401 4105; x_wconf 79' lang='lat' dir='ltr'><strong>proximum</strong></span> <span class='ocrx_word' id='word_1_795' title='bbox 2428 4042 2546 4109; x_wconf 92' lang='lat' dir='ltr'><strong>ejus</strong></span> <span class='ocrx_word' id='word_1_796' title='bbox 2570 4084 2586 4109; x_wconf 92' lang='lat'><strong>,</strong></span> <span class='ocrx_word' id='word_1_797' title='bbox 2630 4044 2848 4101; x_wconf 70' lang='lat' dir='ltr'><strong>advenae</strong></span> <span class='ocrx_word' id='word_1_798' title='bbox 2874 4058 2929 4102; x_wconf 91' lang='lat' dir='ltr'><strong>et</strong></span> <span class='ocrx_word' id='word_1_799' title='bbox 2958 4053 3158 4121; x_wconf 90' lang='lat' dir='ltr'><strong>pupillo</strong></span> <span class='ocrx_word' id='word_1_800' title='bbox 3186 4064 3240 4110; x_wconf 90' lang='lat' dir='ltr'><strong>et</strong></span> <span class='ocrx_word' id='word_1_801' title='bbox 3282 4059 3455 4115; x_wconf 72' lang='lat' dir='ltr'><strong>vidum</strong></span> 
     </span>
    </p>
   </div>
   <div class='ocr_carea' id='block_1_104' title="bbox 1865 4127 3451 4212">
    <p class='ocr_par' dir='ltr' id='par_1_104' title="bbox 1865 4127 3451 4212">
     <span class='ocr_line' id='line_1_104' title="bbox 1865 4127 3451 4212; baseline 0.02 -34"><span class='ocrx_word' id='word_1_802' title='bbox 1865 4141 1971 4180; x_wconf 90' lang='lat' dir='ltr'><strong>non</strong></span> <span class='ocrx_word' id='word_1_803' title='bbox 2002 4127 2236 4185; x_wconf 88' lang='lat' dir='ltr'><strong>feceritis</strong></span> <span class='ocrx_word' id='word_1_804' title='bbox 2265 4134 2583 4189; x_wconf 88' lang='lat' dir='ltr'><strong>calumniam</strong></span> <span class='ocrx_word' id='word_1_805' title='bbox 2605 4179 2619 4203; x_wconf 95' lang='lat'><strong>,</strong></span> <span class='ocrx_word' id='word_1_806' title='bbox 2651 4154 2748 4194; x_wconf 90' lang='lat' dir='ltr'><strong>nec</strong></span> <span class='ocrx_word' id='word_1_807' title='bbox 2772 4145 3085 4212; x_wconf 78' lang='lat' dir='ltr'><strong>sanguinem</strong></span> <span class='ocrx_word' id='word_1_808' title='bbox 3116 4149 3451 4209; x_wconf 90' lang='lat' dir='ltr'><strong>innocentem</strong></span> 
     </span>
    </p>
   </div>
   <div class='ocr_carea' id='block_1_105' title="bbox 1863 4221 3450 4301">
    <p class='ocr_par' dir='ltr' id='par_1_105' title="bbox 1863 4221 3450 4301">
     <span class='ocr_line' id='line_1_105' title="bbox 1863 4221 3450 4301; baseline 0.016 -25"><span class='ocrx_word' id='word_1_809' title='bbox 1863 4221 2160 4277; x_wconf 81' lang='lat' dir='ltr'><strong>efl‘uderitis</strong></span> <span class='ocrx_word' id='word_1_810' title='bbox 2189 4225 2239 4277; x_wconf 93' lang='lat' dir='ltr'><strong>iu</strong></span> <span class='ocrx_word' id='word_1_811' title='bbox 2268 4225 2386 4281; x_wconf 91' lang='lat' dir='ltr'><strong>loco</strong></span> <span class='ocrx_word' id='word_1_812' title='bbox 2417 4227 2537 4295; x_wconf 86' lang='lat' dir='ltr'><strong>hoc,</strong></span> <span class='ocrx_word' id='word_1_813' title='bbox 2569 4238 2625 4284; x_wconf 91' lang='lat' dir='ltr'><strong>et</strong></span> <span class='ocrx_word' id='word_1_814' title='bbox 2655 4241 2772 4301; x_wconf 91' lang='lat' dir='ltr'><strong>post</strong></span> <span class='ocrx_word' id='word_1_815' title='bbox 2800 4234 2931 4289; x_wconf 91' lang='lat' dir='ltr'><strong>deos</strong></span> <span class='ocrx_word' id='word_1_816' title='bbox 2971 4239 3174 4296; x_wconf 74' lang='lat' dir='ltr'><strong>alie:.os</strong></span> <span class='ocrx_word' id='word_1_817' title='bbox 3205 4260 3310 4297; x_wconf 91' lang='lat' dir='ltr'><strong>non</strong></span> <span class='ocrx_word' id='word_1_818' title='bbox 3338 4262 3450 4301; x_wconf 85' lang='lat' dir='ltr'><strong>am-</strong></span> 
     </span>
    </p>
   </div>
   <div class='ocr_carea' id='block_1_106' title="bbox 1862 4308 3449 4394">
    <p class='ocr_par' dir='ltr' id='par_1_106' title="bbox 1862 4308 3449 4394">
     <span class='ocr_line' id='line_1_106' title="bbox 1862 4308 3449 4394; baseline 0.02 -31"><span class='ocrx_word' id='word_1_819' title='bbox 1862 4308 2172 4369; x_wconf 85' lang='lat' dir='ltr'><strong>bulaveritis</strong></span> <span class='ocrx_word' id='word_1_820' title='bbox 2212 4315 2263 4369; x_wconf 92' lang='lat' dir='ltr'><strong>in</strong></span> <span class='ocrx_word' id='word_1_821' title='bbox 2300 4318 2495 4372; x_wconf 91' lang='lat' dir='ltr'><strong>malum</strong></span> <span class='ocrx_word' id='word_1_822' title='bbox 2536 4320 2961 4393; x_wconf 90' lang='lat' dir='ltr'><strong>vobismetipsis;</strong></span> <span class='ocrx_word' id='word_1_823' title='bbox 2993 4328 3241 4389; x_wconf 86' lang='lat' dir='ltr'><strong>habitabo</strong></span> <span class='ocrx_word' id='word_1_824' title='bbox 3268 4338 3449 4394; x_wconf 89' lang='lat' dir='ltr'><strong>vobis-</strong></span> 
     </span>
    </p>
   </div>
   <div class='ocr_carea' id='block_1_107' title="bbox 1861 4404 3444 4502">
    <p class='ocr_par' dir='ltr' id='par_1_107' title="bbox 1861 4404 3444 4502">
     <span class='ocr_line' id='line_1_107' title="bbox 1861 4404 3444 4502; baseline 0.02 -47"><span class='ocrx_word' id='word_1_825' title='bbox 1861 4416 1983 4456; x_wconf 88' lang='lat' dir='ltr'><strong>cum</strong></span> <span class='ocrx_word' id='word_1_826' title='bbox 2008 4404 2061 4458; x_wconf 90' lang='lat' dir='ltr'><strong>in</strong></span> <span class='ocrx_word' id='word_1_827' title='bbox 2091 4405 2208 4459; x_wconf 91' lang='lat' dir='ltr'><strong>loco</strong></span> <span class='ocrx_word' id='word_1_828' title='bbox 2234 4406 2355 4472; x_wconf 91' lang='lat' dir='ltr'><strong>isto,</strong></span> <span class='ocrx_word' id='word_1_829' title='bbox 2387 4408 2441 4462; x_wconf 92' lang='lat' dir='ltr'><strong>in</strong></span> <span class='ocrx_word' id='word_1_830' title='bbox 2470 4418 2609 4464; x_wconf 84' lang='lat' dir='ltr'><strong>terra</strong></span> <span class='ocrx_word' id='word_1_831' title='bbox 2637 4428 2794 4481; x_wconf 89' lang='lat' dir='ltr'><strong>quam</strong></span> <span class='ocrx_word' id='word_1_832' title='bbox 2824 4416 2946 4471; x_wconf 91' lang='lat' dir='ltr'><strong>dedi</strong></span> <span class='ocrx_word' id='word_1_833' title='bbox 2968 4422 3204 4489; x_wconf 90' lang='lat' dir='ltr'><strong>patribus</strong></span> <span class='ocrx_word' id='word_1_834' title='bbox 3232 4432 3444 4502; x_wconf 87' lang='lat' dir='ltr'><strong>vestris,</strong></span> 
     </span>
    </p>
   </div>
   <div class='ocr_carea' id='block_1_108' title="bbox 1860 4495 3445 4581">
    <p class='ocr_par' dir='ltr' id='par_1_108' title="bbox 1860 4495 3445 4581">
     <span class='ocr_line' id='line_1_108' title="bbox 1860 4495 3445 4581; baseline 0.021 -34"><span class='ocrx_word' id='word_1_835' title='bbox 1860 4508 1891 4547; x_wconf 90' lang='lat' dir='ltr'><strong>a</strong></span> <span class='ocrx_word' id='word_1_836' title='bbox 1918 4495 2113 4550; x_wconf 78' lang='lat' dir='ltr'><strong>saeculo</strong></span> <span class='ocrx_word' id='word_1_837' title='bbox 2140 4513 2308 4566; x_wconf 89' lang='lat' dir='ltr'><strong>usque</strong></span> <span class='ocrx_word' id='word_1_838' title='bbox 2330 4499 2382 4553; x_wconf 92' lang='lat' dir='ltr'><strong>in</strong></span> <span class='ocrx_word' id='word_1_839' title='bbox 2409 4503 2684 4559; x_wconf 76' lang='lat' dir='ltr'><strong>saeculum.</strong></span> <span class='ocrx_word' id='word_1_840' title='bbox 2718 4507 2855 4565; x_wconf 78' lang='lat' dir='ltr'><strong>Ecce</strong></span> <span class='ocrx_word' id='word_1_841' title='bbox 2884 4526 2979 4565; x_wconf 92' lang='lat' dir='ltr'><strong>vos</strong></span> <span class='ocrx_word' id='word_1_842' title='bbox 3003 4518 3269 4575; x_wconf 78' lang='lat' dir='ltr'><strong>conﬁditis</strong></span> <span class='ocrx_word' id='word_1_843' title='bbox 3293 4495 3445 4581; x_wconf 81' lang='lat' dir='ltr'><strong>vobis</strong></span> 
     </span>
    </p>
   </div>
   <div class='ocr_carea' id='block_1_109' title="bbox 1923 4648 2745 4715">
    <p class='ocr_par' dir='ltr' id='par_1_109' title="bbox 1923 4648 2745 4715">
     <span class='ocr_line' id='line_1_109' title="bbox 1923 4648 2745 4715; baseline 0.015 -19"><span class='ocrx_word' id='word_1_844' title='bbox 1923 4648 1940 4715; x_wconf 66' lang='grc' dir='ltr'><strong>ξ</strong></span> <span class='ocrx_word' id='word_1_845' title='bbox 1965 4654 2049 4715; x_wconf 54' lang='lat' dir='ltr'><strong>Ms:</strong></span> <span class='ocrx_word' id='word_1_846' title='bbox 2077 4650 2266 4712; x_wconf 74' lang='lat' dir='ltr'><strong>Regius,</strong></span> <span class='ocrx_word' id='word_1_847' title='bbox 2289 4654 2335 4701; x_wconf 89' lang='lat' dir='ltr'><strong>et</strong></span> <span class='ocrx_word' id='word_1_848' title='bbox 2357 4658 2460 4715; x_wconf 81' lang='lat' dir='ltr'><strong>post</strong></span> <span class='ocrx_word' id='word_1_849' title='bbox 2483 4670 2542 4715; x_wconf 85' lang='lat' dir='ltr'><strong>vn</strong></span> <span class='ocrx_word' id='word_1_850' title='bbox 2566 4668 2745 4708; x_wconf 83' lang='lat' dir='ltr'><strong>versus.</strong></span> 
     </span>
    </p>
   </div>
   <div class='ocr_carea' id='block_1_110' title="bbox 1919 4708 3447 4803">
    <p class='ocr_par' dir='ltr' id='par_1_110' title="bbox 1919 4708 3447 4803">
     <span class='ocr_line' id='line_1_110' title="bbox 1919 4708 3447 4803; baseline 0 0"><span class='ocrx_word' id='word_1_851' title='bbox 1919 4708 3099 4803; x_wconf 48' lang='lat' dir='ltr'><strong>5932,8392.53&#39;3331&quot;.?f‘£te13035.etiamm,</strong></span> <span class='ocrx_word' id='word_1_852' title='bbox 3129 4744 3447 4803; x_wconf 64' lang='lat' dir='ltr'><strong>rampa-</strong></span> 
     </span>
    </p>
   </div>
   <div class='ocr_carea' id='block_1_111' title="bbox 1853 4768 3444 4862">
    <p class='ocr_par' dir='ltr' id='par_1_111' title="bbox 1853 4768 3444 4862">
     <span class='ocr_line' id='line_1_111' title="bbox 1853 4768 3444 4862; baseline 0.005 -1"><span class='ocrx_word' id='word_1_853' title='bbox 1853 4768 3444 4862; x_wconf 42' lang='lat' dir='ltr'><strong>tritiMiifssécesseteee&quot;iiéeiiiiééiiﬁsf151763553</strong></span> 
     </span>
    </p>
   </div>
   <div class='ocr_carea' id='block_1_112' title="bbox 1854 4833 3446 4913">
    <p class='ocr_par' dir='ltr' id='par_1_112' title="bbox 1854 4833 3446 4913">
     <span class='ocr_line' id='line_1_112' title="bbox 1854 4833 3446 4913; baseline 0 0"><span class='ocrx_word' id='word_1_854' title='bbox 1854 4833 2031 4913; x_wconf 63' lang='grc' dir='ltr'><strong>9¹ξ¹ίξὲίι</strong></span> <span class='ocrx_word' id='word_1_855' title='bbox 2048 4834 2415 4913; x_wconf 51' lang='lat' dir='ltr'><strong>&quot;9°?&quot;1’32f‘ﬂa’</strong></span> <span class='ocrx_word' id='word_1_856' title='bbox 2425 4852 2452 4913; x_wconf 77' lang='lat'><strong>5.</strong></span> <span class='ocrx_word' id='word_1_857' title='bbox 2469 4853 2578 4912; x_wconf 55' lang='lat' dir='ltr'><strong>(tmte</strong></span> <span class='ocrx_word' id='word_1_858' title='bbox 2597 4855 2685 4913; x_wconf 66' lang='grc' dir='ltr'><strong>νρκ</strong></span> <span class='ocrx_word' id='word_1_859' title='bbox 2714 4858 2806 4913; x_wconf 67' lang='lat' dir='ltr'><strong>two</strong></span> <span class='ocrx_word' id='word_1_860' title='bbox 2818 4833 3301 4913; x_wconf 42' lang='grc' dir='ltr'><strong>,ςὲἐξίἶιὶέὶἓῆἷῖἕῖ</strong></span> <span class='ocrx_word' id='word_1_861' title='bbox 3314 4833 3446 4912; x_wconf 63' lang='grc' dir='ltr'><strong>ε”ὲέἱ</strong></span> 
     </span>
    </p>
   </div>
   <div class='ocr_carea' id='block_1_113' title="bbox 1852 4896 3348 4969">
    <p class='ocr_par' dir='ltr' id='par_1_113' title="bbox 1852 4896 3348 4969">
     <span class='ocr_line' id='line_1_113' title="bbox 1852 4896 3348 4969; baseline 0.018 -27"><span class='ocrx_word' id='word_1_862' title='bbox 1852 4896 2011 4969; x_wconf 62' lang='lat' dir='ltr'><strong>cunila</strong></span> <span class='ocrx_word' id='word_1_863' title='bbox 2033 4908 2173 4969; x_wconf 55' lang='lat' dir='ltr'><strong>manu</strong></span> <span class='ocrx_word' id='word_1_864' title='bbox 2194 4896 2351 4969; x_wconf 78' lang='lat' dir='ltr'><strong>addita</strong></span> <span class='ocrx_word' id='word_1_865' title='bbox 2376 4896 2459 4969; x_wconf 79' lang='lat' dir='ltr'><strong>.uit</strong></span> <span class='ocrx_word' id='word_1_866' title='bbox 2484 4896 2530 4950; x_wconf 84' lang='lat' dir='ltr'><strong>in</strong></span> <span class='ocrx_word' id='word_1_867' title='bbox 2553 4905 2761 4969; x_wconf 87' lang='lat' dir='ltr'><strong>antiquis</strong></span> <span class='ocrx_word' id='word_1_868' title='bbox 2785 4906 2942 4959; x_wconf 56' lang='lat' dir='ltr'><strong>ttilzliis</strong></span> <span class='ocrx_word' id='word_1_869' title='bbox 2962 4896 3348 4969; x_wconf 57' lang='grc' dir='ltr'><strong>ὡὶὶῑέεῐέίὲίῦῐιὲ.</strong></span> 
     </span>
    </p>
   </div>
   <div class='ocr_carea' id='block_1_114' title="bbox 1920 4957 3446 5043">
    <p class='ocr_par' dir='ltr' id='par_1_114' title="bbox 1920 4957 3446 5043">
     <span class='ocr_line' id='line_1_114' title="bbox 1920 4957 3446 5043; baseline 0.022 -41"><span class='ocrx_word' id='word_1_870' title='bbox 1920 4957 2382 5043; x_wconf 47' lang='grc' dir='ltr'><strong>ξηειὶὶ</strong></span> <span class='ocrx_word' id='word_1_871' title='bbox 2410 4957 2693 5043; x_wconf 51' lang='lat' dir='ltr'><strong>inseruntur</strong></span> <span class='ocrx_word' id='word_1_872' title='bbox 2712 4968 2875 5043; x_wconf 78' lang='lat' dir='ltr'><strong>istluec</strong></span> <span class='ocrx_word' id='word_1_873' title='bbox 2900 4957 3446 5043; x_wconf 39' lang='lat' dir='ltr'><strong>tertihéiiigiié&#39;éiéona</strong></span> 
     </span>
    </p>
   </div>
   <div class='ocr_carea' id='block_1_115' title="bbox 1850 5016 3443 5128">
    <p class='ocr_par' dir='ltr' id='par_1_115' title="bbox 1850 5016 3443 5128">
     <span class='ocr_line' id='line_1_115' title="bbox 1850 5016 3443 5128; baseline 0.012 -63"><span class='ocrx_word' id='word_1_874' title='bbox 1850 5016 1978 5128; x_wconf 54' lang='lat' dir='ltr'><strong>yuqd</strong></span> <span class='ocrx_word' id='word_1_875' title='bbox 1999 5031 2146 5083; x_wconf 78' lang='lat' dir='ltr'><strong>supra</strong></span> <span class='ocrx_word' id='word_1_876' title='bbox 2170 5016 2383 5093; x_wconf 58' lang='lat' dir='ltr'><strong>ditem},</strong></span> <span class='ocrx_word' id='word_1_877' title='bbox 2412 5022 2489 5073; x_wconf 88' lang='lat' dir='ltr'><strong>Ibo</strong></span> <span class='ocrx_word' id='word_1_878' title='bbox 2510 5016 2820 5098; x_wconf 61' lang='lat' dir='ltr'><strong>adoptintcte</strong></span> <span class='ocrx_word' id='word_1_879' title='bbox 2832 5016 2842 5077; x_wconf 64' lang='grc' dir='ltr'><em>ἐ</em></span> <span class='ocrx_word' id='word_1_880' title='bbox 2857 5016 2914 5080; x_wconf 70' lang='lat' dir='ltr'><strong>et</strong></span> <span class='ocrx_word' id='word_1_881' title='bbox 2934 5016 3225 5099; x_wconf 51' lang='lat' dir='ltr'><strong>initia}</strong></span> 
     </span>
     <span class='ocr_line' id='line_1_116' title="bbox 1872 5090 3424 5128; baseline 0 0"><span class='ocrx_word' id='word_1_882' title='bbox 1872 5090 1945 5128; x_wconf 67' lang='grc' dir='ltr'><strong>υει</strong></span> <span class='ocrx_word' id='word_1_883' title='bbox 1967 5090 2280 5128; x_wconf 80' lang='lat' dir='ltr'><strong>coanorerunt</strong></span> <span class='ocrx_word' id='word_1_884' title='bbox 2304 5095 2429 5128; x_wconf 70' lang='lat' dir='ltr'><strong>nam</strong></span> <span class='ocrx_word' id='word_1_885' title='bbox 2459 5096 2639 5128; x_wconf 84' lang='lat' dir='ltr'><strong>nmmm</strong></span> <span class='ocrx_word' id='word_1_886' title='bbox 2671 5101 2686 5128; x_wconf 83' lang='lat'><strong>_-</strong></span> <span class='ocrx_word' id='word_1_887' title='bbox 2708 5098 2753 5128; x_wconf 78' lang='lat' dir='ltr'><strong><em>M</em></strong></span> <span class='ocrx_word' id='word_1_888' title='bbox 2773 5104 2883 5128; x_wconf 71' lang='grc' dir='ltr'><strong>ρηρ</strong></span> <span class='ocrx_word' id='word_1_889' title='bbox 2905 5093 3058 5128; x_wconf 69' lang='grc' dir='ltr'><strong>ηιηηὸρ</strong></span> <span class='ocrx_word' id='word_1_890' title='bbox 3079 5095 3115 5128; x_wconf 69' lang='grc' dir='ltr'><strong><em>δί</em></strong></span> <span class='ocrx_word' id='word_1_891' title='bbox 3139 5112 3213 5128; x_wconf 63' lang='grc' dir='ltr'><strong>..ηπ</strong></span> <span class='ocrx_word' id='word_1_892' title='bbox 3227 5109 3318 5128; x_wconf 64' lang='grc' dir='ltr'><strong>αι...</strong></span> <span class='ocrx_word' id='word_1_893' title='bbox 3343 5118 3424 5128; x_wconf 59' lang='grc' dir='ltr'><strong>η..</strong></span> 
     </span>
    </p>
   </div>
   <div class='ocr_carea' id='block_1_116' title="bbox 1902 5090 3444 5156">
    <p class='ocr_par' dir='ltr' id='par_1_116' title="bbox 1902 5090 3444 5156">
     <span class='ocr_line' id='line_1_117' title="bbox 1902 5090 3444 5156; baseline 0.019 -30"><span class='ocrx_word' id='word_1_894' title='bbox 1902 5090 1945 5127; x_wconf 68' lang='grc' dir='ltr'><strong>ει</strong></span> <span class='ocrx_word' id='word_1_895' title='bbox 1967 5090 2280 5156; x_wconf 66' lang='lat' dir='ltr'><strong>cognorerunt</strong></span> <span class='ocrx_word' id='word_1_896' title='bbox 2304 5090 2429 5134; x_wconf 77' lang='lat' dir='ltr'><strong>riam</strong></span> <span class='ocrx_word' id='word_1_897' title='bbox 2458 5090 2640 5156; x_wconf 65' lang='lat' dir='ltr'><strong>honuni</strong></span> <span class='ocrx_word' id='word_1_898' title='bbox 2668 5101 2686 5139; x_wconf 92' lang='lat'><strong><em>:</em></strong></span> <span class='ocrx_word' id='word_1_899' title='bbox 2708 5098 2753 5156; x_wconf 73' lang='lat' dir='ltr'><strong>et</strong></span> <span class='ocrx_word' id='word_1_900' title='bbox 2773 5104 2883 5141; x_wconf 75' lang='lat' dir='ltr'><strong>ecce</strong></span> <span class='ocrx_word' id='word_1_901' title='bbox 2904 5090 3058 5156; x_wconf 71' lang='grc' dir='ltr'><strong>ηιαρἱ</strong></span> <span class='ocrx_word' id='word_1_902' title='bbox 3078 5095 3115 5147; x_wconf 75' lang='lat' dir='ltr'><strong>ii</strong></span> <span class='ocrx_word' id='word_1_903' title='bbox 3136 5090 3215 5156; x_wconf 61' lang='lat' dir='ltr'><strong>pa}</strong></span> <span class='ocrx_word' id='word_1_904' title='bbox 3227 5090 3444 5156; x_wconf 38' lang='lat' dir='ltr'><strong>{teneo-ri:</strong></span> 
     </span>
    </p>
   </div>
   <div class='ocr_carea' id='block_1_117' title="bbox 1849 5092 3442 5220">
    <p class='ocr_par' dir='ltr' id='par_1_117' title="bbox 1849 5092 3442 5220">
     <span class='ocr_line' id='line_1_118' title="bbox 1850 5092 3442 5156; baseline 0.018 -28"><span class='ocrx_word' id='word_1_905' title='bbox 1850 5092 1870 5128; x_wconf 78' lang='grc' dir='ltr'><strong>ι</strong></span> <span class='ocrx_word' id='word_1_906' title='bbox 1902 5092 1945 5127; x_wconf 69' lang='grc' dir='ltr'><strong>ει</strong></span> <span class='ocrx_word' id='word_1_907' title='bbox 1967 5092 2280 5143; x_wconf 78' lang='lat' dir='ltr'><strong>cognoverunt</strong></span> <span class='ocrx_word' id='word_1_908' title='bbox 2304 5092 2429 5134; x_wconf 70' lang='lat' dir='ltr'><strong>riam</strong></span> <span class='ocrx_word' id='word_1_909' title='bbox 2458 5092 2640 5139; x_wconf 69' lang='lat' dir='ltr'><strong>nonum</strong></span> <span class='ocrx_word' id='word_1_910' title='bbox 2668 5101 2686 5139; x_wconf 92' lang='lat'><strong><em>:</em></strong></span> <span class='ocrx_word' id='word_1_911' title='bbox 2708 5098 2753 5139; x_wconf 78' lang='lat' dir='ltr'><strong>et</strong></span> <span class='ocrx_word' id='word_1_912' title='bbox 2773 5104 2883 5141; x_wconf 75' lang='lat' dir='ltr'><strong>ecce</strong></span> <span class='ocrx_word' id='word_1_913' title='bbox 2904 5092 3058 5145; x_wconf 64' lang='lat' dir='ltr'><strong>ma&#39;is</strong></span> <span class='ocrx_word' id='word_1_914' title='bbox 3078 5095 3115 5147; x_wconf 75' lang='lat' dir='ltr'><strong>ii</strong></span> <span class='ocrx_word' id='word_1_915' title='bbox 3168 5092 3214 5149; x_wconf 69' lang='grc' dir='ltr'><em>αἱ</em></span> <span class='ocrx_word' id='word_1_916' title='bbox 3227 5092 3318 5151; x_wconf 80' lang='lat' dir='ltr'><strong>iter</strong></span> <span class='ocrx_word' id='word_1_917' title='bbox 3337 5092 3442 5156; x_wconf 55' lang='lat' dir='ltr'><strong>con:</strong></span> 
     </span>
     <span class='ocr_line' id='line_1_119' title="bbox 1849 5092 3442 5220; baseline 0.018 -31"><span class='ocrx_word' id='word_1_918' title='bbox 1849 5092 2096 5220; x_wconf 47' lang='lat' dir='ltr'><strong>[cegerunt</strong></span> <span class='ocrx_word' id='word_1_919' title='bbox 2110 5141 2305 5220; x_wconf 57' lang='lat' dir='ltr'><strong>jugun},</strong></span> <span class='ocrx_word' id='word_1_920' title='bbox 2325 5155 2557 5220; x_wconf 64' lang='lat' dir='ltr'><strong>ruperunt</strong></span> <span class='ocrx_word' id='word_1_921' title='bbox 2580 5148 2785 5220; x_wconf 74' lang='lat' dir='ltr'><strong>vincula.</strong></span> <span class='ocrx_word' id='word_1_922' title='bbox 2813 5163 2944 5220; x_wconf 68' lang='lat' dir='ltr'><strong>nunc</strong></span> <span class='ocrx_word' id='word_1_923' title='bbox 2967 5108 3213 5220; x_wconf 51' lang='grc' dir='ltr'><strong>(εῖδει-ἰεῦ,</strong></span> <span class='ocrx_word' id='word_1_924' title='bbox 3229 5163 3312 5213; x_wconf 79' lang='lat' dir='ltr'><strong>(mi</strong></span> <span class='ocrx_word' id='word_1_925' title='bbox 3333 5176 3442 5218; x_wconf 83' lang='lat' dir='ltr'><strong>sunt</strong></span> 
     </span>
    </p>
   </div>
   <div class='ocr_carea' id='block_1_118' title="bbox 1849 5204 3441 5290">
    <p class='ocr_par' dir='ltr' id='par_1_118' title="bbox 1849 5204 3441 5290">
     <span class='ocr_line' id='line_1_120' title="bbox 1849 5204 3441 5290; baseline 0.012 -41"><span class='ocrx_word' id='word_1_926' title='bbox 1849 5204 2622 5290; x_wconf 32' lang='lat' dir='ltr'><strong>pptz&#39;ntatf’sj&#39;oproplwtgeptiqelifct</strong></span> <span class='ocrx_word' id='word_1_927' title='bbox 2640 5219 2685 5261; x_wconf 85' lang='lat' dir='ltr'><strong>et</strong></span> <span class='ocrx_word' id='word_1_928' title='bbox 2708 5216 2979 5290; x_wconf 56' lang='lat' dir='ltr'><strong>sacerdotes</strong></span> <span class='ocrx_word' id='word_1_929' title='bbox 2991 5204 3015 5276; x_wconf 16' lang='grc' dir='ltr'><strong>,ν</strong></span> <span class='ocrx_word' id='word_1_930' title='bbox 3031 5204 3441 5290; x_wconf 42' lang='lat' dir='ltr'><strong>miriﬁcarum-£53;</strong></span> 
     </span>
    </p>
   </div>
   <div class='ocr_carea' id='block_1_119' title="bbox 1849 5265 3441 5348">
    <p class='ocr_par' dir='ltr' id='par_1_119' title="bbox 1849 5265 3441 5348">
     <span class='ocr_line' id='line_1_121' title="bbox 1849 5265 3441 5348; baseline 0.02 -39"><span class='ocrx_word' id='word_1_931' title='bbox 1849 5267 1959 5348; x_wconf 39' lang='lat' dir='ltr'><strong>intra</strong></span> <span class='ocrx_word' id='word_1_932' title='bbox 1976 5265 2365 5348; x_wconf 37' lang='lat' dir='ltr'><strong>pffﬁdmm&#39;tualii</strong></span> <span class='ocrx_word' id='word_1_933' title='bbox 2378 5269 2601 5332; x_wconf 75' lang='lat' dir='ltr'><strong>facienda</strong></span> <span class='ocrx_word' id='word_1_934' title='bbox 2619 5286 2689 5348; x_wconf 63' lang='lat' dir='ltr'><strong>ea;</strong></span> <span class='ocrx_word' id='word_1_935' title='bbox 2707 5283 2822 5348; x_wconf 57' lang='lat' dir='ltr'><strong>Legg</strong></span> <span class='ocrx_word' id='word_1_936' title='bbox 2832 5265 3116 5348; x_wconf 57' lang='lat' dir='ltr'><strong>decernunt:</strong></span> <span class='ocrx_word' id='word_1_937' title='bbox 3127 5265 3342 5348; x_wconf 59' lang='lat'><strong>“£1256;</strong></span> <span class='ocrx_word' id='word_1_938' title='bbox 3361 5265 3441 5341; x_wconf 47' lang='lat' dir='ltr'><strong>liii:</strong></span> 
     </span>
    </p>
   </div>
   <div class='ocr_carea' id='block_1_120' title="bbox 1848 5326 3438 5404">
    <p class='ocr_par' dir='ltr' id='par_1_120' title="bbox 1848 5326 3438 5404">
     <span class='ocr_line' id='line_1_122' title="bbox 1848 5326 3438 5404; baseline 0.019 -33"><span class='ocrx_word' id='word_1_939' title='bbox 1848 5326 1995 5404; x_wconf 38' lang='lat' dir='ltr'><strong>quia,</strong></span> <span class='ocrx_word' id='word_1_940' title='bbox 2012 5326 2109 5404; x_wconf 71' lang='lat' dir='ltr'><strong>illis</strong></span> <span class='ocrx_word' id='word_1_941' title='bbox 2144 5326 2456 5404; x_wconf 31' lang='lat' dir='ltr'><strong>itten‘dnriinn</strong></span> <span class='ocrx_word' id='word_1_942' title='bbox 2491 5326 2877 5404; x_wconf 60' lang='lat' dir='ltr'><strong>prominentibus</strong></span> <span class='ocrx_word' id='word_1_943' title='bbox 2911 5326 3190 5395; x_wconf 63' lang='lat' dir='ltr'><strong>Sacerdotes</strong></span> <span class='ocrx_word' id='word_1_944' title='bbox 3213 5326 3438 5404; x_wconf 43' lang='lat' dir='ltr'><strong>iniiinii;</strong></span> 
     </span>
    </p>
   </div>
   <div class='ocr_carea' id='block_1_121' title="bbox 1849 5385 3436 5476">
    <p class='ocr_par' dir='ltr' id='par_1_121' title="bbox 1849 5385 3436 5476">
     <span class='ocr_line' id='line_1_123' title="bbox 1849 5385 3436 5476; baseline 0.001 -1"><span class='ocrx_word' id='word_1_945' title='bbox 1849 5385 2891 5476; x_wconf 48' lang='lat' dir='ltr'><strong>Et‘f&#39;ssm&#39;I-t‘fsf.eaeeae.Mere</strong></span> <span class='ocrx_word' id='word_1_946' title='bbox 2912 5385 3436 5476; x_wconf 48' lang='lat' dir='ltr'><strong>saerata:</strong></span> 
     </span>
    </p>
   </div>
   <div class='ocr_carea' id='block_1_122' title="bbox 1914 5448 3437 5527">
    <p class='ocr_par' dir='ltr' id='par_1_122' title="bbox 1914 5448 3437 5527">
     <span class='ocr_line' id='line_1_124' title="bbox 1914 5448 3437 5527; baseline 0.02 -31"><span class='ocrx_word' id='word_1_947' title='bbox 1914 5448 1992 5527; x_wconf 39' lang='lat' dir='ltr'><strong>ina</strong></span> <span class='ocrx_word' id='word_1_948' title='bbox 2009 5448 2188 5527; x_wconf 57' lang='lat' dir='ltr'><strong>talibus</strong></span> <span class='ocrx_word' id='word_1_949' title='bbox 2202 5451 2475 5527; x_wconf 56' lang='lat' dir='ltr'><strong>cnducatur</strong></span> <span class='ocrx_word' id='word_1_950' title='bbox 2488 5492 2502 5514; x_wconf 97' lang='lat'><strong>,</strong></span> <span class='ocrx_word' id='word_1_951' title='bbox 2529 5448 2850 5527; x_wconf 57' lang='lat' dir='ltr'><strong>scriptimiest</strong></span> <span class='ocrx_word' id='word_1_952' title='bbox 2863 5448 2883 5519; x_wconf 19' lang='grc' dir='ltr'><strong>,ί</strong></span> <span class='ocrx_word' id='word_1_953' title='bbox 2904 5448 2960 5512; x_wconf 68' lang='grc' dir='ltr'><strong>ιέὶ</strong></span> <span class='ocrx_word' id='word_1_954' title='bbox 2972 5448 3437 5527; x_wconf 51' lang='lat' dir='ltr'><strong>‘Mi’tu?</strong></span> 
     </span>
    </p>
   </div>
   <div class='ocr_carea' id='block_1_123' title="bbox 1893 5508 3437 5589">
    <p class='ocr_par' dir='ltr' id='par_1_123' title="bbox 1893 5508 3437 5589">
     <span class='ocr_line' id='line_1_125' title="bbox 1893 5508 3437 5589; baseline 0 0"><span class='ocrx_word' id='word_1_955' title='bbox 1893 5508 1978 5589; x_wconf 52' lang='lat' dir='ltr'><strong>{iii</strong></span> <span class='ocrx_word' id='word_1_956' title='bbox 2004 5508 2640 5589; x_wconf 61' lang='grc' dir='ltr'><strong>ἕ¹11ίέιέ,η3⁴ίξῖ¹άε²ηέ.⁷ὶεεῖἔδί</strong></span> <span class='ocrx_word' id='word_1_957' title='bbox 2668 5520 2772 5589; x_wconf 63' lang='grc' dir='ltr'><strong>,θεᾷ</strong></span> <span class='ocrx_word' id='word_1_958' title='bbox 2811 5508 3437 5589; x_wconf 55' lang='grc' dir='ltr'><strong>ῦόδῶἆιῖτῆἷὶὶὶῖῶίῖ“”ιᾶὶὲῗι</strong></span> 
     </span>
    </p>
   </div>
   <div class='ocr_carea' id='block_1_124' title="bbox 1846 5573 3438 5649">
    <p class='ocr_par' dir='ltr' id='par_1_124' title="bbox 1846 5573 3438 5649">
     <span class='ocr_line' id='line_1_126' title="bbox 1846 5573 3438 5649; baseline 0.018 -28"><span class='ocrx_word' id='word_1_959' title='bbox 1846 5583 2103 5649; x_wconf 56' lang='lat' dir='ltr'><strong>mensesse</strong></span> <span class='ocrx_word' id='word_1_960' title='bbox 2119 5573 2318 5649; x_wconf 51' lang='lat' dir='ltr'><strong>genuit.</strong></span> <span class='ocrx_word' id='word_1_961' title='bbox 2488 5573 2636 5648; x_wconf 73' lang='lat' dir='ltr'><strong>igitur</strong></span> <span class='ocrx_word' id='word_1_962' title='bbox 2657 5573 2850 5649; x_wconf 59' lang='grc' dir='ltr'><strong>[ιιι-ἱρά,</strong></span> <span class='ocrx_word' id='word_1_963' title='bbox 2868 5573 3303 5649; x_wconf 57' lang='grc' dir='ltr'><strong>εζόιιὲἦὸιῦςξςῦἦῦηι</strong></span> 
     </span>
    </p>
   </div>
   <div class='ocr_carea' id='block_1_125' title="bbox 1845 5632 3435 5715">
    <p class='ocr_par' dir='ltr' id='par_1_125' title="bbox 1845 5632 3435 5715">
     <span class='ocr_line' id='line_1_127' title="bbox 1845 5632 3435 5715; baseline 0.02 -37"><span class='ocrx_word' id='word_1_964' title='bbox 1845 5632 2467 5715; x_wconf 24' lang='grc' dir='ltr'><strong>ρέςςῃΔέιιςίξιέἱξηιιεριςιιὲξίιΔ,</strong></span> <span class='ocrx_word' id='word_1_965' title='bbox 2506 5632 2618 5715; x_wconf 57' lang='lat' dir='ltr'><strong>Sive</strong></span> <span class='ocrx_word' id='word_1_966' title='bbox 2651 5632 3435 5715; x_wconf 45' lang='lat' dir='ltr'><strong>inpuniae&#39;héé}?§ii3‘,&quot;&#39;&amp;1i§</strong></span> 
     </span>
    </p>
   </div>
   <div class='ocr_carea' id='block_1_126' title="bbox 1846 5695 3435 5778">
    <p class='ocr_par' dir='ltr' id='par_1_126' title="bbox 1846 5695 3435 5778">
     <span class='ocr_line' id='line_1_128' title="bbox 1846 5695 3435 5778; baseline 0.021 -38"><span class='ocrx_word' id='word_1_967' title='bbox 1846 5695 2009 5768; x_wconf 51' lang='lat' dir='ltr'><strong>stupor</strong></span> <span class='ocrx_word' id='word_1_968' title='bbox 2030 5702 2075 5778; x_wconf 53' lang='lat' dir='ltr'><strong>e&#39;t</strong></span> <span class='ocrx_word' id='word_1_969' title='bbox 2098 5695 2339 5778; x_wconf 64' lang='lat' dir='ltr'><strong>mirabilis:</strong></span> <span class='ocrx_word' id='word_1_970' title='bbox 2363 5695 2487 5778; x_wconf 67' lang='lat' dir='ltr'><strong>[octo</strong></span> <span class='ocrx_word' id='word_1_971' title='bbox 2511 5708 2618 5772; x_wconf 77' lang='lat' dir='ltr'><strong>sunt</strong></span> <span class='ocrx_word' id='word_1_972' title='bbox 2635 5742 2653 5778; x_wconf 75' lang='lat'><strong>_,</strong></span> <span class='ocrx_word' id='word_1_973' title='bbox 2680 5695 2907 5778; x_wconf 62' lang='lat' dir='ltr'><strong>q&#39;ttianec</strong></span> <span class='ocrx_word' id='word_1_974' title='bbox 2923 5695 3299 5778; x_wconf 54' lang='lat' dir='ltr'><strong>in&quot;;3ii:ia&quot;3iiizs</strong></span> 
     </span>
    </p>
   </div>
   <div class='ocr_carea' id='block_1_127' title="bbox 1843 5756 3437 5839">
    <p class='ocr_par' dir='ltr' id='par_1_127' title="bbox 1843 5756 3437 5839">
     <span class='ocr_line' id='line_1_129' title="bbox 1843 5756 3437 5839; baseline 0.016 -31"><span class='ocrx_word' id='word_1_975' title='bbox 1843 5756 1895 5808; x_wconf 83' lang='lat' dir='ltr'><strong>in</strong></span> <span class='ocrx_word' id='word_1_976' title='bbox 1919 5756 2091 5839; x_wconf 62' lang='lat' dir='ltr'><strong>populo</strong></span> <span class='ocrx_word' id='word_1_977' title='bbox 2105 5758 2322 5839; x_wconf 67' lang='lat' dir='ltr'><strong>inventus</strong></span> <span class='ocrx_word' id='word_1_978' title='bbox 2338 5756 2417 5820; x_wconf 74' lang='lat' dir='ltr'><strong>sit,</strong></span> <span class='ocrx_word' id='word_1_979' title='bbox 2443 5762 2525 5835; x_wconf 69' lang='lat' dir='ltr'><strong>qui</strong></span> <span class='ocrx_word' id='word_1_980' title='bbox 2548 5756 2679 5839; x_wconf 60' lang='lat' dir='ltr'><strong>recta</strong></span> <span class='ocrx_word' id='word_1_981' title='bbox 2694 5756 2915 5839; x_wconf 61' lang='lat' dir='ltr'><strong>sentiret.</strong></span> <span class='ocrx_word' id='word_1_982' title='bbox 2929 5756 3437 5839; x_wconf 51' lang='lat' dir='ltr'><strong>three.er</strong></span> 
     </span>
    </p>
   </div>
   <div class='ocr_carea' id='block_1_128' title="bbox 1847 5830 2946 5885">
    <p class='ocr_par' dir='ltr' id='par_1_128' title="bbox 1847 5830 2946 5885">
     <span class='ocr_line' id='line_1_130' title="bbox 1847 5830 2946 5885; baseline 0.013 -16"><span class='ocrx_word' id='word_1_983' title='bbox 1847 5834 1906 5869; x_wconf 57' lang='grc' dir='ltr'><strong>οι</strong></span> <span class='ocrx_word' id='word_1_984' title='bbox 1941 5830 2206 5885; x_wconf 63' lang='grc' dir='ltr'><strong>1ειιιιιιιιξίιιιῐ</strong></span> <span class='ocrx_word' id='word_1_985' title='bbox 2235 5830 2277 5871; x_wconf 80' lang='grc' dir='ltr'><strong>ιιι</strong></span> <span class='ocrx_word' id='word_1_986' title='bbox 2313 5830 2562 5875; x_wconf 80' lang='lat' dir='ltr'><strong>Ieremiam</strong></span> <span class='ocrx_word' id='word_1_987' title='bbox 2583 5835 2946 5883; x_wconf 80' lang='lat' dir='ltr'><strong>Commentario.</strong></span> 
     </span>
    </p>
   </div>
   <div class='ocr_carea' id='block_1_129' title="bbox 2752 5918 3073 6002">
    <p class='ocr_par' dir='ltr' id='par_1_129' title="bbox 2752 5918 3073 6002">
     <span class='ocr_line' id='line_1_131' title="bbox 2752 5918 3073 6002; baseline 0.012 -24"><span class='ocrx_word' id='word_1_988' title='bbox 2752 5918 2946 5997; x_wconf 72' lang='grc' dir='ltr'><strong>(Τνεή</strong></span> <span class='ocrx_word' id='word_1_989' title='bbox 2959 5929 3073 6002; x_wconf 68' lang='lat' dir='ltr'><strong>te.)</strong></span> 
     </span>
    </p>
   </div>
  </div>
