3874 6310
437 234 575 302 ’988

1622 229 1682 287 s.
1722 223 2487 301 Aucusrmtgsrccuwu
3641 237 3716 297 ιιι

461 351 722 425 numquid
750 349 930 407 vivet?
952 348 1069 407 Non
1096 346 1273 403 vivet:
1297 360 1416 403 cum
1462 346 1708 402 universa
1737 344 2049 401 detestanda
2090 360 2134 375 ἰ
2162 344 2495 415 sanguinem.
2522 343 2732 400 Patrem
2759 353 2814 399 et
2839 352 3066 402 matrem
3091 346 3446 403 contumeliis
3472 348 3715 412 aﬂ‘eceuznt

463 445 579 502 haec
614 445 830 505 fecerit,
875 447 1050 496 morte
1091 439 1385 503 morietur;
1425 438 1639 509 sanguis
1676 437 1791 505 ejus
1836 435 1890 491 in
1937 435 2052 505 ipso

461 535 586 591 erit.
618 533 771 602 Quod
804 531 847 586 si
876 528 1120 601 genuerit
1161 528 1360 593 filium,
1392 528 1479 596 qui
1511 528 1698 582 videns
1722 527 1900 581 omnia
1928 539 2050 595 pcc-

462 635 584 684 cata
612 624 777 697 patris
800 622 880 678 sui
909 636 1029 693 qua:
1058 620 1213 688 fecit,
1242 620 1475 675 timuerit
1495 659 1509 680 ,
1542 627 1595 673 et
1622 633 1727 674 non
1760 617 1946 672 fecerit
1976 618 2048 671 sic
2096 654 2097 663 η

392 720 401 727 ’
467 719 594 775 mile
636 718 751 781 eis;
793 729 955 786 super
1001 722 1211 769 montes
1265 728 1372 767 non
1412 711 1725 773 comederit,
1772 721 1827 767 et
1868 710 2053 765 oculos

464 827 592 868 suos
625 827 729 866 non
759 807 1014 864 Ievaverit
1038 805 1105 861 ad
1135 805 1269 861 idola
1294 803 1485 859 domus
1516 803 1711 869 Israel;
1744 812 1797 858 et
1829 817 2051 857 uxorem
2105 818 2108 825 ’

467 904 693 976 proximi
730 902 811 957 sui
842 915 950 956 non
975 898 1277 962 violaverit;
1317 906 1373 953 et
1400 897 1574 951 virum
1613 913 1723 951 non
1761 895 2049 952 contrista-

463 998 633 1066 verit,
663 995 852 1067 pignus
876 1009 983 1049 non
1016 992 1295 1048 retinuerit
1317 1033 1334 1057 ,
1365 999 1419 1046 ct
1463 991 1701 1062 rapinam
1731 1004 1836 1047 non
1859 1005 2053 1061 rapue-

460 1089 566 1154 rit;
602 1103 788 1158 panem
831 1100 987 1141 suum
1014 1084 1267 1140 esurienti
1309 1082 1550 1149 dederit,
1593 1091 1650 1139 et
1695 1083 1895 1138 nudum
1923 1097 2053 1154 ope-

461 1183 629 1241 ruerit
655 1180 1008 1246 vestimento;
1034 1194 1064 1232 a
1088 1176 1335 1248 pauperis
1353 1175 1541 1246 injuria
1562 1178 1814 1231 averterit
1833 1189 2051 1228 manum

461 1289 637 1338 suam,
669 1285 891 1347 usuram
922 1279 978 1325 et
1009 1266 1548 1339 superabundantiam
1592 1283 1696 1322 non
1742 1265 2047 1335 acceperit;

459 1366 657 1439 judicia
679 1378 796 1420 mea
819 1362 1025 1429 fecerit,
1048 1370 1105 1417 et
1129 1361 1182 1415 in
1213 1359 1493 1432 prwceptis
1510 1359 1645 1414 meis
1663 1356 2047 1412 ambulaverit:

462 1457 551 1514 bic
578 1471 685 1513 non
712 1454 969 1511 morietur
994 1452 1048 1508 in
1080 1451 1357 1523 iniquitate
1392 1452 1556 1522 patris
1580 1450 1684 1516 sui,
1718 1449 1812 1505 sed
1840 1450 1947 1504 vita
1971 1448 2054 1504 vi-

462 1559 570 1605 vet.
614 1548 776 1604 Pater
820 1547 937 1615 ejus
978 1544 1100 1615 quia
1147 1542 1498 1599 calumniatus
1538 1549 1658 1609 est,
1697 1551 1754 1596 et
1790 1540 1895 1595 vim
1925 1538 2053 1595 fecit

463 1639 644 1703 fratri,
673 1646 729 1693 et
755 1636 953 1691 malum
980 1642 1231 1705 operatus
1266 1642 1350 1688 est
1397 1633 1450 1687 in
1498 1631 1677 1686 medio
1717 1631 1893 1702 populi
1924 1629 2004 1684 sui
2032 1646 2048 1696 ;

460 1743 589 1785 ecce
617 1734 857 1782 mortuus
881 1735 962 1781 est
990 1723 1264 1795 iniquitate
1283 1737 1398 1778 sua.
1428 1723 1493 1777 Et
1518 1722 1713 1786 dicitis,
1746 1723 1921 1789 Quare
1943 1737 2049 1775 non

464 1818 697 1892 portavit
722 1816 860 1871 filius
881 1815 1209 1885 iniquitatem
1233 1813 1442 1885 patris?
1470 1812 1728 1868 Videlicet
1759 1814 1878 1883 quia
1913 1812 2051 1867 filius

459 1910 716 1984 judicium
754 1915 811 1965 et
830 1907 1090 1979 justitiam
1129 1917 1382 1976 operatus
1408 1913 1520 1970 est;
1560 1904 1739 1959 omnia
1785 1912 2051 1974 praecepta

461 2017 584 2058 mea
626 1999 913 2057 custodivit
950 2008 1007 2055 et
1048 1996 1174 2053 fecit
1213 1996 1341 2052 illa:
1371 1996 1482 2052 vita
1526 1995 1686 2051 vivet.
1715 1995 1902 2050 Anima
1932 2010 2051 2066 qua:

461 2094 762 2168 peccaverit
782 2135 799 2161 ,
827 2092 941 2160 ipsa
968 2091 1246 2146 morietur.
1276 2087 1442 2144 Filius
1470 2104 1574 2143 non
1605 2087 1834 2159 portabit
1860 2087 2051 2156 iniqui-

463 2196 629 2281 ta‘tem
661 2187 824 2257 patris
849 2226 863 2250 ,
889 2193 942 2240 et
972 2194 1122 2254 pater
1151 2198 1255 2237 non
1296 2182 1528 2253 portabit
1564 2181 1893 2253 iniquitatem
1935 2181 2047 2236 filii.

461 2272 675 2335 histilia
704 2275 835 2345 justi
877 2288 1038 2345 super
1078 2288 1201 2329 eum
1248 2272 1383 2339 erit,
1415 2282 1471 2329 et
1496 2272 1740 2343 imj‘tietas
1771 2273 1915 2342 impii
1950 2273 2053 2329 erit

460 2382 624 2438 super
648 2381 791 2423 eum.
820 2365 877 2421 Si
918 2376 1094 2420 autem
1139 2364 1331 2434 impius
1366 2363 1536 2434 egerit
1580 2364 1941 2433 paenitentiam
1981 2364 2050 2418 ab

459 2458 711 2518 Omnibus
739 2458 971 2529 peccatis
994 2456 1106 2511 suis
1142 2472 1262 2527 qua:
1290 2464 1541 2525 operatus
1567 2465 1670 2520 est,
1697 2466 1751 2511 et
1775 2455 2048 2511 custodie-

460 2554 534 2611 rit
557 2553 803 2608 universa
832 2559 1098 2622 pra'cepta
1126 2565 1267 2617 mea,
1297 2558 1353 2605 et
1397 2548 1583 2604 fecerit
1602 2549 1860 2619 judicium
1887 2557 1941 2604 et
1960 2549 2049 2620 ju—

458 2646 696 2711 stitiam;
736 2644 842 2700 vita
870 2643 1032 2708 vivet,
1053 2650 1110 2697 et
1134 2656 1237 2696 nou
1271 2640 1549 2698 morietur.
1577 2639 1827 2696 Omnium
1855 2641 2049 2710 iniqui-

458 2746 629 2794 tatum
666 2734 783 2807 ejus
819 2749 952 2806 quas
990 2741 1244 2805 operatus
1285 2740 1400 2799 est,
1434 2748 1540 2788 non
1589 2730 1949 2795 recordabar;
1998 2730 2050 2785 in

458 2828 660 2904 justitia
682 2842 778 2882 sua
804 2841 964 2897 quam
990 2834 1245 2896 operatus
1271 2831 1355 2880 est
1378 2823 1538 2877 vivet.
1564 2821 1829 2892 Numquid
1859 2822 2049 2875 volun-

459 2922 588 2978 tatis
616 2934 752 2975 mea:
785 2925 869 2974 est
910 2932 1060 2971 mors
1104 2916 1287 2985 impii,
1317 2914 1447 2970 dicit
1492 2914 1751 2969 Dominus
1793 2914 1962 2976 Deus,
1995 2922 2053 2967 et

459 3026 569 3069 non
610 3021 667 3066 ut
713 3017 1056 3065 convertatur
1084 3021 1114 3061 a
1141 3008 1241 3061 viis
1284 3006 1427 3071 suis,
1458 3014 1514 3060 et
1552 3005 1731 3058 vivat?
1771 3002 1825 3059 Si
1871 3013 2051 3058 autem

459 3105 715 3163 averterit
736 3118 794 3159 se
820 3102 993 3173 justus
1018 3116 1044 3152 a
1063 3099 1263 3169 justitia
1292 3113 1409 3164 sua,
1432 3105 1488 3153 et
1510 3096 1693 3152 fecerit
1722 3096 2049 3166 iniquitatem

460 3196 756 3254 secundum
802 3207 991 3248 omnes
1034 3189 1457 3245 abominationes
1492 3202 1625 3259 quas
1664 3186 1872 3258 operari
1916 3187 2053 3241 solet

425 3275 434 3283 ’
460 3289 690 3361 impius;
719 3284 972 3355 numquid
1002 3286 1181 3339 vivet?
1207 3282 1407 3338 Omnes
1427 3280 1648 3352 jusdtiae
1672 3280 1791 3345 eius
1815 3293 1949 3349 quas
1974 3276 2053 3334 fe-

460 3394 629 3449 cerat,
660 3396 764 3437 non
795 3377 1236 3435 recordabuntur.
1267 3375 1323 3431 ln
1352 3375 1786 3446 praevaricatione
1817 3388 1915 3428 sua
1946 3389 2051 3445 qua

461 3474 843 3548 prtevaricatus
873 3478 974 3537 est,
1005 3478 1060 3526 et
1086 3471 1139 3524 in
1166 3476 1383 3540 peccato
1411 3483 1509 3523 suo
1533 3466 1674 3538 quod
1708 3466 1967 3537 peccavit,
1997 3468 2050 3522 in

459 3568 593 3641 ipsis
617 3564 894 3623 morietur.
925 3562 995 3619 Et
1017 3562 1248 3628 dixistis,
1274 3558 1391 3617 Non
1417 3570 1500 3615 est
1524 3575 1674 3632 aequa
1701 3560 1784 3614 via
1817 3560 2046 3615 Domini.

459 3656 656 3717 Audite
681 3670 831 3727 ergo,
858 3654 1049 3710 domus
1076 3652 1237 3708 Israel
1261 3670 1275 3706 :
1298 3650 1564 3722 Numquid
1594 3652 1675 3706 via
1702 3667 1818 3705 mea
1848 3666 1951 3706 non
1968 3661 2052 3707 est

460 3765 613 3823 inqua
636 3790 652 3817 ,
700 3758 757 3805 et
799 3762 905 3802 non
955 3745 1123 3816 magis
1163 3745 1264 3798 via:
1303 3753 1496 3799 vestra:
1523 3759 1698 3813 prava:
1723 3743 1886 3799 sunt?
1914 3744 2048 3799 Cum

460 3844 609 3901 enim
648 3840 902 3897 averterit
924 3854 983 3894 se
1002 3839 1180 3909 justus
1205 3853 1237 3893 a
1259 3838 1463 3906 justitia
1490 3852 1606 3900 sua,
1633 3847 1689 3892 et
1720 3837 1906 3893 fecerit
1948 3837 2051 3892 ini-

461 3936 742 4008 quitatem,
764 3931 1022 3986 morietur
1045 3930 1096 3984 in
1124 3929 1203 3984 eis
1224 3947 1235 3980 :
1259 3930 1309 3983 iu
1333 3927 1589 3999 injustitia
1611 3944 1768 3999 quam
1799 3939 2050 4000 operatus

462 4034 545 4081 est
573 4021 850 4078 morietur.
884 4021 949 4075 Et
976 4034 1098 4075 cum
1128 4021 1381 4075 averterit
1422 4035 1481 4075 se
1526 4019 1723 4090 impius
1755 4021 1822 4075 ab
1859 4022 2050 4091 impie-

461 4125 573 4173 tate
621 4129 715 4171 sua
762 4127 921 4185 quam
965 4122 1216 4182 operatus
1254 4120 1354 4177 est,
1404 4120 1461 4166 ct
1496 4112 1681 4167 fecerit
1702 4112 1957 4182 judicium
1997 4122 2053 4170 et

458 4206 739 4281 justitiam,
769 4205 883 4274 ipse
908 4206 1138 4259 animam
1166 4217 1316 4258 suam
1349 4202 1653 4258 vivificabit.
1681 4202 2052 4261 Considetavit

460 4301 628 4368 cnim,
671 4308 726 4356 et
765 4296 958 4354 avertit
1003 4312 1064 4352 se
1123 4295 1192 4351 ab
1230 4295 1477 4351 omnibus
1529 4294 1897 4365 iniquitatibus
1938 4299 2052 4354 suis

462 4406 600 4465 quas
643 4400 893 4462 operatus
935 4400 1053 4455 est;
1100 4388 1204 4443 vita
1235 4388 1399 4451 vivet,
1434 4396 1491 4443 et
1525 4403 1632 4443 non
1676 4388 1951 4444 morietur.
1982 4388 2053 4445 Et

461 4485 647 4540 dicunt
678 4482 768 4538 filii
799 4481 981 4548 Israel,
1000 4478 1120 4536 Non
1140 4468 1223 4537 est
1246 4495 1395 4551 requa
1418 4480 1503 4535 via
1536 4480 1764 4536 Domini.
1784 4480 2051 4553 Numquid

461 4577 565 4631 via:
585 4588 720 4629 mea:
748 4582 877 4630 nent
898 4582 1021 4628 sunt
1041 4587 1227 4642 atquae,
1253 4571 1443 4626 domus
1473 4571 1654 4638 Israel,
1677 4582 1733 4628 et
1756 4589 1860 4628 non
1883 4574 2050 4646 magis

462 4666 567 4723 vim
589 4674 786 4720 vestrae
817 4662 1029 4734 ιιι-ιιγωῖ
1057 4663 1256 4718 Idcirco
1296 4676 1725 4733 unumquemque
1762 4663 1912 4733 juxta
1938 4665 2050 4719 vias

463 4771 590 4814 suas
610 4753 883 4827 judicabo,
912 4754 1103 4808 domus
1127 4751 1316 4817 Israel,
1342 4753 1418 4807 ait
1444 4752 1698 4807 Dominus
1725 4753 1884 4809 Deus.
1909 4753 2050 4811 Con-

461 4849 764 4914 vertitnini,
793 4855 848 4904 et
872 4846 1012 4918 agite
1040 4845 1404 4915 penitentiam
1435 4844 1504 4899 ab
1532 4846 1778 4900 omnibus
1804 4845 2051 4918 iniquita-

462 4946 608 5002 tibus
632 4941 847 5008 vestris,
878 4948 932 4995 ct
973 4954 1077 4993 non
1122 4938 1225 4992 erit
1252 4936 1402 4992 vobis
1432 4937 1482 4990 in
1528 4938 1734 4992 ruinam
1781 4938 2044 5010 iniquitas.

460 5037 715 5110 Projicite
739 5050 770 5089 a
804 5032 957 5089 vobis
992 5044 1180 5085 omnes
1221 5028 1687 5100 praevaricationes
1715 5038 1949 5098 vestras,
1993 5032 2047 5088 in

460 5130 657 5203 quibus
675 5124 1005 5199 prtevaricati
1026 5121 1177 5189 estis,
1204 5131 1259 5177 et
1291 5120 1446 5176 facite
1471 5121 1621 5176 vobis
1647 5138 1742 5177 cor
1767 5140 1960 5179 novum
1995 5135 2050 5181 et

460 5221 706 5295 spiritum
732 5232 928 5274 novum
954 5233 966 5268 :
992 5224 1047 5272 et
1074 5230 1239 5286 quare
1263 5214 1598 5280 moriemini,
1624 5212 1816 5270 domus
1846 5216 2048 5274 Israel?

461 5312 594 5381 Quia
623 5311 747 5366 nolo
771 5318 1000 5364 mortem
1021 5306 1317 5374 morientis,
1338 5304 1469 5360 dicit
1492 5306 1747 5363 Dominus
1768 5308 1907 5365 Deus
1926 5327 1940 5365 :
1962 5326 2047 5365 re-

462 5401 749 5466 vertimini,
780 5411 837 5457 et
865 5400 1024 5456 vivite
1047 5400 1085 5452 ί.

533 5494 598 5550 Et
639 5495 897 5567 aliquanto
940 5501 1055 5564 post
1095 5487 1279 5566 [me]
1327 5508 1340 5544 :
1390 5490 1530 5546 Ecce
1572 5492 1840 5562 principes
1883 5492 2045 5550 Israel

460 5587 652 5658 singuli
692 5584 744 5639 in
787 5582 1006 5639 brachio
1033 5597 1131 5637 suo
1165 5581 1379 5638 fuerunt
1403 5582 1455 5637 in
1486 5589 1539 5637 te
1563 5582 1631 5637 ad
1666 5582 2044 5641 etfuudcndum

525 5698 544 5730 ί
569 5696 743 5760 Rogita
762 5694 938 5757 codex,
960 5697 1008 5747 et
1026 5692 1207 5746 metis.

2161 436 2213 491 in
2244 447 2331 503 te;
2360 438 2616 492 advenam
2647 438 2953 493 calumniati
2982 448 3107 495 sunt
3141 440 3198 495 in
3230 442 3414 495 medio
3443 442 3550 505 tui;
3586 447 3716 515 pupil-

2161 528 2271 584 lum
2310 539 2365 584 et
2393 528 2604 584 viduam
2643 531 3093 586 contristaveruut
3132 532 3280 601 apud
3330 543 3404 589 te.
3450 531 3712 594 Sauctuaria

2160 637 2279 677 utea
2306 621 2602 692 sprevistis,
2622 631 2676 677 et
2702 623 2918 678 sabbata
2943 640 3059 679 mea
3090 625 3367 694 polluistis
3394 628 3434 679 ι.
3462 626 3565 682 Viri
3588 630 3703 686 delra

2159 722 2339 770 ctores
2367 713 2584 771 fuerunt
2612 716 2665 770 in
2697 726 2748 770 te
2781 715 2847 771 ad
2886 716 3273 773 effundendum
3316 722 3649 791 sanguinem;
3672 736 3709 781 et

2159 823 2323 878 super
2360 818 2568 864 montes
2605 809 2953 865 comederunt
2982 810 3034 865 iu
3068 820 3162 867 te:
3197 812 3382 867 scelus
3406 815 3600 883 operati
3624 827 3716 871 sunt

2159 899 2214 956 in
2245 901 2423 980 medio
2453 902 2549 956 ttti.
2577 900 2967 957 Verecuudiora
3001 902 3165 973 patris
3193 905 3654 975 discooperuerunt
3676 910 3711 964 in

2158 996 2233 1058 te,
2265 992 2651 1047 immunditiam
2684 1002 3025 1049 menstruam:
3053 994 3482 1052 bumiliavcrunt
3506 998 3557 1053 iu
3583 1009 3643 1056 te.
3665 1000 3712 1055 Et

2157 1086 2522 1154 unusquisque
2568 1085 2618 1139 in
2672 1101 2891 1141 uxorem
2946 1088 3179 1157 proximi
3235 1086 3323 1141 sui
3381 1100 3617 1159 operatus
3653 1103 3712 1147 est

2157 1174 2641 1231 abominationem:
2669 1185 2723 1231 et
2739 1191 2893 1232 socer
2909 1192 3099 1231 nurum
3122 1192 3282 1233 suam
3308 1178 3496 1249 polluit
3521 1179 3710 1245 nefarie;

2158 1266 2324 1322 frater
2350 1282 2590 1322 sororem
2621 1283 2788 1332 suam,
2822 1268 2981 1322 filiam
3013 1269 3179 1338 patris
3202 1268 3291 1322 sui
3313 1271 3575 1340 oppressit
3594 1271 3637 1324 iu
3659 1281 3709 1326 te.

2124 1378 2127 1381 λ
2156 1358 2375 1415 Munera
2405 1367 2732 1431 acceperunt
2758 1360 2899 1432 apud
2939 1369 2990 1416 te
3014 1361 3082 1416 ad
3120 1360 3512 1417 eﬂ'undendum
3544 1365 3713 1434 sangui-

2158 1469 2319 1519 nem;
2372 1468 2586 1508 usuram
2640 1462 2697 1509 et
2752 1448 3307 1522 Superabundantiam
3356 1456 3632 1525 accepisti,
3674 1465 3713 1511 et

2156 1562 2321 1604 avare
2343 1546 2614 1618 proximos
2633 1554 2751 1601 tuos
2777 1546 3213 1612 calunmiabaris,
3244 1548 3461 1618 meique
3486 1547 3633 1602 oblita
3651 1563 3709 1609 es.

2156 1640 2231 1695 ait
2262 1639 2515 1694 Dominus
2545 1639 2706 1694 Deus.
2739 1636 2809 1692 Et
2837 1648 2949 1709 post
2977 1639 3254 1710 paululum
3284 1654 3306 1694 :
3324 1638 3406 1725 .Et
3444 1640 3621 1695 factum
3651 1651 3711 1695 est

2157 1730 2378 1786 verbum
2409 1729 2616 1785 Domini
2644 1730 2711 1784 ad
2745 1746 2830 1785 me
2854 1730 3040 1786 dicens
3069 1749 3083 1784 :
3115 1730 3240 1785 Filii
3270 1730 3505 1786 hominis
3527 1773 3542 1791 ,
3563 1731 3637 1785 dic
3656 1732 3707 1795 ei.

2156 1822 2234 1878 Tu
2265 1839 2323 1878 es
2344 1832 2483 1878 terra
2506 1823 2798 1889 immunda,
2827 1832 3006 1879 etnon
3033 1823 3312 1894 compluta
3337 1824 3391 1879 in
3418 1823 3505 1878 die
3531 1822 3706 1879 furoris.

2156 1917 2469 1988 Coujuratio
2497 1917 2873 1988 prophetarum
2904 1917 2959 1973 in
2984 1917 3164 1973 medio
3196 1918 3337 1989 ejus.
3374 1917 3522 1973 Sicut
3548 1917 3620 1972 leo
3640 1932 3707 1970 ru-

2155 2010 2307 2081 giens
2348 2010 2668 2081 capiensque
2710 2009 2945 2081 prredam
2972 2052 2987 2076 ,
3018 2010 3255 2065 animam
3287 2011 3309 2042 ²
3337 2008 3703 2073 devoraverunt,

2157 2115 2288 2170 opes
2317 2109 2371 2154 et
2404 2102 2629 2170 pretium
2662 2108 2981 2170 acceperunt
3005 2142 3022 2167 ,
3064 2100 3255 2154 viduas
3285 2100 3403 2171 ejus
3429 2099 3705 2170 multiplica-

2159 2200 2351 2246 verunt
2368 2191 2417 2243 in
2442 2191 2618 2247 medio
2637 2190 2796 2245 illius.
2821 2190 3142 2248 Sacerdotes
3170 2192 3293 2261 ejus
3314 2199 3705 2261 contempserunt

2158 2282 2327 2352 legem
2370 2299 2562 2347 meam,
2608 2293 2663 2339 et
2708 2283 3010 2352 polluerunt
3054 2284 3363 2339 sauctuaria
3408 2299 3562 2338 mea:
3597 2286 3703 2336 inter

2155 2384 2396 2430 sanetum
2432 2383 2485 2429 et
2523 2374 2802 2444 profanum
2845 2392 2950 2430 non
2983 2374 3290 2431 habuerunt
3318 2375 3639 2437 distantiam,
3664 2381 3704 2428 et

2157 2467 2295 2521 inter
2333 2466 2589 2536 pollutum
2629 2478 2682 2520 et
2722 2464 3053 2520 immundum
3095 2483 3204 2521 non
3250 2466 3626 2521 intellexerunt.
3655 2460 3703 2515 Et

2156 2570 2267 2631 post
2294 2559 2420 2614 duas
2451 2575 2620 2614 versus
2650 2578 2663 2614 :
2692 2559 2967 2629 Principes
2995 2559 3111 2629 ejus
3141 2559 3195 2613 in
3229 2558 3409 2614 medio
3438 2559 3570 2614 illius
3585 2556 3702 2628 quasi

2157 2650 2264 2720 lupi
2298 2650 2567 2720 rapientes
2593 2649 2825 2719 prirdam
2852 2691 2867 2715 ,
2899 2649 2965 2704 ad
2991 2649 3381 2705 effundendum
3413 2648 3699 2718 sanguinem,

2154 2752 2207 2797 et
2257 2742 2323 2797 ad
2372 2742 2668 2813 perdendas
2712 2743 2940 2807 animas,
2992 2752 3229 2799 etavare
3276 2742 3522 2798 sectanda
3568 2741 3698 2795 lucra.

2154 2832 2437 2903 Pmpbeta:
2481 2843 2657 2888 autem
2698 2834 2814 2902 ejus
2844 2834 3102 2891 liniebant
3129 2849 3228 2891 eos
3252 2835 3452 2905 absque
3477 2842 3699 2902 tempera-

2155 2934 2360 2991 mento,
2391 2925 2633 2981 videnles
2661 2940 2819 2992 vana,
2849 2934 2903 2980 et
2936 2925 3244 2982 divinantes
3273 2926 3605 2986 mendacium,
3634 2921 3698 2975 di-

2154 3025 2357 3079 centes,
2394 3016 2517 3072 Ha'c
2542 3017 2670 3072 dicit
2696 3017 2953 3073 Dominus
2988 3018 3169 3085 Deus;
3203 3035 3328 3074 cum
3362 3018 3595 3073 Dominus
3614 3028 3695 3069 non

2155 3109 2223 3164 sit
2250 3108 2475 3164 locutus.
2508 3110 2696 3180 Populi
2729 3118 2887 3166 terrm
2912 3112 3378 3167 calumriiabautur
3403 3108 3696 3167 calumniam.

2155 3209 2211 3256 et
2250 3200 2525 3271 rapiebant
2564 3201 2860 3266 violenter,
2905 3217 3132 3272 egenum
3181 3213 3238 3259 et
3284 3215 3558 3273 pauperem
3595 3196 3697 3251 afﬂi-

2153 3292 2382 3364 gebant,
2426 3301 2479 3347 et
2507 3293 2768 3348 advenam
2810 3294 3189 3365 Opprimebant
3236 3293 3496 3350 calumnia
3535 3291 3698 3357 absque

2150 3383 2372 3455 judicio.
2425 3384 2490 3439 Et
2531 3385 2750 3456 qumsivi
2797 3386 2863 3439 de
2912 3386 2991 3441 eis
3037 3385 3213 3442 virum
3254 3386 3347 3458 qui
3384 3386 3696 3452 interponeret

2155 3492 2372 3546 sepem,
2402 3485 2456 3531 et
2488 3484 2655 3532 staret
2693 3476 2969 3547 oppositus
2995 3485 3183 3532 contra
3221 3492 3309 3532 me
3349 3492 3440 3545 pro
3465 3484 3588 3528 terra
3610 3511 3622 3535 ,
3647 3483 3696 3522 ne

2154 3568 2518 3639 disperderem
2555 3584 2706 3633 eam;
2738 3580 2785 3622 et
2817 3583 2921 3622 non
2948 3569 3143 3624 inveni.
3181 3569 3252 3624 Et
3279 3567 3435 3623 eﬂudi
3462 3574 3693 3635 supereos

2156 3659 2571 3730 indignationem
2614 3674 2807 3724 meam,
2839 3668 2893 3714 et
2921 3660 2976 3715 in
3007 3660 3126 3730 igne
3154 3660 3252 3715 irae
3282 3676 3411 3714 mea:
3434 3649 3693 3721 consumpsi

2155 3765 2269 3805 eos.
2294 3750 2441 3804 Viam
2466 3764 2651 3805 eorum
2678 3750 2731 3805 in
2757 3761 2917 3822 caput
2940 3766 3125 3807 eorum
3149 3752 3381 3816 reddidi,
3398 3750 3467 3804 ait
3484 3745 3693 3803 Dominus

2155 3842 2314 3897 Deus.

2228 3933 2296 3987 Et
2322 3932 2582 4003 aliquanto
2610 3943 2721 4004 post
2748 3930 2997 4007 [χχχιιι]
3028 3953 3040 3989 :
3077 3934 3145 3990 Et
3175 3935 3372 3991 factum
3410 3941 3487 3988 est
3512 3925 3691 3983 verbum

2156 4026 2364 4082 Dontiai
2395 4025 2461 4080 ad
2492 4041 2577 4081 me
2606 4026 2811 4093 dicens,
2844 4025 2942 4095 Fili
2973 4027 3227 4085 hominis.
3262 4029 3471 4097 loquere
3503 4020 3559 4075 ad
3585 4017 3691 4070 lilios

2153 4120 2335 4190 populi
2369 4119 2463 4187 ttti,
2492 4128 2546 4173 et
2570 4118 2716 4175 dices
2740 4120 2807 4174 ad
2832 4135 2946 4187 eos,
2970 4119 3134 4175 Terra
3157 4135 3282 4175 cum
3305 4118 3546 4175 induxere
3563 4120 3690 4178 super

2155 4226 2274 4265 eam
2299 4210 2554 4280 gladium,
2582 4218 2637 4265 et
2660 4210 2841 4265 tulerit
2866 4212 3091 4282 populus
3113 4220 3273 4268 terra:
3294 4211 3457 4264 virum
3483 4215 3620 4259 unum
3639 4196 3689 4251 de

2156 4303 2462 4358 novissimis
2491 4304 2602 4358 suis
2628 4346 2641 4369 ,
2673 4313 2726 4359 et
2751 4305 3091 4360 constituerit
3117 4322 3243 4362 eum
3271 4319 3430 4375 super
3453 4317 3506 4356 se
3531 4308 3686 4367 ερθω·

2156 4395 2413 4461 latorem;
2462 4405 2516 4451 et
2561 4396 2651 4451 ille
2700 4396 2892 4452 viderit
2944 4398 3174 4468 gladium
3231 4399 3517 4453 venientem
3562 4398 3688 4454 super

2157 4496 2373 4553 terram,
2400 4496 2453 4543 et
2477 4488 2731 4542 cecinerit
2753 4489 2994 4556 buccina,
3013 4501 3063 4545 et
3087 4486 3469 4545 annuntiaverit
3493 4476 3684 4552 ρυρυιοε

2156 4577 2380 4632 audiens
2407 4587 2585 4633 autem
2616 4579 2859 4650 quisquis
2890 4580 2979 4635 ille.
3017 4591 3099 4637 est
3130 4583 3359 4637 sonitum
3391 4575 3618 4633 buccinzr,
3642 4570 3685 4618 et

2161 4685 2265 4725 non
2313 4685 2371 4725 se
2408 4671 2791 4736 observaverit,
2840 4672 3148 4743 veneritque
3193 4672 3412 4743 gladius,
3456 4673 3504 4717 et
3541 4653 3681 4715 tulerit

2155 4776 2312 4825 eum;
2358 4762 2573 4833 sanguis
2614 4762 2778 4833 ipsius
2819 4778 2982 4833 super
3004 4772 3161 4833 caput
3199 4764 3314 4834 ejus
3339 4761 3455 4816 erit.
3481 4751 3680 4810 Sonitu!"

2156 4851 2394 4908 buccina:
2422 4853 2660 4916 audivit,
2695 4862 2749 4909 et
2778 4869 2883 4908 non
2912 4869 2971 4909 se
3012 4855 3346 4917 observavit;
3374 4845 3566 4917 sanguis
3589 4836 3679 4907 eius

2155 4945 2208 4999 in
2236 4946 2352 5016 ipso
2387 4945 2508 5000 erit.
2544 4945 2599 5001 Si
2638 4954 2814 5001 autem
2857 4962 2915 5002 se
2952 4949 3278 5010 custodierit,
3309 4945 3523 4999 animam
3558 4942 3677 4987 suam

2155 5036 2397 5091 salvabit.
2435 5036 2587 5103 Quod
2628 5036 2672 5090 si
2712 5038 3015 5107 speculator
3043 5039 3231 5095 viderit
3255 5036 3475 5110 gladium
3511 5026 3679 5082 venien-

2154 5136 2282 5189 tem,
2326 5137 2382 5181 et
2419 5142 2523 5181 non
2564 5128 2858 5184 insonuerit
2895 5129 3135 5197 buccina,
3174 5141 3229 5188 et
3270 5126 3483 5201 populus
3516 5132 3603 5173 nou
3633 5123 3677 5163 se

2153 5217 2498 5284 custodierit,
2524 5219 2839 5290 veneritqne
2863 5220 3074 5290 gladius
3090 5263 3105 5286 ,
3134 5232 3187 5277 et
3216 5218 3388 5275 tulerit
3415 5214 3476 5269 de
3498 5209 3566 5265 eis
3588 5201 3675 5256 ani-

2152 5327 2293 5365 mam
2344 5327 2358 5364 :
2405 5311 2496 5366 ille
2546 5310 2760 5382 quidem
2809 5313 2861 5367 in
2914 5314 3189 5384 iniquitate
3236 5329 3327 5369 sua
3377 5314 3543 5377 captus
3584 5302 3673 5353 esl;

2152 5403 2462 5474 sanguinem
2482 5412 2660 5458 autem
2676 5404 2792 5475 ejus
2808 5405 2874 5462 de
2896 5421 3053 5462 manu
3076 5401 3412 5478 speculatoris
3430 5393 3670 5465 requiram-

2216 5516 2233 5547 ί
2256 5516 2329 5583 sic
2343 5518 2497 5583 etiam
2508 5516 2632 5579 apud
2650 5517 3058 5583 Hieronymumet
3079 5519 3128 5569 in
3149 5525 3253 5569 Mss.
3270 5504 3553 5583 uigiliisporbo
3570 5503 3617 5547 Αι
3634 5494 3671 5544 ⁵⁸

2152 5579 2346 5650 excusis
2369 5575 2551 5639 Bibliis,
2566 5576 2803 5650 sprevisti,
2826 5575 2872 5631 et
2894 5580 3217 5650 sabbatgmea

2156 5621 3215 5749 "gj’tisa‘fznsaeymhisauama
3530 5621 3666 5678 διιδεῖν

2152 5714 2197 5751 αι
2266 5714 2378 5750 tum.
