3874 6304
163 291 277 350 955

165 408 238 464 Et
264 416 326 463 tu
354 449 370 473 ,
406 404 481 460 lili
512 403 745 460 hominis
766 442 783 468 ,
811 400 1203 472 Speculatorem
1240 398 1362 454 dedi
1410 407 1462 454 te
1495 398 1672 453 domui
1703 396 1778 452 ls-

166 501 282 558 rael
311 519 326 555 :
358 499 586 554 audiens
607 513 737 568 ergo
766 512 830 551 ex
861 511 955 549 ore
984 509 1105 548 meo
1134 507 1461 560 sermonem,
1493 491 1777 546 annuntia-

163 595 252 649 bis
298 593 382 647 eis
426 607 492 647 ex
532 606 636 644 me.
687 589 741 645 Si
789 605 875 642 me
921 587 1132 641 dicente
1174 585 1241 639 ad
1292 585 1540 654 impium,
1589 584 1775 652 impie,

165 697 351 742 morte
400 685 676 748 morieris;
725 697 830 736 non
876 680 1037 736 fueris
1066 681 1307 741 locutus,
1339 688 1395 732 ut
1424 693 1482 732 se
1510 677 1779 733 custodiat

164 781 375 850 impius
407 795 438 832 a
472 779 554 831 via
581 791 673 830 sna
709 794 721 828 :
756 776 869 845 ipse
900 773 1092 842 impius
1135 772 1186 825 in
1220 771 1497 841 iniquitate
1525 785 1619 823 sua
1657 785 1780 823 mo~

166 873 378 933 rietur;
417 870 728 939 sanguinem
757 875 932 920 autem
953 865 1070 932 ejus
1090 865 1155 917 de
1180 880 1337 917 manu
1363 873 1450 916 tua
1481 863 1774 932 requiram.

166 963 224 1020 Si
257 971 445 1017 autem
468 961 812 1015 anuuntiaute
839 969 889 1013 te
910 957 975 1011 ad
997 957 1235 1026 impium,
1258 965 1314 1010 ut
1333 972 1362 1009 a
1381 955 1478 1009 viis
1507 954 1616 1010 suis
1643 970 1777 1009 con-

164 1065 437 1118 vertatttr,
465 1063 520 1108 et
549 1068 651 1106 non
685 1051 841 1106 fuerit
868 1064 1159 1105 conversus
1198 1063 1230 1101 a
1286 1045 1368 1101 via
1407 1061 1502 1100 sua
1533 1064 1546 1099 :
1581 1046 1692 1115 ipse
1723 1046 1776 1100 in

167 1149 464 1219 iniquitate
494 1162 587 1202 sua
617 1145 901 1208 morietur;
934 1159 1093 1214 porro
1118 1152 1174 1197 tu
1201 1141 1431 1195 animam
1464 1147 1607 1194 tttam
1640 1138 1775 1193 libe-

164 1245 320 1303 fasti.
353 1242 440 1297 Tu
473 1257 619 1307 ergo,
651 1239 722 1292 ﬁli
747 1238 998 1300 hominis,
1028 1236 1114 1290 dic
1138 1234 1203 1289 ad
1231 1235 1447 1288 domum
1476 1230 1658 1293 Israel,
1687 1229 1778 1285 Sic

166 1335 336 1392 locuti
389 1334 525 1390 estis
576 1332 836 1397 dicentes,
882 1329 1190 1399 luiqttitates
1240 1340 1437 1381 nostra:
1471 1334 1526 1380 et
1564 1332 1778 1393 peet'ata

168 1437 356 1482 nostra
401 1439 693 1495 supernos
727 1432 882 1485 sunt,
917 1432 971 1476 et
1009 1422 1058 1474 in
1103 1419 1233 1490 ipsis
1274 1434 1371 1473 nos
1416 1416 1774 1482 tabescimus;

166 1518 449 1590 quomodo
467 1533 594 1586 ergo
609 1517 788 1570 vivere
812 1513 1141 1584 poterimus?
1164 1513 1257 1566 Die
1278 1511 1343 1564 ad
1364 1527 1477 1575 eos,
1505 1509 1634 1563 Vivo
1654 1525 1773 1579 ego,

164 1611 296 1666 dicit
345 1609 610 1663 Dominus
642 1607 801 1671 Deus,
834 1606 957 1660 nolo
989 1614 1212 1658 mortem
1259 1601 1425 1670 impii.
1467 1600 1560 1656 sed
1593 1610 1649 1654 ut
1688 1617 1774 1655 re-

166 1716 250 1755 vet
268 1709 416 1754 tatur
448 1699 465 1730 ⁸
499 1699 693 1766 impius
724 1712 752 1749 a
785 1697 866 1748 via
897 1711 990 1748 sua
1033 1695 1168 1748 mala
1193 1734 1208 1755 ,
1238 1700 1292 1746 ct
1325 1693 1465 1745 vivat
1494 1710 1508 1745 :
1549 1706 1773 1746 conver-

167 1792 342 1846 titniui
385 1807 417 1844 a
464 1789 566 1842 viis
601 1787 794 1843 vestris
842 1786 1120 1856 pessimis;
1149 1793 1204 1836 et
1245 1798 1412 1852 quare
1453 1782 1770 1846 tnoriemini,

168 1883 366 1935 domus
396 1879 602 1933 Israel?
634 1877 712 1932 Tu
753 1877 930 1947 itaque
953 1917 966 1938 ,
1003 1874 1076 1928 lili
1118 1874 1352 1928 hominis
1376 1915 1391 1938 ,
1419 1873 1503 1926 dic
1530 1872 1597 1926 ad
1639 1872 1776 1927 lilios

170 1974 353 2043 pepuli
391 1972 469 2025 ιιιί
507 1989 518 2026 :
553 1969 770 2025 iustitia
809 1967 938 2036 justi
969 1983 1072 2020 non
1119 1965 1360 2021 liberabit
1394 1981 1514 2019 etnu
1548 1962 1599 2016 itt
1639 1979 1774 2032 qua-

167 2081 406 2134 cumque
433 2064 524 2118 die
553 2063 878 2132 pecraverit;
908 2073 958 2115 et
991 2059 1235 2129 impietas
1263 2060 1406 2128 impii
1431 2074 1537 2111 non
1567 2056 1778 2110 nocebit

167 2159 216 2214 ei
263 2160 316 2211 in
356 2171 697 2228 quacumque
735 2154 822 2207 die
866 2166 1156 2207 conversus
1197 2151 1353 2204 fuerit
1392 2150 1458 2203 ab
1502 2147 1775 2217 impietate

168 2267 264 2306 sua
301 2269 315 2305 :
351 2261 405 2303 et
433 2249 613 2317 justus
643 2262 746 2300 non
781 2246 972 2316 poterit
1003 2244 1180 2297 vivrre
1220 2244 1270 2296 in
1305 2241 1508 2311 jttstitia
1549 2256 1641 2294 sita
1664 2281 1679 2306 ,
1721 2240 1776 2294 in

168 2356 517 2412 quacumque
543 2338 629 2392 die
656 2336 970 2406 peccaverit.
1004 2334 1225 2388 Etiamsi
1251 2333 1438 2386 dixero
1460 2333 1605 2398 justo
1627 2329 1775 2400 quod

168 2433 274 2489 vita
308 2432 483 2495 vivat,
516 2441 569 2484 et
612 2428 846 2483 conlisus
892 2427 942 2480 in
979 2425 1184 2495 justitia
1219 2439 1314 2478 sua
1359 2422 1542 2478 lecerit
1579 2422 1771 2491 iniqui-

171 2536 368 2591 tatem;
400 2538 595 2579 omnes
625 2521 846 2592 jnstitia:
872 2521 989 2587 ejus
1013 2518 1266 2572 oblivioni
1297 2517 1575 2571 tradentur
1597 2558 1612 2580 ,
1640 2524 1696 2570 et
1723 2515 1774 2568 in

171 2619 459 2687 iniquitate
487 2631 579 2669 sua
607 2631 764 2685 quam
791 2621 1042 2683 Operatus
1068 2621 1169 2676 est,
1195 2611 1245 2663 in
1279 2610 1391 2679 ipsa
1421 2609 1695 2662 morietur.
1717 2604 1776 2662 Si

171 2721 350 2765 autem
380 2711 570 2763 dixero
601 2705 794 2776 impio,
825 2703 993 2758 Morte
1021 2701 1268 2756 morieris
1287 2744 1299 2757 .
1331 2709 1383 2753 et
1406 2700 1574 2769 egerit
1603 2701 1776 2768 ρατιιί-

173 2804 401 2859 tentiam
433 2819 463 2853 a
493 2807 710 2870 peccato
750 2813 846 2850 suo
871 2837 885 2859 ,
917 2794 1205 2864 feceritque
1237 2791 1486 2860 judicium
1527 2800 1578 2844 et
1613 2789 1773 2860 justi-

175 2900 345 2958 tiam,
406 2895 595 2966 pignus
645 2891 934 2947 restituerit
988 2889 1077 2943 ille
1143 2886 1371 2955 impius,
1427 2885 1776 2953 rapinamque

176 2988 499 3050 reddiderit,
530 2989 580 3040 in
611 2983 873 3038 mandatis
905 2982 1026 3034 vitae
1054 2977 1428 3039 ambulaverit,
1459 2991 1558 3031 nec
1589 2975 1777 3030 fecerit

173 3083 468 3152 quidquam
520 3078 808 3144 injustam;
860 3073 962 3126 vita
1014 3072 1176 3133 vivet,
1228 3077 1284 3122 et
1340 3082 1443 3121 non
1495 3068 1770 3122 morietur.

174 3173 368 3228 Omnia
403 3179 619 3240 peccata
655 3168 771 3234 ejus
805 3180 924 3234 qua:
959 3163 1200 3232 peccavit
1241 3176 1344 3213 non
1377 3159 1777 3225 itnputalumtur

173 3263 244 3318 ei.
273 3261 546 3318 Jttdicium
578 3255 905 3324 etjustitiam
937 3253 1079 3315 fecit,
1104 3253 1208 3304 vita
1243 3251 1401 3303 vivet.
1432 3251 1498 3302 Et
1525 3249 1778 3302 dixerunt

173 3355 269 3408 lilii
300 3352 484 3423 populi
528 3349 600 3402 ttti
634 3365 646 3400 :
676 3345 790 3400 Non
823 3353 906 3398 est
945 3345 1080 3410 a-qni
1128 3339 1378 3409 ponderis
1424 3340 1503 3390 via
1546 3338 1773 3390 Domini.

173 3445 246 3498 Et
272 3445 515 3510 ipsorum
547 3438 627 3491 via
645 3436 836 3504 injusta
863 3444 962 3488 est.
987 3431 1118 3486 Cum
1138 3431 1279 3482 enim
1305 3428 1582 3482 recesserit
1602 3429 1779 3494 justus

173 3551 206 3590 a
230 3531 442 3603 jUs'titia
471 3545 586 3592 sua,
618 3527 907 3596 feceritque
936 3522 1266 3593 iniquitates,
1311 3519 1566 3574 tttorielur
1598 3523 1647 3573 in
1678 3521 1774 3575 eis.

176 3626 390 3682 Etcum
421 3619 708 3677 recesserit
739 3618 929 3686 impius
955 3615 1022 3669 ab
1049 3614 1317 3683 impietate
1343 3628 1459 3678 sua,
1490 3610 1779 3680 feceritque

178 3716 440 3788 judicium
469 3723 518 3767 et
542 3710 823 3780 justitiam,
852 3708 994 3762 vivet
1017 3707 1070 3760 iu
1093 3706 1190 3758 eis.
1222 3704 1284 3757 Iit
1305 3703 1480 3757 dicitis
1509 3720 1520 3754 :
1550 3701 1666 3756 Non
1699 3710 1781 3757 est

181 3815 329 3862 recta
364 3805 449 3857 via
484 3802 710 3857 Domini.
757 3800 1195 3868 Uuutnquetnquc
1218 3797 1368 3865 juxta
1398 3794 1509 3848 vias
1542 3809 1668 3849 suas
1693 3794 1782 3864 ju-

184 3898 398 3962 dicabo,
437 3895 503 3950 de
535 3895 685 3947 vobis
725 3893 914 3947 domus
962 3891 1146 3946 Israel.
1186 3887 1252 3942 Et
1299 3896 1408 3954 post
1446 3887 1782 3958 quadraginta

186 4007 362 4044 novem
387 4005 558 4043 versus
587 4003 604 4040 :
638 3988 699 4042 lit
732 3995 806 4046 ttt.
841 3985 912 4038 lili
945 3983 1194 4046 hominis,
1226 3981 1296 4036 fili
1328 3981 1506 4051 populi
1536 3981 1608 4033 tui
1641 3980 1729 4048 qui
1758 3981 1780 4012 ⁸

186 4082 476 4151 loquuntur
499 4081 565 4132 de
597 4089 646 4132 te
668 4081 814 4145 juxta
840 4090 1019 4129 muros
1046 4084 1102 4128 et
1132 4074 1182 4126 in
1208 4072 1357 4126 ostiis
1379 4071 1661 4125 domorum
1689 4111 1702 4133 ,
1727 4077 1783 4124 et

187 4173 372 4230 dicunt
395 4187 532 4226 unus
561 4171 624 4222 ad
657 4170 919 4232 alterum,
945 4167 1024 4219 vir
1043 4164 1110 4220 ad
1148 4165 1449 4232 proximum
1480 4177 1632 4215 suum
1656 4204 1670 4226 ,
1695 4162 1778 4214 di-

187 4279 392 4335 centes,
430 4267 637 4331 Venite,
667 4275 720 4320 et
744 4265 1020 4318 audiamus
1049 4263 1224 4332 quisit
1243 4277 1420 4314 sermo
1447 4258 1729 4329 egrediens
1749 4274 1780 4313 a

189 4361 434 4418 Domino.
469 4361 539 4415 Et
567 4359 784 4412 veniunt
822 4357 888 4411 ad
920 4367 1003 4421 te,
1034 4357 1184 4425 quasi
1225 4354 1270 4407 si
1321 4352 1646 4422 ingrediatur
1680 4366 1780 4420 po-

190 4457 380 4525 pulus;
410 4464 465 4510 et
492 4454 679 4508 sedent
718 4467 897 4505 coram
930 4460 1001 4512 te,
1033 4450 1256 4518 populus
1283 4461 1450 4508 meus,
1481 4455 1535 4500 ct
1561 4445 1782 4499 atttlittttt

191 4562 466 4604 sermones
493 4556 638 4608 tuos,
664 4553 718 4598 et
746 4560 848 4596 non
881 4541 1080 4595 faciunt
1106 4556 1198 4594 eos
1229 4557 1243 4594 :
1270 4540 1393 4610 quia
1420 4539 1475 4593 in
1511 4535 1788 4593 canticuni'

191 4640 298 4694 oris
325 4641 405 4695 sui
435 4647 650 4692 vertunt
691 4636 827 4696 illus,
851 4645 902 4688 et
932 4632 1210 4686 avaritiam
1242 4647 1391 4684 suam
1423 4631 1662 4699 sequitur
1686 4645 1783 4683 eor

192 4745 396 4785 eorum.
429 4729 496 4784 Et
517 4745 578 4783 es
598 4727 677 4782 eis
701 4724 848 4794 quasi
877 4738 1091 4777 carmen
1115 4720 1435 4786 musicum“,
1469 4719 1609 4789 qttod
1633 4721 1782 4775 suavi

192 4819 437 4892 dulcique
465 4836 599 4873 sono
628 4818 864 4882 canitur;
898 4825 949 4870 et
979 4812 1202 4867 audiunt
1235 4811 1396 4868 verba
1443 4821 1562 4874 tua,
1592 4821 1644 4865 et
1673 4828 1780 4867 non

196 4909 389 4966 faciunt
427 4931 490 4968 ea
531 4909 571 4963 ⁸.
613 4911 676 4964 Et
714 4924 834 4963 cum
883 4905 1090 4962 venerit
1127 4905 1269 4976 quod
1319 4905 1625 4975 praedictum
1668 4914 1778 4972 est;

195 5018 314 5060 ecce
344 5005 484 5060 enim
525 5001 704 5067 venit;
747 5010 874 5055 tunc
911 5000 1082 5055 scient
1117 4999 1258 5069 quod
1302 4998 1589 5070 prophetes
1623 4997 1782 5054 fuerit

199 5093 331 5149 inter
355 5112 468 5151 eos.

255 5183 308 5257 [κ
320 5184 487 5261 stium]
507 5203 517 5237 :
537 5184 603 5241 Et
623 5184 816 5239 factum
831 5193 911 5239 est
926 5182 1142 5238 verbum
1157 5180 1365 5236 Domini
1381 5181 1447 5236 ad
1470 5196 1556 5238 me
1572 5182 1777 5246 dicens,

205 5272 296 5329 Fili
314 5277 562 5342 hominis,
590 5274 844 5345 propheta
866 5272 933 5327 de
956 5273 1254 5344 pastoribus
1277 5270 1470 5337 lsrael;
1495 5273 1777 5344 propheta,

203 5373 249 5416 et
290 5365 432 5422 dtces
473 5366 798 5439 pastoribus,
838 5363 964 5419 llzcc
1010 5361 1141 5418 dicit
1177 5363 1435 5418 Dominus
1479 5365 1638 5427 Deus,
1688 5363 1779 5418 Va:

265 5499 353 5574 ‘_ln
385 5501 626 5574 ‘yulgata,
665 5508 966 5574 convertatur
1007 5514 1025 5552 :
1057 5499 1300 5574 pauloque
1340 5508 1450 5574 post
1488 5503 1781 5574 ingeminato

207 5561 348 5626 verbo
368 5561 559 5626 dicitur,
581 5561 930 5624 (.onrertimini,
955 5561 1471 5626 conitertimiuia’viis,
1496 5561 1589 5615 etc.

265 5625 351 5690 ξω
373 5624 598 5690 omnibus
620 5637 723 5677 \tss.
741 5628 886 5677 deest
908 5639 1193 5690 pronomen,
1217 5624 1317 5690 qui.

268 5686 288 5752 ξ
311 5691 480 5752 Regius
499 5689 654 5752 eode;
668 5724 684 5750 ,
703 5701 897 5738 carmen
909 5686 1224 5752 'musicorum.

266 5745 287 5778 ⁸
308 5745 432 5813 κεί.
453 5757 500 5804 et
515 5745 711 5802 audient
732 5755 875 5802 verba
896 5756 994 5812 tua,
1019 5756 1066 5800 et
1087 5763 1181 5800 non
1199 5748 1394 5811 faciem.

1439 284 1529 339 DE
1567 282 1946 340 SCRIPTURA
1987 282 2232 341 SACRA.

3371 289 3479 355 9,46

1885 399 2186 469 pastoribus
2224 397 2410 465 lsrael,
2454 398 2544 470 qui
2587 401 2877 471 pascebant
2912 404 3250 474 semetipsos,
3286 404 3476 464 Nonne

1881 507 2071 563 greges
2100 501 2388 561 pascuntur
2412 506 2442 546 a
2487 494 2826 564 pastoribus?
2855 493 2962 549 Lac
2994 496 3356 553 comedebatis
3375 541 3391 565 ,
3418 505 3477 555 et

1884 584 2021 639 lanis
2073 585 2478 655 operiebamiui,
2524 595 2579 640 et
2624 587 2764 657 quod
2811 603 3050 643 crassmn
3098 598 3215 644 erat
3263 591 3478 646 occide-

1884 675 2021 730 batis
2049 676 2088 740 ί,
2119 691 2332 745 gregem
2372 684 2549 731 autem
2596 693 2772 731 meum
2822 694 2926 731 non
2968 679 3284 748 pascebatis.
3319 679 3473 750 Quod

1883 767 2150 823 infirmum
2173 768 2267 821 fuit
2288 784 2391 822 non
2413 768 2815 833 consolidastis;
2832 771 3040 840 etquod
3063 784 3341 841 a'grotttnt,
3367 789 3476 829 non

1884 860 2146 924 sanaStis;
2193 859 2334 930 quod
2379 859 2603 915 fractum
2639 873 2751 928 est,
2785 879 2888 918 non
2935 864 3303 934 alligastis;et
3329 868 3473 938 quod

1883 953 2146 1023 abjectum
2186 961 2306 1017 est,
2350 968 2455 1008 non
2501 953 2820 1020 reduxistis;
2868 956 3008 1026 quod
3054 958 3285 1027 perierat
3311 1000 3323 1023 ,
3367 975 3474 1017 non

1883 1046 2152 1115 quzesistis
2181 1064 2195 1102 :
2222 1046 2314 1102 sed
2335 1061 2454 1102 cum
2478 1048 2787 1104 austeritate
2814 1048 3156 1119 imperabitis
3177 1052 3256 1107 eis
3281 1062 3474 1111 etcum

1884 1139 2139 1206 potentia.
2181 1139 2244 1194 Et
2282 1139 2538 1209 dispersa:
2577 1150 2701 1193 sunt
2735 1156 2864 1194 oves
2900 1158 3052 1207 mete,
3081 1160 3146 1196 eo
3175 1144 3316 1214 quod
3363 1163 3472 1206 non

1883 1241 2024 1287 esset
2053 1243 2231 1301 pastor
2261 1251 2274 1286 :
2306 1243 2360 1288 et
2391 1234 2539 1287 facta:
2565 1247 2682 1288 stmt
2719 1235 2768 1286 in
2800 1235 3200 1290 devoratiouem
3236 1240 3475 1296 omnium

1884 1324 2172 1379 bestiarum
2194 1325 2324 1394 agri,
2352 1334 2404 1379 et
2425 1324 2681 1395 dispersae
2699 1337 2823 1380 sunt
2847 1343 2859 1386 ;
2886 1335 2939 1380 et
2959 1337 3478 1401 erravertmtgreges

1883 1418 1988 1472 mei
2012 1417 2063 1472 itt
2084 1419 2290 1472 cunctis
2319 1417 2606 1480 montibus.
2632 1431 2683 1474 et
2712 1419 2762 1472 in
2792 1419 3043 1475 universi)
3062 1421 3198 1475 colle
3227 1422 3474 1491 excelso;

1883 1517 1938 1563 et
1971 1523 2130 1577 super
2169 1525 2382 1563 munem
2433 1509 2618 1564 faciem
2660 1517 2818 1564 terne
2857 1509 3084 1580 dispersi
3128 1521 3253 1566 sunt
3287 1527 3477 1584 greges

1882 1603 2006 1655 mei.
2043 1602 2110 1656 Et
2139 1617 2241 1656 non
2274 1611 2387 1656 erat
2413 1602 2502 1671 qui
2544 1602 2839 1671 requireret
2872 1621 2884 1654 :
2916 1618 3023 1657 non
3052 1613 3203 1667 erat,
3235 1605 3472 1676 inquam,

1881 1693 1970 1763 qui
2014 1696 2325 1762 requireret.
2373 1693 2658 1762 Pmpterea
2681 1735 2695 1758 ,
2727 1704 3000 1763 pistores,
3029 1693 3208 1751 audite
3250 1695 3474 1753 verbum

1883 1786 2092 1840 Domini
2125 1805 2138 1840 :
2171 1785 2304 1839 Vivo
2333 1801 2462 1854 ego.
2491 1786 2617 1840 dicit
2643 1786 2895 1840 Dominus
2922 1787 3063 1841 Deus
3087 1830 3102 1854 ,
3131 1789 3255 1859 quia
3284 1805 3383 1860 pro
3407 1803 3476 1846 eo

1882 1878 2020 1947 quod
2051 1877 2170 1931 facti
2202 1886 2320 1930 sunt
2351 1891 2542 1947 greges
2570 1878 2672 1931 mei
2701 1877 2752 1930 iu
2776 1877 3016 1946 rapinam
3043 1881 3086 1943 ³,
3110 1890 3163 1933 et
3188 1894 3316 1934 oves
3344 1896 3478 1936 mea:

1885 1970 1935 2024 in
1967 1970 2370 2024 tlevoratioaeut
2417 1968 2654 2022 omnium
2697 1969 2988 2022 bestiarum
3033 1969 3183 2040 agri,
3224 1986 3291 2026 eo
3333 1970 3475 2041 quod

1885 2078 1987 2114 non
2025 2071 2168 2115 esset
2211 2069 2390 2129 pastor
2430 2059 2643 2130 (neque
2685 2060 2826 2114 enim
2873 2061 3199 2130 quatsieruut
3235 2070 3478 2132 pastores

1881 2168 2096 2222 gregem
2141 2167 2350 2215 meum;
2401 2151 2493 2206 sed
2530 2152 2816 2220 pascebant
2856 2161 3096 2222 pastores
3138 2155 3473 2226 St-tnetips.»s,

1884 2255 1938 2297 et
1967 2259 2157 2312 greges
2188 2259 2336 2298 meos
2359 2259 2463 2297 non
2489 2244 2774 2312 pascebant
2801 2242 2818 2314 )
2844 2262 2855 2297 :
2891 2253 3190 2314 propterea,
3215 2257 3477 2314 pastores,

1882 2335 2060 2388 audite
2092 2335 2310 2388 verbum
2355 2334 2562 2387 Domini
2601 2352 2613 2387 :
2650 2335 2776 2388 llzee
2814 2335 2943 2390 dicit
2992 2336 3246 2391 Dominus
3291 2337 3432 2392 Deus
3458 2379 3473 2404 ,

1884 2426 2025 2481 Ecce
2077 2443 2175 2492 ego
2234 2427 2346 2496 ipse
2396 2441 2564 2495 super
2607 2437 2887 2497 pastores,
2937 2429 3205 2498 requiram
3259 2443 3474 2500 gregem

1885 2534 2064 2572 meum
2089 2517 2155 2571 de
2185 2533 2342 2571 manu
2366 2533 2576 2584 eorum,
2595 2527 2650 2573 et
2675 2534 2885 2574 cessare
2906 2534 3000 2574 eos
3029 2519 3237 2583 faciam,
3263 2530 3319 2574 ttt
3341 2520 3476 2575 ultra

1885 2627 1989 2664 non
2029 2619 2248 2679 past-ant
2286 2626 2500 2680 gregem
2527 2653 2542 2676 ,
2576 2627 2673 2667 nec
2709 2623 2927 2682 pascant
2965 2613 3195 2684 amplius
3234 2624 3477 2683 pastores

1883 2701 2202 2770 semetipsos
2228 2716 2241 2764 ;
2271 2712 2324 2756 et
2353 2701 2590 2756 liberabo
2610 2717 2824 2772 gregem
2853 2717 3029 2756 meum
3059 2702 3126 2757 de
3152 2719 3244 2757 ore
3266 2719 3475 2770 eorum,

1884 2802 1937 2846 et
1982 2809 2085 2845 non
2119 2792 2221 2846 erit
2259 2791 2338 2845 eis
2369 2793 2505 2846 ttltra
2553 2794 2604 2846 in
2641 2808 2841 2848 escam.
2875 2791 2940 2847 Et
2968 2803 3080 2864 post
3115 2795 3428 2866 aliquantum
3459 2811 3480 2851 :

1884 2884 1995 2939 Vos
2036 2895 2234 2948 autem,
2283 2899 2471 2955 greges
2516 2887 2642 2952 mei,
2690 2886 2805 2941 Iuec
2845 2886 2977 2941 dicit
3017 2887 3272 2943 Dominus
3313 2890 3473 2956 Deus,

1884 2977 2024 3033 Ecce
2050 2993 2150 3049 ego
2172 2978 2355 3047 judico
2401 2979 2539 3034 inter
2566 2995 2727 3050 pecus
2761 2989 2817 3035 et
2841 2995 3003 3052 pecus
3032 2982 3255 3037 arietum
3286 2991 3340 3037 et
3365 2983 3474 3037 hir-

1883 3085 2067 3123 corum
2096 3069 2137 3122 ³.
2162 3069 2350 3124 Nonne
2375 3071 2504 3125 satis
2534 3071 2682 3126 vobis
2703 3081 2817 3126 erat
2838 3087 3031 3141 pascua
3057 3072 3196 3128 bona
3223 3073 3479 3144 depasci?

1885 3159 2106 3229 Insuper
2141 3169 2197 3215 et
2247 3161 2498 3231 reliquias
2552 3176 2866 3231 pascuorum
2918 3172 3216 3219 vestrarum
3260 3165 3478 3220 conculv

1884 3255 2046 3308 castis
2071 3253 2293 3322 pedibus
2320 3254 2540 3312 vestris;
2567 3263 2620 3308 et
2647 3269 2767 3308 cum
2801 3254 3138 3324 purissimam
3171 3270 3364 3325 aquam
3393 3256 3478 3311 bi-

1887 3344 2105 3405 bet-etis,
2128 3345 2386 3412 reliquam
2417 3344 2640 3413 pedibus
2669 3347 2861 3400 vestris
2901 3347 3194 3401 turbabatis
3227 3365 3240 3400 :
3273 3359 3325 3403 et
3350 3362 3479 3405 oves

1888 3451 2018 3488 mea:
2049 3435 2130 3488 his
2164 3452 2282 3505 qua:
2312 3436 2619 3489 conculcata
2651 3435 2876 3505 pedibus
2903 3437 3092 3491 vestris
3121 3436 3348 3503 fuerant,
3381 3454 3476 3508 pa-

1887 3527 2200 3586 scebautttr;
2228 3535 2281 3579 et
2311 3541 2426 3595 qua:
2466 3525 2626 3594 pedes
2658 3527 2818 3579 vestri
2849 3527 3210 3592 turbaverant,
3244 3527 3357 3584 lucc
3387 3530 3472 3584 bi-

1886 3617 2106 3673 bebant.
2131 3619 2416 3688 Propterea
2449 3619 2560 3670 lucc
2589 3617 2716 3671 dicit
2747 3618 3002 3672 Dominus
3029 3619 3170 3673 Deus
3197 3620 3262 3673 ad
3290 3635 3386 3676 cus
3410 3619 3432 3652 ⁸
3461 3639 3479 3678 :

1887 3707 2026 3762 Ecce
2055 3724 2153 3777 ego
2194 3708 2306 3777 ipse
2341 3708 2522 3775 judico
2554 3707 2691 3763 inter
2722 3724 2883 3779 pecus
2913 3710 3111 3781 pingue
3133 3722 3188 3766 et
3218 3713 3477 3769 macilen-

1891 3809 2036 3863 ltttn;
2070 3815 2164 3864 pro
2192 3816 2256 3854 eo
2287 3799 2425 3868 quod
2461 3801 2711 3854 lateribus
2735 3809 2790 3856 ct
2815 3799 3052 3857 humeris
3083 3803 3478 3875 impingebatis,

1889 3901 1940 3944 et
1971 3892 2220 3944 cornibus
2243 3893 2432 3944 vestris
2461 3891 2795 3947 vetttiiabatis
2820 3892 2996 3948 omnia
3022 3892 3232 3950 infirma
3259 3910 3475 3966 pecora,

1888 3981 2058 4036 donec
2085 3983 2519 4052 dispergertmtur
2547 3983 2709 4037 foras.

1962 4072 2027 4125 Et
2071 4085 2180 4143 post
2227 4075 2543 4141 aliquantam
2592 4072 2763 4148 [xum]
2805 4093 2816 4129 :
2872 4075 2996 4131 llaec
3040 4076 3170 4132 dicit
3223 4077 3481 4135 Dominus

1890 4166 2050 4232 Deus,
2080 4165 2318 4221 Saflieiat
2347 4167 2516 4229 vobis,
2552 4167 2817 4236 principes
2849 4167 3039 4232 Israel;
3069 4169 3397 4240 iniquitatem
3427 4181 3482 4226 et

1891 4260 2105 4330 rapinas
2132 4261 2485 4322 intertuittite,
2517 4270 2568 4314 et
2591 4260 2851 4328 judicium
2872 4301 2888 4323 ,
2916 4269 2969 4315 et
2988 4262 3245 4330 justitiam
3286 4260 3478 4330 facite,

1890 4361 1944 4405 et
1973 4361 2216 4421 separate
2247 4352 2474 4404 conlinia
2505 4361 2681 4404 vestra
2721 4367 2748 4403 a
2795 4351 2991 4420 populo
3030 4366 3180 4417 meo,
3221 4351 3352 4408 dicit
3380 4354 3477 4408 Do-

1890 4443 2069 4496 minus
2107 4444 2264 4497 Deus.
2302 4443 2514 4496 Statera
2543 4441 2688 4510 justa
2711 4449 2767 4496 ct
2793 4441 2918 4512 cphi
2943 4441 3149 4512 justum
3179 4443 3281 4498 erit
3304 4443 3456 4500 vobis

1889 4545 1944 4591 et
1970 4536 2156 4591 beatus
2181 4536 2376 4604 justus.

1960 4626 2071 4681 Ista
2101 4627 2162 4681 de
2186 4628 2324 4681 libris
2353 4627 2611 4698 posuimus
2629 4668 2644 4691 ,
2675 4641 2800 4698 quos
2825 4635 2872 4682 et
2898 4625 3071 4682 Juda’i
3097 4630 3364 4684 canonicos
3388 4631 3479 4684 Ita-

1891 4722 2003 4774 beut
2024 4763 2038 4787 ,
2066 4720 2119 4773 in
2148 4720 2325 4790 quibus
2355 4736 2524 4773 eorum
2551 4720 2831 4774 inveniam;
2857 4720 3028 4788 aliqua
3057 4737 3170 4786 qua:
3196 4723 3313 4776 ltuic
3341 4723 3479 4792 operi

1889 4815 2222 4868 convenirent.
2268 4812 2373 4867 Sed
2411 4830 2508 4868 non
2541 4823 2655 4868 sunt
2685 4816 2946 4869 omittendi
2973 4824 3018 4870 et
3055 4817 3108 4870 Ιιὶ
3131 4833 3255 4887 quos
3281 4818 3479 4887 quidem

1892 4919 2007 4962 ante
2050 4908 2334 4964 Saluatoris
2367 4907 2632 4961 adventum
2657 4919 2853 4964 constat
2890 4926 2997 4964 esse
3021 4909 3329 4978 conscriptos
3348 4950 3360 4970 ,
3391 4909 3482 4964 sed

1890 5020 1973 5058 eos
2000 5020 2098 5056 non
2125 5011 2347 5074 receptos
2369 5019 2399 5055 α
2425 4999 2622 5056 Judwis
2649 5003 2823 5072 recipit
2851 5011 3016 5055 tamen
3039 5000 3263 5067 eiusdem
3290 4998 3482 5054 Salva-

1891 5098 2012 5148 toris
2041 5093 2283 5148 Ecclesia.
2315 5092 2382 5147 In
2417 5093 2494 5147 Itis
2523 5105 2640 5147 sunt
2669 5092 2770 5146 duo
2799 5093 2884 5162 qui
2929 5091 3218 5146 Salomonis
3245 5109 3278 5144 α
3313 5091 3480 5161 pluri-

1891 5186 1981 5240 bus
2009 5188 2352 5257 appellantur,
2382 5195 2585 5255 propter
2607 5183 2901 5254 (ptantdant,
2933 5183 3061 5236 sicut
3089 5182 3338 5244 existimo,
3370 5181 3480 5236 clo-
3513 5171 3547 5253 ,ἶὲ

1889 5279 1993 5348 quii
2020 5278 2420 5332 similitudinem.
2452 5276 2590 5329 Nam
2617 5274 2910 5330 Salomonis
2940 5290 3039 5327 non
3067 5290 3191 5336 esse,
3223 5275 3352 5328 nihil
3377 5273 3479 5326 du-
3529 5314 3537 5318 .

1891 5372 2048 5426 bilant
2076 5373 2260 5442 quique
2287 5371 2551 5424 doctiores.
2597 5365 2707 5421 Nec
2733 5377 2901 5421 tamen
2941 5367 3049 5437 ejus
3086 5369 3169 5435 qui
3201 5366 3481 5422 Saoientia

1954 5506 1970 5538 ί
1996 5511 2126 5563 Mss,
2145 5499 2476 5552 conwdebatis.

1953 5568 1974 5630 ξ
2000 5559 2177 5630 Regius
2198 5565 2373 5630 codex,
2396 5573 2566 5630 greges
2581 5572 2677 5612 met
2693 5559 2798 5612 dati
2818 5567 2928 5613 sunt
2943 5574 2995 5613 ut
3010 5561 3246 5627 rapiam.

1955 5629 1975 5660 ³
1999 5623 2128 5686 Mss,
2150 5626 2347 5676 arietem
2368 5623 2416 5676 ei
2434 5623 2639 5674 hircum.

1954 5688 2070 5751 {sic
2095 5685 2238 5751 etiam
2260 5689 2384 5751 apud
2401 5688 2737 5751 ttierouymum
2756 5693 2809 5738 et
2824 5688 2873 5738 iu
2895 5694 3005 5738 Mss.
3029 5685 3336 5741 Bibliiscorh.
3358 5695 3410 5740 At
3429 5687 3480 5742 in

1887 5750 2031 5812 prelo
2049 5752 2196 5802 editis
2216 5747 2364 5802 habet
2386 5747 2603 5812 Vulgata,
2627 5749 2691 5798 ad
2711 5761 2806 5800 vos.
