3874 6364
358 151 461 214 εει
1563 139 1622 199 s.
1662 137 2034 199 AUGUSTINI
2067 140 2432 201 serenum
3609 146 3703 209 iis.

359 275 415 322 et
444 264 583 319 Deus
608 265 923 334 prospector
937 258 1057 327 ejus
1085 257 1103 290 ⁸
1131 255 1221 329 qui
1247 254 1422 312 reddit
1438 252 1682 327 gratiam,
1712 252 1954 311 meminit

360 356 413 412 in
443 364 716 425 posterum
738 352 782 417 ';
810 363 862 407 et
887 349 943 406 iii
967 360 1207 420 tempore
1231 362 1388 404 casus
1408 346 1484 402 tui
1509 345 1749 402 invenies
1775 348 1954 402 tinua-

362 456 622 502 mentum.

431 535 553 610 [tv.|
576 534 694 597 Fili.
716 537 1111 603 elecmosynam
1132 529 1382 602 pauperis
1402 543 1470 585 ne
1490 528 1723 592 fraudes,
1744 538 1798 584 et
1822 542 1952 583 acu-

358 632 439 686 los
482 644 601 686 tuos
652 645 719 683 ne
779 636 1109 682 transvertas
1160 641 1191 678 a
1238 638 1490 695 paupere.
1538 623 1784 676 Animam
1833 636 1956 677 esu-

2061 343 2303 401 doctrina
2338 346 2390 401 in
2415 346 2598 403 verbis
2625 347 2900 416 veritatis,
2930 358 2986 406 et
3013 351 3467 406 firmamentum
3500 351 3553 408 in
3586 368 3698 425 ope-

2060 437 2209 493 ribus
2230 437 2471 508 jiistitiie.
2501 439 2614 494 Non
2644 440 2980 496 contradicas
3008 442 3251 497 veritati
3283 442 3405 497 ullo
3434 442 3629 511 modo,
3650 457 3698 505 et

2059 529 2129 585 de
2158 530 2437 586 mendacio
2462 531 2834 588 iiieruditionis
2866 545 2971 589 tua:
2997 533 3394 591 confundere.
3426 533 3550 591 Non
3579 553 3695 593 con-

2062 618 2300 676 fundaris
2337 622 2580 678 confiteri
2610 632 2822 694 peccata
2856 635 2942 680 tua
2963 668 2980 692 ,
3011 635 3071 683 et
3099 641 3181 682 ne
3220 626 3501 697 subjicias
3539 636 3590 683 te
3615 628 3697 685 bo-

2063 253 2206 308 enim
2242 252 2550 325 agnoscitur
2588 254 2846 325 sapientia
2873 263 2931 312 et
2968 270 3188 314 sensus
3213 296 3233 325 ,
3281 263 3345 312 et
3388 258 3615 315 scientia
3655 271 3701 320 et
3796 252 3797 263 ³

362 724 585 777 rientem
614 735 681 775 ne
706 719 1036 789 despexeris,
1069 728 1123 772 et
1140 735 1243 771 limi
1270 731 1556 786 cxasperes
1582 730 1866 786 pauperem
1899 714 1955 770 in

361 813 535 881 inopia
564 828 680 866 sua.
713 811 820 867 Cur
844 811 1018 881 inopis
1045 824 1113 864 ue
1137 809 1393 863 afllixeris
1416 848 1431 870 .
1462 816 1641 862 etnon
1674 806 1955 876 protrahas

360 907 541 962 datum
571 906 909 977 angustiauti.
943 903 1291 974 Rogationem
1333 902 1671 957 contribiilati
1714 917 1782 957 ne
1817 901 1951 969 abji-

359 1001 504 1066 cias,
537 1009 589 1053 et
617 1015 719 1052 non
742 1008 954 1053 avertas
975 997 1162 1051 faciem
1193 1007 1334 1049 tiiani
1362 995 1430 1049 ab
1455 1009 1645 1067 egeno.
1676 993 1760 1049 Ab
1797 992 1957 1062 inope

362 1106 469 1146 non
497 1089 710 1144 auferas
724 1090 909 1143 oculos
928 1099 1047 1144 tuos
1076 1098 1292 1159 propter
1320 1088 1453 1143 iram
1475 1129 1490 1149 ,
1511 1097 1566 1142 et
1593 1102 1698 1142 non
1719 1086 1954 1142 derelin-

359 1197 493 1252 quas
534 1181 893 1253 qua-rentibus
922 1180 1014 1235 tibi
1044 1189 1189 1234 retro
1216 1178 1555 1234 maledicere.
1594 1177 1957 1234 Malediccnlis

362 1276 505 1331 enim
541 1275 631 1328 tibi
673 1276 722 1329 in
750 1274 1103 1329 atnuritudine
1134 1273 1327 1329 animae
1354 1272 1671 1329 exaudietur
1693 1272 1955 1343 depreca-

362 1368 436 1422 tio
465 1366 625 1422 illius.
658 1366 912 1421 Exaudiet
940 1376 1118 1422 autem
1147 1382 1291 1431 euiii,
1331 1366 1422 1436 qui
1453 1365 1583 1423 fecit
1617 1367 1785 1422 illum.
1809 1366 1954 1422 Con-

358 1459 653 1530 gregationi
674 1474 963 1528 pauperum
988 1458 1253 1513 all'ahilein
1278 1467 1329 1512 te
1353 1457 1532 1521 facito,
1561 1469 1616 1514 et
1642 1460 1957 1530 presbytero

360 1550 576 1605 humilia
626 1551 859 1605 animam
905 1558 1086 1616 tuam,
1134 1560 1190 1605 et
1244 1563 1491 1622 niagnato
1542 1550 1755 1606 humilia
1797 1562 1959 1623 caput

358 1649 532 1698 tuum.
564 1642 777 1697 Declina
810 1642 1026 1714 pauperi
1066 1642 1183 1696 sine
1209 1642 1420 1697 tristitia
1464 1658 1648 1699 aurem
1690 1654 1831 1698 tuam
1858 1686 1874 1709 ,
1904 1652 1958 1700 et

363 1734 527 1790 redde
555 1733 789 1788 debitum
821 1743 999 1797 tuum,
1025 1743 1078 1788 ct
1099 1734 1362 1804 responde
1386 1735 1458 1789 illi
1493 1736 1706 1805 paciﬁca
1730 1737 1781 1791 in
1807 1752 1959 1791 man-

360 1823 665 1879 Siietiidiiie.
694 1822 884 1879 Libera
914 1839 1034 1878 eum
1064 1824 1151 1893 qui
1181 1824 1425 1893 injuriani
1458 1826 1676 1896 patitur,
1709 1828 1775 1881 de
1798 1843 1958 1883 manu

362 1913 580 1984 superbi
609 1929 625 1980 ;
655 1923 709 1970 et
730 1914 1001 1970 nonacide
1024 1914 1235 1970 ferasin
1261 1916 1434 1970 anima
1459 1925 1566 1972 tua.
1594 1917 1646 1971 lii
1668 1918 1958 1987 judicando

360 2015 477 2063 esto
517 2006 820 2062 misericors
839 2049 853 2074 ,
899 2007 1112 2079 pupillis
1150 2017 1206 2062 iit
1236 2017 1420 2079 pater,
1449 2018 1503 2064 et
1532 2026 1631 2082 pro
1657 2011 1773 2066 viro
1801 2013 1956 2067 matri

362 2097 594 2161 illorum;
616 2105 670 2151 et
692 2098 802 2153 eris
825 2099 968 2151 velut
995 2100 1131 2152 [ilius
1158 2100 1413 2154 Aliissinii
1437 2100 1752 2166 obauiliens,
1780 2114 1831 2156 et
1858 2103 1960 2158 nii-

362 2191 626 2266 serebitur
665 2191 737 2245 tui
778 2191 950 2262 magis
979 2208 1137 2262 quani
1168 2203 1357 2247 mater.
1386 2194 1657 2262 Sapientia
1694 2195 1817 2250 filiis
1846 2197 1959 2253 suis

361 2284 526 2339 vitam
560 2284 867 2353 inspiravit,
894 2292 949 2340 et
969 2286 1189 2354 suscipit
1216 2287 1550 2357 iiiqiiircntes
1577 2302 1637 2342 se
1666 2298 1715 2342 et
1751 2289 1958 2357 prieibit

362 2374 417 2431 in
455 2376 537 2431 via
570 2375 813 2445 jllSlilliD.
846 2376 911 2431 Et
943 2377 1032 2447 qui
1072 2377 1214 2433 illam
1252 2377 1457 2448 diligit,
1486 2378 1657 2451 diligit
1679 2381 1838 2435 vitam
1864 2397 1879 2446 ;
1904 2391 1961 2438 et

362 2468 453 2538 qui
504 2468 841 2538 vigilaverint
891 2468 958 2524 ad
1011 2469 1189 2536 illam,
1229 2472 1654 2541 complectentur
1686 2474 1955 2542 placerem

362 2559 482 2630 ejus
509 2560 550 2614 ³.
582 2560 681 2629 Qui
710 2560 977 2616 tenuerint
1023 2560 1165 2616 illam
1191 2605 1207 2629 ,
1244 2566 1406 2618 vitam
1438 2562 1826 2620 lizereditabuut
1849 2607 1863 2629 ,
1904 2574 1961 2622 et

362 2668 471 2723 quo
509 2653 746 2707 introibit
781 2653 1061 2709 benedicet
1096 2654 1255 2709 Deus.
1287 2656 1388 2726 Qui
1419 2658 1654 2712 serviunt
1688 2658 1736 2712 ei
1758 2699 1773 2722 ,
1802 2658 1961 2715 obse-

363 2757 590 2816 quentes
609 2757 765 2801 crunt
789 2756 996 2813 sancto;
1024 2754 1081 2803 et
1106 2764 1202 2805 eos
1226 2748 1315 2820 qui
1343 2749 1571 2821 diligunt
1598 2751 1766 2817 illam,
1789 2752 1963 2823 diligit

363 2838 523 2893 Deus.
549 2838 648 2903 Qui
674 2839 822 2894 audit
842 2840 1008 2905 illam,
1031 2839 1236 2910 jiidicat
1256 2840 1510 2910 ‘gentes;
1535 2852 1588 2899 et
1616 2845 1704 2915 qui
1728 2845 1961 2902 intuetur

364 2929 541 2995 illam,
578 2931 907 3000 permanebit
932 2932 1229 2988 conlidens.
1259 2933 1315 2989 Si
1341 2933 1629 2990 crediderit
1657 2936 1742 3002 ei,
1787 2938 1959 2993 luere-

366 3022 557 3078 ditabit
580 3022 748 3086 illam,
770 3031 825 3077 et
853 3032 1011 3077 erunt
1040 3023 1092 3077 in
1120 3023 1526 3080 confirmatione
1551 3036 1809 3080 creatura:
1837 3028 1959 3082 illii-

366 3132 511 3172 rum.
539 3115 799 3183 Quoniam
829 3116 880 3169 iu
915 3117 1207 3170 teutatioiie
1246 3116 1485 3173 ambulat
1526 3134 1647 3173 cum
1677 3135 1773 3185 eo,
1813 3130 1869 3176 et
1905 3121 1960 3177 in

366 3206 554 3276 primis
579 3206 725 3275 eligit
745 3221 887 3259 eum.
917 3205 1185 3262 Timorem
1214 3217 1270 3261 et
1298 3217 1497 3263 metum
1523 3218 1577 3265 et
1595 3210 1960 3280 probationem

366 3295 587 3352 inducet
615 3310 776 3365 super
809 3296 978 3362 illiilli,
1010 3304 1064 3351 et
1087 3298 1345 3353 eriieiabit
1373 3299 1517 3354 illum
1543 3301 1593 3355 in
1625 3303 1963 3360 tribulatione

371 3386 629 3442 doctrinae
650 3403 788 3452 suze;
811 3387 983 3442 donec
1012 3395 1181 3444 tentet
1208 3390 1353 3444 illum
1376 3390 1428 3444 in
1455 3392 1865 3459 cogitationibus
1896 3397 1961 3450 il-

369 3478 491 3537 lius.
520 3490 572 3532 et
602 3478 783 3533 credat
803 3479 994 3533 anima:
1025 3480 1185 3534 illius.
1222 3480 1288 3535 Et
1319 3482 1549 3537 firmabit
1581 3484 1747 3549 illum,
1777 3496 1830 3540 et
1859 3490 1961 3543 iter

370 3570 597 3626 adducet
624 3571 647 3603 '
674 3571 934 3628 direcuun
975 3573 1039 3626 ad
1073 3573 1240 3637 illum,
1270 3583 1319 3628 et
1370 3574 1658 3631 la-tificabit
1702 3578 1880 3643 illum;
1910 3589 1965 3635 et

371 3662 662 3718 denudabit
688 3664 997 3719 abscondita
1026 3678 1118 3719 sua
1157 3664 1268 3729 illi,
1299 3672 1355 3720 et
1399 3664 1777 3724 thesaiirizabit
1802 3685 1964 3741 super

370 3755 520 3810 illum
547 3755 823 3810 scientiam
846 3766 897 3810 et
921 3755 1243 3811 intellectum
1264 3755 1505 3827 jiistitize.
1527 3758 1583 3815 Si
1605 3768 1780 3816 autem
1807 3763 1965 3818 ober-

370 3848 601 3912 raverit,
644 3847 976 3917 ilereliuquet
1005 3847 1188 3914 illum,
1238 3856 1291 3903 et
1335 3850 1505 3906 tradet
1534 3867 1655 3907 eum
1695 3854 1745 3907 in
1775 3870 1965 3911 manus

371 3938 570 3992 inimici
601 3939 705 3992 sui.
739 3937 858 4002 Fili,
886 3953 1142 3992 conserva
1174 3947 1419 4008 tempus,
1451 3950 1507 3997 et
1534 3942 1707 3997 devita
1737 3960 1767 3998 a
1798 3947 1961 4002 malo.

371 4027 478 4082 Pro
525 4028 698 4081 anima
743 4037 833 4081 tua
880 4043 987 4082 non
1029 4026 1380 4084 confundaris
1420 4032 1599 4089 dicere
1636 4050 1837 4091 verum.
1872 4037 1965 4093 Est

372 4118 517 4172 enim
546 4118 787 4173 confusio
811 4117 1082 4174 adducens
1104 4129 1403 4190 peccatum,
1427 4132 1481 4178 et
1501 4133 1578 4179 est
1604 4126 1845 4182 confusio
1866 4129 1963 4184 ad-

373 4209 576 4265 ducens
600 4208 823 4280 gloriim
854 4221 907 4266 et
942 4212 1186 4282 gratiam.
1218 4211 1334 4268 Non
1364 4215 1594 4285 accipias
1636 4216 1823 4275 faciem
1866 4221 1963 4277 ad-

375 4317 565 4357 versus
613 4302 797 4358 faciem
850 4312 1026 4371 tuam,
1079 4320 1178 4362 nec
1224 4305 1482 4364 adversus
1535 4309 1766 4366 animam
1820 4325 1962 4370 tuam

373 4395 732 4451 mendacium.
778 4395 895 4452 Non
928 4399 1223 4453 reverearis
1253 4401 1550 4470 proximum
1581 4412 1727 4459 tuum
1759 4408 1810 4462 in
1834 4424 1966 4465 casu

376 4500 475 4540 suo
495 4526 512 4552 ,
542 4501 641 4542 nec
681 4488 909 4542 retineas
939 4489 1156 4544 verbum
1189 4489 1239 4544 iii
1273 4498 1515 4562 tempore
1544 4493 1566 4525 ⁸
1604 4496 1808 4552 salutis.
1847 4499 1965 4558 Non

376 4579 676 4635 abscondas
712 4580 1026 4651 sapientiam
1058 4592 1199 4637 tuam
1226 4583 1280 4638 in
1318 4584 1513 4643 decore
1535 4587 1672 4658 ejus.
1702 4588 1762 4645 In
1787 4591 1966 4665 lingua

437 4732 457 4803 ξ
481 4732 739 4803 sequimur
749 4737 824 4803 Er.
1015 4742 1038 4782 ι
1051 4746 1135 4803 e_n.
1157 4742 1269 4788 nov.
1294 4744 1342 4788 tu
1368 4745 1437 4800 Β..
1458 4740 1532 4793 tui
1549 4745 1672 4803 eius.
1718 4750 1778 4795 It.

435 4792 933 4870 ',".‘!i63i3i_£'£’?.‘”’51
949 4795 1053 4870 ⁸1³⁸³
1064 4794 1119 4870 ἐπ
1136 4804 1395 4870 Ρίὲδιθνωπ·
1420 4792 1588 4870 Abest;
1604 4792 1784 4870 om
1803 4822 1967 4870 graeco

345 4863 424 4926 vet
458 4869 488 4926 ξι
513 4855 675 4926 latinis
706 4855 865 4926 Bibliis
897 4855 1036 4907 Corb.
1058 4855 1293 4926 Continuo
1326 4873 1431 4926 post
1457 4865 1509 4926 _iu
1546 4855 1782 4919 omnibus
1803 4855 1967 4924 bibliis

370 4917 571 4981 legitur,
595 4917 708 4968 etin
728 4924 938 4980 (erupere
966 4932 1106 4972 casus
1120 4924 1195 4972 sui
1215 4917 1807 5038 inimica/irritamentum.

438 4982 459 5014 ³
501 4981 678 5038 begins
716 4980 910 5038 codex,
955 4981 1317 5038 complebantur
1358 4988 1391 5038 ά
1446 5001 1555 5038 core
1596 4992 1721 5038 eius.
1771 5002 1807 5038 (ἶ

438 4993 459 5014 δ
501 4993 678 5043 iiegius
716 4993 910 5039 eouex,
955 4993 1317 5047 complebantur
1358 4993 1555 5039 dulcare
1596 4993 1721 5055 ejus.
1771 5002 1831 5044 Gr

372 5049 564 5116 textus,
581 5040 993 5116 entplestltesagttqi
1012 5043 1354 5116 cup/trostmes.
1376 5110 1390 5116 _
1448 5112 1458 5116 Α
1501 5112 1516 5116 Α
1621 5113 1632 5116 Α

401 5104 679 5184 ,.¹;)ὐ¹ίξ³ἒέἀ
703 5104 1114 5184 “1"‘9.2J“d"€‘!“,‘
1127 5120 1156 5184 ,-'
1185 5110 1687 5184 ριηρθειιοὲηξηλνίξτι.
1703 5116 1964 5184 ctinﬁrma-

370 5168 499 5216 tione
519 5171 758 5235 creqtu-a:
799 5168 948 5235 illius.
994 5176 1051 5219 At
1093 5171 1142 5219 in
1170 5168 1389 5235 antiquis
1418 5168 1704 5226 Corb.'uil.l.
1736 5168 1966 5234 maias}.

374 5236 586 5291 uterque
608 5226 741 5279 locus
764 5242 873 5279 cuin
897 5230 989 5281 hoc
1009 5238 1051 5292 si
1072 5233 1228 5282 oculo.

644 5297 689 5342 et
702 5291 1075 5366 jmn_adducet.
1098 5301 1245 5345 Graec.
1274 5293 1405 5366 ,_
1424 5295 1557 5357 milia
1594 5303 1829 5366 omnem
1864 5305 1964 5358 kat’

373 5352 599 5425 euyiei'nn.
615 5352 733 5425 pros
754 5362 917 5415 autem,
951 5361 998 5407 et
1030 5369 1198 5425 rursus
1220 5352 1380 5410 redbit
1399 5352 1531 5411 recta
1551 5352 1793 5417 ad't'lliun.

440 5414 695 5495 ἬΨέῘξέ
1256 5425 1483 5495 tempore
1507 5425 1649 5495 iuxta
1678 5414 1960 5495 inlesum;

376 5489 493 5547 qua;
528 5478 577 5547 iu
620 5478 943 5547 subsequeuti
967 5480 1225 5547 versiculo,
1264 5478 1367 5547 pro,
1403 5478 1705 5538 α”ἆοσιήηα
1724 5478 1797 5541 utu
1806 5478 1965 5547 e755}

377 5536 857 5616 Ρέεςξφξίδεηυτφιῖεὲξι
870 5546 926 5616 et
946 5542 1167 5616 ἀρανξηα
1185 5536 1401 5616 meo;
1626 5536 1825 5606 eiseis
1833 5536 1963 5608 3&3

377 5605 563 5664 textus,
581 5613 643 5653 ea
664 5603 838 5654 remoti
854 5603 1048 5667 glossés,
1079 5603 1132 5655 in
1151 5605 1291 5657 verbo
1314 5605 1506 5665 liticine.

2061 713 2190 768 mini
2216 730 2312 785 pro
2340 722 2578 785 peccato.
2609 716 2726 772 Noli
2759 718 3011 776 resistere
3033 728 3253 777 contra
3284 719 3491 777 faciem
3521 735 3667 794 poten

2064 806 2131 860 tis
2154 847 2170 871 ,
2200 822 2298 861 nec
2334 809 2547 862 coneris
2573 817 2756 864 contra
2787 810 2949 866 ictum
2976 811 3134 868 ﬂuvii
3169 814 3216 867 ⁸.
3254 813 3321 868 In
3345 811 3563 884 iustitia
3587 830 3693 888 agna

2062 903 2243 958 nizare
2269 917 2366 972 pro
2394 903 2571 959 anima
2603 912 2689 958 tua
2710 946 2726 971 ,
2748 912 2801 961 et
2828 920 2995 976 usque
3032 907 3105 962 ad
3140 917 3404 963 mortem
3432 916 3581 965 certa
3611 926 3695 980 pro

2056 992 2285 1064 justitia;
2306 1004 2361 1050 et
2386 994 2528 1051 Deus
2549 996 2872 1067 expugnabit
2897 1014 2994 1068 pro
3021 1007 3075 1055 te
3104 998 3391 1056 inimicos
3415 1008 3560 1055 tuos.
3591 1001 3693 1058 Noli

2060 1086 2253 1142 citatus
2280 1101 2402 1143 esse
2435 1086 2487 1143 in
2517 1088 2693 1159 lingua
2720 1098 2846 1155 tua,
2890 1098 2946 1146 et
2985 1091 3209 1148 inutilis
3250 1099 3311 1148 et
3358 1092 3621 1150 remissus
3646 1094 3691 1151 in

2061 1175 2314 1246 operibus
2344 1178 2467 1232 tuis.
2493 1176 2612 1233 Noli
2633 1194 2753 1234 esse
2777 1180 2915 1236 sicut
2944 1180 3030 1238 leo
3060 1183 3122 1238 in
3169 1182 3357 1239 domo
3384 1193 3478 1239 tua
3500 1226 3519 1251 ,
3546 1202 3689 1242 ever-

2064 1276 2181 1321 tens
2200 1266 2523 1324 domesticos
2544 1278 2683 1337 tuos,
2704 1279 2761 1327 et
2783 1272 3093 1342 oppriineiis
3121 1273 3431 1345 subjectos
3457 1275 3573 1332 tibi.
3589 1277 3689 1335 Non

2061 1359 2129 1413 sit
2158 1370 2405 1431 porrecta
2441 1378 2630 1418 manus
2658 1373 2745 1419 tua
2769 1364 2838 1420 ad
2863 1364 3200 1438 capiendum
3229 1409 3249 1436 ,
3280 1376 3344 1425 ct
3369 1368 3444 1425 ad
3468 1369 3687 1427 dandum

2063 1453 2307 1508 collecta.

2134 1541 2235 1616 [v.1
2274 1543 2391 1598 Noli
2422 1544 2700 1601 attendere
2727 1546 2794 1600 ad
2832 1549 3221 1617 possessiones
3250 1549 3512 1621 iniquas,
3553 1558 3606 1606 et
3630 1568 3688 1610 ne

2063 1634 2267 1691 dixeris
2289 1676 2305 1699 ,
2338 1635 2436 1691 Est
2458 1637 2586 1691 mibi
2617 1635 2892 1694 sufficiens
2921 1639 3048 1695 vita.
3082 1640 3245 1696 Nihil
3277 1641 3434 1697 enim
3461 1641 3687 1714 proderit

2063 1725 2115 1779 in
2146 1735 2384 1795 tempore
2405 1728 2650 1783 vindicta:
2670 1738 2725 1784 et
2746 1730 3100 1787 obductionis.
3126 1732 3262 1789 Non
3283 1736 3542 1804 sequaris
3563 1750 3683 1791 con-

2062 1817 2443 1886 cupiscentiam
2471 1819 2649 1875 cordis
2674 1822 2717 1886 ',
2748 1830 2801 1877 et
2824 1837 2892 1878 ne
2918 1822 3147 1892 dixeris,
3181 1824 3492 1892 Quomodo
3514 1827 3684 1897 potui?

2061 1920 2149 1962 aut
2178 1909 2299 1979 quis
2325 1926 2410 1965 uie
2444 1911 2692 1980 subjiciet
2726 1923 2943 1984 propter
2973 1914 3109 1971 facta
3154 1918 3337 1973 mea?
3379 1918 3526 1974 Deus
3550 1920 3681 1978 enim

2065 2001 2339 2059 vindicans
2362 2002 2669 2058 vindicabit.
2696 2005 2762 2059 Et
2792 2020 2859 2061 ne
2883 2006 3083 2063 dixeris
3103 2049 3120 2072 ,
3156 2007 3402 2064 Peccnvi
3426 2050 3442 2075 ,
3471 2020 3527 2065 et
3563 2010 3676 2081 quid

2062 2092 2252 2148 accidit
2288 2094 2419 2148 mihi
2463 2095 2649 2150 triste?
2679 2096 2982 2151 Altissimus
3008 2100 3158 2154 enim
3189 2110 3281 2157 est
3326 2102 3544 2171 patiens
3568 2104 3676 2158 red-

2062 2183 2220 2239 ditur.
2254 2185 2326 2238 lle
2352 2185 2637 2255 propitiata
2659 2189 3036 2257 peccatoruni'
3054 2190 3168 2245 noli
3207 2206 3343 2247 esse
3371 2191 3496 2247 sine
3526 2198 3673 2256 metu;

2062 2290 2236 2343 neque
2254 2275 2474 2345 adjicias
2496 2287 2768 2347 peccatum
2793 2293 2957 2350 super
2976 2290 3274 2352 peccatum
3301 2301 3317 2337 :
3345 2292 3406 2339 et
3431 2299 3501 2339 ne
3519 2283 3671 2346 dicas,

2063 2367 2332 2423 Miseratio
2375 2369 2470 2424 Dei
2511 2385 2700 2442 magna
2751 2381 2870 2437 est;
2924 2372 3298 2430 multitudinis
3347 2384 3671 2445 peccatorum

2065 2477 2306 2517 nieorum
2336 2462 2695 2519 miserebitur.
2731 2463 3093 2521 Misericordia
3121 2467 3280 2523 enim
3307 2477 3366 2524 et
3397 2468 3477 2522 ira
3504 2468 3569 2522 ab
3587 2466 3670 2521 illo

2063 2553 2169 2607 cito
2192 2553 2476 2622 proximat,
2500 2547 2554 2609 ei
2585 2554 2636 2609 in
2661 2565 2966 2625 peccatores
2993 2558 3224 2626 respicit
3254 2559 3336 2612 ira
3367 2558 3533 2614 illius.
3560 2555 3666 2613 Non

2064 2643 2242 2699 tardes
2269 2648 2510 2700 converti
2535 2644 2602 2701 ad
2627 2645 2942 2713 Dominum,
2974 2657 3029 2703 et
3056 2663 3125 2704 ne
3154 2648 3390 2705 differas
3417 2649 3488 2706 de
3515 2649 3599 2705 die
3617 2650 3661 2704 iii

2064 2733 2227 2789 diem.
2274 2736 2463 2792 Subito
2491 2736 2633 2792 enim
2663 2738 2841 2794 veniet
2885 2740 2961 2795 ira
3007 2740 3189 2809 illius,
3231 2752 3293 2798 et
3337 2742 3393 2797 in
3440 2752 3664 2814 tempore

2064 2825 2312 2881 vindicta:
2354 2826 2628 2898 disperdet
2658 2837 2730 2885 te.
2761 2828 2880 2885 Noli
2906 2831 3098 2887 anxius
3124 2848 3255 2889 esse
3287 2834 3342 2888 in
3371 2833 3567 2888 divitiis
3591 2833 3659 2887 in-

2060 2916 2219 2986 jiistis
2251 2935 2265 2971 :
2296 2919 2427 2975 nihil
2455 2920 2598 2976 enim
2635 2921 2927 2990 proderunt
2967 2924 3062 2978 tibi
3103 2925 3157 2980 in
3193 2925 3288 2981 die
3336 2925 3663 2981 obductionis

2064 3020 2120 3067 et
2158 3012 2431 3068 vindictae.
2458 3012 2574 3069 Non
2605 3014 2835 3071 ventiles
2863 3026 2913 3071 te
2961 3016 3014 3071 iu
3057 3019 3211 3073 omni
3246 3028 3443 3083 vento,
3472 3026 3527 3074 et
3566 3032 3659 3074 non

2065 3116 2159 3158 eas
2188 3102 2241 3157 in
2268 3104 2414 3159 omni
2443 3105 2527 3158 via
2555 3103 2597 3158 ⁸.
2626 3104 2717 3160 Sic
2740 3108 2883 3163 enim
2912 3118 3162 3178 peccator
3189 3111 3456 3181 probatur
3479 3107 3659 3178 duplici

2066 3191 2264 3264 lingua.
2298 3194 2428 3250 Esto
2456 3196 2640 3253 firmus
2666 3198 2719 3253 in
2760 3199 2841 3253 via
2873 3200 2998 3266 Dei,
3031 3210 3086 3256 et
3127 3201 3182 3257 in
3228 3204 3457 3259 veritate
3485 3215 3657 3257 sensus

2069 3284 2143 3337 tui
2173 3293 2228 3338 et
2259 3285 2477 3341 scientia
2503 3302 2519 3353 ;
2547 3298 2599 3344 et
2631 3300 2979 3360 prosequatur
3000 3303 3049 3347 te
3070 3294 3302 3348 verbum
3339 3294 3484 3364 pacis
3511 3301 3560 3348 et
3580 3292 3656 3363 ju-

2067 3377 2246 3431 stitias.
2262 3378 2401 3433 Esto
2429 3390 2739 3437 mansuetus
2762 3382 2829 3437 ad
2851 3382 3176 3440 audiendum
3209 3386 3436 3442 verbum
3466 3385 3582 3449 Dei,
3605 3393 3648 3438 ut

2070 3470 2353 3542 intelligas;
2381 3482 2436 3528 et
2464 3489 2585 3529 cum
2612 3476 2870 3546 sapientia
2894 3475 3036 3532 feras
3063 3478 3084 3511 ⁵
3110 3495 3437 3550 responsum
3464 3492 3650 3534 verum.

2068 3562 2121 3619 Si
2145 3574 2227 3620 cst
2247 3566 2340 3621 tibi
2370 3567 2694 3636 intellectus,
2717 3572 2983 3640 responde
3016 3574 3267 3642 proximo
3297 3594 3310 3629 :
3345 3576 3426 3629 sin
3454 3582 3647 3631 autem.

2070 3656 2138 3709 sit
2169 3672 2360 3713 manus
2384 3666 2473 3713 tua
2506 3674 2668 3729 super
2687 3676 2749 3715 os
2778 3671 2956 3727 tuum;
2990 3680 3057 3720 ne
3080 3666 3319 3735 capiaris
3345 3666 3504 3721 verbo
3526 3662 3648 3719 iudi-

2069 3748 2370 3818 sciplinato.
2393 3760 2449 3806 et
2472 3750 2833 3809 eonfuiidaris.
2867 3754 3048 3810 Honor
3070 3766 3124 3812 et
3149 3757 3323 3827 gloria
3347 3758 3400 3811 in
3422 3768 3646 3812 sermone

2070 3846 2271 3900 sensuti
2305 3862 2318 3897 :
2352 3844 2528 3914 lingua
2550 3861 2678 3900 vero
2696 3846 3045 3916 imprudentis
3066 3850 3353 3906 subversio
3376 3857 3458 3903 cst
3481 3848 3642 3917 ipsius.

2068 3934 2184 3990 Non
2213 3935 2498 4006 appelleris
2527 3951 2746 3991 susurro
2773 3938 2824 3991 iii
2854 3939 2959 3992 vita
2994 3948 3100 4002 tua,
3124 3951 3175 3995 et
3202 3942 3256 3995 in
3287 3941 3459 4010 lingua
3489 3948 3566 3992 tua
3588 3953 3643 3990 ni:

2070 4025 2318 4095 capiaris,
2338 4035 2394 4081 et
2411 4025 2775 4083 eonfuiidaris.
2806 4028 2979 4099 Super
3007 4030 3176 4085 furem
3199 4032 3344 4088 enim
3373 4039 3455 4085 est
3479 4025 3643 4083 coiifii.

2070 4118 2172 4183 sio,
2201 4127 2253 4172 et
2283 4118 2628 4188 pieniteiitia,
2650 4130 2704 4174 et
2742 4119 3015 4175 denotatio
3054 4121 3289 4191 pessima
3320 4135 3478 4190 super
3500 4116 3639 4172 bilin-

2068 4225 2226 4281 giieni
2252 4228 2265 4264 :
2290 4212 2611 4267 susurratori
2631 4222 2809 4269 autem
2835 4212 3039 4280 ediniii,
3059 4225 3112 4269 et
3139 4214 3435 4278 inimicitia,
3453 4221 3504 4267 et
3525 4223 3638 4264 con-

2071 4304 2308 4359 tumelia.
2338 4303 2577 4361 Justifica
2605 4306 2876 4375 pusillum.
2899 4317 2952 4362 et
2980 4322 3229 4377 magnum
3259 4307 3511 4363 similiter.

2144 4393 2264 4470 [vn]
2299 4394 2421 4452 Noli
2446 4396 2559 4451 fieri
2586 4411 2682 4465 pro
2701 4397 2875 4453 amico
2902 4397 3147 4454 inimicus
3171 4399 3415 4469 proximo
3431 4414 3442 4449 :
3459 4396 3634 4463 impro-

2073 4488 2280 4558 periuni
2321 4487 2463 4542 enim
2493 4494 2549 4542 et
2586 4488 2960 4543 contumeliam
3004 4491 3177 4545 malus
3205 4485 3530 4545 Ιιειιτοίιίιηὺῦι
3550 4524 3562 4545 .
3588 4488 3633 4536 et

2070 4580 2246 4635 omnis
2284 4589 2532 4649 peccator
2572 4579 2782 4636 invidus
2820 4590 2875 4635 et
2915 4581 3179 4652 bilinguis.
3211 4583 3329 4639 Non
3355 4592 3404 4636 te
3432 4574 3630 4634 extollas

2072 4672 2124 4726 iu
2150 4670 2471 4742 cogitatione
2490 4672 2683 4727 anima:
2708 4679 2834 4738 ture,
2858 4673 3003 4728 velut
3026 4684 3231 4741 taurus;
3257 4690 3323 4730 ne
3344 4672 3475 4728 forte
3493 4665 3629 4724 elida-

2072 4770 2159 4816 tur
2183 4762 2351 4817 virtus
2382 4771 2466 4817 tua
2515 4777 2610 4833 per
2637 4762 2936 4818 stultitiam.
2964 4762 3032 4817 Et
3073 4775 3185 4836 post
3226 4776 3407 4837 septem
3439 4769 3627 4815 versus:

2069 4853 2217 4911 Multi
2250 4855 2457 4927 pacifici
2484 4856 2594 4911 sint
2614 4856 2727 4922 tibi;
2757 4865 2813 4912 et
2839 4857 3179 4914 consiliarius
3203 4859 3272 4914 sit
3302 4857 3391 4913 tibi
3430 4868 3549 4908 unus
3569 4847 3625 4902 de

2126 5062 2150 5132 .‘
2175 5060 2251 5133 .530
2270 5066 2377 5111 M83-
2394 5058 2537 5122 iulla
2570 5070 2721 5123 srmo.
2753 5066 2808 5110 et
2825 5054 3013 5123 vulgat.
3038 5064 3093 5110 Αι
3135 5058 3253 5110 editi
3272 5055 3517 5110 habebam,
3542 5041 3623 5110 ful-

2068 5134 2379 5259 mgtlgiilgata
2396 5196 2411 5234 :
2428 5191 2496 5234 Ne
2508 5181 2728 5248 sequaris
2747 5181 2799 5235 in
2820 5180 3103 5246 fortitudine
3125 5188 3210 5235 tua
3230 5168 3619 5246 concupiscentiam

2069 5245 2230 5380 mil-ii:
2250 5251 2413 5380 {ginis
2432 5306 2614 5380 Bibliis,
2642 5314 2711 5357 De
2731 5304 3220 5380 propitiatopeccato.
3245 5316 3293 5359 tu
3314 5299 3614 5380 grtia);th

2070 5368 2479 5444 verissimae",
2491 5377 2580 5444 -02
2601 5368 2863 5444 ρνορίιίέιίιι
2881 5382 2897 5428 -'
2915 5368 3097 5444 MSS?!
3114 5385 3252 5444 veos.
3274 5368 3564 5444 ηέεειίιρῖψτι

2132 5439 2155 5466 δ
2176 5432 2251 5483 sic
2293 5433 2410 5483 editi
2457 5427 2511 5483 et
2679 5427 2820 5495 juxta
3048 5440 3105 5484 At
3140 5427 3336 5500 Vulgata
3363 5427 3523 5480 habet.
3571 5428 3607 5466 ν

2068 5506 2257 5548 onmem
2277 5500 2565 5547 cauum..."
2589 5491 2641 5544 in
2660 5491 2848 5545 diuitem
2866 5491 3012 5545 riam.

2074 5557 2359 5672 gurgitis
2391 5556 2583 5617 codex,
2605 5556 2700 5619 fer.
2722 5563 2937 5619 Grauis,
2972 5555 3257 5625 pultem.
3288 5553 3494 5618 Vulsan
3520 5552 3611 5609 ρνο·
