3874 6306
88 238 258 292 mille.
288 236 348 293 Si
381 238 625 309 possides
650 239 902 307 amicum,
924 238 978 294 in
1000 239 1296 295 tentatione
1315 239 1531 309 posside
1550 255 1695 307 eum;

88 340 141 384 et
181 344 291 383 non
328 330 487 385 facile
516 329 705 386 credas
732 330 805 386 illi
836 331 1174 401 temetipsum
1204 332 1247 386 ⁸.
1275 330 1371 385 Est
1395 330 1535 386 enim
1564 332 1699 387 ami-

89 437 184 477 cus
214 422 520 476 secundum
562 433 772 492 tempus
810 438 1001 489 suum,
1030 432 1085 478 et
1115 437 1220 477 non
1267 422 1598 493 permanebit
1639 422 1695 479 in

88 514 177 569 die
205 514 612 569 tribulationis:
644 524 798 571 etest
819 516 1024 572 amicus
1047 514 1138 585 qui
1170 514 1475 585 egreditur’
1504 516 1569 571 ad
1597 517 1697 573 iui-

90 608 356 662 mieitiam
388 624 403 661 :
433 617 486 662 et
527 616 609 662 est
640 609 841 663 amicus
866 609 956 679 qui
983 608 1162 663 odium
1193 617 1247 662 et
1284 608 1454 663 rixam
1480 620 1535 666 et
1562 626 1693 667 con-

87 700 226 755 vicia
253 699 577 756 denudahit.
611 700 703 754 Est
730 709 908 755 autem
938 701 1140 754 amicus
1168 701 1344 755 socius
1374 718 1573 757 mensae
1594 747 1609 770 ,
1640 714 1695 761 et

87 808 194 846 non
242 791 586 860 permanebit
622 791 673 844 in
703 791 791 846 die
835 791 1186 846 necessitatis.
1223 793 1441 848 Amicus
1478 796 1521 849 si
1566 812 1691 866 per-

84 884 352 938 manserit
378 883 547 948 ﬁxus,
570 884 671 938 crit
701 884 793 938 tibi
814 885 963 954 quasi
993 884 1280 953 eomqnalis
1300 926 1314 951 ,
1342 894 1395 939 et
1424 886 1476 939 in
1503 886 1690 943 dome-

88 977 240 1031 sticis
267 976 379 1031 tuis
414 975 732 1031 tidueialiter
758 984 878 1046 aget
928 975 983 1032 Si
1022 976 1383 1030 humiliaverit
1422 992 1479 1032 se
1504 988 1689 1035 contra

86 1078 159 1135 te,
186 1077 242 1123 et
270 1083 302 1121 a
337 1066 480 1122 facie
506 1077 593 1121 tua
615 1067 955 1122 absconderit
998 1080 1056 1121 se
1076 1108 1090 1133 ,
1131 1066 1439 1121 unanimem
1471 1068 1689 1123 habebis

87 1161 384 1215 amicitiam
419 1160 635 1214 bonam.
668 1158 751 1213 Ab
791 1157 1017 1212 inimicis
1066 1158 1171 1213 tuis
1213 1172 1493 1228 separare;
1526 1168 1578 1212 et
1621 1159 1689 1213 ab

85 1254 273 1309 amicis
315 1252 425 1306 tuis
467 1251 702 1307 attende.
732 1251 949 1307 Amicus
989 1250 1159 1305 ﬁdelis
1185 1252 1447 1320 protectio
1489 1252 1682 1306 fortis:

85 1347 173 1416 qui
205 1354 391 1400 autem
427 1344 632 1399 invenit
661 1344 807 1397 illum
830 1384 844 1408 ,
893 1343 1094 1398 invenit
1136 1343 1462 1399 thesaurum.
1499 1346 1686 1399 Amico

87 1437 229 1494 ﬁdeli
256 1437 411 1492 nulla
436 1446 521 1491 est
545 1438 900 1505 comparatio,
928 1444 1109 1491 etnon
1136 1444 1218 1490 est
1241 1435 1397 1505 digna
1419 1435 1683 1505 pondera-

86 1532 157 1585 tio
182 1547 210 1584 a
230 1531 301 1585 tri
333 1538 390 1584 et
413 1531 623 1599 argenti
649 1538 834 1583 contra
875 1528 1166 1583 bonitatem
1201 1528 1320 1582 ﬁdei
1349 1528 1508 1582 illius.
1536 1529 1686 1584 Ami—

82 1639 177 1678 cus
203 1621 382 1677 tldclis
407 1663 422 1685 ,
462 1620 910 1675 medicamentum
939 1620 1058 1673 vita:
1084 1631 1138 1674 et
1164 1619 1602 1685 immortalitatis;
1632 1628 1686 1675 et

82 1716 169 1786 qui
218 1722 476 1770 metuunt
516 1713 832 1778 Dominum,
878 1712 1152 1765 inveniunt
1179 1710 1346 1765 illum.
1387 1711 1486 1777 Qui
1536 1712 1686 1766 timet

83 1809 283 1873 Deum,
313 1822 478 1877 :eque
502 1805 720 1861 habebit
748 1803 1036 1858 amicitiam
1060 1803 1290 1867 bonam;
1318 1801 1568 1873 quoniam
1594 1819 1675 1857 se-

84 1893 313 1948 cundum
337 1893 495 1947 illum
522 1891 625 1946 erit
646 1890 850 1944 amicus
877 1889 1038 1942 illius.
1066 1886 1164 1941 Fili
1192 1929 1205 1951 ,
1232 1902 1263 1941 a
1285 1887 1568 1954 juventute
1595 1897 1683 1942 tua

83 1979 265 2049 excipe
286 1978 619 2041 doctrinam,
643 1984 697 2029 et
729 1990 895 2044 usque
918 1972 987 2027 ad
1014 1987 1179 2027 canos
1206 1973 1447 2028 invenies
1472 1972 1683 2041 sapien-

85 2073 229 2126 tiam.
250 2070 419 2138 Quasi
446 2069 492 2123 is
512 2068 602 2138 qui
628 2074 748 2121 arat
772 2074 826 2119 et
845 2065 1091 2130 seminat,
1119 2064 1315 2119 accede
1342 2063 1408 2117 ad
1437 2065 1600 2129 illam,
1628 2073 1684 2118 et

84 2162 286 2217 sustine
322 2162 504 2215 honos
531 2159 733 2213 fructus
761 2158 922 2212 illius.
950 2155 1005 2211 In
1044 2171 1207 2226 opere
1227 2155 1369 2210 enim
1403 2155 1544 2209 illius
1573 2155 1684 2209 exi-

83 2269 240 2323 gnum
267 2251 568 2313 laborabis,
596 2258 651 2305 et
674 2250 782 2304 cito
807 2250 938 2304 edes
965 2247 1032 2302 de
1060 2248 1490 2317 generationibus
1521 2247 1679 2301 illius.

83 2345 249 2412 Quam
266 2358 467 2415 aspera
486 2350 566 2397 est
591 2341 810 2396 nimimn
833 2340 1089 2409 sapientia
1116 2338 1339 2393 indoctis
1358 2338 1680 2405 hominibus,

85 2446 136 2490 et
160 2450 264 2491 non
291 2432 635 2505 permanebit
663 2431 714 2485 in
735 2432 821 2485 illa
844 2445 1034 2486 excors
1056 2428 1095 2481 ³.
1115 2429 1275 2497 Quasi
1299 2430 1491 2500 lapidis
1511 2434 1683 2485 virtus

88 2526 330 2595 probatio
354 2526 465 2580 erit
492 2524 545 2578 in
576 2524 677 2577 illis
697 2564 712 2587 ,
741 2531 797 2575 et
835 2536 939 2575 non
976 2521 1394 2576 tlemorabuntur
1421 2521 1682 2591 projicere

85 2619 244 2673 illam.
273 2616 343 2672 Et
373 2625 493 2688 post
524 2615 651 2669 duos
678 2631 844 2668 versus
874 2629 893 2667 :
917 2613 1121 2681 Quibus
1145 2623 1324 2669 autem
1359 2614 1533 2683 agnita
1560 2624 1641 2668 est
1664 2656 1678 2679 ,

88 2708 415 2777 permanet”
444 2722 614 2777 uSque
643 2707 708 2759 ad
746 2715 1089 2775 conspectum
1133 2705 1245 2760 Dei.
1284 2706 1457 2771 Audi,
1491 2706 1561 2759 lili
1584 2749 1598 2772 ,
1628 2715 1682 2762 et

85 2804 260 2872 accipe
285 2802 576 2857 Consilium
616 2799 914 2854 intellectus
938 2838 953 2861 ,
981 2808 1035 2853 et
1063 2815 1126 2850 ne
1149 2798 1370 2867 altjicias
1398 2800 1678 2853 consilium

88 2912 281 2951 meum.
334 2896 501 2965 Injice
530 2894 720 2966 pedem
769 2903 914 2947 tuum
948 2893 998 2945 in
1026 2892 1311 2961 compedes
1341 2893 1478 2946 illius
1502 2934 1515 2958 ,
1545 2902 1597 2947 et
1628 2894 1679 2947 itt

86 2998 327 3060 torquem
359 2990 483 3054 ejus
515 2988 710 3042 collum
739 2995 907 3041 tuum.
936 2984 1150 3054 Snbjiee
1182 2986 1463 3041 humerum
1494 2999 1675 3051 ttnun,

84 3089 135 3134 et
163 3090 313 3151 porta
344 3081 527 3145 illam,
564 3089 616 3133 et
656 3094 723 3134 ne
752 3079 1009 3135 acedieris
1040 3078 1259 3132 vinculis
1283 3079 1420 3148 ejus.
1453 3077 1505 3132 lu
1533 3080 1677 3134 oumi

83 3173 258 3227 animo
290 3182 383 3227 tno
423 3172 617 3227 accede
654 3174 720 3224 ad
764 3172 949 3234 illam,
994 3180 1048 3225 et
1090 3171 1143 3224 in
1191 3171 1335 3225 omni
1371 3172 1561 3225 virtute
1592 3182 1677 3225 tua

84 3280 232 3319 serva
259 3264 376 3319 vias
402 3265 539 3329 ejus.
565 3263 821 3331 Investiga
853 3263 1089 3326 illam,et
1111 3262 1537 3317 manifestabitur
1560 3266 1674 3328 tibi;

83 3366 131 3409 et
152 3358 445 3412 continens
472 3355 642 3409 factus
685 3372 749 3408 ne
794 3354 1145 3422 dercliqueris
1171 3370 1287 3407 eant
1324 3373 1336 3406 :
1374 3357 1425 3407 in
1456 3357 1681 3410 novissi-

84 3448 179 3499 mis
210 3446 359 3499 enim
394 3443 632 3497 invenies
669 3445 905 3512 requiem
938 3445 988 3494 in
1018 3458 1077 3496 ea
1102 3485 1114 3501 ,
1143 3452 1199 3495 et
1223 3453 1562 3497 convertetur
1585 3446 1676 3499 tibi

83 3538 130 3592 in
156 3536 599 3599 oblectationem;
626 3544 675 3588 et
705 3544 860 3587 erunt
887 3534 976 3586 tibi
1005 3532 1292 3603 compedes
1313 3533 1365 3588 in
1395 3536 1681 3604 protectio-

86 3644 201 3683 nem
235 3627 563 3683 fortitudinis
589 3638 640 3681 et
678 3626 834 3681 bases
863 3626 1071 3679 virtutis
1090 3666 1103 3689 ,
1134 3637 1188 3681 et
1216 3638 1432 3696 torques
1459 3628 1598 3682 illius
1624 3628 1677 3684 in

86 3722 272 3783 stolam
301 3719 511 3789 gloriae.
544 3718 606 3772 Et
643 3729 754 3789 post
780 3729 999 3789 quatuor
1026 3735 1194 3774 versus
1220 3736 1240 3774 :
1269 3720 1399 3786 Fili,
1428 3723 1472 3776 si
1499 3731 1677 3777 atten-

87 3815 224 3869 deris
254 3814 387 3869 mihi
410 3856 424 3877 ,
453 3814 628 3868 disces
659 3814 714 3874 ⁸;
745 3823 797 3867 et
840 3814 883 3867 si
913 3813 1400 3869 aeeotnmudavcris
1443 3817 1676 3874 animant

91 3917 224 3962 tuam
247 3948 261 3971 ,
307 3906 523 3973 sapiens
561 3906 687 3960 eris.
718 3904 783 3958 Et
812 3905 855 3959 si
882 3904 1225 3960 iuelinavcris
1258 3922 1443 3963 aurem
1488 3918 1630 3965 tuam
1657 3954 1673 3978 ,

91 4001 317 4070 exeipies
348 3999 685 4063 doctrinam;
718 4008 772 4054 et
811 3997 854 4051 si
894 3996 1146 4052 dilexeris
1187 3999 1412 4066 audire,
1461 4002 1674 4071 sapiens

90 4095 209 4144 eris.
243 4092 295 4145 In
330 4091 665 4145 multitudine
696 4089 1124 4159 presbyterorum
1174 4092 1512 4159 prudentium
1551 4103 1631 4149 sta
1656 4139 1670 4161 ,

92 4194 142 4237 et
167 4185 441 4255 sapientia:
472 4185 685 4239 illorum
714 4197 779 4235 ex
804 4183 967 4237 corde
990 4182 1346 4252 conjungere,
1377 4193 1434 4239 ut
1458 4200 1672 4241 omnem

93 4280 445 4334 narrationem
475 4278 563 4333 Dei
591 4277 764 4347 possis
788 4276 992 4340 audire,
1018 4285 1072 4329 et
1103 4276 1377 4344 proverbia
1410 4277 1582 4333 laudis
1608 4296 1674 4334 ne

94 4370 333 4438 clfugiant
356 4380 428 4425 te.
464 4370 531 4422 Et
555 4368 599 4422 si
623 4367 817 4422 videris
841 4377 1108 4422 sensatum
1130 4407 1145 4432 ,
1173 4367 1360 4438 evigila
1386 4367 1451 4421 ad
1484 4370 1628 4423 illum
1655 4414 1669 4438 ,

92 4471 141 4514 et
176 4464 365 4532 gradus
395 4463 653 4515 ostiorum
686 4461 824 4514 illius
850 4468 1054 4514 exterat
1080 4475 1170 4529 pes
1202 4469 1341 4514 tuus.
1373 4458 1672 4531 Cogitatum

96 4550 221 4607 habe
262 4554 311 4608 in
341 4552 623 4624 przceeptis
644 4552 773 4617 Dei,
812 4561 867 4605 et
904 4551 954 4604 in
984 4551 1245 4605 mandatis
1273 4553 1415 4606 illius
1445 4554 1674 4610 maxime

94 4648 327 4702 assiduus
345 4658 494 4712 esto;
522 4658 573 4700 et
601 4646 713 4714 ipse
741 4643 887 4699 dabit
910 4659 1002 4699 cor
1028 4643 1142 4711 tibi,
1168 4652 1224 4698 et
1244 4646 1673 4715 concupiscentia

96 4738 354 4808 sapientia:
383 4739 597 4794 dabitur
625 4736 737 4790 tibi.

162 4830 299 4905 [vn.]
342 4832 460 4887 Noli
502 4830 677 4885 facere
717 4828 886 4895 mala,
916 4836 972 4882 et
1007 4842 1112 4881 non
1155 4836 1203 4882 te
1246 4828 1670 4898 apprehendent.

103 4922 311 4981 Direede
348 4928 415 4982 ab
456 4925 638 4996 iniquo
658 4965 672 4987 ,
700 4932 755 4977 ct
778 4921 1032 4976 deﬁcient
1060 4921 1195 4975 mala
1220 4922 1315 4975 abs
1341 4932 1410 4977 te.
1444 4922 1560 4979 Non
1588 4941 1674 4981 se-

103 5017 260 5072 mines
302 5021 440 5074 mala
486 5019 538 5072 iu
578 5016 739 5070 sulcis
770 5014 1069 5083 injustitiae,
1099 5023 1153 5068 et
1190 5029 1296 5069 non
1337 5026 1506 5071 metes
1528 5033 1590 5072 ea
1618 5018 1671 5073 in

109 5113 408 5177 septuplum.
440 5108 559 5165 Noli
604 5122 845 5178 qucerere
869 5107 936 5160 ab
976 5106 1189 5160 homine
1213 5106 1234 5137 ⁸
1273 5106 1545 5177 ducatum,
1576 5126 1670 5165 ne-

164 5220 179 5293 ξ
198 5228 316 5293 _\‘o_x,
341 5220 655 5293 temetipsum,
676 5221 819 5293 abest
840 5233 869 5269 a
889 5220 1040 5269 sacris
1061 5217 1235 5271 Billiis.

161 5283 183 5349 ἶ
198 5283 404 5347 Vulgata,
428 5283 513 5349 qui
528 5283 832 5335 convertitur.

166 5344 326 5411 mss“,
348 5344 607 5411 permanet.

165 5406 184 5486 ζ
206 5405 649 5486 ἔλδεαιῆεηηςξηωα-
675 5416 731 5459 At
750 5414 862 5486 "se:
878 5409 1015 5486 item
1030 5405 1591 5486 falsawexperme:

165 5469 184 5499 ⁸
210 5476 253 5515 In
277 5472 447 5531 editis,
472 5471 628 5523 disces
651 5484 775 5522 eam.
797 5472 961 5535 abest
980 5506 995 5531 ,
1020 5469 1158 5529 eum,
1183 5486 1210 5518 a
1236 5469 1340 5520 Mss;
1372 5472 1517 5535 hujus
1539 5473 1667 5535 libri,

111 5540 282 5580 necnon
308 5546 334 5581 a
355 5535 695 5584 sineerioribus
711 5532 884 5583 Bibliis.

167 5590 185 5620 ⁶
204 5594 274 5644 sic
308 5597 452 5648 etiam
472 5597 522 5647 in
565 5596 776 5658 antiquis
796 5596 933 5646 Corb.
977 5594 1155 5645 Bibliis.
1185 5601 1317 5647 Nune
1358 5604 1521 5648 autem
1555 5600 1666 5650 Vul-

1341 123 1429 180 ΒΕ
1457 121 1837 180 SCRIPTURA
1869 126 2112 189 SACRA.

3286 151 3391 209 95.5

1803 256 1907 339 que
1930 260 1959 298 a
1992 260 2118 316 rege
2140 248 2449 310 cathedram
2480 255 2722 318 honoris.
2749 263 2865 320 Non
2901 275 2954 323 te
2972 268 3234 339 justiflces
3262 285 3390 332 ante

1805 332 2007 401 Deum;
2034 342 2285 409 quoniam
2334 348 2543 414 agnitor
2578 354 2756 409 cordis
2808 357 2921 427 ipse
2967 332 3050 416 est
3081 380 3096 416 :
3124 374 3179 420 et
3228 383 3389 436 penes

1802 440 1980 494 regem
2002 431 2109 485 noli
2136 434 2269 489 velle
2295 437 2461 492 videri
2482 443 2716 511 sapiens.
2751 447 2867 503 Noli
2895 465 3136 520 quaerere
3166 431 3275 513 ﬁeri
3297 459 3387 530 ju-
3448 448 3451 449 ν

1800 520 1900 577 dcx
1920 563 1937 589 ,
1966 525 2066 578 nisi
2104 526 2148 580 si
2182 529 2326 584 tales
2356 532 2548 589 virtute
2577 537 2874 610 irrumpere
2900 545 3208 617 iniquitates
3233 554 3284 616 ';
3320 570 3386 610 ne

1799 615 1935 672 forte
1962 623 2309 679 estremiseas
2350 627 2538 684 faciem
2578 637 2836 705 potentis,
2864 650 2918 695 ct
2963 615 3129 712 ponas
3154 649 3381 704 seanda-

1799 706 1906 761 lum
1936 709 1987 763 in
2013 713 2246 781 agilitate
2272 726 2358 771 tua
2381 719 2421 773 ’.
2451 720 2565 776 Non
2595 739 2782 793 pecces
2805 728 2857 783 in
2889 732 3277 792 multitudinem
3299 741 3380 795 ei-

1796 800 2010 870 vitatis,
2039 822 2136 862 nec
2180 817 2229 862 te
2261 811 2513 868 immittas
2561 817 2613 872 in
2647 822 2895 891 populum
2927 843 2939 879 :
2976 843 3148 900 neque
3192 834 3380 904 alliges

1796 893 2024 964 duplicia
2060 912 2308 969 peccata;
2343 922 2442 962 nec
2464 910 2605 964 enim
2630 912 2679 965 in
2710 929 2816 967 uno
2835 919 2941 972 eris
2968 918 3239 978 immunis.
3264 924 3382 983 Noli

1796 1002 1915 1043 esse
1963 993 2314 1060 pusillanimis
2356 998 2407 1052 in
2453 1001 2630 1057 aninta
2662 1013 2768 1059 tua.
2804 1008 3074 1078 Evorarc,
3107 1024 3162 1068 et
3206 1015 3384 1075 facere

1794 1080 2187 1156 elcemosynam
2213 1104 2318 1143 non
2344 1089 2627 1161 despicias.
2658 1095 2734 1151 Ne
2755 1097 2901 1155 dicas
2919 1143 2932 1165 ,
2965 1103 3020 1156 In
3044 1107 3380 1168 multitudine

1793 1187 2076 1229 munerum
2124 1194 2362 1234 meorum
2402 1185 2652 1253 respiciet
2701 1189 2989 1259 Dominus,
3018 1203 3072 1248 et
3117 1197 3374 1265 oll‘ereate

1759 1258 1879 1350 {me
1908 1263 2018 1319 Deo
2056 1267 2348 1332 altissimo,
2378 1275 2631 1343 suscipiet
2662 1293 2880 1334 munera
2922 1299 3059 1338 mea.
3105 1286 3220 1342 Non
3262 1290 3383 1346 irri-

1757 1353 1763 1374 ³
1792 1352 1921 1407 deas
1951 1355 2217 1413 hominem
2261 1362 2311 1416 in
2353 1365 2707 1423 amaritudine
2731 1372 2924 1427 animm
2955 1391 2968 1426 :
2997 1384 3080 1430 est
3118 1380 3261 1435 enim
3288 1383 3381 1453 qui

1792 1446 2035 1503 bumiliat
2062 1461 2113 1505 et
2142 1454 2341 1509 exultat
2367 1457 2503 1511 Deus
2534 1459 2574 1511 ⁸.
2603 1461 2717 1515 Noli
2749 1479 2903 1521 arare
2924 1470 3260 1528 mendacimn
3285 1446 3381 1530 ad-

1790 1552 1978 1593 versus
2015 1539 2234 1597 fratrem
2261 1554 2405 1599 tmun
2428 1589 2441 1612 ,
2477 1564 2647 1620 neque
2689 1553 2742 1606 in
2769 1555 2999 1612 amicum
3026 1559 3269 1617 similiter
3296 1564 3378 1620 fa.

1789 1630 1920 1685 clas.
1953 1632 2068 1687 Noli
2102 1636 2236 1691 velle
2272 1641 2483 1695 mentiri
2510 1658 2669 1699 omne
2696 1649 3030 1706 mendacium
3057 1672 3070 1705 :
3094 1656 3378 1715 assiduitas

1789 1723 1929 1777 enim
1957 1724 2099 1781 illius
2122 1743 2227 1782 non
2254 1740 2335 1784 est
2360 1732 2493 1787 bona
2516 1733 2558 1788 ⁸.
2581 1736 2700 1791 Noli
2730 1741 2986 1798 verbosus
3010 1760 3129 1802 esse
3156 1748 3209 1802 iu
3236 1752 3377 1806 mul-

1790 1816 2012 1873 titudine
2030 1822 2485 1892 presbyterorum.
2524 1827 2591 1882 Et
2612 1841 2723 1899 post
2743 1832 3007 1890 duodecim
3027 1854 3195 1894 versus
3216 1858 3235 1895 .'
3258 1841 3373 1897 Non

1789 1909 1954 1965 lardas
1999 1929 2213 1969 servum
2243 1929 2555 1988 Operantcm
2585 1924 2637 1978 in
2670 1926 2892 1983 veritate
2912 1970 2926 1993 ,
2962 1947 3132 2001 neque
3163 1949 3371 1992 merce-

1789 2003 2000 2057 narium
2044 2003 2258 2062 dantem
2301 2010 2531 2066 animam
2582 2030 2753 2070 suam.
2786 2017 2983 2074 Servus
3020 2034 3264 2078 sensatus
3307 2026 3378 2081 sit

1791 2092 1880 2147 tibi
1899 2092 2125 2150 dilectus
2150 2100 2301 2168 quasi
2330 2102 2505 2157 anima
2538 2114 2621 2157 tua
2646 2123 2657 2158 :
2684 2123 2788 2161 non
2817 2108 3101 2168 defraudes
3132 2114 3277 2170 ἱιΙηιιι
3309 2117 3376 2171 Ιί-

1786 2186 1993 2242 bertate
2016 2228 2031 2254 ,
2065 2205 2237 2261 neque
2279 2193 2490 2264 inopem
2521 2197 2789 2269 relinquas
2819 2202 2985 2256 illum.
3015 2203 3083 2258 Et
3114 2217 3223 2277 post
3249 2209 3378 2267 duo:

1786 2295 1960 2336 versus
1990 2298 2011 2337 :
2043 2283 2161 2339 Filii
2209 2285 2301 2341 tibi
2346 2291 2680 2347 sunt?erudi
2732 2294 2883 2358 illos,
2914 2306 2968 2351 et
3010 2314 3169 2354 curva
3200 2302 3320 2358 illos
3344 2320 3375 2359 a

1787 2373 2012 2440 pueritia
2034 2374 2267 2431 illorum.
2303 2378 2501 2436 Pecora
2536 2383 2627 2437 tibi
2656 2386 2819 2439 sunt?
2845 2390 3059 2443 attende
3086 2391 3192 2448 illis
3214 2394 3254 2446 ⁸.
3290 2394 3373 2449 Fi-

1786 2463 1872 2517 lia:
1903 2464 1994 2519 tibi
2025 2468 2181 2521 sunt?
2207 2484 2357 2524 serva
2388 2486 2583 2542 corpus
2622 2476 2831 2533 illarum
2852 2520 2866 2539 .
2900 2491 2953 2535 et
2983 2498 3086 2537 non
3115 2486 3369 2543 ostendas

1789 2554 2010 2612 hilarem
2042 2557 2226 2614 faciem
2254 2572 2395 2615 tuam
2424 2564 2489 2617 ad
2520 2565 2653 2620 illas.
2679 2566 2852 2624 Trade
2874 2570 3031 2627 filiani
3051 2615 3066 2639 ,
3094 2583 3148 2629 et
3173 2577 3373 2645 grande

1786 2662 1921 2716 opus
1963 2648 2188 2716 feceris;
2217 2661 2271 2706 et
2306 2652 2508 2709 homini
2549 2668 2771 2712 sensato
2805 2660 2873 2715 da
2923 2663 3084 2717 illam.
3114 2665 3302 2723 Mulier
3326 2670 3373 2725 si

1786 2748 1869 2793 est
1897 2740 1986 2795 tibi
2015 2741 2308 2799 secundum
2338 2746 2570 2802 animam
2596 2757 2761 2817 tuam,
2784 2768 2889 2807 non
2919 2755 3165 2824 projieias
3192 2758 3371 2825 illam;

1786 2842 1842 2887 et
1866 2833 2043 2889 odibili
2073 2851 2179 2890 non
2208 2837 2396 2891 credas
2422 2846 2473 2893 te
2500 2840 2551 2894 in
2580 2849 2694 2896 toto
2721 2844 2904 2900 corde.
2931 2846 3141 2902 llonora
3171 2859 3373 2919 patrem

1788 2937 1972 2991 tuum,
2005 2939 2059 2982 et
2088 2930 2315 2999 gemitus
2361 2933 2545 2988 matris
2592 2944 2698 2988 tua:
2747 2952 2815 2991 ne
2857 2937 3211 2995 obliviscaris.
3263 2943 3373 2999 Me-

1785 3030 1968 3075 nn-nto
1992 3022 2133 3076 enim
2156 3025 2407 3092 quoniam
2431 3026 2528 3079 nisi
2553 3042 2648 3096 per
2673 3028 2790 3082 illos
2813 3041 2969 3085 natus
2991 3048 3096 3088 non
3116 3032 3308 3089 fuisses
3327 3035 3370 3097 ⁶;

1783 3122 1837 3165 et
1870 3113 2101 3168 retribue
2126 3114 2263 3174 illis.
2291 3118 2560 3187 quomodo
2603 3127 2657 3174 et
2701 3120 2773 3173 illi
2809 3120 2923 3175 tibi.
2956 3122 3012 3176 ln
3057 3132 3163 3178 tota
3190 3126 3368 3183 anima

1786 3212 1869 3256 tua
1897 3206 2023 3260 time
2053 3205 2237 3272 Deum,
2254 3217 2308 3262 et
2330 3210 2638 3266 sacerdotes
2665 3213 2804 3269 illius
2828 3216 3124 3271 sanetiﬁca.
3152 3218 3205 3272 ln
3229 3221 3375 3276 omni

1786 3296 1977 3351 virtute
2004 3297 2167 3367 dilige
2206 3300 2374 3354 Deum
2406 3302 2447 3366 τ,
2475 3303 2565 3372 qui
2597 3313 2648 3357 te
2674 3304 2831 3371 fecit;
2864 3316 2917 3361 et
2958 3308 3233 3366 ministros
3257 3311 3374 3381 ejus

1786 3403 1889 3441 non
1920 3389 2277 3459 derelinquas.
2329 3392 2542 3447 Ilonora
2592 3395 2758 3451 Deum
2798 3414 2864 3452 ex
2904 3409 3010 3453 tota
3040 3401 3216 3456 anima
3248 3413 3370 3472 tua;

1784 3488 1838 3533 et
1865 3480 2151 3535 honoriﬁca
2180 3483 2507 3539 sacerdotes.
2540 3484 2603 3537 Et
2634 3496 2746 3555 post
2786 3505 2877 3543 sea:
2915 3506 3121 3544 versus:
3142 3492 3209 3545 Et
3241 3510 3372 3563 pan--

1785 3570 1900 3639 peri
1932 3573 2138 3642 porrige
2161 3588 2372 3628 manum
2403 3585 2576 3638 tuam,
2611 3588 2667 3631 ut
2696 3580 3001 3647 perficiatur
3026 3582 3324 3641 benedictio
3347 3588 3369 3621 ⁸

1786 3669 1895 3714 tua.
1920 3660 2097 3717 Gratia
2129 3664 2283 3717 datus
2305 3668 2325 3699 ³
2356 3666 2407 3719 in
2448 3677 2735 3738 conspectu
2766 3669 2941 3725 omnis
2968 3672 3193 3729 viventis
3216 3717 3231 3740 ,
3263 3686 3318 3732 ct
3341 3694 3373 3733 a

1784 3763 1994 3808 mortuo
2024 3773 2124 3810 non
2157 3757 2438 3827 prohibeas
2458 3763 2704 3829 gratiam.
2734 3762 2845 3817 Non
2868 3763 3013 3819 desis
3036 3766 3368 3835 plorantibus

1784 3844 1836 3899 in
1864 3848 2226 3902 consolatione
2250 3848 2315 3915 ¹⁰,
2339 3858 2393 3904 et
2420 3867 2540 3905 cum
2567 3854 2863 3923 lugentibus
2904 3858 3137 3912 ambula.
3170 3860 3286 3916 Non
3317 3872 3369 3919 te

1782 3935 1959 4006 pigeat
1985 3938 2198 3992 visitare.
2229 3940 2495 3996 inﬁrmum
2527 3960 2539 3994 :
2568 3959 2631 3998 ex
2676 3944 2758 4001 his
2797 3948 2938 4002 enim
2987 3948 3038 4003 in
3083 3951 3369 4010 dilectione

1783 4029 2100 4085 liriuabcris.
2125 4032 2181 4085 In
2208 4033 2450 4089 omnibus
2472 4036 2724 4105 operibus
2746 4038 2847 4093 tuis
2864 4055 3161 4097 memorare
3182 4045 3369 4100 novisa

1779 4238 1893 4303 gata
1916 4231 1965 4279 in
1991 4233 2187 4283 excusis
2221 4232 2405 4295 habet,
2430 4246 2460 4282 α
2490 4232 2722 4296 Domum;
2754 4236 2895 4298 juxta
2915 4245 3083 4288 Graec"
3121 4252 3246 4303 para
3278 4249 3372 4292 Ku-

1779 4306 1936 4422 ,ῗίίηῖη
1960 4358 2092 4422 prius
2115 4356 2274 4422 editis,
2298 4353 2521 4422 rirtutent
2542 4355 2812 4421 irrumpere
2834 4357 3113 4422 iniquitatis.
3137 4364 3370 4417 Emenda-

1781 4419 1935 4467 vimus
1956 4418 2014 4467 ad
2160 4419 2250 4482 Aqui
2284 4432 2392 4482 eum
2430 4418 2625 4482 vulgata
2650 4418 2954 4471 concordant.

1843 4482 2101 4551 {Habebat
2132 4479 2202 4551 sit}
2225 4479 2420 4551 vulgata
2444 4480 2491 4527 in
2516 4479 2728 4551 antiquis
2752 4483 2889 4551 (prb.
2916 4492 2968 4535 et
2988 4482 3095 4551 aliis
3119 4486 3367 4551 jlerisque
3458 4503 3473 4509 ’

1780 4541 1973 4613 Billiis‘:
2000 4543 2091 4613 sed
2113 4543 2432 4612 substitutum
2456 4551 2532 4592 est
2548 4577 2563 4602 ,
2586 4541 2646 4592 in‘
2667 4544 2889 4607 (equitate
2919 4550 3037 4608 tua;
3055 4541 3195 4611 juitta
3216 4541 3364 4613 grate.

1779 4602 2124 4673 ementitutetlti
2139 4616 2242 4652 sou.
2299 4663 2327 4673 ,Α
2367 4670 2375 4673 _
2435 4662 2447 4673 .

1844 4666 1865 4730 ἒ
1889 4665 2104 4730 Vulgata,
2129 4673 2173 4714 ct
2195 4663 2375 4730 exultat
2400 4663 2771 4730 rircumspector
2796 4677 2939 4721 Deus.

1842 4727 1864 4758 ι
1890 4726 2063 4789 Regius
2084 4734 2165 4776 Ms.
2186 4759 2201 4780 .
2228 4739 2327 4791 non
2352 4726 2504 4791 bona;
2527 4726 2871 4791 praetermisso,
2893 4738 2963 4783 est
2991 4744 3010 4782 :
3031 4734 3103 4784 sic
3126 4738 3270 4786 etiam
3294 4738 3367 4786 Bi-

1780 4789 1877 4861 blia
1897 4788 2033 4839 (ξω-ι).
2060 4796 2201 4839 Porro
2225 4790 2273 4837 in
2295 4801 2454 4853 graeco
2478 4788 2684 4853 legitur.
2707 4792 2800 4843 auls
2821 4788 2891 4846 eis
2923 4797 3128 4861 agalltou
3146 4835 3160 4859 ,
3188 4811 3281 4848 non
3316 4798 3367 4849 iu

1782 4852 2414 4991 faggglintegrandus‘
2438 4912 2574 4991 locus
2593 4916 2651 4991 ad
2674 4917 2940 4991 vulgatam,
2966 4920 3012 4991 in
3037 4934 3129 4991 qua
3155 4920 3329 4991 versiez
3349 4946 3367 4957 -

1780 4975 1856 5027 lus
1876 4976 1937 5025 Si
1962 4985 2063 5033 est,
2095 4974 2268 5054 iecora
2398 4982 2507 5026 sum
2522 4976 2546 5026 2’
2566 4974 2877 5054 {tuendejllis
2894 4974 3360 5054 ,l’etsizsutuutilia,

1778 5045 2076 5103 perserenm
2087 5038 2217 5100 apud
2228 5044 2290 5087 te.
2306 5045 2422 5086 'I'tnn
2444 5040 2666 5102 sequitur
2688 5056 2733 5091 v.
2749 5042 2827 5103 23,
2854 5038 2968 5094 Filii
3095 5050 3205 5116 sunt
3227 5038 3363 5116 (etc.

1842 5103 1876 5169 '_
1890 5111 1984 5169 vox
2008 5106 2148 5169 tuitus
2163 5134 2179 5159 ,
2202 5102 2345 5149 abest
2365 5112 2395 5149 a
2417 5106 2523 5150 Mss.
2555 5104 2776 5165 speculi,
2802 5114 2855 5155 et
2888 5107 2951 5154 ab
2971 5114 3184 5169 antiquis
3206 5104 3367 5156 Btbbts

1898 5134 1984 5152 ,νη
2008 5134 2148 5150 ...ηπ
2163 5134 2179 5159 ,
2202 5134 2345 5149 ..νυνι
2365 5134 2395 5149 ι.
2417 5134 2523 5150 μου.
2555 5134 2776 5165 specu“,

1777 5163 2165 5214 Corbciensibus.

1841 5227 2022 5301 Ζδίκξη
2045 5222 2209 5281 “imm,
2233 5221 2613 5301 άξῖξθῗρέφῖιθυί
2632 5227 2866 5301 KRP“;
2950 5298 2957 5301 .
3233 5289 3263 5301 _.

1839 5288 1861 5320 ⁸
1885 5286 2110 5351 Vulgata,
2146 5283 2421 5350 prepitiiitio
2439 5292 2485 5336 et
2514 5283 2793 5340 benedictio.
2818 5290 2965 5341 Abest
2981 5325 2997 5351 ,
3021 5289 3308 5357 propitiatio,
3334 5306 3363 5342 a

2133 5408 2697 5492 {aQ-ZBCEQQMz
2714 5418 2778 5492 εξ,
2792 5420 2978 5492 mereo
2994 5454 3019 5492 ι
3035 5418 3362 5492 memisse

1776 5474 2117 5549 preposition
2140 5484 2201 5533 a,
2224 5484 2335 5522 eum
2355 5486 2453 5537 qua
2473 5474 2567 5527 bis
2582 5474 2701 5527 leas
2729 5478 2957 5529 convenit
2994 5474 3171 5544 itégius
3202 5480 3357 5530 etidex

1776 5537 2105 5649 ⁵Ρῗὲιέιξξῆθθε
2120 5602 2225 5646 Mss.
2249 5596 2393 5659 hujus
2402 5600 2584 5662 operis,
2598 5598 2651 5651 in
2671 5602 2929 5667 rogatione.
