3874 6352
446 284 553 346 959

448 407 628 457 manet
652 398 705 454 in
730 406 1014 456 :eternum.
1041 395 1181 451 Ante
1212 392 1508 448 orationem
1533 404 1772 461 praepara
1799 389 2033 443 animam

445 503 589 549 tuam
616 533 631 557 ,
660 499 714 547 et
743 490 852 546 noli
882 505 1003 545 esse
1028 487 1179 559 quasi
1227 486 1389 541 homo
1415 484 1503 554 qui
1548 492 1715 537 tentat
1751 482 1937 535 Demn.
1969 477 2038 533 Et

445 596 556 659 post
577 600 666 639 sea:
682 598 850 637 versus
883 597 903 636 :
932 581 1104 636 llomu
1132 578 1344 648 sapiens
1367 617 1384 642 ,
1432 575 1485 629 in
1529 573 1779 627 omnibus
1814 580 2034 636 metuet,

450 687 505 733 et
544 676 597 730 in
621 675 808 730 diebus
850 671 1165 729 ἀθιὶυιηνιιιη
1208 669 1447 725 attendet
1488 666 1556 722 ab
1584 667 1790 722 inertia.
1838 663 1904 719 Et
1928 672 2038 735 post

446 770 665 839 quinque
689 783 860 822 timus
887 782 906 821 :
936 768 1060 822 Post
1085 762 1543 835 concupiscentias
1570 771 1685 816 tuas
1716 777 1820 816 non
1843 775 1956 822 eas,
1983 767 2039 813 et

451 879 478 913 a
510 861 782 915 voluntate
808 868 893 912 tua
921 866 1185 913 avertere.
1219 855 1273 910 Si
1315 864 1533 925 pra‘stcs
1556 853 1747 906 anima:
1776 862 1878 905 tua:
1903 865 2037 906 cou-

445 951 803 1020 eupiscentias
832 949 949 1020 ejus
969 991 984 1014 ,
1016 948 1173 1003 faciet
1200 957 1253 1003 te
1295 947 1346 1001 in
1392 946 1643 1016 gaudium
1667 944 1913 1000 inimicis.
1961 942 2038 999 Ne

447 1043 731 1097 oblecteris
761 1041 813 1095 in
837 1041 1027 1100 turbis.
1055 1054 1156 1094 nec
1182 1037 1485 1093 immodicis
1513 1036 1820 1092 delecteris.

520 1132 587 1187 Et
618 1143 727 1197 post
755 1132 972 1203 quinque
998 1146 1170 1184 versus
1202 1126 1370 1203 [xm]
1401 1147 1413 1182 :
1444 1128 1511 1183 Et
1537 1128 1626 1199 qui
1671 1127 1875 1196 spernit
1917 1140 2035 1181 mo-

448 1228 587 1291 dica,
618 1225 868 1294 paulatim
895 1224 1125 1279 decidet.
1153 1223 1343 1277 Vinum
1375 1230 1430 1278 et
1460 1220 1713 1276 mulieres
1731 1228 2037 1290 apostatare

448 1318 640 1372 fat'ittltt
674 1318 961 1386 sapientes.
993 1325 1050 1373 et
1078 1326 1305 1386 arguunt
1334 1323 1597 1369 sensatos.
1628 1311 1692 1366 Et
1715 1322 1826 1383 post
1845 1312 2038 1384 aliquot

453 1428 623 1466 versus
654 1426 673 1465 :
703 1411 801 1477 Qui
832 1410 1006 1466 credit
1029 1411 1167 1476 cito,
1193 1409 1323 1465 levis
1343 1407 1504 1464 corde
1529 1418 1631 1466 est.
1662 1416 1717 1461 et
1745 1405 2037 1461 minorabi-

449 1513 561 1569 tur;
589 1514 644 1558 et
667 1503 757 1574 qui
782 1501 1046 1573 delinquit.
1071 1503 1121 1556 itt
1151 1502 1384 1556 animam
1417 1516 1590 1565 suam,
1622 1500 1842 1568 insuper
1868 1498 2036 1553 habe-

448 1595 613 1649 bitur.
647 1594 711 1649 Et
739 1603 846 1663 post
873 1593 999 1649 duo:
1039 1610 1209 1648 versas
1233 1609 1252 1647 :
1281 1593 1344 1647 Et
1379 1592 1468 1663 qui
1494 1591 1608 1645 odit
1640 1591 2034 1662 loquacitatem,

446 1684 736 1754 exstinguit
758 1685 1032 1739 malitiam.
1067 1682 1131 1739 Et
1167 1691 1279 1755 post
1300 1693 1411 1737 octo
1436 1698 1605 1737 versas
1631 1698 1651 1736 :
1680 1681 1890 1737 Audisti
1911 1696 2037 1736 ver-

452 1779 579 1835 bum
603 1778 860 1833 adversus
890 1778 1227 1849 proximum;
1270 1776 1654 1831 commariatur
1684 1777 1735 1828 in
1765 1785 1835 1839 te,
1867 1773 2038 1830 fidens

451 1870 701 1940 quoniam
732 1884 838 1923 non
870 1878 921 1923 te
948 1868 1268 1935 disrumpet.
1298 1870 1337 1920 Α
1367 1864 1502 1920 facie
1532 1864 1681 1919 verbi
1707 1865 1935 1934 parturit
1954 1865 2035 1918 fa-

451 1970 574 2016 tuus
592 2002 607 2025 ,
635 1970 884 2031 tanquam
920 1959 1152 2031 gemitus
1179 1971 1360 2028 partus
1386 1956 1622 2011 infantis.
1651 1956 1850 2022 Sagitta
1878 1956 2036 2012 infixa

451 2052 641 2109 femori
688 2052 886 2116 carnis,
932 2051 1012 2105 sic
1051 2050 1268 2105 verbum
1316 2049 1367 2103 in
1413 2063 1506 2103 ore
1537 2050 1551 2079 ¹
1602 2048 1768 2102 stulti.
1814 2048 2038 2116 Corripe

449 2146 700 2208 anticum,
733 2163 800 2200 ne
828 2144 962 2198 forte
991 2159 1097 2200 non
1130 2141 1478 2198 intellexerit.
1505 2150 1561 2196 et
1579 2140 1742 2206 dicat,
1770 2139 1884 2194 Non
1908 2138 2031 2203 feci;

446 2249 539 2292 aut
565 2239 610 2293 si
649 2238 805 2305 fecit,
845 2255 912 2293 ne
943 2238 1134 2292 iterum
1172 2236 1331 2291 addat
1373 2236 1567 2292 facere.
1600 2235 1823 2304 Corripe
1856 2235 2037 2304 proxi-

453 2346 619 2395 muu,
644 2346 711 2385 ne
734 2330 867 2385 forte
894 2344 1002 2384 non
1023 2328 1250 2393 dixerit;
1274 2339 1325 2383 et
1351 2329 1395 2382 si
1425 2326 1641 2393 dixerit,
1670 2342 1736 2383 ne
1763 2328 1899 2382 forte
1932 2327 2037 2382 ite-

449 2431 552 2478 ret.
583 2421 804 2492 Corripe
832 2421 1097 2485 amicum;
1145 2436 1288 2490 smpe
1330 2421 1474 2475 enim
1516 2419 1575 2474 fit
1602 2419 1912 2476 commissio
1939 2437 1953 2473 :
1985 2430 2042 2477 et

452 2532 556 2569 non
575 2515 718 2569 omni
752 2513 914 2568 verbo
941 2513 1153 2569 credas.
1183 2513 1280 2568 Est
1306 2513 1396 2584 qui
1419 2514 1613 2568 labitur
1636 2514 1690 2568 in
1720 2514 1895 2586 lingua
1918 2530 2036 2581 sua,

448 2610 541 2665 sed
574 2625 678 2664 non
708 2624 773 2664 ex
804 2608 1002 2663 animo.
1037 2606 1167 2674 Quis
1196 2616 1278 2662 est
1316 2607 1458 2663 enim
1500 2607 1589 2678 qui
1619 2624 1723 2663 non
1753 2607 2041 2678 deliquerit

451 2701 503 2756 in
531 2701 705 2771 lingua
746 2700 876 2753 sua?
904 2699 1128 2769 Corripe
1160 2699 1460 2770 proximum
1490 2710 1775 2769 antequam
1814 2700 2040 2754 commi-

455 2792 636 2854 tteris;
680 2800 735 2846 et
759 2790 826 2845 da
858 2790 1032 2845 locum
1075 2790 1248 2845 timori
1281 2790 1543 2844 Altissimi
1569 2808 1581 2845 :
1611 2790 1732 2860 quia
1759 2791 1934 2844 omnis
1961 2804 2040 2845 sa-

446 2885 641 2957 pientia
685 2885 843 2938 timor
886 2883 999 2945 Dei,
1038 2883 1172 2939 etin
1218 2882 1303 2936 illa
1353 2883 1541 2936 timere
1584 2883 1769 2937 Deum.
1812 2880 1881 2936 Et
1928 2890 2040 2953 post

444 2979 665 3049 quinth
683 2993 856 3031 versus
879 2991 899 3029 :
927 2975 1111 3030 Melior
1135 2984 1218 3029 est
1246 2974 1407 3027 homo
1427 2974 1518 3043 qui
1548 2972 1727 3028 deiicit
1753 2973 2034 3041 sapientia,

451 3078 506 3123 et
529 3066 783 3121 deficiens
809 3080 969 3118 sensu
992 3063 1042 3117 in
1073 3064 1284 3128 timore,
1303 3079 1462 3133 qttam
1483 3062 1574 3132 qui
1597 3062 1834 3117 abundat
1852 3078 2035 3131 sensu,

449 3167 505 3214 et
531 3155 920 3226 transgreditur
950 3156 1119 3225 legem
1149 3153 1429 3209 Altissimi.

524 3246 589 3302 Et
618 3256 728 3318 post
769 3244 1021 3300 sexdecim
1045 3259 1214 3298 versus
1243 3241 1410 3317 [χχ.];
1440 3242 1609 3311 Quam
1628 3244 1824 3300 bonum
1847 3255 1929 3301 est
1948 3262 2039 3301 ar-

447 3356 613 3414 gnere
639 3356 796 3412 quam
824 3339 1010 3395 irasci!
1057 3337 1123 3392 Et
1149 3350 1257 3409 post
1277 3337 1469 3407 aliquot
1494 3354 1665 3394 versus
1685 3354 1705 3394 :
1737 3339 1802 3394 Et
1826 3340 1916 3411 qui
1945 3356 2041 3411 po-

448 3445 692 3492 testatem
715 3433 814 3490 sibi
835 3432 1060 3487 assumit
1084 3431 1302 3501 injuste,
1319 3431 1548 3489 odietur.
1570 3431 1635 3486 Et
1662 3441 1772 3488 post
1801 3442 1915 3487 octo
1931 3450 2040 3489 ver-

446 3543 573 3584 sus:
603 3525 827 3594 Sapiens
866 3524 918 3579 itt
959 3523 1139 3579 verbis
1181 3524 1416 3594 seipsnm
1466 3523 1746 3579 amabilem
1790 3522 1935 3580 facit.
1971 3523 2040 3580 Et

380 3662 389 3667 .
451 3633 561 3695 post
586 3620 837 3676 sexdecim
885 3632 1097 3673 versus:
1124 3616 1328 3686 Lapsus
1374 3616 1516 3670 falsa:
1548 3616 1738 3687 lingua:
1767 3619 1918 3688 quasi
1946 3619 2038 3689 qui

450 3715 518 3770 de
548 3713 850 3784 pavimento
868 3710 1101 3776 cadens,
1133 3709 1213 3765 sic
1235 3723 1390 3764 casus
1430 3709 1691 3765 malorum
1722 3709 2040 3768 festinanter

452 3807 649 3862 veniet.
684 3803 853 3858 llunto
881 3801 1092 3857 acharis
1120 3801 1271 3870 quasi
1319 3799 1495 3854 fabula
1522 3817 1678 3863 vana,
1722 3803 1774 3855 in
1803 3818 1900 3858 ore
1947 3803 2035 3858 di-

454 3895 854 3966 sciplinatormn
875 3892 896 3923 ¹
926 3890 1138 3946 assidua
1166 3890 1289 3946 erit.
1322 3890 1399 3944 Ex
1428 3906 1522 3945 ore
1565 3890 1692 3946 fatui
1725 3894 2036 3963 reprobabi-

456 3996 541 4042 tur
571 3985 818 4056 parabola
845 4001 859 4036 :
892 4000 997 4038 non
1034 3982 1177 4037 enim
1208 3982 1349 4036 illam
1380 3982 1510 4038 dicit
1538 3983 1592 4038 in
1634 3994 1874 4056 tempore
1915 4004 2033 4045 suo.

452 4077 517 4133 Et
541 4085 651 4146 post
671 4076 798 4130 duo:
816 4089 988 4129 versus
1010 4089 1029 4127 :
1054 4072 1152 4128 Est
1178 4072 1267 4143 qui
1296 4071 1468 4143 perdit
1492 4075 1721 4130 animam
1749 4092 1899 4133 suam
1927 4094 2039 4149 prae

451 4169 765 4229 confusione
787 4209 803 4231 ,
829 4176 884 4222 et
929 4167 997 4221 ab
1027 4165 1348 4236 imprudenti
1392 4182 1617 4236 persona
1658 4169 1850 4239 perdet
1873 4186 1991 4226 eam
2016 4187 2034 4238 ;

449 4278 694 4337 personae
718 4270 894 4315 autem
916 4258 1227 4327 acceptione
1248 4257 1436 4328 perdet
1457 4274 1537 4313 se.
1560 4259 1655 4314 Est
1677 4261 1766 4332 qui
1790 4277 1896 4331 pra:
1916 4277 2037 4318 eon-

448 4356 659 4412 fusione
689 4350 949 4423 promittit
994 4349 1205 4418 amico,
1237 4357 1292 4405 et
1336 4349 1570 4405 lucratus
1596 4360 1677 4407 est
1704 4366 1827 4406 eum
1854 4352 2035 4408 inimi-

445 4463 566 4504 cum
593 4445 777 4517 gratis.
803 4441 1159 4513 Opprohrimn
1202 4456 1431 4513 nequam
1471 4442 1525 4497 in
1555 4442 1773 4502 homine
1807 4446 2030 4502 menda-

442 4538 606 4604 cium,
637 4544 688 4590 et
722 4535 773 4589 in
794 4550 887 4589 ore
914 4533 1428 4603 imlisciplinatorum
1455 4535 1824 4592 assidueerit.
1849 4538 2035 4595 Potior

444 4630 552 4696 fur,
583 4644 740 4699 quam
766 4626 1052 4682 assiduitas
1086 4626 1182 4680 viri
1210 4626 1481 4682 mendacis
1509 4645 1523 4681 :
1553 4629 1906 4697 perditionem
1936 4648 2033 4687 att-

444 4734 552 4779 tetn
583 4718 741 4776 ambo
772 4719 1176 4775 haereditabnnt.
1206 4719 1380 4775 Mores
1401 4720 1676 4775 hominum
1699 4724 2033 4782 mendacium

447 4817 564 4871 sine
595 4814 819 4876 honore,
838 4822 892 4867 et
932 4809 1174 4866 confusio
1204 4812 1346 4868 illius
1383 4828 1504 4867 cum
1536 4814 1651 4884 ipso
1675 4815 1698 4847 ³
1719 4818 1835 4873 sine
1864 4820 2034 4875 inter-

445 4908 716 4965 missione.
774 4904 1001 4975 Sapiens
1047 4904 1099 4957 in
1131 4902 1309 4959 verbis
1364 4904 1623 4974 producet
1660 4908 1914 4978 seipsnm.
1963 4910 2034 4967 Et

444 5012 557 5076 post
591 5007 807 5071 quatuor
837 5013 1006 5053 versus
1030 5012 1050 5052 :
1076 4995 1249 5053 Xenia
1286 5006 1343 5053 et
1384 4997 1523 5054 dona
1552 5011 1825 5058 excaecant
1850 5006 2035 5062 oculos

439 5091 705 5164 judicutn,
735 5100 787 5144 et
816 5089 966 5158 quasi
1009 5096 1187 5142 mutus
1228 5087 1280 5142 in
1328 5103 1423 5143 ore
1450 5091 1642 5145 avertit
1668 5094 2034 5163 Correptiones

442 5197 650 5238 eorum.
681 5179 951 5253 Sapientia
975 5180 1253 5245 absconsa,
1283 5189 1337 5236 et
1363 5180 1643 5237 thesaurus
1671 5182 1890 5251 invisus,
1912 5202 2034 5257 qua:

447 5274 649 5331 utilitas
680 5274 734 5329 in
756 5271 1030 5345 utrisque?
1054 5272 1241 5329 Melior
1262 5281 1345 5329 est
1371 5274 1424 5329 in
1465 5274 1770 5333 hominibus
1793 5278 1885 5349 qui
1908 5280 2032 5337 abs-

506 5495 525 5529 ι
548 5495 768 5560 Vulgata,
789 5491 841 5544 in
856 5494 1020 5565 corde.
1134 5554 1148 5567 .

504 5559 528 5623 ξ
548 5565 687 5608 Sacra
710 5553 871 5623 sibiia,
900 5554 1366 5623 mdisctplmatortmt

505 5618 973 5693 Ξψςθηριιωὶυκφ
990 5618 1312 5693 "uiam-luet
1327 5619 1541 5693 σρπιῖωδο
1553 5622 1745 5693 morum
1761 5637 1871 5676 σπη’
1890 5624 2032 5693 ἱρά-ἐ

441 5679 647 5796 m
641 5692 806 5745 priore
841 5687 979 5791 parte
998 5695 1130 5732 vers.
1145 5683 1477 5745 castigandum
1495 5692 1573 5736 est
1587 5694 1729 5749 Juxta
1750 5701 1918 5750 graue.
1931 5699 2032 5744 nos

1653 272 1714 330 S.
1757 270 2125 330 AUGUSTINI
2162 272 2528 332 SPECULUM

2148 389 2328 444 condit
2373 391 2730 461 insipientiam
2756 409 2945 463 suam,
2986 411 3148 468 quam
3189 398 3280 470 qui
3323 399 3631 458 abscondit
3667 418 3757 460 sa-

2144 480 2398 549 pientiam
2421 498 2593 538 Suam.

2219 568 2335 643 [xxi
2364 571 2385 645 ]
2446 572 2559 640 Fili,
2590 578 2858 645 peccasti;
2892 595 2959 636 ne
2985 580 3205 650 adjicias
3232 583 3424 640 iterum
3449 585 3580 642 :sed
3609 584 3752 645 etde
3834 568 3835 629 Ὺ

2147 665 2432 730 praeteritis
2474 666 2787 736 deprecare,
2821 678 2879 725 ut
2907 671 2998 727 tibi
3025 674 3382 730 remittantur.
3413 677 3596 746 Quasi
3624 693 3662 735 a
3682 678 3755 735 fa-

2145 754 2228 807 cie
2255 755 2459 810 colubri
2492 756 2612 825 fuge
2640 772 2885 828 peccata;
2911 773 2961 819 et
2993 765 3038 819 si
3078 769 3370 824 accesseris
3393 769 3460 823 ad
3506 771 3613 825 illa
3642 787 3757 826 sus-

2144 844 2341 915 cipient
2380 856 2450 901 te.
2484 848 2678 906 Dentes
2718 851 2885 908 leonis
2906 895 2921 918 ,
2953 854 3143 912 dentes
3179 858 3316 926 ejus,
3352 858 3761 919 interficientes

2144 940 2352 993 animus
2391 940 2664 997 hominum
2694 961 2707 996 :
2739 946 2890 1015 quasi
2931 946 3244 1019 rhomplta'a
3268 950 3352 1006 bis
3378 964 3543 1007 acuta
3572 957 3757 1011 omnis
3834 958 3835 973 ‘

2145 1030 2440 1101 iniquitas;
2477 1035 2642 1105 pinge
2684 1037 2826 1092 illius
2862 1055 2967 1095 non
2995 1049 3081 1096 est
3104 1044 3327 1098 sanitas.
3371 1042 3441 1099 Et
3466 1057 3595 1116 post
3626 1065 3759 1118 qna-

2146 1132 2262 1177 tuor
2308 1140 2480 1179 versus
2508 1141 2529 1181 :
2569 1127 2670 1195 Qui
2710 1128 2823 1183 odit
2865 1132 3285 1201 correptionem,
3332 1137 3635 1208 vestigium
3678 1150 3760 1195 est

2147 1216 2477 1284 peccatoris;
2511 1225 2567 1272 et
2610 1218 2698 1287 qui
2732 1219 2883 1275 timet
2929 1221 3118 1287 Deum,
3164 1234 3511 1282 conrertetur
3557 1228 3637 1283 ad
3666 1246 3759 1286 cor

2145 1320 2320 1360 suum.
2368 1305 2437 1360 Et
2462 1319 2572 1375 post
2600 1311 2818 1381 quinque
2855 1328 3024 1369 versus
3044 1331 3065 1369 :
3097 1315 3193 1371 Via
3221 1320 3566 1387 peccantium
3599 1337 3755 1376 com-

2147 1397 2381 1467 plantata
2417 1399 2430 1430 ¹
2464 1399 2769 1469 lapidibus;
2800 1404 2925 1459 etin
2956 1404 3060 1461 fine
3088 1406 3299 1463 illorum
3330 1410 3483 1479 inferi
3514 1422 3578 1467 et
3606 1423 3755 1469 tene-

2146 1488 2257 1543 brte
2286 1501 2340 1545 et
2369 1505 2561 1560 paenae.
2590 1494 2690 1559 Qui
2717 1497 2951 1550 custodit
2973 1499 3258 1566 justitiam,
3290 1504 3603 1560 continebit
3626 1520 3753 1561 sen-

2145 1594 2263 1634 sum
2280 1581 2823 1651 cjus.Cousututuatio
2840 1588 3048 1644 timoris
3065 1590 3444 1662 Dei,sapicutia
3458 1606 3514 1650 et
3530 1610 3753 1652 sensus.

2150 1671 2214 1726 Et
2242 1684 2354 1744 post
2382 1676 2579 1742 aliquos
2610 1694 2781 1733 versus
2803 1695 2823 1734 :
2852 1680 3080 1736 Verbum
3120 1684 3338 1755 Sapiens
3364 1686 3752 1757 quodcumque
3834 1686 3835 1723 ³

2146 1765 2374 1821 audierit
2414 1770 2594 1833 scius,
2638 1770 2906 1840 laudabit,
2942 1782 2997 1828 et
3045 1773 3113 1829 ad
3156 1792 3216 1831 se
3250 1776 3468 1846 adjtciet
3508 1795 3525 1833 :
3571 1779 3755 1836 audiet

2148 1856 2491 1923 luxuriosus,
2519 1870 2575 1915 et
2613 1860 2914 1931 displicebit
2956 1865 3056 1931 illi,
3083 1875 3140 1922 et
3178 1869 3423 1938 projiciet
3464 1870 3604 1927 illud
3638 1882 3752 1943 post

2146 1947 2364 2005 dorsum
2394 1966 2569 2006 suum.
2603 1953 2851 2010 Narratio
2890 1954 3021 2011 fatui
3061 1959 3211 2028 quasi
3254 1962 3464 2017 sarcina
3516 1963 3577 2018 in
3626 1964 3747 2018 via;

2146 2060 2270 2099 nam
2300 2045 2350 2100 in
2380 2046 2533 2100 labiis
2576 2050 2776 2103 sensati
2813 2051 3111 2107 invenietur
3130 2054 3318 2122 gratia.
3364 2047 3441 2111 0s
3467 2057 3748 2126 prudentis

2145 2138 2401 2207 qttzrritnr
2422 2139 2472 2193 iu
2505 2139 2761 2207 Eccleaa,
2792 2151 2846 2197 et
2867 2144 3027 2199 verba
3052 2145 3195 2201 illius
3217 2147 3535 2218 cogitabant
3553 2151 3613 2204 in
3634 2166 3750 2206 coro

2147 2226 2301 2282 dibus
2327 2228 2457 2283 suis.
2490 2229 2555 2283 Et
2582 2241 2692 2301 post
2717 2232 2846 2288 duo:
2865 2250 3036 2290 versus
3063 2250 3082 2290 :
3109 2236 3412 2309 Compedes
3436 2240 3490 2296 in
3522 2242 3748 2312 pedibus
3834 2270 3835 2313 γ

2147 2322 2311 2376 stulto
2330 2322 2596 2389 doctrina,
2627 2334 2682 2379 et
2709 2326 2861 2395 quasi
2883 2329 3092 2384 vincula
3134 2347 3388 2388 manuum
3426 2349 3603 2405 supra
3636 2351 3746 2389 Ina-
3834 2338 3835 2343 “

2148 2430 2274 2469 num
2301 2414 2596 2471 dexteram.
2621 2416 2822 2474 Fatuus
2850 2420 2902 2474 in
2932 2421 3043 2475 risu
3081 2423 3283 2480 exaltat
3325 2440 3518 2483 vocem
3544 2444 3741 2484 suam:
3834 2456 3835 2469 ι

2146 2506 2228 2560 vir
2245 2516 2421 2561 autem
2452 2510 2665 2578 sapiens
2690 2513 2774 2564 vix
2805 2513 2964 2568 tacite
2988 2513 3203 2570 ridebit.
3226 2515 3626 2575 Ornamentum
3646 2536 3739 2574 au-

2148 2612 2299 2651 reum
2328 2597 2573 2667 prudenti
2594 2600 2857 2667 doctrina,
2886 2611 2943 2658 ct
2971 2605 3121 2675 quasi
3146 2605 3414 2664 brachiale
3441 2609 3495 2664 itt
3525 2610 3749 2668 brachio

2146 2686 2358 2742 dextro.
2388 2689 2453 2743 Et
2484 2701 2597 2761 post
2619 2702 2731 2746 octo
2760 2709 2931 2748 versus
2958 2710 2978 2750 :
3010 2693 3065 2750 ln
3094 2710 3193 2753 ore
3218 2697 3484 2754 fatuorum
3503 2715 3610 2756 cor
3632 2701 3746 2756 illo-

2146 2795 2289 2846 rum,
2319 2789 2374 2836 et
2398 2781 2449 2835 in
2479 2781 2643 2837 corde
2668 2784 2986 2854 sapientium
3030 2802 3093 2842 os
3119 2786 3353 2843 illorum.
3405 2790 3546 2846 Dum
3578 2794 3745 2847 male-

2145 2871 2273 2928 dicit
2298 2872 2492 2944 impius
2529 2874 2821 2942 diabolum,
2853 2878 3125 2934 maledicit
3152 2880 3268 2951 ipse
3291 2881 3530 2939 animam
3562 2898 3735 2939 suam.

2148 2964 2380 3020 Susurro
2420 2967 2787 3038 coinquiuabit
2827 2971 3060 3026 animam
3104 2986 3279 3039 suam,
3325 2974 3464 3029 etin
3492 2976 3744 3033 omnibus

2147 3058 2393 3125 odietur;
2436 3069 2491 3113 et
2523 3059 2614 3130 qui
2658 3061 2918 3117 manserit
2939 3062 2984 3128 ⁸,
3014 3063 3235 3134 odiosus
3273 3066 3383 3122 erit
3412 3082 3426 3118 :
3460 3068 3660 3124 tacitus
3694 3076 3744 3125 et

2146 3160 2392 3208 sensatus
2423 3152 2789 3214 honorabitur.

2220 3242 2403 3317 [ηιμ]
2460 3244 2516 3299 in
2545 3244 2720 3315 lapide
2747 3247 2890 3302 luteo
2916 3246 3178 3319 lapidatus
3204 3259 3288 3306 est
3306 3252 3536 3323 piger,et
3556 3268 3741 3310 omnes
3834 3242 3835 3321 Ὺ

2146 3335 2435 3407 loquentur
2464 3352 2628 3407 super
2652 3341 3083 3410 aspernatiouem
3108 3343 3272 3399 illius.
3303 3345 3366 3399 Et
3390 3357 3505 3416 post
3526 3359 3741 3418 aucupor

2146 3444 2317 3483 versus
2345 3445 2364 3483 :
2396 3428 2527 3484 Filia
2558 3431 2798 3507 prudens
2829 3432 3112 3489 barreditas
3137 3434 3253 3490 viro
3294 3452 3394 3492 suo
3424 3455 3437 3492 :
3466 3455 3599 3498 nam
3626 3455 3738 3512 qua:

2146 3521 2459 3583 confundit,
2508 3523 2560 3576 in
2604 3524 2979 3579 contumeliam
3010 3525 3069 3581 fit
3111 3531 3385 3598 genitoris.
3429 3531 3650 3589 Patrem
3689 3542 3739 3589 et

2151 3614 2323 3668 virum
2352 3613 2630 3671 confundit
2659 3632 2778 3687 qum
2808 3617 2978 3673 audax
3008 3629 3114 3687 est,
3138 3630 3195 3676 et
3218 3622 3287 3677 ab
3309 3623 3492 3693 impiis
3511 3640 3625 3683 non
3646 3629 3737 3682 mi-

2146 3706 2560 3770 norabitur;ab
2588 3709 2825 3778 utrisque
2853 3718 3031 3765 autem
3073 3710 3496 3770 inhonorabitur.
3541 3716 3735 3773 Music:

2146 3798 2200 3853 in
2233 3798 2397 3865 luctu,
2444 3799 2745 3869 importuna
2769 3803 3006 3858 narratio
3032 3822 3047 3859 :
3079 3803 3281 3875 flagella
3308 3816 3365 3861 et
3388 3807 3660 3877 doctrina,
3685 3809 3730 3864 in

2146 3890 2290 3944 omni
2328 3898 2571 3959 tempore
2596 3893 2876 3961 sapientia.
2905 3895 3007 3961 Qui
3034 3894 3193 3951 docet
3219 3895 3445 3966 fatuum,
3473 3901 3631 3971 quasi
3650 3900 3732 3971 qui

2145 3980 2472 4051 conglutinat
2519 3990 2728 4037 testam.
2775 3983 2874 4052 Qui
2925 3995 3107 4041 narrat
3148 3988 3368 4043 verbum
3415 4003 3527 4045 non
3558 4000 3728 4047 atten-

2144 4069 2315 4137 denti,
2344 4072 2495 4141 quasi
2521 4074 2609 4142 qui
2639 4075 2839 4130 exciuit
2860 4075 3215 4133 dormientem
3241 4077 3310 4134 de
3336 4080 3483 4149 gravi
3522 4095 3727 4137 somno.

2144 4165 2277 4221 Cum
2303 4165 2605 4223 dormiente
2626 4167 2877 4237 loquitur,
2896 4171 2986 4242 qui
3007 4180 3224 4227 enarrat
3244 4173 3449 4239 stulto;
3472 4175 3604 4231 etin
3633 4176 3729 4232 line

2143 4255 2272 4313 dicit
2300 4256 2343 4324 ³,
2388 4257 2518 4326 Quis
2544 4267 2629 4314 est
2670 4258 2800 4315 hic?
2828 4260 3002 4332 Super
3043 4272 3312 4319 mortuum
3342 4266 3529 4336 plora;
3560 4266 3728 4324 deficit

2143 4349 2284 4404 enim
2320 4349 2406 4403 ius
2435 4350 2588 4419 ejus:
2634 4361 2691 4406 et
2717 4366 2880 4422 super
2925 4352 3130 4409 fatuum
3162 4355 3346 4426 plora;
3379 4356 3563 4414 deficit
3584 4360 3718 4415 enim

2143 4440 2192 4497 ei
2221 4456 2435 4497 sensus.
2469 4442 2733 4500 Modicum
2761 4446 2911 4513 plora
2936 4462 3101 4519 super
3144 4458 3411 4505 mortuum
3430 4492 3448 4517 ,
3478 4454 3721 4523 quoniam

2143 4533 2441 4605 requievit;
2487 4536 2799 4605 nequissimi
2842 4538 2987 4594 enim
3050 4541 3372 4611 nequissima
3422 4543 3529 4600 vita
3573 4559 3720 4616 super

2141 4634 2369 4680 mortem
2410 4624 2558 4680 fatui.
2608 4626 2806 4683 Luctus
2850 4629 3042 4685 mortui
3090 4639 3295 4701 septem
3338 4633 3573 4690 diebus:
3602 4633 3717 4691 fatui

2141 4725 2321 4772 autem
2350 4725 2405 4772 et
2448 4718 2619 4788 impii,
2648 4734 2839 4777 omnes
2863 4721 2982 4777 dies
3005 4723 3126 4778 vita:
3150 4723 3383 4780 illorum.
3414 4725 3480 4780 Et
3517 4739 3629 4798 post
3654 4726 3717 4781 ri-

2140 4811 2272 4881 ginu’
2298 4821 2346 4865 et
2375 4828 2534 4866 unum
2558 4829 2728 4869 versus
2766 4830 2787 4869 :
2831 4814 3047 4871 Mittens
3073 4815 3307 4887 lapidem
3357 4818 3410 4873 in
3453 4819 3712 4885 volatilia,

2139 4900 2353 4970 dt'jicicl
2379 4902 2465 4958 illa
2496 4920 2509 4957 :
2556 4902 2633 4958 sic
2657 4912 2714 4960 et
2745 4904 2835 4974 qui
2878 4906 3206 4962 conriciatur
3245 4908 3449 4976 amico,
3476 4909 3715 4966 dissolvet

2139 4995 2452 5051 amicitiam.
2484 4996 2566 5051 Ad
2611 4998 2840 5053 amicum
2872 4999 2970 5054 etsi
3001 4998 3316 5070 produxeris
3339 5002 3594 5074 gladium,
3619 5017 3711 5059 non

2139 5088 2436 5159 desperes;
2481 5097 2565 5146 est
2609 5090 2752 5145 enim
2801 5106 3098 5163 regressus.
3146 5093 3228 5150 Ad
3259 5097 3488 5153 amicum
3532 5100 3577 5154 si
3602 5112 3710 5169 ape-

2141 5181 2316 5237 rueris
2343 5195 2407 5237 os
2434 5182 2607 5249 triste,
2651 5197 2757 5238 non
2786 5182 3012 5240 timeas:
3043 5193 3128 5241 est
3167 5187 3311 5243 enim
3341 5187 3707 5249 coneordatio;

2203 5384 2221 5460 ξ
2247 5389 2297 5433 tn
2318 5384 2788 5460 νινρινὶοειίξιιιεῖιξξίωἰὶς»ι
2797 5384 3099 5453 complanata
3122 5400 3143 5441 :
3172 5389 3258 5442 ubi
3281 5404 3395 5453 vox,
3409 5389 3705 5460 canplma,

2139 5444 2804 5510 progrethOnwiismene.
2902 5444 2914 5453 '
3380 5444 3421 5453 "
3513 5444 3527 5460 '
3584 5444 3601 5445 "
3692 5444 3703 5453 '

2139 5509 2570 5588 ἒξεεῖίῖθέὲὲρ
2592 5510 2967 5588 ἓ¹3ιξέῐξ¹ίὲλφ¹ῗὲλ
3002 5511 3190 5588 “bnis;
3207 5520 3264 5567 Αι
3298 5520 3439 5569 nunc
3458 5518 3511 5569 ιιι
3531 5517 3704 5570 excusis

2136 5570 2336 5644 Vulgata
2350 5584 2375 5644 ,ι
2388 5570 2575 5647 refert,
2598 5577 2645 5622 et
2664 5570 2748 5637 qui
2762 5585 2874 5623 cum
2888 5585 2944 5646 eo
2964 5575 3211 5628 mserit.
3390 5639 3404 5652 .
3669 5638 3678 5652 .

2143 5633 2916 5714 .-_'.£‘}£E‘_J_‘EZ‘E._V9}§?WPLE¥'
2936 5644 3105 5714 ’θρωπε
3133 5636 3277 5714 διηςεο
3605 5648 3648 5693 τι
3662 5651 3703 5714 σε

2136 5693 2236 5761 ﬁne
2264 5693 2554 5747 maritimis
2731 5693 2913 5748 At'M'ss.
2938 5706 3108 5751 carent
3127 5703 3329 5756 vocibus
3341 5693 3362 5767 ξ
3376 5701 3651 5769 sapientiam
3665 5705 3703 5754 α

2140 5754 2432 5810 narrationi:
2450 5769 2471 5810 :
2486 5770 2598 5820 qua
2618 5758 2768 5811 etiam
2785 5771 2818 5812 ι
2835 5772 3000 5820 graeco
3016 5762 3209 5817 absunt.
