3874 6310
77 290 188 353 961

85 418 339 478 excepto
365 401 626 471 convicio,
658 412 714 460 et
736 399 1061 476 impropcrio
1080 442 1095 460 .
1128 408 1182 455 et
1209 398 1479 471 superbia,
1509 406 1564 454 et
1592 411 1709 467 my-

88 498 251 556 sterii
300 497 647 562 revelatione,
686 503 742 551 et
790 494 940 565 plaga
979 491 1164 547 dolosa
1204 506 1221 556 ;
1273 490 1324 543 in
1354 490 1435 543 his
1461 487 1711 542 omnibus

86 589 337 661 effugiet
364 586 587 643 amicus.
636 585 704 640 Et
730 594 841 657 post
866 584 1036 638 decem
1055 598 1226 636 versus
1250 597 1271 636 :
1304 579 1436 648 Quis
1459 578 1604 633 dabit
1631 577 1708 632 ori

88 697 229 740 meo
260 679 566 737 custodiam
586 719 604 746 ,
630 686 686 733 et
713 692 878 748 super
907 675 1047 731 labia
1090 690 1208 729 mea
1238 671 1569 744 signaculum
1595 683 1715 724 cer-

96 788 246 836 tum.
281 783 350 829 ut
380 788 444 828 ne
468 771 657 827 cadam
683 770 751 824 ab
789 767 939 839 ipsis,
969 776 1024 822 et
1045 765 1220 836 lingua
1252 779 1371 819 mea
1399 760 1583 834 perdat
1603 773 1710 815 me.

169 863 387 941 [χχιιι]
429 863 652 919 Domine
687 871 857 932 pater,
878 870 932 915 et
957 858 1257 914 dominator
1276 856 1398 911 vitae
1426 869 1583 921 mem,
1606 865 1713 906 non

94 959 392 1028 relinquas
418 971 522 1022 me,
554 964 610 1009 et
636 969 704 1009 ne
728 953 873 1007 sinas
901 967 986 1006 me
1014 949 1211 1006 cadere
1238 949 1292 1003 in
1317 946 1441 1002 illis.
1470 945 1602 1012 Quis
1621 959 1715 998 su-

99 1057 382 1123 perponet
409 1047 462 1101 in
503 1045 737 1116 cogitatu
784 1057 904 1099 ineo
948 1039 1191 1112 ﬂagella,
1217 1048 1273 1094 et
1313 1040 1365 1092 in
1402 1035 1566 1092 corde
1596 1049 1717 1092 meo

101 1140 417 1197 doctrinam
438 1136 735 1207 sapientizr,
754 1143 811 1189 ut
831 1131 1249 1204 ignorationibus
1262 1145 1448 1185 eorum
1471 1142 1573 1183 neu
1595 1143 1719 1199 par-

100 1242 231 1289 eant
259 1230 423 1296 mihi,
454 1239 641 1284 etnon
671 1234 962 1297 appareant
1003 1224 1195 1280 delicta
1236 1223 1488 1284 illorum;
1517 1235 1585 1276 ne
1618 1218 1717 1273 nd-

102 1325 423 1379 increscant
448 1319 761 1390 ignorantia:
787 1334 941 1383 mea},
973 1328 1028 1372 et
1080 1313 1501 1385 multiplicemur
1526 1311 1717 1366 delicta

100 1433 226 1474 mea
250 1458 267 1484 ,
302 1425 363 1471 et
395 1423 609 1486 peccata
642 1428 757 1467 mea
802 1409 1107 1474 abundent,
1135 1418 1190 1463 et
1233 1406 1460 1461 incidam
1496 1406 1548 1459 in
1590 1419 1721 1459 con-

102 1518 298 1579 spectu
349 1505 816 1568 adversariorum,
864 1514 921 1559 et
961 1501 1191 1573 gaudeat
1230 1499 1478 1555 inimicus
1524 1497 1721 1554 meus?

104 1600 344 1656 Domine
372 1607 542 1668 pater,
572 1604 630 1651 et
656 1596 797 1650 Dens
826 1594 945 1648 vita:
974 1608 1109 1648 mea:
1129 1633 1145 1659 ,
1173 1606 1241 1647 ne
1269 1590 1607 1660 derelinquas
1634 1604 1721 1645 me

105 1694 159 1750 in
202 1693 453 1763 cogitantur
484 1691 716 1744 illorum.
760 1686 1137 1743 Exmllentiam
1168 1683 1445 1739 oculorum
1480 1695 1721 1736 nieorum

104 1802 174 1843 ne
204 1784 441 1841 dederis
469 1782 595 1837 mihi
620 1823 637 1848 ,
665 1792 720 1837 et
747 1797 906 1835 omne
930 1778 1253 1835 desiderium
1292 1786 1475 1831 averte
1504 1793 1532 1829 a
1560 1790 1646 1830 me
1677 1775 1720 1829 ⁸.

106 1878 279 1934 Aufer
297 1893 331 1933 a
352 1891 449 1931 me
471 1874 671 1931 ventris
686 1872 1175 1942 concupiscentias;
1192 1879 1241 1924 et
1263 1868 1575 1923 concubitus
1593 1881 1723 1923 con-

105 1967 468 2039 cupiscentia:
500 1981 565 2019 ne
596 1963 999 2035 apprebeiulant
1029 1977 1155 2028 me;
1199 1968 1253 2015 et
1289 1960 1483 2014 animm
1525 1961 1726 2015 irreve-

106 2060 250 2117 renti
279 2069 337 2114 et
366 2057 642 2114 inl‘runita:
671 2071 739 2111 ne
769 2053 948 2109 tradas
990 2068 1095 2110 me.
1138 2052 1444 2108 Doctrinam
1483 2050 1593 2105 oris
1628 2066 1725 2105 au-

108 2153 247 2218 dite,
281 2153 380 2208 lilii
413 2169 429 2217 ;
459 2162 511 2206 ct
539 2149 631 2221 qui
657 2148 972 2205 custodierit
1000 2147 1175 2212 illam,
1212 2163 1316 2200 non
1355 2145 1527 2217 periet
1570 2143 1725 2198 labiis

109 2246 245 2312 suis,
279 2259 391 2299 nec
423 2241 868 2299 sciiiilalizabitur
896 2240 948 2294 in
980 2239 1232 2310 operibus
1263 2235 1625 2307 nequissimis.
1667 2234 1723 2288 In

111 2338 353 2392 vanitate
406 2350 501 2390 Sua
531 2333 954 2402 apprehemlitur
980 2338 1227 2400 peccator
1246 2370 1261 2389 ,
1289 2340 1344 2383 et
1381 2326 1644 2397 superbus
1671 2336 1727 2381 et

109 2426 424 2483 maledicus
451 2424 896 2481 scaudalizahitur
925 2422 978 2477 in
1016 2421 1142 2477 illis.
1180 2419 1445 2477 Jurationi
1492 2435 1596 2474 non
1636 2434 1725 2473 as-

106 2531 324 2576 suescat
354 2534 427 2572 os
458 2528 641 2580 tuum;
677 2516 871 2570 multus
900 2515 1042 2569 enim
1066 2528 1222 2568 casus
1248 2514 1315 2567 iit
1333 2513 1444 2566 illa.
1474 2510 1728 2565 Nomina-

110 2612 185 2665 tio
214 2626 348 2667 vero
385 2608 482 2663 Dei
516 2625 619 2662 non
646 2606 716 2662 sit
740 2607 790 2661 in
817 2621 912 2662 ore
940 2616 1030 2660 tuo
1059 2605 1271 2660 assidua
1294 2647 1309 2671 ,
1338 2616 1393 2662 et
1422 2605 1727 2660 nominibus

110 2713 433 2759 sanctorum
458 2718 561 2755 non
585 2699 1229 2770 admiscearis;quoniain
1256 2716 1361 2753 non
1390 2701 1497 2754 eris
1525 2701 1726 2753 immu-

111 2795 195 2851 nis
222 2795 293 2849 ab
322 2796 433 2850 eis.
473 2793 622 2848 Sicut
645 2792 786 2847 enim
815 2806 1003 2847 servus
1033 2792 1388 2860 interreggatus
1424 2791 1636 2845 assidue
1657 2831 1670 2853 .
1697 2805 1730 2844 a

113 2885 284 2941 livore
307 2900 424 2941 non
462 2882 755 2950 minuitur;
783 2883 861 2939 sic
888 2884 1062 2938 omnis
1081 2883 1270 2954 jurans
1289 2894 1343 2938 et
1369 2884 1649 2939 nominans
1676 2884 1729 2938 in

117 2987 262 3042 toto,
290 2996 322 3032 a
372 2990 595 3049 peccato
640 2992 745 3032 non
791 2976 1117 3047 purgabitur.
1163 2975 1256 3029 Vir
1286 2975 1508 3030 multum
1542 2974 1730 3045 jurans

119 3069 440 3139 itttplcbttttr
470 3069 780 3139 iniquitate,
810 3077 866 3123 et
906 3083 1014 3122 non
1054 3067 1289 3124 discedet
1331 3083 1363 3121 a
1392 3067 1552 3122 domo
1586 3067 1732 3123 illius

118 3162 292 3232 plaga.
324 3161 396 3216 Et
423 3161 467 3215 si
497 3159 829 3216 frustmverit
856 3160 877 3191 ³
896 3201 910 3220 .
931 3160 1183 3214 delictum
1218 3160 1355 3213 illitis
1376 3174 1539 3229 super
1557 3159 1729 3231 ipsum

118 3254 218 3309 erit
244 3272 260 3320 ;
294 3264 352 3309 et
382 3254 429 3308 si
470 3253 914 3319 dissimulaverit,
943 3253 1202 3321 delinquit
1230 3252 1532 3322 dupliciter.
1577 3254 1644 3308 Et
1685 3254 1730 3309 si

124 3345 179 3399 in
229 3360 464 3399 vacuum
503 3344 798 3412 juraverit,
843 3358 949 3397 non
991 3342 1371 3412 justiﬁeabitnr
1400 3364 1412 3400 :
1442 3347 1734 3413 replebitur

120 3437 265 3490 enim
302 3434 657 3489 retributione
686 3432 708 3464 ³
738 3432 929 3487 demus
958 3433 1120 3486 illius.
1153 3431 1219 3485 Et
1246 3444 1355 3502 post
1376 3437 1593 3500 quatuor
1619 3451 1731 3488 ver-

127 3546 212 3585 sus
243 3545 264 3583 :
294 3526 767 3597 lndiscipliuationi
814 3540 920 3580 non
958 3534 1245 3581 .assucscat
1282 3524 1306 3556 ⁸
1328 3540 1388 3581 os
1432 3534 1576 3580 tuum
1612 3537 1736 3583 :est

127 3623 273 3678 enim
308 3621 364 3676 in
413 3619 498 3675 illa
532 3620 749 3673 verbum
780 3620 1001 3689 peccati.
1042 3620 1308 3673 Memento
1335 3621 1501 3689 patris
1526 3629 1580 3674 et
1623 3635 1738 3675 ma-

127 3716 222 3768 tris
261 3721 416 3776 tuie;
448 3709 502 3765 in
529 3709 704 3765 medio
745 3709 888 3765 enim
935 3721 1300 3781 inagitatoruni
1340 3711 1592 3765 consi~tis
1623 3729 1637 3765 :
1668 3727 1737 3767 ne

130 3805 265 3862 forte
287 3805 636 3860 obliviscatur
663 3814 716 3859 te
745 3804 884 3859 Deus
909 3804 959 3857 in
990 3813 1276 3873 conSpectn
1310 3803 1539 3867 ἱιΙυΙῚΙιΙι,
1561 3815 1616 3859 et
1640 3821 1732 3861 as-

129 3899 382 3954 siduitate
412 3908 498 3952 tua
531 3896 819 3952 infatuatus
849 3896 1229 3966 improparium
1263 3896 1512 3965 patiaris,
1536 3908 1590 3950 et
1619 3912 1736 3952 ma—

132 3991 325 4046 luisses
352 4005 459 4045 noii
492 3988 667 4054 nasci,
695 3996 748 4043 et
777 3987 917 4041 diem
952 3987 1167 4041 uativita
1194 3986 1240 4041 is
1280 3994 1384 4040 tu.e
1425 3987 1734 4044 maledicas.

131 4080 305 4137 Homo
330 4091 578 4136 assuetus
607 4080 658 4134 in
692 4081 869 4135 verbis
901 4079 1233 4149 imprOpei-ii,
1264 4079 1315 4133 in
1348 4080 1598 4135 omnibus
1625 4080 1739 4135 die-

134 4171 231 4227 btts
253 4174 368 4229 suis
392 4188 500 4228 non
531 4171 826 4227 erudietur.
873 4170 987 4225 Duo
1015 4186 1211 4241 genera
1238 4171 1511 4224 abundant
1539 4176 1589 4224 in
1618 4187 1740 4240 pec-

134 4266 286 4331 catis,
315 4277 371 4321 et
401 4267 616 4321 tertium
647 4263 866 4318 adducit
892 4262 1026 4317 iram
1058 4272 1112 4315 et
1140 4246 1512 4331 perditionem.
1547 4264 1737 4318 Anima

135 4356 302 4412 calida
332 4357 487 4427 quasi
515 4356 650 4428 ignis
674 4355 870 4411 ardens
896 4371 1002 4409 non
1024 4356 1412 4425 exstinguetur,
1437 4356 1607 4411 donec
1637 4356 1732 4410 ali-

136 4447 257 4516 quid
307 4448 535 4519 glutiat;
578 4456 633 4502 et
678 4447 838 4500 homo
883 4461 1111 4516 nequam
1158 4446 1210 4499 in
1254 4462 1351 4501 ore
1396 4446 1574 4502 carnis
1627 4463 1738 4501 stne

140 4551 240 4592 neu
266 4539 498 4604 desinet,
522 4538 693 4593 donec
723 4538 967 4592 incendat
995 4538 1190 4607 ignem.
1223 4534 1290 4590 Et
1328 4547 1437 4606 post
1465 4538 1592 4590 duos
1632 4553 1739 4591 vero

137 4644 220 4683 sus
249 4631 484 4686 :Oninis
528 4629 688 4684 homo
737 4630 825 4700 qui
871 4627 1258 4698 transgreditur
1311 4629 1506 4683 lectum
1558 4645 1739 4716 suum,

141 4735 487 4783 contemnens
516 4726 568 4780 in
596 4726 827 4779 animam
854 4739 1025 4787 suam,
1054 4732 1107 4776 ct
1134 4722 1321 4777 dicens
1343 4762 1358 4781 .
1384 4722 1516 4788 Quis
1552 4740 1637 4778 me
1664 4724 1744 4777 vi-

141 4813 270 4872 det?
310 4819 548 4873 tenebrae
588 4815 923 4871 circumdant
955 4830 1060 4875 me.
1089 4823 1143 4868 et
1174 4814 1400 4882 parietes
1428 4814 1743 4884 cooperiunt

147 4923 260 4975 me,
292 4921 345 4965 et
383 4925 544 4967 nemo
580 4908 942 4978 circumspicit
984 4922 1106 4970 me;
1147 4922 1303 4976 queat
1346 4908 1570 4961 verear?
1602 4908 1738 4963 deli-

146 5010 346 5057 ctorum
375 5019 615 5059 meorum
648 5018 756 5056 non
783 5000 1165 5056 memorabitur
1194 5000 1520 5071 Altissimus,
1547 5012 1604 5058 et
1632 5019 1740 5058 non

210 5117 226 5148 ⁸
250 5122 299 5167 tn
326 5119 470 5171 editis
486 5153 501 5176 ,
526 5116 823 5181 desiderium
852 5129 1053 5181 protenti
1085 5124 1244 5167 averte
1274 5131 1305 5167 a
1326 5131 1417 5168 me.
1443 5119 1592 5169 Abest
1623 5134 1737 5181 vox,

150 5189 362 5238 pravum,
385 5193 415 5229 a
440 5190 543 5230 Mss.
572 5188 624 5230 et
645 5193 675 5229 a
692 5178 1043 5229 sacris'Bihliis.

212 5241 231 5269 ι
254 5241 389 5305 tlditi,
412 5247 465 5292 Et
486 5240 531 5292 si
545 5239 857 5305 fnutruverit
870 5241 1091 5305 fratrem.
1118 5242 1279 5305 Abest,
1301 5240 1517 5305 Patrem,
1534 5255 1562 5292 a
1577 5257 1738 5305 grmco

154 5306 201 5367 et
216 5311 245 5367 ξι
265 5302 479 5367 Vulgata,
496 5302 685 5367 necnon
701 5316 730 5353 a
743 5304 895 5367 begin
915 5311 994 5352 iis.
1013 5304 1098 5366 qui
1114 5303 1270 5353 ωδεχ
1293 5302 1396 5365 pro,
1414 5302 1666 5367 frustrere:
1681 5305 1737 5364 it,

153 5356 313 5438 mea:
332 5356 790 5438 τείαδιέςξᾱιιναενεῑτίι·

158 5423 569 5532 Βὶἐὶὲίᾙᾷιιῇῖιῖδ
605 5426 813 5488 additur,
836 5425 1060 5490 pessima,
1086 5439 1185 5491 quo
1209 5428 1359 5494 verbo
1381 5433 1486 5478 Mss.
1531 5434 1583 5477 et
1603 5440 1741 5479 sacra

258 5495 298 5533 ta
321 5496 506 5539 carent.

217 5546 747 5619 ﬁtarnntensiscodex,
766 5547 1135 5619 ⁸Ιηάῇῇριὶζωεε
1151 5564 1244 5601 non
1260 5558 1517 5619 assuescat.
1541 5554 1736 5615 Regius,

160 5607 528 5676 {ndidiplinctw
540 5607 779 5676 juratioiu'
800 5607 968 5676 vettoq'
985 5612 1106 5676 retur.
1125 5621 1329 5676 _Gr:ecus
1349 5615 1545 5663 domum
1570 5607 1740 5667 uirtus

159 5665 504 5742 quibusdam
539 5665 655 5742 bibl.
682 5682 823 5742 sonat
839 5710 856 5735 ,
886 5665 1319 5742 Indisdptiimiom‘
1350 5676 1629 5729 ιεπιειοανίιε
1646 5665 1672 5741 ί
1688 5665 1738 5730 ui

158 5727 278 5793 aliis,
305 5735 684 5800 mrempcrautiw
693 5727 981 5802 jw'miteuti.

1353 274 1445 341 DE
1483 272 1867 340 SCRIPTURA
1908 268 2154 335 SACRA.

3299 280 3406 347 962

1817 393 2071 465 intcluget
2088 433 2104 458 ,
2132 394 2381 464 quoniam
2409 392 2526 451 'non
2551 392 2696 453 videt
2725 381 2914 455 oculos
2940 389 3401 470 illius'iﬁiioniam

1819 486 2086 554 expellet‘
2119 500 2146 539 a
2169 500 2227 540 se
2253 486 2497 543 timorem
2526 488 2616 543 Dei
2641 490 2940 560 huiusmodi
2969 492 3199 552 hominis
3225 498 3403 565 timor,

1819 587 1876 633 et
1905 578 2040 632 oculi
2086 578 2359 634 hominum
2410 581 2657 637 timentes
2700 584 2867 639 illum.
2911 587 2974 641 Et
3014 604 3121 644 non
3158 594 3410 662 cognovit

1820 667 2070 738 quoniam
2111 670 2252 725 oculi
2300 671 2509 727 Domini
2556 674 2673 744 plus
2716 677 2883 732 multo
2924 678 3208 738 lucidiores
3250 701 3412 757 super

1822 761 2009 827 solem,
2032 762 2522 833 circumspicientes
2550 782 2736 824 omnes
2763 769 2876 825 vias
2897 769 3170 827 hominum
3202 785 3258 830 et
3284 792 3409 846 pro—

1820 849 2043 908 fundum
2071 855 2271 926 abyssi,
2311 866 2365 911 et
2403 856 2677 915 hominum
2707 862 2868 917 corda
2898 863 3162 921 intuentes
3202 867 3254 922 in
3284 869 3413 926 abs-

1821 946 2063 1001 conditas
2089 958 2291 1019 partes.

1893 1041 1964 1095 Et
2007 1044 2160 1113 paulo
2206 1053 2317 1112 post
2355 1042 2534 1120 [tum]
2567 1064 2579 1100 :
2611 1047 2739 1117 Qua:
2769 1049 2821 1104 in
2866 1050 3145 1120 juventule
3175 1064 3263 1112 tua
3306 1075 3412 1115 non

1823 1127 2176 1197 eongregasxi,
2191 1130 2459 1198 quomodo
2480 1130 2717 1187 invenies
2736 1132 2791 1189 in
2809 1148 3083 1195 senectute
3106 1141 3226 1195 tua?
3242 1141 3413 1210 Quam

1826 1217 2123 1282 Speciosum
2145 1219 2355 1274 canitiei
2372 1220 2653 1290 judicium,
2672 1233 2726 1279 et
2742 1228 3068 1300 presbyteris
3088 1247 3414 1304 cognoscere

1825 1308 2138 1365 consilium!
2169 1309 2338 1378 Quam
2367 1314 2608 1381 speciosa
2638 1320 2901 1374 veteranis
2926 1322 3207 1391 sapientia,
3230 1336 3284 1382 et
3304 1328 3418 1397 glo-

1825 1400 1983 1455 riosis
2012 1402 2313 1458 intellectus
2338 1414 2394 1461 et
2429 1408 2749 1464 consilium!
2789 1411 2997 1469 Corona
3036 1430 3222 1473 senum
3252 1421 3417 1478 ntulta

1826 1494 2034 1564 peritia,
2059 1503 2113 1550 et
2140 1496 2304 1567 gloria
2327 1498 2538 1555 illorum
2566 1502 2725 1558 timor
2747 1504 2864 1560 Dei.
2890 1505 2955 1560 Et
2982 1520 3091 1578 post
3115 1509 3283 1566 decem
3303 1530 3418 1567 ver-

1826 1600 1916 1640 sus
1939 1601 1961 1640 :
1987 1586 2169 1642 Timor
2194 1589 2284 1643 Dei
2322 1605 2483 1660 super
2508 1594 2686 1650 omnia
2732 1610 2793 1652 se
2830 1603 3190 1670 superposuit.
3222 1605 3415 1661 Beatus

1826 1678 1911 1732 cui
1957 1677 2210 1735 donatum
2240 1692 2321 1736 est
2363 1683 2559 1739 habere
2599 1685 2846 1744 timorem
2876 1691 2987 1745 Dei.
3034 1693 3134 1761 Qui
3166 1696 3315 1752 timet
3356 1699 3419 1753 il-

1829 1767 1939 1824 lum
1967 1771 2023 1836 ⁸,
2054 1771 2139 1824 cui
2167 1772 2591 1832 assiinilabitur?
2629 1776 2696 1833 Et
2727 1791 2836 1845 post
2878 1784 3051 1854 viginti
3086 1802 3256 1842 versus
3292 1806 3312 1845 ε
3339 1788 3419 1848 Ne

1830 1860 2084 1931 reSpicias
2124 1862 2360 1919 mulieris
2400 1869 2655 1939 speciem,
2684 1882 2738 1927 et
2775 1889 2883 1929 non
2911 1878 3261 1949 concupiscas
3304 1899 3422 1939 mu-

1830 1950 2013 2006 lierem
2040 1952 2094 2007 in
2124 1955 2322 2024 specie.

1902 2042 1974 2098 Et
2001 2055 2112 2113 post
2141 2048 2348 2119 triginta
2380 2060 2478 2104 tres
2521 2068 2690 2109 versus
2728 2053 2926 2132 [δεῖνι]
2959 2079 2973 2115 :
2999 2061 3184 2119 Mulier
3207 2065 3419 2125 ebriosa

1832 2138 1907 2192 ira
1932 2154 2156 2209 magna;
2181 2151 2234 2195 et
2257 2145 2597 2212 Contumelia,
2623 2158 2677 2202 et
2704 2151 2975 2221 turpitudo
2995 2155 3135 2211 illius
3161 2173 3266 2214 non
3290 2174 3421 2215 con-

1834 2239 2060 2299 tegetur.
2095 2230 2396 2287 Fornicatio
2429 2238 2668 2293 mulieris
2702 2240 2753 2294 in
2798 2244 3107 2301 extollentia
3142 2251 3417 2308 oculorum

1832 2330 1884 2375 et
1912 2320 1963 2375 in
1986 2322 2255 2392 palpebris
2275 2325 2414 2380 illius
2442 2339 2775 2398 agnoscetur.
2808 2331 2863 2388 In
2894 2334 2997 2389 ﬁlia
3021 2352 3421 2398 uonavertenle

1833 2426 1891 2465 se
1911 2411 1954 2476 ³,
1978 2415 2127 2467 lirma
2144 2416 2460 2481 custodiam,
2481 2434 2548 2475 ne
2569 2419 2779 2477 inventa
2801 2427 3080 2485 occasione
3113 2438 3292 2487 utatur
3305 2449 3363 2490 se
3376 2434 3419 2489 ⁸.

1834 2505 1917 2558 Ab
1941 2508 2087 2561 omni
2111 2507 2453 2565 irreverentia
2471 2514 2746 2569 oculorum
2772 2516 2793 2547 '
2819 2532 2985 2585 cave;
3033 2533 3087 2576 et
3118 2540 3182 2579 ne
3207 2526 3417 2582 mireris

1835 2599 1880 2653 si
1912 2609 1961 2655 te
1988 2601 2299 2672 neglexerit.
2344 2603 2410 2658 Et
2448 2616 2560 2674 post
2595 2618 2814 2679 quatuor
2842 2627 3012 2668 versus
3038 2629 3059 2668 :
3086 2614 3265 2672 Gratia
3307 2636 3424 2675 mu-

1834 2690 1982 2747 lieris
2007 2692 2207 2748 sedulae
2231 2694 2517 2751 delectabit
2545 2697 2711 2752 virum
2738 2715 2916 2770 suum,
2945 2713 3000 2758 et
3017 2720 3139 2760 ossa
3158 2708 3298 2764 illius
3324 2710 3425 2765 itii-

1834 2785 2110 2856 pinguabit
2146 2787 2421 2859 disciplina
2452 2791 2608 2845 illius.
2652 2792 2816 2848 Datus
2862 2795 2950 2850 Dei
2991 2798 3182 2853 mulier
3209 2812 3420 2857 sensata

1835 2887 1890 2933 et
1915 2885 2069 2955 tacita
2104 2898 2117 2933 ε
2151 2896 2255 2939 non
2283 2891 2365 2936 est
2403 2882 2698 2939 inunutatio
2731 2887 2952 2942 erudita:
2991 2890 3203 2945 animm.
3243 2891 3424 2949 Gratia

1836 2986 1997 3041 super
2018 2974 2238 3042 gratiam
2262 3013 2277 3038 ,
2311 2975 2503 3030 mulier
2530 2986 2709 3031 sancta
2736 2986 2791 3033 et
2817 2979 3091 3048 pudorata.
3122 2982 3308 3039 Omnis
3330 3001 3425 3040 au-

1837 3071 1945 3118 tem
1978 3063 2292 3133 ponderatio
2324 3079 2427 3119 non
2458 3079 2539 3120 est
2580 3067 2737 3138 digna
2765 3070 3086 3128 continentis
3108 3075 3320 3130 animm.
3352 3075 3423 3133 Et

1836 3163 1950 3226 post
1974 3155 2235 3210 duodecim
2280 3173 2452 3212 versus
2473 3173 2494 3212 :
2520 3158 2585 3213 Et
2610 3159 2702 3230 qui
2748 3163 3130 3233 transgreditur
3156 3182 3186 3221 a
3222 3168 3426 3237 iustitia

1837 3247 1904 3301 ad
1934 3256 2227 3315 peccatum,
2260 3249 2401 3302 Deus
2425 3249 2635 3318 paravit
2662 3268 2784 3307 eum
2809 3252 2877 3307 ad
2908 3254 3292 3326 l‘httlllphtcﬂm.

1911 3336 1977 3389 Et
2006 3347 2116 3405 post
2141 3348 2356 3409 quatuor
2381 3356 2550 3395 versus
2575 3339 2795 3415 [xvaL]
2821 3362 2833 3396 :
2863 3345 2929 3399 Et
2952 3348 3041 3415 qui
3062 3350 3254 3417 quzerit
3277 3354 3427 3408 locu-

1840 3428 2030 3499 plctari
2057 3470 2070 3493 ,
2098 3431 2288 3484 avertit
2328 3431 2539 3486 oculum
2583 3449 2757 3488 suum.
2802 3436 2867 3490 Et
2910 3449 3019 3508 post
3065 3451 3163 3496 tres
3211 3460 3380 3500 versus
3406 3466 3426 3502 :

1840 3520 2155 3575 Conteretur
2192 3521 2213 3552 ⁸
2242 3521 2519 3577 delictum.
2559 3523 2614 3579 Si
2658 3541 2761 3580 non
2808 3527 2859 3581 in
2897 3529 3084 3585 timore
3115 3531 3321 3589 Domini
3351 3546 3430 3593 te-

1841 3612 2021 3666 nueris
2052 3622 2103 3668 te
2128 3614 2404 3677 instanter,
2435 3616 2540 3669 cito
2567 3617 2904 3674 subvertctur
2922 3623 3114 3679 domus
3144 3634 3249 3681 tua.
3279 3629 3429 3687 Sicut

1841 3705 1895 3760 in
1920 3717 2196 3774 pertusura
2218 3708 2237 3738 ⁷
2258 3709 2419 3763 cribri
2444 3712 2737 3766 remanebit
2758 3713 2946 3783 pulvis,
2965 3717 3041 3771 sic
3057 3721 3235 3788 aporia
3260 3721 3431 3778 homi-

1843 3799 1927 3853 nis
1955 3800 2005 3852 in
2033 3799 2260 3868 cogitatu
2285 3800 2444 3855 illius.
2477 3801 2608 3856 Vasa
2630 3804 2772 3875 ﬁguli
2802 3806 2988 3876 probat
3017 3808 3223 3877 liirnax,
3245 3824 3298 3869 et
3321 3818 3422 3869 ho-

1844 3892 2016 3947 mines
2035 3892 2207 3960 jtistos
2234 3896 2452 3949 teutatio
2476 3895 2850 3953 tribulationis.
2880 3899 3030 3955 Sicut
3059 3905 3330 3960 t'usticatio
3358 3908 3426 3965 de

1844 3984 1987 4054 ligno
2002 3984 2233 4039 ostendit
2256 3984 2478 4040 fructum
2495 3986 2654 4053 illius,
2672 3990 2749 4043 sic
2765 3991 2983 4046 verbum
3001 4010 3065 4047 ex
3086 3995 3317 4066 cogitatu
3337 4000 3431 4056 lio-

1844 4075 2003 4129 ruinis
2032 4076 2226 4130 cordis.
2270 4079 2406 4132 Ante
2443 4094 2748 4135 sermonem
2781 4098 2884 4137 non
2914 4086 3185 4143 collaudes
3222 4092 3430 4149 virum:

1847 4172 1962 4224 lucc
1981 4171 2121 4223 enim
2147 4171 2368 4225 tentatio
2387 4183 2465 4226 est
2491 4175 2782 4228 hominum.
2811 4173 2865 4231 Si
2888 4192 3128 4248 sequaris
3147 4181 3429 4252 justitiam,

1845 4264 2217 4333 apprelieudes
2242 4265 2384 4319 illam
2401 4305 2415 4327 ,
2434 4274 2488 4320 et
2515 4266 2699 4321 iudues
2722 4270 2868 4337 quasi
2903 4270 3153 4340 pudorem
3184 4274 3431 4340 honoris;

1846 4365 1896 4409 et
1921 4354 2185 4409 bahitabis
2207 4371 2326 4410 cum
2349 4371 2432 4422 ea,
2462 4367 2515 4411 et
2542 4368 2779 4429 proteget
2804 4371 2855 4415 te
2877 4361 2927 4414 in
2955 4374 3360 4434 senqutvrouin,
3381 4381 3434 4423 et

1848 4450 1899 4502 in
1929 4448 2015 4505 die
2043 4449 2325 4519 agnitionis
2358 4451 2592 4507 invenies
2637 4453 3043 4509 (irritamentum.
3091 4457 3328 4513 Volalilia
3365 4462 3431 4516 ad

1847 4540 1946 4596 sibi
1975 4539 2165 4594 similia
2197 4541 2537 4606 conveniunt,
2564 4554 2619 4597 et
2647 4545 2840 4598 veritas
2871 4546 2937 4600 ad
2966 4562 3061 4602 eos
3088 4550 3176 4619 qui
3205 4567 3432 4621 operan-

1849 4645 1934 4690 tur
1958 4635 2100 4689 illam
2127 4645 2439 4690 revertetur.
2471 4636 2578 4693 Leo
2601 4636 2866 4696 vcnatioui
2900 4640 3179 4697 illsiditllltl'
3197 4662 3432 4713 semper,

1847 4726 1926 4781 sic
1953 4736 2166 4797 peccata
2188 4727 2530 4795 operantibus
2556 4728 2905 4800 iniquitatem.
2950 4732 3119 4787 Homo
3140 4747 3355 4791 sanctus
3380 4742 3428 4793 in

1847 4820 2105 4889 sapientia
2132 4831 2313 4876 manet
2334 4820 2471 4876 sicut
2498 4822 2580 4877 sol
2607 4839 2620 4877 :
2648 4839 2769 4878 nam
2797 4825 2990 4880 stultus
3013 4828 3147 4882 sicut
3173 4830 3294 4884 ln..a
3328 4833 3394 4883 ini

1911 4992 2129 5069 {Festus
2141 4991 2424 5069 eos
2438 5005 2531 5069 non
2550 4991 2771 5067 malum:
2793 4994 3019 5069 τιιιοηξαεη
3037 4994 3181 5069 vidre.
3202 4996 3427 5069 ειριλνυε·

1846 5060 1989 5119 gata;
2017 5054 2180 5104 istum
2201 5054 2425 5119 igiteli'ijit
2445 5056 2669 5119 quoniam
2689 5054 2850 5109 drmit
2894 5057 3019 5107 ridet
3056 5057 3222 5107 acutas
3266 5057 3421 5109 illis...

1845 5115 2264 5181 quouiauwrpcllit
2283 5131 2314 5165 α
2334 5115 2401 5181 ἐξ,
2428 5115 2522 5168 etc.

1909 5180 1929 5210 ¹
1952 5189 2086 5227 saera
2112 5177 2275 5235 “ibla,
2299 5188 2349 5228 (η
2369 5178 2386 5228 ἱ
2408 5186 2531 5229 tenet
2550 5180 2702 5230 illum.

1845 5239 2068 5352 mai-mo
2088 5273 2103 5298 ,
2127 5254 2220 5289 non
2248 5242 2522 5292 odeertente
2550 5256 2602 5293 se
2625 5256 2643 5292 :
2664 5252 2767 5293 Mss.
2796 5255 2904 5294 cum
2929 5243 3124 5306 vulgata
3143 5277 3159 5302 ,
3182 5256 3273 5294 non
3296 5257 3429 5293 urer-

1942 5315 1968 5352 e
1988 5316 2054 5351 se.

1866 5314 1968 5352 eme

1910 5363 1929 5395 ³
1954 5371 2025 5413 t‘r.
2053 5363 2196 5423 tuqd.
2223 5372 2341 5413 Ven.
2369 5372 2474 5415 Lov.
2496 5365 2696 5426 habent,
2721 5366 2943 5418 abutatur
2958 5380 3027 5419 se.
3052 5375 3109 5417 tt.

1906 5427 2178 5538 “linteata,
2209 5426 2455 5476 oculorum
2485 5425 2605 5487 ejus.
2649 5425 2859 5480 attamen
2889 5431 3047 5490 abest,
3073 5431 3197 5494 ejus,
3224 5443 3247 5475 a
3295 5431 3432 5479 (:orb.

1906 5513 1925 5537 J
1948 5506 2020 5538 IIS.

1845 5490 2020 5539 Biiiiiis.

1909 5554 2139 5620 “famul.
2166 5551 2343 5620 cfdyx,
2368 5558 2691 5604 r'ontertetezr.
2741 5554 2970 5620 Vulgata,
3013 5562 3289 5607 conteretur
3327 5569 3435 5605 rma

1845 5615 2149 5678 delenimenta
2172 5613 2416 5666 delirt;:m.

1907 5680 1925 5711 ⁷
1955 5676 2081 5739 Mss,
2102 5676 2153 5728 in
2172 5684 2482 5741 oertmtsura,
2504 5692 2609 5730 srve
2628 5686 2902 5745 pertusura.
2925 5680 3140 5747 vulgata,
3160 5695 3210 5734 tu
3241 5690 3440 5748 percus-
