3878 6336
471 373 575 432 967

474 491 613 546 tibus
642 504 700 545 se
730 490 889 543 invia
928 488 1167 544 veritatis
1205 498 1258 544 et
1282 487 1522 558 justitire.
1565 485 1713 541 Dona
1753 485 2057 555 iniquorum

474 599 579 638 nor.
604 582 797 654 probat
823 583 1157 645 Altissimus,
1204 595 1303 635 nec
1351 579 1566 650 respicit
1602 579 1652 632 in
1698 575 2058 631 oblationibus

472 674 771 746 iniquorum
793 715 808 740 ,
843 688 939 729 nec
977 672 1030 727 in
1058 672 1392 726 tmtltitudiuc
1434 670 1819 724 sacriﬁciorum
1870 668 2055 722 eorum

471 767 844 837 propitiabitnr
871 765 1122 835 peccatis.
1154 762 1251 829 Qui
1281 761 1435 816 oliert
1462 760 1774 815 sacriﬁcium
1811 772 1877 812 ex
1928 756 2057 810 sub-

472 861 665 914 stantia
724 873 1056 929 pauperum,
1121 854 1270 925 quasi
1344 853 1431 923 qui
1479 852 1715 906 victimat
1777 849 1941 904 lilium
2005 848 2057 901 in

472 960 759 1021 conspectu
783 950 945 1020 patris
979 948 1078 1002 sui.
1120 946 1277 1001 Panis
1322 944 1706 1016 indigentium,
1756 942 1864 996 vita
1922 956 2055 1009 pau-

474 1043 613 1110 peris
643 1052 757 1102 cst;
789 1040 876 1109 qui
902 1038 1178 1094 del'raudat
1207 1038 1385 1099 illum,
1423 1036 1582 1090 ltomo
1612 1033 1928 1103 sanguinnm
1951 1039 2051 1085 est.

471 1133 571 1198 Qui
600 1133 769 1187 aul'erl
791 1132 841 1185 itt
865 1129 1060 1185 sudore
1088 1145 1299 1198 panem.
1328 1127 1479 1196 quasi
1510 1127 1597 1196 qui
1635 1124 1825 1179 occidit
1872 1122 2053 1191 proxi-

474 1239 617 1277 mum
644 1238 818 1276 suum.
842 1221 942 1290 Qui
970 1221 1196 1276 ell'unzlit
1220 1220 1530 1289 sanguinein
1557 1259 1570 1280 ,
1602 1227 1655 1271 et
1695 1218 1784 1286 qui
1818 1213 2055 1268 fraudem

471 1316 587 1369 iacit
630 1314 996 1379 mercenario,
1044 1312 1235 1366 fratres
1284 1319 1426 1365 sunt.
1482 1308 1632 1365 Unus
1694 1306 1962 1362 aediﬁcatus
2004 1313 2057 1359 et

472 1422 605 1461 unus
628 1407 929 1469 destructis,
958 1403 1083 1475 quid
1130 1403 1341 1473 prodest
1386 1401 1489 1455 illis
1520 1398 1617 1451 nisi
1668 1395 1858 1450 labor?
1911 1393 2059 1449 Unus

467 1514 657 1564 orans,
688 1509 739 1552 et
789 1512 925 1550 unus
976 1496 1328 1559 tualedicens,
1371 1493 1527 1561 cujus
1574 1504 1757 1543 vocent
1810 1486 2057 1541 exaudiet

472 1591 652 1645 Deus?
710 1590 809 1656 Qut
852 1588 1148 1657 baptizatur
1201 1602 1233 1640 a
1281 1596 1524 1648 mortuo,
1554 1590 1608 1636 et
1651 1581 1842 1634 iterum
1892 1579 2057 1648 tangit

470 1684 656 1742 illntn.
706 1681 833 1751 quid
874 1680 1111 1749 proﬁciet
1159 1678 1353 1731 lavatio
1408 1674 1590 1730 illius?
1636 1675 1725 1729 Sic
1763 1674 1923 1728 bomo
1965 1674 2056 1742 qui

465 1774 670 1845 jejunat
707 1775 758 1827 itt
795 1773 1024 1839 pereatis
1058 1772 1198 1835 suis,
1231 1780 1284 1823 et
1313 1769 1503 1823 iterum
1534 1767 1721 1822 eadem
1756 1766 1899 1829 facit,
1928 1764 2054 1835 qttid

471 1868 680 1937 proﬁcit
726 1864 1056 1921 bumiliando
1111 1862 1211 1918 se?
1268 1861 1561 1915 orationem
1611 1859 1728 1929 ejus
1774 1858 1895 1928 quis
1955 1872 2050 1910 ex-

467 1958 689 2013 audiet?

541 2047 763 2123 [xxxv]
794 2048 892 2114 Qui
918 2056 1201 2103 conservat
1240 2046 1443 2117 legem,
1493 2042 1804 2111 multiplicat
1855 2042 2054 2095 oratio-

468 2158 612 2196 nem.
645 2140 975 2195 Sacriﬁcium
1000 2136 1233 2193 stlutare
1253 2145 1335 2191 est
1359 2134 1638 2189 attendere
1671 2132 1933 2188 mandatis
1957 2172 1973 2197 ,
2004 2140 2056 2185 et

472 2232 749 2287 discedere
774 2230 842 2283 ab
872 2229 1016 2282 omni
1066 2228 1379 2296 iniquiate;
1420 2235 1474 2280 et
1518 2225 1942 2295 pwpitiationem
1989 2224 2057 2276 li-

473 2336 588 2379 tare
613 2323 856 2379 sacriﬁcii
885 2337 1048 2391 super
1077 2320 1381 2388 injustitias,
1411 2327 1464 2372 et
1484 2317 1790 2386 deprecatio
1819 2330 1913 2385 pro
1936 2330 2058 2383 pec-

469 2416 624 2479 catis,
650 2414 900 2470 recedere
920 2412 988 2467 ab
1018 2412 1292 2479 iujustitia.
1340 2409 1403 2463 Et
1443 2418 1552 2478 post
1591 2424 1777 2477 paucos
1822 2423 1993 2460 versus
2036 2423 2053 2459 :

469 2506 585 2563 Non
621 2505 901 2578 apparebis
944 2504 995 2558 in
1028 2511 1314 2571 conspectu
1346 2501 1435 2554 Dei
1486 2515 1700 2554 vacuus.
1750 2498 1875 2553 Haec
1915 2498 2056 2552 enim

471 2600 649 2653 omnia
680 2607 896 2667 pr0pter
940 2596 1185 2649 mandata
1228 2592 1434 2647 Domini
1486 2594 1634 2645 ﬁunt.
1681 2590 1889 2644 Oblatio
1930 2590 2057 2655 justi

473 2691 767 2760 impinguat
787 2688 954 2742 altare
974 2729 987 2750 ,
1017 2696 1069 2742 et
1091 2686 1224 2739 odor
1249 2684 1522 2737 suavitatis
1560 2693 1641 2737 est
1677 2683 1728 2736 in
1767 2691 2059 2750 cottSpectu

476 2781 757 2837 Altissimi.
791 2777 1120 2834 Sacriﬁcium
1147 2776 1272 2843 justi
1302 2784 1576 2841 acceptum
1602 2780 1720 2835 est,
1767 2780 1821 2826 et
1859 2785 2060 2824 memo-

472 2877 607 2928 riam
630 2875 748 2941 ejus
776 2888 878 2925 non
902 2870 1242 2924 obliviscetur
1269 2867 1541 2920 Dominus.
1576 2864 1724 2917 Bono
1744 2864 1922 2916 animo
1942 2862 2058 2930 glo-

474 2967 610 3020 riam
642 2965 805 3019 redde
842 2965 971 3025 Deo,
1005 2972 1193 3017 etnon
1246 2959 1453 3012 minuas
1501 2956 1758 3027 primitias
1808 2970 2058 3008 manuum

474 3068 707 3113 tuarum.
746 3057 799 3111 In
831 3055 974 3108 omni
1001 3054 1125 3108 dato
1165 3053 1388 3106 hilarem
1428 3050 1508 3103 fac
1537 3049 1737 3101 vultum
1776 3058 1920 3101 ιιιιιιιι
1944 3089 1957 3110 ,
2006 3056 2061 3102 et

474 3150 527 3204 in
556 3148 909 3203 exsultatione
938 3143 1210 3199 Sanctiﬁca
1239 3142 1475 3196 decimas
1506 3149 1642 3193 tuas.
1678 3138 1751 3192 Da
1792 3138 2061 3192 Altissimo

474 3237 764 3293 Secundum
791 3236 976 3290 datum
1008 3233 1154 3303 ejus,
1183 3244 1234 3286 et
1259 3234 1308 3286 in
1352 3233 1492 3286 bono
1536 3231 1695 3286 oculo
1733 3229 2063 3285 adiuventio-

476 3345 599 3385 nem
630 3328 786 3383 facito
818 3342 1066 3381 manuum
1100 3335 1346 3384 tuarum:
1379 3324 1631 3394 quoniam
1678 3324 1933 3377 Dominus
1976 3340 2061 3378 re-

476 3422 714 3476 trilmens
741 3429 822 3475 est
845 3461 859 3485 ,
887 3430 941 3474 et
973 3419 1171 3487 septies
1200 3416 1385 3472 reddet
1425 3426 1625 3470 tantum
1670 3416 1785 3470 tibi.
1822 3414 1937 3470 Noli
1984 3414 2066 3469 of-

484 3515 626 3569 ferre
664 3528 883 3567 munera
912 3526 1113 3582 prava;
1144 3526 1249 3564 non
1289 3511 1432 3564 enim
1475 3509 1730 3577 suscipiet
1786 3508 1892 3561 illa.
1947 3507 2064 3561 Noli

479 3605 747 3675 reSpicere
790 3602 1108 3657 sacriﬁcium
1160 3601 1445 3669 injustuut;
1504 3601 1753 3669 quoniam
1810 3599 2065 3654 Dominus

475 3698 637 3768 judex
668 3705 751 3752 est
773 3739 785 3757 .
819 3704 871 3750 et
900 3710 1004 3748 non
1026 3702 1109 3748 est
1130 3693 1267 3762 apud
1292 3693 1435 3746 illum
1463 3692 1627 3762 gloria
1657 3707 1919 3762 personae.
1950 3690 2065 3745 Non

478 3792 699 3863 accipiet
730 3789 984 3842 Dominus
1013 3801 1291 3856 personam
1327 3786 1377 3839 in
1422 3800 1735 3853 pauperem,
1778 3794 1834 3838 et
1879 3799 2062 3851 preca-

484 3885 680 3935 tionem
721 3879 832 3933 lmsi
863 3876 1129 3931 exaudiet.
1174 3875 1289 3930 Non
1325 3875 1583 3943 chpieiet
1616 3890 1801 3943 preces
1846 3875 2065 3945 pupilli,

478 3987 580 4026 nec
606 3970 813 4033 viduae,
854 3968 897 4022 si
925 3966 1161 4022 eil‘tmdat
1187 3965 1448 4035 loquelam
1488 3967 1735 4035 gemitus.
1770 3964 1955 4019 Noane
1995 3966 2071 4018 la—

480 4075 662 4134 eryma
686 4058 751 4112 ad
781 4059 1047 4112 maxillam
1070 4056 1375 4121 descendit,
1407 4067 1456 4109 et
1483 4058 1799 4111 exclamatio
1824 4074 1853 4110 a
1881 4058 2068 4111 maxil-

482 4155 532 4209 la
561 4152 799 4208 ascendit
830 4162 1047 4221 propter
1074 4151 1197 4203 illud
1222 4148 1361 4218 quod
1382 4148 1697 4205 desectnlits
1739 4166 1836 4219 per
1867 4148 2070 4203 illam"?

484 4245 552 4301 Et
574 4256 684 4317 post
708 4255 923 4314 quatuor
948 4259 1118 4297 versus
1149 4257 1168 4295 :
1188 4240 1370 4297 Oratio
1396 4241 1724 4295 butniliantis
1765 4258 1853 4307 se,
1903 4242 2070 4297 nubes

489 4340 806 4413 penetrabit.

558 4432 622 4486 Et
641 4441 750 4501 post
776 4430 1088 4500 aliquantmn
1117 4427 1365 4501 [xxxvtn]
1401 4446 1414 4484 :
1441 4429 1571 4482 Cum
1595 4429 1707 4483 viro
1733 4438 1917 4483 sancto
1939 4430 2065 4483 assi-

486 4525 628 4580 duus
650 4533 787 4591 esto,
812 4536 1199 4592 quemcumque
1237 4522 1549 4591 cognoveris
1586 4520 1958 4576 observantem
2011 4521 2073 4575 ti-

485 4633 691 4673 morem
721 4616 834 4677 Dei,
866 4614 1014 4683 cujus
1044 4614 1216 4667 anima
1236 4624 1315 4668 est
1335 4614 1623 4669 secundum
1650 4616 1879 4669 animam
1908 4625 2072 4669 tnant.

487 4707 556 4764 Et
571 4718 678 4777 post
698 4708 915 4779 quinque
929 4722 1098 4761 versus
1128 4722 1147 4760 :
1179 4707 1243 4761 Et
1259 4707 1309 4761 in
1333 4706 1673 4761 ltisontnibus
1688 4708 1976 4778 deprecare
1990 4708 2079 4761 Al-

488 4802 774 4863 llSSitIllllll,
802 4807 856 4852 ιιι
880 4799 1070 4867 dirigat
1095 4799 1146 4852 in
1176 4799 1400 4852 veritate
1430 4799 1565 4851 viam
1594 4806 1756 4851 tuam.
1785 4798 1844 4851 Et
1868 4808 1976 4869 post
2006 4798 2079 4851 ri-

486 4894 613 4968 ginti
660 4902 707 4946 et
751 4907 907 4944 unum
950 4905 1117 4943 versus
1148 4905 1169 4942 .'
1189 4889 1309 4955 Fili,
1342 4890 1394 4942 in
1428 4890 1535 4943 vita
1565 4898 1648 4943 ttta
1678 4900 1816 4943 tenta
1848 4890 2078 4944 animam

489 4996 668 5050 tuam;
698 4992 753 5038 et
775 4982 819 5038 si
848 4982 1000 5037 fuerit
1033 4997 1279 5051 nequam,
1332 4996 1435 5034 non
1485 4980 1579 5035 des
1620 4982 1692 5035 illi
1739 4992 2074 5051 poteSIatem.

490 5079 605 5134 Non
653 5077 794 5132 enim
846 5074 1094 5129 omnibus
1122 5072 1298 5125 omnia
1328 5072 1615 5141 expediunt
1644 5114 1659 5135 ,
1710 5082 1762 5125 ct
1792 5088 1897 5126 non
1936 5074 2079 5127 onmi

490 5171 682 5225 anian
724 5184 882 5221 omne
910 5181 1075 5236 genus
1104 5164 1291 5235 placet.
1334 5163 1446 5217 Noli
1487 5163 1672 5217 avidus
1716 5178 1832 5218 esse
1863 5164 2082 5219 inomni

491 5261 816 5334 epulatione,
839 5270 892 5314 ct
922 5275 1025 5313 non
1065 5266 1115 5312 te
1141 5256 1382 5312 ell'mnlas
1411 5270 1572 5324 super
1600 5272 1810 5309 omnem
1828 5272 2025 5311 escam.

569 5354 630 5408 Et
652 5364 761 5425 post
787 5364 1001 5423 quatuor
1021 5367 1187 5404 versus
1212 5346 1454 5421 [xxxvnt
1542 5367 1553 5401 :
1588 5348 1792 5401 llouom
1823 5348 2082 5403 medicum

494 5457 711 5518 propter
734 5445 1134 5507 necessitatem;
1158 5442 1352 5496 etenim
1374 5441 1516 5494 illum
1547 5441 1743 5494 creavit
1762 5440 2082 5496 Altissimus.

499 5542 537 5592 Α
572 5538 678 5590 Deo
694 5539 834 5591 enini
857 5545 936 5590 est
962 5534 1188 5601 medela,
1212 5545 1263 5586 et
1284 5552 1309 5585 ιι
1342 5550 1461 5603 rege
1482 5534 1697 5602 accipiet
1723 5533 2083 5589 donationem.

501 5630 784 5702 Disciplina
804 5630 991 5684 medici
1022 5628 1272 5683 ettaltabit
1302 5639 1457 5695 «eaput
1480 5627 1665 5697 ipsius,
1690 5636 1745 5680 et
1775 5628 1827 5681 in
1866 5644 2088 5696 t‘OllSpe'

565 5769 579 5798 ¹
609 5776 745 5815 sacra
767 5766 950 5815 niblia:
982 5773 1139 5826 Nonne
1176 5765 1401 5826 'acrynue
1432 5760 1592 5826 nidum
1625 5763 1689 5813 ad
1722 5762 1976 5815 maxillam
2012 5766 2094 5816 de-

493 5826 752 5903 pccndunt.
777 5833 822 5878 et
844 5824 1134 5879 exclamatio
1153 5825 1258 5884 eius
1276 5824 1428 5889 super
1447 5824 1759 5876 deducentem
1781 5838 1862 5879 cas
1882 5826 1906 5878 .9

1663 368 1721 426 S.
1762 362 2133 426 AUGUSTINI
2171 362 2527 424 SPECULUM

3678 363 3761 425 968

2164 492 2251 537 ctu
2286 494 2653 552 maguatorum
2703 481 3107 537 collaudabitur.
3142 482 3466 537 Altissimus
3492 485 3763 541 crmritdc

2162 581 2302 629 terra
2322 572 2633 628 medicinam
2661 573 2700 633 ¹.
2723 581 2772 628 et
2806 574 2885 627 vir
2912 573 3142 643 prudens
3186 589 3287 627 non
3332 574 3669 630 abhorrebit
3709 578 3762 632 il.

2164 664 2287 720 lant.
2306 663 2493 719 Nonne
2515 680 2542 719 a
2566 666 2707 733 ligno
2728 664 2987 719 indulca'a
3009 674 3091 719 est
3118 680 3251 733 aqua
3274 665 3513 719 amara?
3544 667 3620 721 Ad
3641 670 3762 739 agni.

2166 758 2361 812 tionem
2390 758 2659 811 hominum
2691 758 2856 811 virtus
2884 758 3044 825 illius,
3072 766 3125 811 et
3160 757 3304 811 dedit
3345 758 3571 813 bomiui
3606 762 3759 818 scien-

2164 848 2290 902 tiam
2320 848 2643 911 Altissimus,
2683 848 2929 902 honorari
2964 848 3017 901 in
3062 848 3400 903 mirabilibus
3441 850 3583 903 suis.
3619 850 3671 903 In
3695 852 3762 906 bis

2163 955 2357 994 curans
2392 940 2649 1010 mitigavit
2676 938 2917 995 dolorem
2954 940 3189 1008 i||5tlrllm
3220 942 3261 992 ¹.
3293 938 3364 993 Et
3401 951 3525 1009 post
3565 954 3759 1013 quatuor

2162 1046 2333 1084 versus
2362 1047 2382 1085 :
2412 1030 2531 1097 Fili,
2557 1031 2607 1085 in
2640 1042 2723 1085 tua
2755 1031 3059 1085 inﬁrmitate
3082 1048 3184 1084 non
3212 1030 3524 1101 desperes;
3574 1033 3665 1087 sed
3685 1050 3757 1088 ora

2166 1121 2468 1186 Dominum,
2496 1132 2548 1178 et
2571 1123 2683 1193 ipse
2711 1124 2917 1177 curabit
2946 1134 3014 1178 Ie.
3045 1125 3241 1179 Averte
3260 1139 3289 1177 a
3314 1123 3556 1187 delicto,
3582 1134 3635 1179 et
3657 1124 3744 1179 diri

2161 1229 2227 1284 ge
2258 1231 2466 1281 manus,
2498 1224 2552 1269 ct
2570 1217 2638 1271 ab
2665 1218 2809 1271 omni
2837 1217 3031 1273 delicto
3052 1218 3246 1273 munda
3263 1234 3362 1273 eor
3382 1227 3565 1273 tuum.
3586 1218 3649 1273 Et
3665 1232 3756 1288 post

2163 1325 2320 1362 unum
2359 1326 2553 1363 versam
2584 1327 2603 1364 :
2638 1310 2703 1364 Et
2745 1312 3009 1381 impingna
3037 1311 3385 1372 oblationem.
3418 1320 3479 1365 et
3508 1310 3575 1364 da
3604 1312 3755 1367 laeum

2164 1402 2398 1468 medico;
2423 1403 2619 1458 etenim
2640 1404 2784 1457 illum
2817 1404 3071 1458 Dominus
3096 1404 3331 1457 creavit:
3367 1412 3429 1456 et
3456 1416 3567 1457 non
3601 1402 3757 1457 disce-

2162 1492 2310 1546 data
2349 1502 2427 1555 te;
2479 1494 2729 1562 quoniam
2776 1510 2935 1563 opera
2986 1494 3104 1562 ejus
3142 1504 3262 1547 sunt
3305 1494 3640 1549 necessaria.
3680 1494 3755 1548 Est

2162 1585 2303 1639 enim
2334 1586 2547 1655 quando
2569 1586 2621 1639 itt
2645 1602 2833 1640 manus
2861 1586 3069 1640 illorum
3094 1586 3332 1641 incurms
3360 1605 3375 1639 :
3411 1587 3518 1655 ipsi
3538 1602 3661 1642 vero
3676 1588 3757 1641 Do-

2163 1676 2363 1730 mimnu
2395 1677 2842 1747 deprecabuntur,
2884 1688 2940 1732 ιιι
2984 1677 3175 1745 dirigat
3216 1678 3465 1747 retptiem
3512 1688 3754 1732 eoruntet

2160 1768 2439 1824 sanitatem
2485 1779 2703 1839 propter
2739 1770 3198 1824 conversatirtlem
3245 1770 3466 1825 illorum
3495 1770 3537 1823 ³.
3570 1768 3633 1823 Et
3662 1779 3755 1839 post

2160 1875 2317 1913 unum
2353 1877 2547 1915 versum
2574 1877 2594 1916 :
2621 1862 2737 1926 Fili,
2774 1863 2825 1916 itt
2854 1872 3120 1916 mortuum
3144 1861 3346 1932 produc
3400 1865 3680 1935 lacrymas,
3709 1874 3752 1918 et

2160 1952 2311 2020 quasi
2340 1952 2454 2006 dira
2500 1969 2685 2022 passus
2728 1954 2902 2024 incipe
2934 1956 3160 2025 plorare.
3197 1955 3259 2009 Et
3286 1956 3594 2011 secundum
3628 1957 3751 2025 judi-

2160 2042 2299 2095 cium
2314 2053 2534 2114 eoutege
2547 2060 2739 2114 corpus
2762 2046 2920 2108 illius.
2944 2058 2997 2101 et
3018 2064 3120 2100 non
3139 2048 3411 2118 deSpieias
3432 2050 3747 2119 sepulturam

2163 2131 2323 2186 illius.
2359 2134 2579 2203 Propter
2606 2136 2897 2190 d'elaturam
2937 2155 3118 2193 amare
3152 2140 3229 2194 l'er
3260 2141 3469 2194 luctum
3506 2140 3643 2196 illius
3663 2157 3749 2195 ttna

2160 2222 2267 2289 die,
2293 2235 2343 2277 et
2370 2227 2647 2279 conSoIare
2674 2237 2887 2296 propter
2915 2228 3208 2291 tristitiam;
3237 2242 3289 2284 et
3333 2232 3420 2285 [ac
3449 2232 3645 2286 luctum
3672 2246 3746 2287 se-

2161 2318 2392 2370 cundum
2424 2318 2666 2371 meritum
2695 2320 2809 2386 ejus
2836 2335 2941 2372 uno
2968 2320 3055 2373 die
3078 2321 3157 2374 vel
3182 2320 3419 2387 duobus,
3444 2333 3658 2393 pmpter
3673 2323 3747 2377 tle-

2164 2412 2495 2465 tractionem.
2539 2414 2579 2466 A
2610 2414 2815 2467 tristitia
2844 2414 2985 2468 enim
3031 2414 3242 2468 festinat
3284 2432 3461 2479 mors,
3492 2426 3546 2471 et
3571 2432 3743 2486 coope-

2162 2505 2263 2556 riet
2307 2504 2575 2565 virtutem,
2602 2514 2655 2558 et
2682 2507 2890 2559 tristitia
2928 2507 3105 2560 curdis
3144 2507 3317 2562 ﬂectet
3366 2510 3651 2563 cervicem.
3693 2507 3746 2559 Et

2164 2606 2273 2664 post
2293 2613 2447 2649 unum
2474 2613 2668 2650 versum
2692 2614 2710 2651 :
2734 2598 2847 2652 Non
2871 2598 3083 2652 dederis
3112 2599 3161 2652 itt
3195 2599 3469 2654 tristitiam
3484 2616 3578 2655 cor
3597 2609 3742 2653 tuum.

2167 2686 2231 2739 Et
2259 2699 2369 2757 post
2413 2706 2585 2743 norem
2628 2705 2800 2745 versas
2829 2709 2842 2743 :
2875 2692 3145 2762 Sapientia
3193 2692 3390 2748 scribae
3437 2694 3489 2747 in
3530 2703 3744 2761 tempore

2165 2778 2463 2845 vacuitatis,
2508 2789 2562 2834 et
2607 2781 2696 2850 qui
2735 2782 3028 2837 minoratur
3069 2791 3191 2837 actu
3233 2784 3558 2854 sapientiam
3590 2781 3744 2853 perci-

2165 2877 2292 2936 ptet.

2236 2961 2303 3015 Et
2327 2964 2479 3031 paulo
2509 2973 2618 3033 post
2646 2962 2874 3037 [xvxne]
2904 2983 2917 3019 :
2948 2965 3004 3019 In
3022 2980 3151 3021 voce
3166 2965 3350 3032 dicito,
3374 2965 3632 3021 Obaudite
3651 2979 3739 3025 me,

2164 3052 2327 3107 divini
2360 3053 2560 3108 fructus
2589 3070 2867 3127 aquarum,
2890 3065 2944 3108 et
2963 3058 3112 3126 quasi
3162 3072 3280 3113 rosa
3328 3059 3567 3127 plantata
3603 3070 3741 3123 super

2164 3146 2340 3199 rivum
2370 3144 2683 3199 frttctilieate
2710 3144 2751 3201 ⁸.
2780 3145 2940 3212 Quasi
2976 3146 3206 3201 Libauus
3235 3148 3461 3202 odorem
3492 3145 3742 3201 suavitatis

2168 3236 2377 3291 babete.
2430 3236 2642 3291 Florcte
2671 3235 2830 3290 liores
2855 3237 3005 3306 quasi
3034 3239 3220 3301 lilium,
3267 3238 3397 3293 date
3431 3239 3661 3301 odorem,
3698 3244 3740 3289 et

2168 3325 2410 3381 l'rondetc
2441 3326 2493 3380 in
2519 3331 2763 3397 gratiam,
2796 3338 2848 3381 et
2874 3327 3172 3383 collaudate
3196 3329 3489 3399 canticum,
3519 3340 3568 3383 et
3599 3328 3740 3380 benc-

2168 3416 2328 3471 dicite
2353 3417 2630 3471 Dominum
2657 3418 2707 3471 in
2728 3418 2979 3486 operibus
3000 3419 3130 3473 suis.
3166 3419 3294 3474 Date
3316 3416 3736 3491 magniﬁcentiam

2170 3510 2369 3563 nomini
2394 3510 2530 3577 ejus,
2564 3520 2618 3563 et
2651 3509 2976 3564 conﬁtemini
3018 3510 3091 3564 illi
3123 3510 3175 3565 in
3204 3527 3333 3567 voce
3364 3513 3619 3566 labiortnn
3662 3520 3739 3559 ve-

2170 3611 2427 3667 strorum,
2452 3605 2501 3656 in
2532 3603 2756 3658 canticis
2783 3602 3042 3657 labiorunt
3071 3614 3124 3659 et
3149 3605 3237 3658 eit‘
3261 3605 3407 3671 aris;
3439 3616 3488 3660 et
3513 3604 3586 3657 sic
3612 3600 3738 3655 diee-

2172 3698 2239 3748 tis
2263 3694 2312 3746 in
2334 3693 2665 3749 confeSsione
2691 3711 2703 3747 :
2731 3695 2901 3763 Opera
2932 3696 3138 3749 Domini
3164 3697 3414 3752 ttniversa
3435 3698 3565 3751 bona
3588 3688 3737 3746 valde.

2174 3784 2228 3838 In
2260 3786 2422 3839 verbo
2443 3786 2557 3853 ejus
2582 3788 2726 3840 stetit
2750 3802 2882 3853 aqua
2911 3788 3048 3841 sicut
3068 3790 3361 3858 congeries,
3397 3800 3450 3844 et
3480 3790 3529 3841 in
3554 3796 3735 3842 sermo-

2174 3890 2241 3930 ne
2260 3875 2367 3928 oris
2395 3878 2512 3941 ejus
2559 3877 2691 3929 sicut
2734 3878 3037 3945 excepturia
3081 3894 3358 3948 aquarum.
3408 3876 3654 3948 Quoniam
3694 3872 3736 3924 in

2174 3975 2440 4035 pr.ecepto
2466 3966 2630 4035 ipsius
2654 3967 2833 4035 placor
2862 3968 2939 4034 ﬁt,
2968 3978 3022 4023 et
3050 3985 3152 4023 non
3183 3981 3264 4025 est
3294 3970 3572 4025 minoratio
3594 3966 3639 4019 in
3666 3977 3732 4016 sa-

2176 4055 2283 4109 lute
2310 4056 2469 4111 illius.
2521 4056 2691 4127 Opera
2718 4059 2890 4113 omnis
2915 4060 3089 4113 carnis
3115 4075 3293 4115 coram
3321 4062 3432 4123 illo,
3477 4069 3526 4114 et
3550 4069 3647 4111 non
3670 4060 3735 4105 est

2175 4148 2461 4218 quidquam
2497 4149 2863 4204 absconditmn
2908 4151 2975 4203 ab
3021 4152 3189 4205 oculis
3236 4152 3370 4220 ejus.
3409 4155 3445 4207 Α
3476 4147 3655 4208 είυριιιυ
3687 4152 3731 4197 el

2177 4256 2347 4312 usque
2376 4243 2425 4295 in
2448 4242 2701 4296 szrculum
2733 4242 2979 4311 respiciet
3003 4242 3052 4308 ⁸;
3080 4252 3134 4299 et
3168 4242 3297 4297 nihil
3327 4254 3412 4298 est
3446 4239 3665 4297 mirabile
3690 4235 3730 4287 in

2176 4342 2463 4402 conspectu
2489 4334 2625 4402 ejus.
2644 4332 2759 4387 Non
2776 4344 2859 4387 est
2882 4333 3082 4397 dicere,
3110 4334 3245 4401 Quid
3268 4347 3348 4389 est
3373 4334 3509 4389 hoc?
3530 4341 3611 4385 aut
3626 4323 3730 4399 quid

2177 4438 2258 4483 est
2289 4427 2450 4481 illud?
2487 4429 2664 4481 omnia
2690 4427 2830 4480 enim
2862 4426 2914 4480 in
2947 4436 3185 4495 tempore
3210 4442 3310 4482 suo
3333 4434 3640 4498 quairentur.

2251 4517 2320 4572 Et
2348 4518 2500 4590 paulo
2527 4530 2635 4589 post
2657 4516 2793 4592 [xu]
2826 4536 2839 4571 :
2868 4516 3046 4573 Gratia
3072 4519 3211 4574 sicut
3236 4521 3504 4590 paradisus
3523 4518 3571 4573 in
3590 4514 3727 4568 bene-

2179 4613 2519 4677 dictionibus,
2540 4624 2594 4669 et
2622 4612 2981 4666 misericordia
3015 4612 3066 4666 in
3093 4614 3343 4667 s:cculum
3380 4616 3652 4684 permanet.
3676 4600 3729 4657 Et

2184 4714 2291 4775 post
2320 4703 2583 4758 duodecim
2601 4720 2770 4759 versus
2800 4721 2813 4758 :
2844 4702 3464 4774 Fratresinadjutorium
3486 4703 3533 4756 in
3557 4707 3719 4763 tempe

2183 4812 2243 4852 re
2272 4795 2647 4860 tribulationis,
2681 4805 2734 4849 et
2755 4810 2917 4863 super
2936 4811 3029 4850 cos
3051 4796 3411 4852 misericordia
3444 4787 3677 4850 liberabil-

2254 4886 2322 4941 Et
2345 4898 2454 4957 post
2485 4887 2746 4958 paululum
2774 4885 2965 4959 [itm]:
2997 4888 3264 4957 Sapientia
3283 4881 3723 4943 enitnabscomlit't.

2182 4990 2237 5035 et
2262 4981 2543 5035 thesaurus
2562 4980 2821 5041 occultus,
2845 4997 2964 5050 qua:
2992 4983 3191 5037 utilitas
3217 4983 3267 5036 in
3293 4978 3552 5052 utrisque?
3574 4971 3725 5028 ΜυΙίοΓ

2185 5084 2269 5130 est
2295 5073 2455 5128 ltomo
2484 5074 2569 5143 qui
2595 5072 2874 5129 abscondit
2903 5074 3178 5129 stultitiam
3213 5091 3384 5144 suam,
3424 5086 3568 5146 quam
3594 5066 3724 5119 ιιυηιο

2186 5166 2275 5237 qtti
2303 5164 2579 5220 abscondit
2607 5167 2914 5237 sapientiam
2936 5182 3108 5220 suam.

2262 5259 2327 5314 Et
2358 5261 2632 5329 aliquando
2650 5270 2762 5330 pos!
2782 5258 2977 5332 [una]
3004 5279 3018 5315 :
3049 5259 3424 5317 lleuedici-ntcs
3463 5250 3719 5313 Dominum.

2255 5392 2271 5423 ¹
2294 5397 2340 5439 ta
2362 5392 2513 5441 sacris
2534 5389 2722 5447 Bibliis.
2743 5389 3111 5450 medicamenta,

2254 5455 2274 5485 ²
2300 5453 2495 5527 Vulgata
2524 5468 2537 5502 :
2562 5446 2791 5517 aitigabit
2826 5452 3064 5511 dolerem.
3094 5446 3139 5506 et
3172 5451 3503 5560 unguentarius
3526 5446 3718 5560 ἐρδοζηξπο

2254 5523 2432 5560 mle-rea
2459 5531 2505 5560 ιιι
2530 5530 2575 5560 v.
2600 5516 2658 5560 9.
2684 5529 2795 5560 oro.
2826 5529 2918 5560 mm
2947 5516 3169 5560 desperes
3186 5554 3199 5560 -
3245 5521 3403 5560 ιιιιιιιι-
3441 5526 3496 5560 ηε
3555 5507 3717 5560 arma!

2192 5523 2432 5628 itt'afterea
2454 5516 2505 5565 in
2530 5530 2575 5565 v.
2600 5516 2658 5575 υ,
2684 5529 2795 5579 pro,
2826 5529 2918 5565 non
2947 5516 3200 5580 desperes,
3230 5516 3404 5578 liabet,
3441 5526 3496 5565 ne

2214 5591 2413 5628 avsum.

2214 5591 2256 5628 t’I
2261 5591 2394 5628 υδηηι
2402 5614 2413 5625 .

2302 5646 2428 5693 διελς..
2447 5644 2650 5704 propter
2671 5638 3022 5704 corwersioncm
3042 5638 3251 5704 illorum.
3418 5699 3446 5704 __
3478 5696 3487 5704 _
3522 5692 3532 5704 ,

2257 5702 2277 5732 ⁸
2302 5687 2356 5749 In
2376 5687 2571 5762 vulgata
2603 5700 2807 5749 habetur
2828 5687 2857 5749 εὴ
2872 5687 3014 5757 eicit.
3034 5687 3265 5754 tibintdite
3280 5715 3371 5761 me,
3395 5692 3532 5762 αἰτίιῄ
3546 5687 3697 5762 Wa”

2196 5770 2240 5816 et
2257 5760 2396 5861 gnari
2417 5755 2524 5813 nia
2558 5762 2773 5834 plantata
2789 5776 2930 5828 super
2947 5755 3074 5817 riuos
3094 5778 3330 5830 aquanuu
3348 5755 3623 5830 Ῑνιιαίβωκ·

2306 5824 2528 5889 Vulgata,
2555 5830 2765 5890 raptat.

2512 5860 2528 5888 ,
2556 5860 2569 5875 Ι
2583 5860 2765 5888 "Pw.
