3874 6310
142 224 258 286 960

144 340 402 399 exaltate
434 338 578 395 illum
608 344 863 408 quantum
888 333 1136 405 potestis;
1166 330 1337 403 major
1364 338 1447 388 est
1465 330 1610 386 omni
1650 328 1766 384 lau-

147 434 239 489 de.
278 431 602 489 Exaltantes
622 444 743 485 eum
774 427 1051 499 replemini
1080 426 1293 482 virtute.

225 521 302 579 Et
326 533 449 597 post
476 524 635 577 ntulta
662 519 781 596 [LL]
817 540 829 575 :
858 520 1182 591 Appropiate
1224 517 1292 573 ad
1328 533 1432 583 me,
1475 516 1691 582 indocti,
1720 524 1775 570 et

148 616 571 687 congregamini
611 615 662 669 in
694 615 909 670 domum
950 611 1264 684 disciplima.
1297 610 1435 679 Quid
1474 611 1649 666 adhuc
1690 625 1775 664 re-

153 709 432 765 tardatis?
460 718 513 764 et
537 708 664 778 quid
695 707 868 762 adhuc
895 706 1070 761 dicitis
1105 706 1160 759 in
1196 704 1315 759 his?
1350 704 1542 758 anima:
1582 710 1775 757 vestrae

150 802 354 856 sitiunt
378 800 746 856 vehementer.
775 799 973 869 Aperui
997 812 1059 852 os
1079 812 1279 863 meum,
1310 804 1365 851 et
1391 796 1599 850 locutus
1619 810 1771 849 sum:

150 894 490 964 Comparate
512 894 664 949 vobis
687 893 803 948 sine
841 899 1066 963 argento
1092 890 1407 961 sapientiam
1436 890 1476 957 ί,
1505 898 1559 945 et
1577 889 1773 945 collum

150 996 408 1042 vestrum
439 986 686 1057 subjicite
711 986 858 1057 jugo,
902 994 956 1041 et
987 984 1245 1055 suscipiet
1269 984 1446 1040 anima
1472 993 1649 1039 vestra
1695 982 1777 1038 di-

150 1078 477 1148 sciplinam.
510 1077 566 1133 ln
597 1078 845 1149 proximo
870 1078 1010 1132 enim
1040 1085 1120 1133 est
1141 1077 1380 1133 invenire
1406 1092 1547 1132 eam.
1584 1074 1776 1131 Videte

149 1171 331 1227 oculis
348 1171 567 1236 vestris,
599 1170 845 1242 quoniam
879 1168 1087 1225 modice
1103 1168 1359 1236 laboravi,
1378 1179 1432 1225 et
1450 1169 1626 1225 inveni
1646 1164 1783 1225 mihi

151 1263 389 1319 multam
420 1263 682 1333 requiem.
712 1262 981 1318 Assumite
1015 1261 1351 1332 disciplinam
1392 1261 1446 1317 in
1482 1263 1649 1317 multo
1674 1277 1775 1316 nu-

149 1374 312 1414 mero
357 1359 592 1430 argenti,
624 1367 678 1415 et
700 1358 975 1428 copiosum
1024 1371 1213 1412 aurum
1266 1355 1535 1427 possidete
1586 1356 1640 1411 in
1688 1371 1773 1411 ea.

151 1452 406 1509 Laetetur
447 1452 626 1507 anima
678 1460 856 1506 vestra
907 1450 958 1504 in
1008 1447 1369 1505 misericordia
1407 1448 1543 1519 ejus,
1588 1456 1770 1504 etnon

152 1541 569 1599 confundemini
590 1543 642 1597 in
666 1542 819 1597 laude
842 1541 1030 1611 ipsius.
1054 1540 1361 1609 Operamini
1388 1555 1522 1610 opus
1537 1549 1772 1595 vestrum

152 1642 281 1689 ante
315 1645 556 1705 tempus,
576 1642 629 1688 et
655 1632 963 1689 dabitvobis
988 1631 1291 1687 mercedem
1305 1640 1534 1687 vestram
1552 1632 1604 1686 in
1635 1640 1773 1687 tem-

153 1740 290 1797 pore
311 1739 439 1780 suo.

383 1815 471 1871 De
491 1817 616 1871 libro
642 1816 819 1871 Tobias
845 1817 943 1870 ista
969 1814 1204 1887 ponenda
1231 1815 1555 1871 credidimus.

406 1964 409 1965 ν
675 1907 763 1962 DE
794 1905 1015 1961 ΤΟΒΙΑΞ
1049 1905 1272 1961 LIBRO.

230 1998 393 2073 [Cap.
418 1998 802 2072 tv.]llonorem
832 1998 1052 2054 habebis
1079 1997 1236 2053 matri
1271 2004 1376 2052 tuae
1397 1998 1643 2054 omnibus
1658 1998 1771 2054 dico

156 2095 260 2149 bus
286 2094 417 2149 vita:
446 2095 584 2163 ejus.
618 2093 821 2148 Memor
849 2093 991 2148 enim
1018 2108 1139 2148 esse
1156 2092 1341 2157 debes,
1365 2107 1484 2163 qua:
1500 2102 1554 2147 et
1575 2100 1771 2162 quanta

157 2188 403 2258 pericula
434 2202 594 2260 passa
624 2187 690 2241 sit
707 2196 921 2257 propter
951 2188 1069 2242 tein
1093 2195 1246 2241 utero
1274 2201 1391 2243 suo.
1421 2186 1489 2240 Et
1512 2196 1625 2257 post
1645 2186 1772 2241 duos

157 2296 336 2335 versus
358 2297 375 2333 :
396 2278 660 2334 Omnibus
676 2290 851 2335 autem
869 2279 1055 2335 diebus
1076 2279 1198 2334 vitae
1216 2288 1318 2334 tua:
1336 2280 1499 2335 Deum
1524 2280 1574 2334 in
1592 2288 1772 2335 mente

159 2370 319 2436 habe,
349 2383 406 2427 et
438 2388 571 2426 cave
595 2388 659 2427 ue
674 2371 955 2442 aliquando
982 2380 1202 2443 peccato
1216 2371 1541 2439 consentias,
1556 2380 1609 2427 et
1636 2386 1773 2442 prm-

160 2464 435 2519 termittas
459 2471 723 2534 prmcepta
758 2463 849 2517 Dei
874 2464 969 2517 tui.
1000 2462 1076 2518 Ex
1098 2463 1395 2518 substantia
1423 2472 1509 2520 tua
1527 2464 1606 2518 fac
1625 2463 1770 2519 elee-

159 2574 480 2631 mosynam,
518 2568 571 2613 et
600 2557 706 2612 noli
737 2565 977 2613 avertere
1008 2557 1196 2613 faciem
1228 2566 1370 2611 tuam
1403 2557 1471 2613 ab
1504 2558 1611 2611 ullo
1638 2571 1770 2627 pau-

162 2665 292 2721 pere
325 2670 338 2704 :
376 2652 452 2705 ita
483 2650 623 2704 enim
660 2650 769 2716 ﬁet,
799 2660 855 2705 ut
886 2665 984 2705 nec
1016 2666 1045 2703 a
1079 2658 1131 2706 te
1168 2657 1435 2705 avertatur
1472 2650 1634 2706 facies
1664 2650 1769 2704 Do-

162 2744 318 2799 mini.
352 2744 477 2811 Quo
495 2742 653 2798 modo
679 2744 933 2813 potueris,
963 2742 1034 2797 ita
1056 2751 1171 2798 esto
1198 2743 1522 2798 misericors.
1543 2741 1599 2797 Si
1630 2743 1770 2797 mul-

164 2844 275 2890 tum
311 2835 408 2890 tibi
445 2834 620 2901 fuerit,
643 2834 973 2889 abundanter
994 2834 1168 2889 tribue
1198 2852 1213 2889 :
1241 2834 1284 2888 si
1310 2834 1559 2904 exiguum
1588 2832 1766 2900 fuerit,

162 2929 328 2982 etiam
374 2928 624 2998 exiguum
672 2926 899 2981 libenter
946 2926 1220 2996 impertire
1263 2923 1435 2979 stude.
1487 2925 1769 2980 Prtcmium

165 3021 310 3075 enim
340 3020 441 3075 tibi
472 3019 667 3074 bonum
700 3017 1027 3074 thesaurizas
1057 3018 1108 3072 in
1131 3016 1219 3073 die
1243 3016 1591 3071 necessitatis.
1622 3015 1767 3083 Quo-

165 3114 311 3168 niam
340 3112 685 3183 eleemosyna
703 3111 768 3165 ab
785 3111 927 3165 omni
952 3120 1171 3180 peccato
1195 3118 1250 3165 et
1275 3125 1305 3164 a
1342 3119 1515 3165 morte
1558 3109 1766 3174 liberat,

163 3212 219 3259 et
234 3220 345 3260 non
378 3205 577 3274 patitur
603 3203 831 3257 animam
863 3202 939 3257 ire
966 3202 1016 3256 iu
1047 3203 1313 3257 tenebras.
1346 3200 1558 3257 Fiducia
1583 3215 1771 3270 magna

164 3297 268 3351 erit
297 3311 486 3351 coram
514 3308 723 3349 summo
756 3294 863 3348 Deo
908 3292 1251 3361 eleemosyna
1276 3293 1543 3357 omnibus,
1574 3293 1661 3359 qui
1692 3290 1770 3345 fa-

164 3388 321 3443 ciunt
347 3402 489 3443 eam.
524 3385 752 3440 Attende
772 3385 888 3451 tibi,
931 3385 1025 3450 ﬁli,
1056 3384 1123 3439 ab
1151 3384 1294 3437 omni
1326 3382 1691 3448 fornicatione,
1719 3392 1773 3438 et

164 3487 376 3550 prmter
399 3492 619 3532 uxorem
650 3484 791 3530 tuam
837 3490 1105 3546 nunquam
1133 3474 1354 3545 patiaris
1381 3476 1582 3529 crimen
1613 3475 1769 3530 scire.

166 3570 494 3641 Superbiam
541 3577 718 3624 autem
759 3582 1025 3638 nunquam
1072 3567 1123 3621 in
1152 3576 1242 3621 tuo
1267 3581 1427 3622 sensu
1459 3576 1549 3621 aut
1590 3568 1641 3623 in
1680 3577 1774 3624 tuo

168 3662 339 3719 verbo
360 3661 625 3717 dominari
656 3660 929 3731 permittas
954 3677 967 3712 :
997 3660 1052 3713 in
1082 3660 1195 3730 ipsa
1223 3660 1365 3713 enim
1395 3660 1603 3714 initittm
1629 3674 1775 3714 sum-

170 3754 281 3825 psit
307 3752 487 3806 omnis
514 3750 761 3822 perditio.
807 3750 1138 3821 Quicumque
1179 3748 1374 3821 aliquid
1405 3749 1497 3804 tibi
1526 3756 1775 3820 operatus

174 3845 357 3915 fuerit,
390 3846 568 3900 statim
597 3844 898 3900 mercedem
920 3844 970 3899 ei
987 3844 1238 3906 restitue;
1270 3852 1324 3898 et
1343 3858 1551 3899 merces
1572 3859 1778 3899 merce-

176 3940 311 3993 narii
333 3938 474 4009 apud
506 3947 556 3993 te
582 3939 798 3993 omnino
825 3952 931 3992 non
976 3945 1208 3992 maneat.
1240 3935 1390 4004 Quod
1420 3935 1488 3991 ab
1529 3936 1635 3991 alio
1659 3936 1777 3991 odis

176 4028 290 4085 ﬁeri
324 4030 440 4093 tibi,
489 4028 607 4083 vide
634 4044 701 4083 ne
729 4028 883 4083 alteri
933 4036 987 4083 tu
1030 4027 1315 4099 aliquando
1353 4026 1536 4083 facias.
1577 4029 1774 4084 Panem

179 4129 327 4176 tuum
348 4136 472 4176 cum
490 4119 848 4176 esurientibus
872 4120 1053 4189 egenis
1074 4118 1317 4185 comede,
1338 4127 1395 4174 et
1409 4119 1475 4173 de
1496 4119 1779 4174 vestimen-

180 4214 249 4267 tis
279 4214 385 4269 tuis
416 4212 587 4268 nudos
636 4222 773 4283 tege.
829 4210 896 4265 Et
922 4220 1035 4282 post
1072 4212 1199 4265 duos
1237 4227 1407 4267 versus
1434 4226 1455 4266 :
1481 4210 1775 4267 Consilium

182 4319 394 4375 semper
422 4320 452 4357 a
480 4306 719 4373 sapiente
762 4302 1024 4373 perquire.
1067 4300 1224 4357 Onmi
1268 4310 1508 4374 tempore
1553 4302 1779 4358 benedic

182 4393 371 4461 Deum,
391 4405 449 4449 et
479 4404 599 4463 pete
634 4393 702 4447 ab
731 4406 815 4460 eo,
860 4400 917 4446 ut
946 4391 1057 4447 vias
1097 4400 1212 4447 tuas
1244 4391 1456 4463 dirigat,
1503 4401 1557 4447 et
1599 4392 1779 4447 omnia

182 4486 400 4557 consilia
445 4494 532 4538 tua
574 4484 627 4538 in
668 4484 782 4553 ipso
831 4490 1195 4552 permaneant.
1228 4480 1299 4536 Et
1325 4492 1437 4552 post
1456 4493 1644 4554 septem
1665 4499 1777 4536 ver-

182 4591 269 4629 sus
292 4577 313 4609 ³
348 4595 360 4631 :
394 4576 515 4632 Noli
547 4576 754 4637 timere,
788 4573 859 4627 ﬁli
890 4574 960 4627 nti
991 4591 1003 4627 :
1037 4588 1320 4644 pauperem
1356 4574 1569 4644 quidem
1612 4575 1774 4629 vitam

187 4667 435 4735 gerimus,
465 4666 562 4722 sed
592 4667 755 4721 multa
786 4666 923 4721 bona
970 4663 1316 4731 habebimus,
1363 4665 1408 4720 si
1448 4666 1781 4721 timuerimus

190 4754 375 4825 Deum,
398 4766 453 4814 et
473 4756 853 4813 recesserimus
880 4754 948 4810 ab
977 4754 1121 4811 omni
1150 4764 1390 4825 peccato,
1420 4764 1474 4811 et
1496 4754 1781 4812 fecerimus

189 4848 340 4908 bene.

262 4943 328 4998 Et
352 4954 465 5017 post
502 4943 661 4997 multa
688 4940 828 5014 [xm]
863 4959 875 4995 :
905 4940 1054 4996 Tunc
1077 4940 1316 5011 Raphael
1344 4940 1476 4995 dixit
1501 4940 1579 4996 eis
1604 4942 1781 4996 occul-

196 5043 245 5089 te
279 5053 292 5088 :
325 5035 634 5092 Benedicite
657 5034 821 5089 Deum
855 5033 1071 5097 coeli,et
1093 5048 1273 5088 coram
1310 5034 1557 5089 omnibus
1593 5034 1780 5090 viven-

197 5127 329 5183 tibus
352 5126 677 5185 conﬁtemini
708 5126 800 5190 illi,
831 5125 1078 5196 quoniam
1111 5124 1235 5180 fecit
1258 5125 1532 5181 vobiscum
1568 5125 1777 5180 miseri-

196 5219 424 5276 cordiam
455 5235 625 5275 suam.
654 5217 862 5274 Etenim
889 5225 1281 5272 sacramentum
1298 5217 1439 5287 regis
1454 5216 1780 5272 abscondere

198 5312 387 5368 bonum
409 5324 491 5370 est
514 5332 529 5369 :
559 5328 719 5385 opera
746 5320 923 5368 autem
945 5310 1037 5366 Dei
1052 5312 1287 5367 revelare
1315 5323 1370 5368 et
1393 5311 1656 5377 conﬁteri,
1679 5311 1779 5366 ho-

200 5406 470 5464 norificum
486 5417 588 5464 est.
617 5407 763 5463 Bona
788 5416 870 5463 est
889 5408 1060 5463 oratio
1085 5422 1207 5463 cum
1232 5408 1453 5479 jejunio,
1482 5417 1537 5463 et
1552 5408 1782 5463 eleemo-

202 5512 326 5570 syna
351 5503 517 5573 magis
542 5518 700 5574 quam
728 5501 1006 5559 thesauros
1030 5501 1145 5557 auri
1170 5502 1483 5558 recondere.
1519 5500 1779 5568 Quoniam

264 5637 285 5712 ξ
305 5642 423 5712 Ϊᾳι,
765 5640 906 5712 abest
925 5651 953 5687 a
972 5646 1078 5689 Mss.
1108 5651 1295 5689 necnon
1318 5649 1349 5690 a
1367 5639 1519 5690 sacris
1540 5636 1713 5691 Bibliis.

264 5697 287 5731 ¹
307 5697 480 5764 νοθείας
499 5697 601 5752 its;
627 5707 683 5751 Et
704 5707 804 5765 post
827 5716 905 5751 nu
927 5713 1107 5751 versus.

515 5784 739 5848 Ssuc'r.
771 5784 1047 5845 Anausr.
1083 5782 1197 5846 lll.

396 5858 430 5878 ο

1421 214 1507 271 DE
1545 207 1931 271 SCRIPTUBA
1971 212 2216 269 SACRA.

3372 226 3479 286 970

1884 324 2219 399 eleemosyna
2248 343 2276 382 a
2303 337 2474 385 morte
2498 327 2709 398 liberat,
2747 337 2801 387 et
2839 332 2949 404 ipsa
2996 345 3079 391 est
3121 352 3239 407 quce
3286 354 3449 412 purga

1885 427 2118 488 peccata,
2144 428 2198 473 et
2225 418 2346 474 facit
2377 421 2621 477 invenire
2645 424 2807 479 vitam
2837 434 3109 481 aeternam.
3164 429 3264 498 Qui
3298 442 3473 493 autent

1886 510 2086 565 faciunt
2123 519 2396 580 peccatum
2428 522 2482 567 et
2525 513 2874 585 iniquitatem,
2906 516 3089 575 hostes
3127 531 3249 575 sunt
3286 525 3480 581 animas

1886 614 1997 654 sua:
2006 642 2015 652 .

1957 691 2028 747 Et
2046 694 2203 764 paulo
2228 706 2339 765 post
2368 694 2522 770 [sna]
2558 715 2572 751 :
2600 697 2793 753 Audite
2822 714 2970 770 ergo,
3001 700 3093 755 ﬁlii
3122 703 3244 766 tnci,
3276 714 3480 774 patrem

1888 798 2120 843 vestrum
2152 809 2163 843 :
2197 790 2402 845 Servite
2424 791 2647 846 Domino
2670 792 2719 846 in
2746 793 2967 849 veritate
2988 803 3041 849 et
3063 796 3310 866 inquirite
3332 808 3386 853 ut
3408 802 3485 854 fa-
3550 807 3573 835 δ

1888 881 2041 937 ciatis
2065 898 2182 953 qua:
2226 890 2348 937 sunt
2390 883 2581 953 placita
2613 885 2718 951 illi;
2750 895 2802 940 et
2828 885 2950 941 ﬁliis
2980 887 3171 941 vestris
3210 892 3480 958 mandate,

1890 980 1947 1027 ut
1977 971 2171 1028 faciant
2190 973 2424 1043 justitias
2458 984 2511 1029 et
2547 975 2937 1049 eleemosynas,
2980 987 3035 1033 ut
3072 980 3177 1033 sint
3219 997 3482 1039 memores

1894 1065 2011 1134 Dei,
2038 1077 2091 1121 et
2115 1067 2432 1122 benedicant
2468 1083 2589 1123 eum
2621 1069 2675 1123 in
2703 1070 2847 1124 omni
2876 1080 3134 1142 tempore,
3178 1072 3231 1127 in
3262 1075 3483 1131 veritate

1890 1166 1943 1212 et
1963 1156 2014 1211 in
2044 1166 2149 1212 tota
2180 1158 2371 1213 virtute
2394 1174 2508 1213 sua.

1956 1245 2080 1301 lam
2120 1265 2251 1302 nunc
2290 1250 2527 1319 quoniam
2552 1267 2654 1304 non
2674 1267 2843 1306 omnes
2863 1252 2977 1306 libri
3005 1256 3235 1308 canonici
3268 1254 3486 1311 Veteris-

1888 1354 1983 1408 que
2004 1335 2311 1392 Testamenti
2335 1340 2352 1371 ⁸
2375 1339 2494 1393 huic
2518 1341 2658 1411 aperi
2686 1351 2858 1397 nostra
2886 1346 3163 1399 necessaria
3205 1345 3487 1413 dederunt;

1890 1446 2047 1499 neque
2069 1430 2106 1483 ii
2125 1430 2213 1500 qui
2238 1430 2481 1485 dederunt
2508 1448 2572 1486 ac
2608 1432 2837 1488 omnibus
2874 1434 2976 1489 suis
3018 1435 3140 1491 locis
3166 1438 3486 1492 conveniebat

1887 1530 1944 1574 ut
1972 1522 2170 1587 darent,
2188 1520 2277 1575 sed
2301 1538 2363 1576 ea:
2382 1522 2456 1576 eis
2475 1531 2673 1577 tantum
2709 1523 2795 1578 ubi
2818 1527 3071 1596 apertiora
3098 1544 3294 1583 morum
3323 1529 3485 1584 bono-

1886 1631 2000 1668 rum
2020 1624 2270 1686 prtccepta
2297 1615 2663 1685 comperimus;
2688 1617 2791 1671 sive
2814 1617 2899 1671 ubi
2919 1618 3065 1672 utilia
3084 1619 3347 1690 jubentur,
3384 1623 3487 1677 sive

1886 1705 1973 1759 ubi
2003 1706 2257 1760 contraria
2290 1706 2662 1777 prohibentur:
2684 1708 2755 1761 ad
2794 1724 2966 1762 sacras
2985 1707 3204 1763 Litteras
3229 1712 3487 1782 evangeli-

1884 1814 1970 1853 cas
1996 1807 2046 1853 et
2074 1799 2383 1869 apostolicus
2413 1807 2748 1855 transeamus.
2801 1802 2966 1873 Caput
2988 1802 3041 1857 in
3076 1819 3269 1859 canone
3314 1805 3486 1862 Testa-

1884 1891 2038 1945 menti
2064 1889 2202 1945 Novi
2225 1890 2487 1945 notissima
2517 1899 2564 1945 et
2589 1892 2977 1963 praclarissima
3003 1903 3221 1965 quatuor
3246 1893 3486 1969 Evange-

1886 1982 1956 2035 lia
2002 1990 2283 2049 tenuerunt,
2306 1983 2359 2037 in
2398 1999 2609 2053 quorum
2642 1984 2828 2053 primo,
2865 1985 3001 2053 quod
3032 1987 3308 2041 secundant
3352 1987 3485 2043 Hato

1886 2074 2071 2128 tlueum
2106 2084 2197 2140 est,
2222 2092 2281 2128 ea
2305 2092 2418 2141 qua:
2441 2075 2582 2131 nobis
2601 2086 2718 2131 sunt
2732 2076 2801 2131 ad
2825 2079 2920 2133 hoc
2938 2094 3085 2149 apus,
3108 2080 3244 2150 quod
3261 2085 3483 2155 suscepi-

1882 2182 2014 2235 mus,
2045 2184 2288 2239 congrua,
2306 2168 2581 2223 videamus.

1976 2280 2064 2335 DE
2107 2280 2501 2337 EVANGELIO
2542 2281 2908 2340 SECUNDUM
2950 2284 3374 2344 MATTHAEUM.

1955 2369 2106 2443 [Cap.
2139 2370 2216 2445 v.]
2246 2371 2445 2427 Vidcns
2491 2383 2669 2430 autem
2712 2374 2968 2430 Dominus
3008 2378 3210 2447 turbas,
3241 2382 3482 2438 ascendit

1884 2461 1934 2516 in
1966 2473 2199 2517 montem
2230 2480 2243 2515 :
2275 2472 2329 2517 et
2354 2479 2474 2518 cum
2506 2464 2753 2533 sedisset,
2784 2478 3126 2523 accesserunt
3151 2469 3218 2525 ad
3248 2486 3366 2526 eum
3390 2473 3479 2527 di-

1882 2553 2068 2618 scipuli
2092 2552 2228 2622 ejus.
2251 2553 2319 2608 Et
2345 2554 2592 2624 aperiens
2612 2570 2673 2611 os
2694 2572 2848 2611 suum
2871 2558 3096 2614 docebat
3115 2575 3230 2627 eos,
3254 2562 3437 2619 dicens
3465 2583 3481 2620 :

1882 2645 2029 2700 Beati
2060 2661 2322 2715 pauperes
2348 2647 2566 2716 spiritu;
2596 2648 2845 2718 quoniam
2876 2651 3112 2721 ipsorum
3148 2662 3236 2709 est
3260 2670 3481 2726 regnum

1881 2738 2160 2793 caelorum.
2192 2738 2337 2793 Beati
2366 2739 2552 2806 mites;
2578 2742 2825 2811 quoniam
2872 2742 2970 2813 ipsi
3011 2744 3483 2815 possidebuntter-

1882 2844 2016 2883 ram.
2063 2829 2209 2885 Beati
2253 2830 2345 2901 qui
2390 2830 2597 2901 lugent;
2628 2833 2879 2903 quoniam
2915 2835 3014 2906 ipsi
3042 2837 3476 2896 consolabuntur.

1881 2919 2027 2975 Beati
2057 2922 2147 2992 qui
2176 2924 2417 2978 esuriant
2452 2933 2505 2979 et
2532 2924 2718 2978 sitiunt
2753 2922 3047 2994 justitiam;
3096 2930 3343 2998 quoniam
3378 2932 3479 3002 ipsi

1881 3013 2275 3068 saturabantur.
2302 3015 2448 3071 Beati
2470 3015 2879 3081 misericordes;
2910 3017 3160 3087 quoniam
3188 3018 3288 3090 ipsi
3314 3022 3477 3077 mise-

1882 3102 2163 3158 ricordiam
2183 3114 2593 3176 consequentur.
2611 3105 2755 3160 Beati
2773 3105 2974 3161 mundo
2989 3107 3118 3163 cord
3130 3123 3195 3177 e;
3228 3112 3481 3181 quoniam

1882 3194 1981 3265 ipsi
2008 3194 2171 3249 Deum
2201 3196 2475 3251 videbunt.
2502 3197 2647 3252 Beati
2681 3196 2918 3268 paciﬁci;
2950 3198 3199 3270 quoniam
3244 3200 3339 3257 lilii
3388 3204 3483 3260 Dei

1882 3286 2233 3340 vocabuntur.
2284 3287 2430 3341 Beati
2458 3287 2546 3357 qui
2582 3289 3006 3358 persecutionem
3054 3291 3328 3360 patiuntur
3355 3308 3483 3363 pro-

1882 3381 2001 3443 pter
2020 3374 2277 3443 justitiam
2298 3392 2311 3440 ;
2332 3378 2583 3445 quoniam
2602 3376 2837 3446 ipsorum
2856 3388 2939 3433 est
2964 3395 3184 3449 regnum
3200 3384 3482 3439 caelorum.

1881 3457 2031 3513 Beati
2050 3460 2179 3514 estis
2204 3475 2324 3514 cum
2355 3459 2729 3515 maledixeriut
2758 3462 2910 3517 vobis
2937 3461 3180 3519 homines
3200 3466 3244 3532 ',
3271 3474 3325 3521 et
3357 3483 3480 3536 per-

1883 3552 2050 3606 secuti
2081 3566 2175 3605 vos
2202 3550 2417 3620 fuerint,
2446 3560 2502 3607 et
2520 3551 2753 3607 dixerint
2781 3567 2941 3607 omne
2968 3554 3166 3609 malum
3192 3557 3480 3613 adversum

1884 3659 1978 3698 vos
2020 3645 2359 3710 mentientes,
2409 3653 2627 3715 propter
2663 3660 2751 3701 me
2785 3645 3053 3716 :gaudete
3088 3658 3141 3703 et
3183 3650 3481 3717 exsultate,

1883 3736 2130 3806 quoniam
2161 3749 2369 3791 merces
2393 3744 2569 3790 vestra
2597 3736 2811 3806 copiosa
2838 3745 2920 3791 est
2947 3737 2999 3790 in
3033 3739 3212 3803 caelis;
3240 3740 3318 3795 sic
3342 3742 3487 3796 enim

1884 3825 2149 3896 persecuti
2195 3834 2320 3881 sunt
2348 3826 2643 3897 Prophetas
2684 3827 2773 3897 qui
2814 3828 3027 3885 fuerunt
3066 3838 3190 3886 ante
3232 3845 3346 3886 vos.
3372 3832 3487 3888 Vos

1884 3919 2015 3974 estis
2035 3919 2114 3974 sal
2145 3930 2300 3974 terra:
2326 3937 2339 3973 :
2369 3919 2507 3990 quod
2536 3918 2583 3974 si
2611 3918 2686 3973 sal
2716 3923 3008 3985 evanuerit,
3040 3922 3092 3976 in
3119 3938 3224 3993 quo
3242 3923 3487 3980 salietur?

1888 4013 1969 4069 Ad
1998 4014 2221 4069 nihilum
2247 4014 2388 4070 valet
2411 4014 2566 4077 ultra,
2598 4013 2699 4067 nisi
2725 4021 2785 4067 ut
2813 4014 3051 4068 mittatur
3081 4014 3241 4077 foras.
3269 4026 3323 4071 et
3350 4031 3483 4073 con.

1889 4105 2125 4160 culcetur
2142 4105 2208 4160 ab
2232 4104 2547 4159 hominibus.
2583 4102 2687 4157 Vos
2726 4103 2856 4158 estis
2886 4104 2971 4157 lux
3008 4105 3210 4159 mundi.
3234 4104 3349 4161 Non
3389 4121 3485 4177 po-

1888 4206 1992 4252 test
2018 4199 2206 4254 civitas
2227 4198 2478 4253 abscondi
2506 4214 2666 4267 supra
2694 4210 2929 4255 montcm
2961 4202 3128 4269 posita
3160 4219 3173 4253 :
3203 4217 3372 4272 neque
3388 4218 3483 4258 ae-

1887 4293 2119 4348 cendunt
2146 4293 2440 4355 lucernam,
2472 4300 2526 4345 et
2556 4302 2759 4361 ponunt
2783 4308 2898 4346 eam
2922 4293 3021 4347 sub
3050 4292 3259 4360 modio;
3288 4294 3380 4349 sed
3401 4309 3485 4350 su-

1888 4402 1982 4455 per
2008 4385 2407 4450 candelabrum,
2432 4396 2485 4438 ut
2513 4384 2687 4439 luceat
2712 4386 2959 4439 omnibus
2987 4384 3074 4454 qui
3094 4384 3143 4439 in
3161 4383 3320 4439 domo
3337 4396 3481 4442 sunt.

1888 4476 1979 4531 Sic
2022 4476 2193 4530 luceat
2236 4475 2325 4528 lux
2375 4485 2551 4529 vestra
2594 4490 2774 4529 coram
2816 4474 3140 4541 hominibus,
3188 4476 3484 4533 utvideant

1887 4576 2061 4621 vestra
2091 4566 2226 4620 bona
2257 4582 2440 4636 opera,
2472 4576 2526 4621 et
2549 4567 2847 4637 gloriﬁcent
2873 4568 3080 4623 Patrem
3111 4577 3347 4623 vestrum
3390 4570 3483 4640 qui

1889 4661 1941 4713 in
1971 4659 2120 4714 cmlis
2145 4667 2247 4714 est.
2298 4657 2471 4713 Nolite
2498 4667 2687 4730 putare
2712 4660 2963 4730 quoniam
2992 4660 3112 4715 veni
3141 4662 3350 4717 solvere
3379 4660 3487 4717 Le-

1886 4768 2027 4824 gem,
2060 4762 2151 4807 ant
2178 4751 2469 4821 Prophetas
2500 4770 2512 4803 :
2544 4768 2650 4807 non
2678 4753 2797 4808 veni
2830 4754 3061 4821 solvere,
3088 4754 3181 4809 sed
3218 4755 3481 4825 adimple-

1784 4882 1789 4885 λ
1887 4862 1966 4901 re.
1996 4846 2166 4901 Amen
2190 4845 2312 4901 dico
2336 4846 2507 4910 vobis,
2540 4845 2710 4902 donec
2743 4857 2974 4902 transeat
3000 4849 3190 4903 caelum
3221 4857 3278 4903 et
3318 4859 3481 4916 terra,

1889 4940 1991 4994 iota
2020 4955 2204 5003 unum,
2237 4946 2326 4993 aut
2349 4954 2487 4993 unus
2502 4953 2639 5009 apex
2658 4954 2761 4994 non
2790 4941 3081 5011 prmteribit
3097 4956 3127 4993 a
3146 4941 3288 5010 Lege
3312 4940 3486 4997 donec

1887 5033 2063 5087 omnia
2090 5032 2239 5085 ﬁant.
2270 5031 2369 5098 Qui
2396 5047 2526 5102 ergo
2556 5032 2772 5087 solverit
2804 5048 2963 5087 unum
2985 5032 3052 5087 de
3073 5031 3335 5087 mandatis
3369 5033 3485 5091 istis

1889 5124 2139 5192 minimis,
2162 5131 2216 5178 et
2241 5122 2481 5179 docuerit
2514 5123 2590 5177 sic
2624 5123 2886 5188 homines,
2920 5123 3169 5179 minimus
3210 5124 3486 5180 vocabitur

1889 5216 1939 5271 in
1966 5232 2127 5287 regno
2151 5216 2409 5272 caelorum
2440 5233 2452 5268 :
2484 5216 2571 5286 qui
2598 5223 2775 5271 autem
2808 5214 2994 5270 fecerit
3017 5225 3071 5271 et
3093 5216 3353 5285 docuerit,
3384 5217 3474 5273 hic

1888 5324 2108 5379 magnus
2129 5308 2397 5363 vocabitur
2424 5307 2475 5360 in
2505 5321 2673 5377 regno
2701 5307 2982 5362 caelorum.
3018 5307 3145 5361 Dico
3172 5318 3347 5362 autem
3379 5324 3478 5363 vo-

1887 5400 1989 5469 bis,
2010 5402 2256 5474 quoniam
2277 5400 2375 5455 nisi
2398 5399 2746 5453 abundaverit
2761 5397 2965 5468 justitia
2987 5408 3160 5456 vestra
3181 5399 3300 5470 plus
3322 5416 3484 5471 quam

1950 5516 1966 5548 ι
1994 5521 2045 5563 ln
2079 5513 2227 5575 Regio
2263 5511 2460 5577 codice,
2500 5516 2773 5574 veteresque
2808 5508 2921 5561 huic
2957 5508 3093 5577 operi
3118 5523 3137 5562 :
3160 5513 3487 5573 praetermissa

2054 5588 2349 5621 Testammn.

2054 5588 2061 5597 .
2116 5589 2133 5610 τ
2321 5580 2349 5621 ν,

1885 5580 2363 5697 '°fev’o§f"if3m?s,
2385 5636 2525 5686 abest
2547 5648 2576 5685 a
2594 5636 2875 5684 Carnutensi
2898 5634 3065 5685 codice
3083 5648 3274 5685 necnon
3287 5648 3316 5685 a
3331 5636 3488 5689 ωσι.

1780 5775 1797 5779 ρ
1887 5700 2066 5751 Bibliis.

2755 5778 3244 5858 {Troius—une.)
