3874 6310
421 216 523 274 οτι

424 327 736 386 Scribarum
763 337 819 386 et
837 328 1252 398 Pbarismorum,
1281 343 1391 386 non
1415 330 1687 386 inn-abitis
1713 331 1764 385 in
1793 343 2016 399 regnum

419 424 708 482 cmlorum.
738 421 976 480 Audistis
995 425 1115 496 quia
1141 424 1339 481 dictum
1363 431 1448 480 est
1463 423 1716 494 antiquis,
1741 422 1855 478 Non
1876 421 2018 476 occi-

421 517 520 572 des
543 533 556 570 :
580 516 670 586 qui
698 527 874 571 autem
902 516 1177 580 occiderit,
1204 529 1328 573 reus
1346 516 1449 572 erit
1464 514 1684 585 judicio.
1709 515 1820 583 Ego
1838 522 2016 568 autem

422 606 542 662 dico
556 605 726 672 vobis,
744 607 865 678 quia
879 607 1054 662 omnis
1073 608 1160 678 qui
1180 608 1424 662 irascitur
1442 605 1592 660 fratri
1609 622 1727 672 suo,
1749 606 1890 660 Reus
1911 604 2018 660 erit

421 698 625 769 judicio
651 717 665 753 :
689 699 778 770 qui
803 707 980 754 autem
1004 699 1194 755 dixerit
1218 699 1364 754 fratri
1382 714 1498 765 suo,
1528 698 1736 758 Racba:
1766 713 1889 752 reus
1911 697 2018 752 erit

423 793 650 846 concilio
673 809 686 846 :
708 794 796 862 qui
817 801 995 847 autem
1020 792 1236 858 dixerit,
1270 791 1462 856 Fatue;
1496 792 1727 846 rcuserit
1757 791 2016 861 gehennm

423 884 580 954 ignis.
603 883 658 940 Si
678 899 806 954 ergo
822 883 982 939 offers
1001 898 1194 938 munus
1209 893 1351 937 tuum
1369 883 1433 936 ad
1447 884 1636 946 altare,
1667 896 1718 937 et
1745 885 1813 938 ibi
1840 897 2019 937 recor-

419 975 576 1031 datus
594 975 777 1042 fueris,
791 976 910 1046 quia
928 974 1223 1032 fmtertuus
1237 975 1602 1045 Itabctaliquid
1621 974 1900 1030 adversum
1933 985 2013 1041 te;

418 1068 660 1138 relinque
673 1067 743 1123 ibi
763 1082 953 1122 munus
967 1078 1112 1122 tuum
1125 1077 1248 1122 ante
1261 1068 1444 1134 altare,
1460 1076 1520 1123 et
1533 1067 1662 1122 vade
1681 1068 1824 1136 prius
1835 1082 2019 1122 recon-

420 1159 588 1212 ciliari
610 1159 751 1213 fratri
770 1169 858 1212 tuo
875 1168 955 1223 ,ct
975 1168 1099 1214 tunc
1121 1160 1338 1214 veniens
1364 1159 1558 1214 olfcres
1577 1161 1593 1191 ¹
1622 1175 1814 1214 munus
1846 1169 2012 1212 tnmn.

415 1247 551 1305 Esto
573 1251 912 1307 consentiens
933 1252 1238 1306 adversario
1261 1253 1487 1315 tuocito,
1503 1253 1629 1306 dmn
1648 1268 1706 1307 es
1723 1253 1774 1306 in
1797 1253 1877 1305 via
1894 1268 2015 1306 cum

415 1355 515 1407 eo;
560 1357 625 1397 ue
647 1343 782 1396 forte
810 1354 884 1396 ινιτ
913 1343 922 1380 ι
948 1353 976 1392 -ι
1009 1354 1052 1394 te
1079 1344 1414 1399 adversarius
1440 1344 1626 1412 judici,
1651 1352 1705 1398 ct
1727 1344 1888 1413 judex
1912 1351 2015 1396 tra-

407 1434 508 1488 dat
535 1447 586 1490 te
617 1437 882 1503 ministro,
911 1447 968 1492 et
1000 1440 1051 1490 in
1077 1453 1349 1491 miscerem
1387 1437 1631 1490 mittaris.
1682 1440 1852 1491 Amen
1896 1437 2016 1490 dico

413 1526 535 1591 tibi,
578 1543 679 1580 nou
711 1529 858 1581 exies
883 1527 1006 1581 inde
1030 1528 1204 1582 donec
1246 1528 1441 1582 reddas
1483 1529 1830 1582 novissimum
1882 1539 2015 1597 qua-

413 1617 677 1674 drantem.
715 1620 945 1673 .~\udistis
968 1619 1088 1689 quia
1117 1621 1317 1674 dictum
1338 1630 1422 1676 est
1449 1621 1700 1690 antiquis,
1724 1619 1838 1672 Non
1875 1633 2014 1674 ma:-

415 1711 678 1762 ehabcris.
714 1711 824 1779 Ego
844 1719 1018 1764 autem
1049 1711 1170 1765 dico
1203 1713 1374 1778 vobis,
1401 1713 1522 1783 quia
1547 1714 1723 1766 omnis
1744 1714 1832 1782 qui
1866 1712 2011 1766 vide-

413 1800 487 1854 rit
515 1800 792 1854 mulierem
821 1800 887 1853 ad
915 1803 1398 1871 ceueupiseeudntn
1423 1819 1563 1868 eam,
1583 1804 1691 1872 jam
1715 1804 2013 1858 tnmclmtus

411 1899 497 1945 est
527 1905 644 1942 eam
667 1890 719 1943 in
745 1890 906 1944 corde
927 1906 1043 1945 suo.
1063 1894 1213 1960 Quod
1238 1895 1279 1947 si
1299 1893 1485 1948 oculus
1513 1904 1635 1950 tuus
1655 1895 1842 1949 dexter
1861 1910 2013 1948 scan-

409 1981 608 2036 dalizat
637 1992 707 2047 te,
742 1997 874 2038 erue
905 1998 1047 2048 eum,
1081 1994 1133 2038 et
1163 1985 1361 2056 projice
1387 1987 1480 2040 abs
1510 1998 1580 2039 te.
1613 1986 1836 2056 Expedit
1867 1989 2010 2042 enim

409 2074 506 2128 tibi
537 2082 769 2129 utunum
796 2085 975 2144 pereat
997 2078 1356 2132 membrorum
1391 2088 1623 2145 tum-um,
1651 2097 1809 2147 quant
1843 2091 2011 2134 totutn

411 2179 610 2229 corpus
628 2175 771 2219 ttttnn
795 2168 1066 2221 mittatur’
1096 2170 1143 2221 in
1161 2172 1480 2238 gehennam.
1515 2171 1636 2224 Etsi
1653 2172 1871 2226 dextera
1895 2189 2010 2225 tua-

421 2274 522 2312 nus
551 2271 633 2311 tua
663 2259 984 2312 scandalizat
1003 2269 1073 2326 te,
1091 2261 1304 2318 abscide
1331 2278 1472 2330 eum,
1503 2273 1553 2318 et
1587 2265 1784 2334 projice
1810 2265 1905 2318 abs
1939 2277 2007 2320 te.

411 2350 642 2420 Enipedit
670 2352 812 2406 enim
855 2353 947 2406 tibi
979 2363 1034 2408 ut
1061 2370 1222 2408 unum
1252 2365 1434 2424 pereat
1484 2358 1841 2412 membrorum
1891 2368 2002 2412 tuo-

409 2455 548 2503 rum,
575 2457 732 2511 quam
758 2452 926 2497 totum
949 2459 1143 2514 corpus
1165 2454 1310 2499 tuutn
1340 2456 1429 2501 eat
1453 2447 1504 2500 in
1549 2447 1868 2516 gehennam.
1919 2450 2007 2504 lii»

403 2541 551 2603 etmn
569 2543 857 2598 estantetn,
877 2534 1207 2607 Quicumque
1225 2537 1484 2592 dimiserit
1499 2554 1714 2593 uxorem
1732 2557 1900 2605 suam,
1919 2539 2008 2596 det

407 2624 732 2682 illilibellnm
761 2627 984 2695 repudii.
1016 2628 1126 2698 Ego
1145 2638 1320 2682 autem
1341 2629 1461 2683 dicti
1487 2631 1654 2695 vobis,
1686 2632 1806 2701 quia
1835 2633 2009 2687 onmis

406 2717 496 2787 qui
537 2717 803 2772 dimiserit
849 2733 1068 2775 uxorem
1121 2735 1269 2773 suam
1303 2762 1319 2786 ,
1367 2732 1587 2790 excepta
1644 2722 2008 2778 fornicationis

411 2823 594 2878 causa,
630 2811 748 2864 facit
777 2826 895 2866 eam
933 2812 1189 2867 nitechari
1217 2829 1229 2864 :
1262 2821 1316 2866 et
1342 2816 1430 2881 qui
1457 2814 1730 2868 dimissam
1775 2816 2004 2884 duxerit,

404 2903 688 2958 adulterat.
723 2904 853 2957 ltettt
877 2905 1100 2958 audistis
1129 2906 1250 2974 quia
1281 2905 1479 2959 dictum
1502 2918 1582 2961 est
1608 2909 1857 2976 antiquis,
1889 2909 2004 2963 Non

404 2998 700 3066 pet-jurabis
734 3016 746 3050 :
781 2997 972 3052 reddes
997 3008 1172 3052 autem
1199 2999 1426 3054 Domino
1440 3000 1739 3068 juramenta
1769 3010 1873 3054 tua.
1897 3003 2006 3072 Ego

404 3106 587 3148 autem
619 3092 742 3145 dico
768 3092 936 3154 Vobis,
971 3109 1074 3145 non
1097 3092 1278 3160 jnrare
1305 3094 1541 3156 onmiuo,
1573 3109 1744 3162 neque
1770 3110 1866 3164 per
1891 3111 2003 3152 em-

405 3185 538 3245 ltttn,
586 3186 706 3253 quia
751 3184 976 3240 thronus
1013 3184 1108 3239 Dei
1137 3194 1256 3249 est;
1287 3199 1458 3253 neque
1487 3201 1583 3256 per
1625 3197 1838 3253 terram,
1883 3189 2003 3256 quia

405 3276 696 3332 scabellum
725 3275 921 3345 pedum
971 3275 1088 3345 eius
1112 3285 1223 3342 est;
1269 3293 1442 3346 neque
1474 3293 1568 3346 per
1591 3276 2000 3348 Jcrosolymam,

405 3367 523 3437 quia
542 3367 727 3421 civitas
747 3376 829 3420 est
853 3365 1030 3436 magni
1051 3367 1191 3437 regis
1227 3383 1243 3432 ;
1271 3383 1446 3437 uetpte
1469 3384 1566 3437 per
1585 3379 1902 3438 caputtnum
1925 3372 2004 3440 ju-

403 3462 638 3526 raveris;
681 3461 802 3531 quia
841 3477 945 3514 non
971 3469 1120 3529 potes
1153 3475 1314 3514 unum
1341 3461 1590 3529 capillum
1621 3462 1796 3515 album
1827 3466 2002 3519 facere

403 3561 496 3606 aut
537 3552 765 3622 nigrum.
805 3547 886 3606 Sit
927 3561 1104 3606 autem
1141 3565 1322 3605 sermo
1350 3562 1541 3616 vester,
1578 3553 1687 3614 list,
1718 3563 1828 3618 est;
1863 3555 1998 3622 Non,

401 3661 510 3701 non
544 3664 557 3700 :
586 3644 724 3715 quod
747 3654 925 3699 autem
978 3643 1062 3698 bis
1106 3643 1462 3698 abundantius
1515 3654 1618 3711 est,
1663 3659 1693 3698 a
1725 3646 1864 3699 malo
1898 3657 1996 3701 cst.

401 3738 640 3793 Audistis
673 3738 796 3808 quia
827 3737 1026 3792 dictum
1072 3745 1176 3800 est,
1221 3736 1442 3792 Oculum
1469 3752 1564 3806 pro
1587 3739 1761 3804 oculo,
1791 3749 1843 3791 et
1871 3739 2003 3794 den-

401 3839 510 3885 tem
540 3830 836 3900 prodente.
879 3829 991 3899 Ego
1018 3839 1196 3882 autem
1236 3830 1354 3884 dico
1383 3831 1560 3896 vobis,
1599 3848 1703 3885 non
1748 3833 2000 3889 resistere

402 3922 578 3986 malo;
606 3921 701 3975 sed
745 3922 788 3975 si
824 3921 944 3990 quis
971 3928 1022 3974 te
1051 3921 1371 3990 percusserit
1410 3921 1463 3976 iu
1492 3922 1763 3978 dexteram
1807 3927 1999 3980 maxil-

401 4016 509 4072 lam
550 4025 712 4082 tuam,
739 4013 918 4084 pra-be
949 4014 1019 4067 illi
1050 4026 1101 4068 ct
1125 4015 1345 4068 alteram
1373 4033 1384 4067 :
1417 4023 1471 4069 et
1496 4017 1541 4069 ci
1569 4019 1656 4084 qui
1688 4019 1796 4072 vult
1826 4029 1996 4074 tecum

401 4107 458 4161 in
479 4106 679 4176 judicio
697 4105 1041 4165 contendere,
1059 4114 1111 4160 et
1131 4106 1361 4159 tunicam
1390 4116 1532 4160 luam
1562 4109 1766 4175 tollere,
1789 4110 1997 4166 dimitte

403 4199 452 4256 ei
479 4210 531 4255 et
557 4200 790 4270 pallium.
824 4197 891 4253 Et
916 4199 1236 4269 quicumque
1259 4209 1308 4254 te
1337 4200 1690 4270 angariaverit
1729 4202 1804 4257 ire
1853 4205 1997 4261 mille

400 4301 611 4365 passus,
643 4294 778 4350 vade
801 4309 921 4348 cum
954 4293 1045 4348 illo
1074 4295 1174 4348 alia
1202 4293 1325 4348 duo.
1351 4294 1450 4361 Qui
1479 4295 1606 4363 petit
1634 4311 1662 4349 a
1693 4305 1765 4362 te,
1793 4297 1856 4350 da
1894 4303 1944 4353 ei
1977 4315 1992 4353 :

399 4397 455 4442 et
486 4388 750 4443 volentem
773 4388 793 4419 ⁸
822 4388 1048 4442 mutuari
1074 4402 1103 4442 a
1135 4398 1203 4453 te,
1225 4403 1290 4443 ne
1306 4391 1581 4444 avertaris.
1612 4390 1847 4446 AndiSZis
1874 4395 1994 4465 quia

397 4476 599 4534 dictum
631 4491 712 4535 est
738 4478 782 4546 ⁸,
811 4481 1004 4549 Diliges
1020 4480 1318 4549 proximum
1360 4489 1526 4546 tuum,
1559 4491 1614 4537 et
1641 4485 1789 4538 odies
1817 4485 1992 4540 inimi-

400 4581 522 4625 cum
557 4580 729 4624 tnttm.
772 4571 879 4640 Ego
917 4580 1092 4626 autem
1137 4572 1258 4625 dico
1291 4572 1459 4636 vobis,
1507 4573 1719 4644 Diligite
1753 4576 1995 4634 inimicos

399 4673 628 4726 vestros,
659 4663 952 4719 benefaeite
1002 4665 1065 4719 iis
1103 4667 1189 4736 qui
1237 4679 1330 4721 vos
1349 4667 1597 4737 oderunt,
1635 4680 1688 4726 et
1714 4683 1859 4727 orate
1899 4687 1994 4741 pro

399 4755 863 4826 persequentibus,
912 4763 970 4810 et
995 4757 1441 4815 calumniantibus
1477 4775 1571 4813 vos
1605 4771 1705 4816 :ut
1743 4764 1858 4818 sitis
1901 4765 1994 4822 filii

398 4844 574 4904 Patris
598 4847 756 4900 vestri
773 4847 862 4916 qui
885 4847 936 4900 in
965 4848 1230 4913 (φηςι-ει,
1253 4851 1341 4920 qtti
1371 4852 1540 4907 solem
1560 4868 1711 4908 suum
1727 4858 1851 4911 oriri
1870 4858 1994 4915 facit

395 4952 561 5008 super
581 4938 750 4993 malos
774 4948 829 4994 et
860 4939 1048 5007 bonos,
1069 4942 1448 5012 etpluitsupcr
1468 4943 1640 5012 justus
1661 4959 1711 5002 et
1742 4949 1987 5018 iniustos.

395 5029 455 5086 ει
481 5033 624 5086 enim
650 5032 865 5103 diligitis
885 5047 979 5088 eos
1008 5035 1094 5103 qui
1119 5045 1211 5088 vos
1237 5035 1481 5106 diligunt,
1510 5053 1667 5106 quam
1691 5045 1989 5100 mercedem

395 5123 696 5180 habebitis?
723 5140 900 5182 nonne
919 5135 975 5182 et
995 5127 1264 5197 publicani
1293 5129 1393 5184 hoc
1420 5129 1652 5187 faciunt?
1695 5135 1758 5188 Et
1782 5136 1827 5190 si
1852 5139 1992 5192 salu-

455 5282 900 5395 ;Mnsesﬁitg’eodex
920 5319 936 5347 ,
976 5284 1133 5350 alter;
1149 5285 1289 5351 juxta
1331 5300 1581 5352 grtecum,
1615 5293 1893 5358 prospltere.

459 5359 814 5484 ῗ
828 5414 938 5484 "83.-
969 5409 1164 5484 φάδφε
1183 5410 1326 5484 rites
1354 5414 1554 5484 oreris:
1586 5416 1721 5477 iuxta
1743 5431 1987 5484 sesc-um.

393 5465 476 5542 gon
499 5467 712 5542 ψέίᾳηιιι
728 5469 820 5542 apti
853 5470 939 5522 sati
967 5465 1306 5542 tlmtcisastltdi.
1339 5465 1406 5525 Δι’
1431 5465 1990 5542 ιιιιεὶιίειίιὺιῧιίἶ-ἦιᾶἶ

390 5529 576 5616 {traria
599 5537 660 5616 te.
687 5529 869 5616 Pcs‘tca.
880 5547 997 5584 vero
1021 5535 1194 5616 Regius
1217 5536 1369 5610 codex
1396 5529 1988 5616 profiie‘ti'ertdi'ihba-

390 5586 500 5684 he."
519 5605 584 5668 ."t’
606 5600 793 5666 ριἐνειιε
816 5609 833 5646 -'
857 5596 907 5669 ie
1221 5601 1298 5650 me
1315 5586 1708 5664 αρὸδιὲᾰρἰὸὲζ⁷”
1803 5586 1876 5608 η
1900 5586 1962 5598 π

392 5655 820 5770 eamdi?“
853 5659 966 5722 mc’
989 5665 1194 5725 “mam
1221 5674 1239 5712 -'
1262 5676 1374 5726 (ιιιω
1399 5677 1489 5714 ι·οκ
1513 5678 1542 5715 a
1575 5675 1677 5719 mss.
1711 5670 1856 5723 abest
1885 5680 1937 5725 et
1957 5686 1989 5727 ιι

1586 216 1646 272 S.
1685 209 2003 272 Αυαῦδτιι

2112 209 2452 272 ερεωιυιι
3609 219 3710 280 I'ﬂ

2125 328 2364 384 taveritis
2387 327 2582 384 fratres
2617 338 2824 385 vestros
2845 336 3076 396 tantum,
3103 331 3230 401 quid
3251 332 3481 403 amplius
3499 332 3710 394 facitis!

2126 435 2304 476 nonne
2329 431 2383 475 et
2405 421 2608 476 Ethnici
2627 419 2978 478 hocfaciunt?
3000 420 3334 496 Esmteergo
3353 439 3449 482 vos
3471 429 3703 500 perfecti,

2123 511 2263 566 sicut
2281 519 2336 564 et
2358 510 2513 566 Pater
2538 521 2715 568 voster
2735 513 2972 568 molestis
2997 513 3269 583 perfectus
3293 525 3411 571 est.

2199 600 2320 675 [vn]
2352 603 2620 658 Attendite
2649 619 2717 659 ne
2745 603 3004 674 justitiam
3033 616 3266 661 vestram
3296 609 3498 665 faciatis
3531 625 3706 669 coram

2123 693 2460 760 hominibus,
2489 704 2549 748 ut
2573 695 2856 749 videamini
2884 696 2950 750 ab
2976 698 3054 751 eis
3087 716 3098 750 :
3139 699 3371 768 alioquin
3411 705 3707 760 mercedem

2115 800 2233 840 non
2265 785 2527 840 habebitis
2557 787 2696 857 apud
2729 789 2938 843 Patrem
2969 800 3204 844 vestrum
3234 793 3320 861 qui
3351 794 3401 846 in
3427 794 3584 849 malis
3613 808 3704 850 cst.

2123 879 2258 933 Cum
2295 896 2424 950 ergo
2453 880 2581 935 facis
2608 883 3004 955 eleemosynam
3024 924 3040 951 ,
3075 885 3180 938 noli
3214 887 3335 941 tuba
3374 903 3566 943 cauere
3598 903 3710 946 ante

2115 977 2199 1038 te,
2227 971 2364 1025 sicut
2391 971 2683 1043 hypocrita:
2710 972 2908 1028 faciunt
2935 976 2985 1028 in
3013 979 3295 1048 synagogis
3321 990 3371 1032 et
3401 981 3450 1033 in
3479 981 3629 1040 vicis.
3661 994 3710 1035 ut

2124 1059 2547 1117 ltonorilicentur
2571 1065 2637 1118 ab
2665 1064 2986 1119 hominibus.
3021 1069 3187 1122 Amen
3215 1071 3337 1122 dieu
3365 1071 3536 1137 vobis,
3573 1087 3712 1128 rece-

2119 1164 2318 1222 perunt
2343 1155 2642 1209 mercedem
2661 1172 2834 1210 suam.
2864 1157 2940 1213 Te
2965 1167 3144 1218 autem
3167 1160 3398 1216 faciente
3419 1164 3711 1236 ciecmosy.

2123 1259 2278 1310 nam,
2313 1247 2512 1302 nesciat
2539 1247 2753 1302 sinistra
2788 1257 2874 1302 tua
2905 1251 3035 1319 quid
3071 1251 3229 1305 faciat
3260 1253 3477 1308 dextera
3509 1265 3597 1308 tua
3618 1297 3633 1320 ,
3661 1267 3712 1311 ut

2111 1337 2191 1394 sit
2229 1339 2568 1410 eleetnosyua
2605 1349 2697 1394 tua
2741 1340 2793 1394 iu
2834 1342 3101 1397 abscouso
3132 1361 3145 1397 :
3174 1352 3230 1398 et
3271 1345 3428 1399 l'ater
3469 1357 3593 1400 tuus
3628 1350 3710 1417 qui

2123 1429 2268 1484 videt
2296 1431 2346 1483 iu
2377 1432 2675 1497 absconso,
2712 1433 2895 1487 reddet
2943 1435 3056 1488 tibi.
3105 1435 3174 1490 Et
3214 1451 3336 1491 cum
3375 1441 3576 1503 oratis,
3609 1456 3708 1494 non

2115 1523 2270 1576 eritis
2299 1523 2434 1576 sicut
2465 1524 2790 1595 hypocrita),
2817 1526 2910 1595 qui
2951 1537 3134 1580 amant
3171 1529 3223 1581 in
3261 1532 3550 1600 synagtigis
3577 1542 3635 1586 et
3663 1534 3707 1587 in

2119 1615 2327 1682 angulis
2362 1615 2650 1684 platearum
2685 1626 2894 1672 stantes
2921 1635 3108 1680 orare;
3139 1630 3194 1674 ut
3223 1622 3504 1676 videantur
3527 1625 3599 1677 ab
3623 1624 3710 1676 lto-

2121 1705 2374 1758 minihus.
2425 1708 2594 1760 Amen
2639 1707 2762 1762 dico
2810 1709 2994 1775 vobis,
3050 1723 3362 1780 receperunt
3411 1716 3706 1771 mercedem

2119 1811 2294 1850 suam.
2335 1797 2376 1850 Τ
2383 1813 2416 1850 ιι
2443 1808 2622 1853 autem
2650 1815 2770 1852 cum
2797 1802 3034 1854 oraveris
3057 1803 3106 1868 ⁸,
3147 1805 3282 1857 intra
3323 1806 3373 1858 in
3409 1806 3705 1862 cubiCnIum

2118 1895 2296 1954 ttttnn,
2329 1898 2383 1942 ct.
2411 1890 2592 1944 clauso
2622 1892 2758 1945 ostio
2787 1909 2878 1946 ora
2910 1894 3118 1948 Patrem
3149 1906 3297 1949 tuum
3332 1899 3382 1950 in
3413 1899 3703 1954 abscouso:

2117 1992 2171 2038 et
2197 1981 2354 2037 Pater
2380 1992 2502 2036 tuus
2525 1985 2614 2051 qui
2641 1985 2784 2039 videt
2809 1986 2860 2038 in
2887 1988 3168 2054 absconso,
3198 1991 3382 2044 reddet
3407 1992 3520 2046 tibi.
3549 1993 3708 2048 Oran-

2115 2081 2199 2128 tes
2224 2083 2402 2128 autetn
2433 2074 2598 2130 nolite
2627 2076 2853 2130 multum
2885 2079 3048 2148 loqui,
3077 2081 3212 2134 sicut
3239 2081 3452 2139 Ethnici
3483 2103 3496 2136 :
3533 2093 3708 2155 putant

2113 2169 2259 2222 enim
2289 2168 2412 2235 quia
2439 2169 2490 2221 in
2513 2169 2848 2240 multiloquio
2875 2185 2974 2225 suo
2996 2173 3365 2229 exaudiantur.
3390 2174 3571 2232 Nolite
3589 2195 3708 2249 ergo

2113 2257 2397 2312 assitnilari
2423 2258 2523 2322 eis,
2550 2260 2649 2312 scit
2674 2261 2813 2312 enim
2843 2260 3002 2317 Pater
3027 2274 3203 2318 Vester
3225 2267 3348 2334 qttid
3373 2284 3508 2335 opus
3531 2272 3602 2321 sit
3629 2287 3709 2321 vo-

2113 2346 2198 2401 bis
2219 2349 2260 2410 ²,
2293 2357 2576 2416 antequam
2607 2351 2800 2418 petatis
2822 2366 2965 2405 etuti.
2998 2353 3084 2408 Sic
3109 2369 3240 2424 ergo
3268 2356 3487 2410 orabitis
3516 2377 3531 2412 :
3561 2359 3708 2414 Pater

2114 2446 2298 2492 uester
2321 2439 2412 2508 qui
2440 2456 2496 2493 es
2522 2441 2572 2495 in
2598 2442 2780 2506 callis;
2809 2445 3170 2498 sanctilleetnr
3198 2463 3389 2502 nomen
3411 2457 3588 2503 luunt.
3613 2452 3709 2505 Ad-

2115 2531 2291 2584 veniat
2331 2546 2551 2599 regnum
2579 2542 2746 2586 tuum.
2778 2532 2897 2588 Fiat
2927 2536 3168 2590 voluntas
3198 2546 3284 2591 tua
3317 2539 3457 2594 sicut
3491 2542 3548 2596 in
3577 2544 3708 2598 cutio

2112 2632 2168 2676 et
2199 2621 2250 2675 in
2283 2632 2444 2676 terra.
2481 2626 2676 2678 Panem
2713 2637 2952 2680 nostrum
2997 2629 3570 2697 supersubstantialetn
3594 2633 3617 2665 ³
3646 2635 3707 2688 da

2113 2717 2267 2770 nobis
2297 2716 2470 2771 hodie.
2505 2718 2571 2773 Et
2602 2719 2810 2774 dimitte
2840 2721 2991 2776 nobis
3030 2723 3206 2777 debita
3239 2735 3448 2790 nostra,
3489 2727 3636 2783 sicut
3659 2736 3709 2784 et

2113 2822 2212 2872 nos
2236 2809 2552 2863 dimittimus
2578 2811 2909 2867 debitoribus
2933 2816 3148 2869 nostris.
3179 2815 3245 2871 Et
3275 2835 3340 2870 ue
3367 2835 3465 2873 nos
3491 2821 3706 2877 inducas

2113 2899 2166 2954 in
2193 2903 2540 2957 tentationetn
2569 2922 2580 2956 :
2611 2903 2706 2956 sed
2735 2905 2900 2959 libera
2925 2921 3028 2962 nos
3051 2923 3078 2960 ιι
3105 2909 3266 2963 malo.
3295 2909 3351 2966 Si
3384 2913 3530 2966 enim
3559 2915 3709 2968 dimi-

2111 2995 2291 3048 seritis
2319 2994 2622 3052 hominibus
2654 3009 2867 3066 peccata
2893 3017 3099 3068 eorum,
3127 3002 3356 3059 dimittet
3380 3007 3533 3061 vobis
3560 3009 3706 3065 Pater

2110 3095 2290 3140 vester
2329 3087 2563 3142 ("celestis
2591 3089 2783 3145 delicta
2814 3104 3006 3147 vestra.
3039 3095 3094 3148 Si
3125 3105 3300 3151 autem
3336 3115 3441 3154 non
3481 3101 3703 3158 dimisc~

2112 3175 2229 3230 ritis
2259 3178 2560 3233 hominibus
2581 3222 2594 3244 ,
2633 3197 2733 3236 nec
2761 3182 2914 3240 Pater
2937 3194 3113 3241 vester
3137 3188 3366 3244 dimittet
3394 3193 3548 3247 vobis
3594 3209 3705 3265 pec.

2107 3277 2223 3322 cata
2267 3280 2461 3325 vestra.
2504 3271 2639 3329 Cum
2669 3286 2846 3330 autem
2876 3277 3159 3348 jejunatis,
3206 3284 3370 3338 nolite
3412 3286 3526 3341 fieri
3578 3290 3706 3345 sicut

2109 3360 2400 3433 hypocrita:
2444 3366 2643 3421 tristes.
2692 3369 3060 3426 Exterminant
3095 3375 3239 3429 enim
3273 3378 3431 3432 facies
3461 3396 3621 3446 suas,
3653 3392 3704 3437 ut

2107 3466 2400 3522 appareant
2443 3457 2745 3514 hominibus
2780 3460 3104 3530 jejunantcs.
3151 3470 3319 3522 Amen
3363 3469 3488 3525 dico
3532 3474 3701 3541 vobis,

2107 3557 2463 3618 perceperunt
2491 3552 2790 3607 mercedem
2822 3569 2994 3609 suam.
3029 3557 3104 3610 Tu
3127 3569 3304 3614 autem
3329 3576 3451 3616 cum
3470 3565 3698 3632 jejunas,

2107 3655 2245 3710 nnge
2285 3651 2447 3710 caput
2493 3652 2669 3709 tuum,
2705 3655 2757 3699 et
2789 3646 2903 3700 lava
2936 3645 3124 3704 faciem
3169 3663 3344 3715 tuam;
3379 3671 3446 3708 ue
3477 3657 3701 3712 videaris

2108 3729 2412 3785 hominibus
2428 3733 2698 3802 jejunaus,
2730 3737 2821 3790 sed
2847 3737 2985 3793 Patri
3011 3750 3100 3794 tuo
3120 3744 3209 3812 qui
3233 3745 3385 3798 estin
3408 3745 3699 3806 abscooso:

2103 3829 2159 3876 et
2179 3822 2338 3877 Pater
2362 3833 2481 3878 tuus
2507 3827 2594 3894 qui
2619 3827 2760 3881 videt
2785 3829 2834 3882 in
2861 3830 3154 3897 absconso,
3183 3835 3371 3888 reddet
3393 3838 3504 3891 tibi.
3529 3838 3702 3895 Nolite

2106 3911 2466 3969 tbesaurizare
2493 3916 2647 3972 vobis
2678 3919 2955 3974 thesauros
2999 3923 3050 3977 in
3093 3933 3259 3991 terra,
3299 3927 3386 3980 ubi
3432 3944 3622 4001 arrugo
3650 3943 3700 3986 et

2106 4005 2245 4060 tinea
2275 4007 2594 4075 demolitur,
2630 4020 2685 4064 et
2729 4013 2814 4066 ubi
2860 4011 3006 4069 fures
3044 4016 3303 4072 effodiunt
3341 4029 3395 4074 et
3439 4021 3696 4078 furantur.

2102 4097 2483 4156 Tbesaurizate
2511 4111 2689 4158 autem
2721 4106 2870 4160 vobis
2902 4107 3178 4165 thesauros
3211 4114 3261 4166 in
3293 4115 3450 4179 creto,
3485 4117 3580 4172 ubi
3608 4133 3694 4172 nc-

2101 4206 2205 4261 que
2247 4207 2426 4262 :erugo
2466 4211 2637 4264 neque
2682 4197 2819 4252 tinea
2850 4199 3174 4270 demolitur,
3206 4213 3260 4257 et
3302 4205 3388 4258 tibi
3421 4208 3569 4263 fures
3595 4223 3692 4264 non

2099 4283 2359 4339 effodiunt
2391 4302 2489 4342 nee
2515 4287 2778 4344 furantur.
2803 4291 2909 4346 'L'bi
2941 4295 3084 4348 enim
3125 4306 3206 4350 est
3241 4298 3527 4354 thesaurus
3553 4313 3690 4369 tuus,

2101 4375 2174 4431 ibi
2203 4388 2284 4431 est
2309 4387 2361 4431 et
2383 4395 2470 4432 cor
2504 4390 2670 4433 tutnu.
2701 4381 2942 4438 Lucerna
2968 4389 3211 4454 cerporis
3235 4389 3310 4442 ttti
3337 4401 3413 4444 est
3441 4393 3632 4448 oculus
3651 4392 3687 4446 ⁸.

2098 4467 2152 4524 Si
2181 4469 2338 4522 fuerit
2362 4471 2547 4525 oculus
2579 4481 2696 4527 tuus
2727 4473 2981 4545 simplex,
3019 4486 3185 4532 totum
3215 4495 3411 4551 corpus
3437 4494 3583 4538 tuum
3615 4487 3688 4539 lu-

2099 4559 2274 4615 cidmn
2297 4562 2398 4616 erit
2423 4581 2434 4614 :
2459 4564 2503 4617 si
2529 4573 2701 4620 autem
2725 4568 2911 4622 oculos
2935 4579 3054 4624 tuus
3078 4588 3304 4642 nequam
3331 4575 3505 4640 fuerit,
3523 4589 3688 4633 totum

2098 4665 2292 4721 corpus
2324 4664 2468 4708 tuum
2497 4657 2836 4712 tenebrosum
2863 4661 2986 4714 erit.
3019 4662 3075 4716 Si
3103 4678 3234 4734 ergo
3261 4666 3441 4721 lumen
3469 4672 3610 4739 quod
3635 4671 3685 4724 iu

2100 4751 2153 4798 te
2177 4756 2258 4800 est
2281 4748 2515 4803 lenebrte
2543 4760 2688 4816 sunt,
2719 4751 2850 4822 ipsa:
2876 4755 3112 4811 tenebra:
3137 4769 3350 4827 quantae
3373 4763 3566 4817 erunt?
3590 4762 3686 4818 Nec

2084 4850 2187 4889 -mo
2223 4847 2396 4906 potest
2434 4839 2644 4896 duolms
2675 4843 2906 4899 dominis
2938 4848 3139 4903 servire
3174 4863 3190 4903 :
3225 4861 3316 4904 aut
3348 4853 3488 4906 enim
3531 4870 3682 4908 unum

2097 4927 2220 4982 odio
2245 4928 2480 4996 habebit,
2507 4942 2560 4986 et
2586 4934 2811 4989 alterum
2841 4937 3056 5006 diliget;
3084 4951 3173 4993 aut
3197 4957 3356 4996 unum
3384 4943 3678 5011 sustinebit,

2096 5029 2150 5075 et
2187 5021 2414 5077 alterum
2453 5037 2778 5082 eontenmet.
2828 5027 2945 5084 Non
2983 5034 3212 5101 potestis
3251 5034 3361 5090 Deo
3397 5038 3597 5092 servire
3631 5048 3682 5092 et

2161 5179 2177 5211 ί
2207 5184 2255 5228 ιιι
2285 5185 2367 5252 Ius.
2401 5183 2683 5252 Carnutensi
2711 5190 2762 5236 et
2792 5186 3005 5252 antiquis
3021 5188 3166 5252 ξονι).
3196 5187 3318 5252 Bibl.
3338 5226 3355 5250 ,
3378 5205 3488 5250 cum
3509 5193 3677 5252 ambis.

2093 5247 2192 5352 life
2217 5243 2388 5291 eodem
2409 5243 2648 5294 versiculo
2669 5254 2795 5309 post,
2822 5243 2957 5308 astili,
2976 5249 3181 5312 additur,
3208 5249 3306 5314 tuo,
3330 5243 3380 5303 in
3407 5243 3542 5305 editi.
3567 5243 3676 5307 Bibl.

2096 5317 2126 5354 e
2168 5317 2214 5352 ta
2237 5317 2416 5354 mneo.

2093 5317 2571 5478 codex,
2595 5368 2766 5434 quibus
2788 5383 2908 5437 opus
2928 5371 2991 5426 sit
3019 5371 3165 5426 vobis.
3183 5381 3352 5440 Ome,
3367 5377 3465 5431 Ιιόιι
3487 5378 3677 5433 ιλιι-ἀπ

2137 5467 2736 5600 iurarem“
2768 5501 2827 5547 λι
2847 5503 2954 5547 »κει
2977 5510 3090 5548 eum
3121 5500 3276 5551 κασία
3304 5501 3484 5564 δίκην,
3516 5515 3655 5569 εφη

2513 5617 2706 5690 codices
2740 5621 2886 5684 hujus
2914 5623 3120 5685 Speculi.
3143 5631 3199 5674 Αι
3220 5625 3447 5690 vulgata:
3473 5637 3676 5680 Lucerna

2093 5683 2309 5744 corporis
2333 5683 2402 5729 tui
2425 5686 2492 5730 est
2515 5683 2680 5732 oculus
2702 5683 2826 5734 tuus.
2852 5683 3011 5744 amica
3039 5694 3204 5737 autem
3233 5683 3400 5742 littera
3417 5697 3676 5744 mtuant

2095 5736 2228 5791 aliud
2247 5753 2420 5804 quam:
2442 5750 2658 5795 Lucerna
2675 5743 2894 5810 corporis
2911 5753 2985 5800 est
3002 5736 3190 5802 multis.
