3874 6310
158 217 279 293 003

166 346 524 399 mammona.
558 330 685 395 ideo
709 331 832 397 (lico
856 330 1042 401 vobis,
1064 346 1145 390 ne
1182 331 1397 393 solliciti
1438 333 1553 393 sitis
1581 334 1773 397 anima:

166 434 369 483 vestrm
400 424 523 496 quid
556 423 918 491 manducetis,
957 438 1137 497 neque
1174 425 1387 496 corpori
1429 434 1608 485 vestro
1647 426 1773 497 quid

169 516 494 571 induamini.
525 515 714 572 Nonne
737 517 913 573 anima
944 516 1064 587 plus
1091 526 1173 573 est
1198 534 1354 588 quant
1382 534 1501 576 esca
1520 560 1537 587 ,
1569 530 1621 583 et
1650 536 1773 577 eor-

168 626 270 680 pus
305 610 430 679 plus
452 625 609 678 quam
640 610 1054 665 vestimentum?
1082 611 1349 681 Respicite
1376 613 1601 667 volatilia
1628 613 1769 680 coeli,

167 701 430 773 quoniam
455 717 559 757 non
585 712 790 769 serunt,
810 717 987 773 neque
1010 713 1232 767 metunt,
1256 720 1427 773 neque
1448 714 1775 776 congregant

168 792 223 847 in
254 793 447 848 hmrea
469 836 484 858 ,
515 802 569 847 et
594 793 751 849 Pater
781 805 955 849 vester
984 794 1220 857 rwlestis
1248 797 1415 865 pascit
1439 796 1524 858 illa
1553 814 1565 849 :
1596 811 1772 851 nonne

168 901 265 939 vos
303 888 475 956 magis
500 886 675 956 pluris
708 872 843 955 estis
878 886 1012 940 illis?
1040 886 1169 953 Quis
1194 896 1373 947 autem
1410 896 1644 945 vestrum
1677 902 1770 940 co-

162 980 346 1051 gitans
400 988 581 1047 potest
625 979 855 1055 adjicere
902 979 969 1033 ad
1025 987 1285 1035 staturam
1342 995 1489 1037 suam
1538 980 1770 1035 cubitum

163 1054 377 1140 utitun?
403 1071 474 1129 Et
498 1071 568 1127 de
595 1072 911 1131 vestimento
952 1073 1075 1144 quid
1108 1070 1335 1139 solliciti
1375 1073 1542 1129 estis?
1587 1071 1772 1128 Consi-

168 1164 356 1218 derate
384 1164 491 1217 lilia
518 1165 625 1233 agri
652 1150 920 1233 quomodo
944 1174 1189 1219 crescunt
1217 1182 1230 1218 :
1260 1181 1363 1243 nou
1387 1166 1647 1230 laborant,
1677 1182 1775 1222 ne-

160 1270 271 1326 ,que
318 1263 471 1309 110111.
512 1256 642 1309 Dico
687 1265 862 1319 autem
904 1256 1073 1319 vobis,
1107 1259 1358 1326 quoniam
1389 1272 1489 1313 nec
1518 1258 1766 1312 Salomon

162 1346 223 1409 in
251 1346 400 1401 omni
428 1346 595 1416 gloria
624 1338 715 1407 sua
742 1357 1027 1416 coopertus
1052 1359 1132 1407 est
1166 1349 1304 1403 sicut
1328 1364 1494 1405 unum
1526 1364 1591 1403 ex
1633 1348 1765 1402 istis.

157 1439 219 1507 ~‘Si
250 1450 432 1497 autem
464 1439 643 1501 fenum
668 1440 776 1511 agri
804 1438 941 1508 quod
972 1438 1127 1495 hodie
1149 1451 1260 1505 est,
1300 1449 1353 1494 et
1379 1456 1497 1495 cras
1522 1441 1574 1495 in
1599 1439 1766 1494 cliba-

160 1512 291 1603 ntun
326 1534 585 1601 mittitur,
612 1534 753 1587 Deus
778 1533 855 1587 sic
882 1534 1069 1596 vestit;
1098 1542 1297 1604 quanto
1323 1532 1493 1602 magis
1522 1549 1618 1586 vos
1646 1546 1764 1587 tuo-

160 1623 298 1705 11100)
330 1608 457 1680 fidei
485 1626 541 1678 ’τ’
570 1624 741 1680 Nolite
780 1641 907 1695 ergo
936 1628 1145 1680 Solliciti
1180 1641 1301 1681 esse
1336 1626 1605 1690 dicentes,
1636 1626 1762 1696 quid

157 1718 649 1787 mandueahimus?
688 1728 778 1771 aut
808 1718 936 1788 quid
982 1718 1256 1773 bibemus?
1286 1726 1377 1771 aut
1404 1733 1510 1787 quo
1546 1717 1760 1787 operie-

160 1809 323 1867 ntnr?
360 1810 491 1864 1101(-
526 1810 667 1865 enim
704 1810 880 1863 omnia
908 1807 1105 1869 Gentes
1138 1809 1415 1881 inquirunt
1446 1828 1459 1863 :
1487 1812 1592 1866 scit
1620 1811 1759 1881 enim

161 1890 322 1965 Pater
343 1908 528 1955 vester
554 1902 675 1969 quia
700 1901 786 1961 bis
812 1902 1059 1957 omnibus
1085 1901 1347 1969 indigetis.
1378 1902 1611 1969 Qttzerilc
1635 1917 1764 1973 ergo

158 1992 395 2062 primum
431 2007 650 2062 regnum
677 1992 770 2047 1)νί
812 2001 865 2045 01
895 1992 1154 2061 justitiam
1183 1992 1298 2062 ejus
1316 2032 1332 2058 ,
1364 2004 1417 2048 et
1442 1992 1559 2049 11010
1588 1995 1765 2060 omnia

156 2068 493 2152 :adjieientur
519 2082 687 2137 vobis.
723 2081 896 2137 Nolite
932 2098 1061 2153 ergo
1082 2083 1304 2143 solliciti
1333 2097 1451 2140 esse
1492 2085 1543 2149 in
1574 2085 1763 2141 crasti-

157 2191 311 2240 num.
362 2176 645 2243 Crastinus
689 2175 830 2229 enim
882 2174 998 2233 dies
1041 2174 1299 2239 sollicitus
1339 2178 1442 2241 erit
1480 2177 1581 2235 sibi
1626 2178 1761 2247 ipsi:

158 2266 358 2333 sufﬁcit
389 2266 498 2329 diei
533 2265 727 2320 malitia
759 2282 874 2333 sua.

232 2350 376 2432 [Vm]
420 2358 599 2413 Nolite
640 2360 915 2433 judicare,
958 2368 1014 2413 ut
1058 2375 1164 2415 non
1197 2350 1528 2430 jltdieemini.
1572 2350 1628 2415 10
1660 2376 1766 2432 quo

156 2453 301 2523 enim
351 2450 559 2521 judicio
596 2449 996 2519 judieaveritis,
1039 2443 1438 2523 ‘judiCabitnini;
1485 2462 1537 2505 et
1580 2453 1630 2506 iu
1662 2466 1764 2521 qua

152 2522 415 2611 mensura
442 2544 610 2597 mensi
643 2542 873 2605 fueritis,
900 2530 1209 2605 retnetietttr
1231 2544 1396 2609 vobis.
1422 2532 1559 2611 Quid
1589 2554 1762 2599 autem

160 2622 309 2699 vides
336 2636 597 2691 festucam
626 2636 676 2690 in
706 2635 862 2689 oculo
892 2633 1071 2689 fratris
1104 2637 1195 2701 1111,
1226 2645 1280 2689 01
1302 2637 1507 2691 trabem
1537 2639 1584 2690 in
1611 2638 1765 2707 1101110

155 2714 252 2795 tuo
284 2742 391 2781 non
422 2724 613 2782 vides?
658 2728 760 2791 Aput
805 2726 1074 2795 quoruodo
1114 2726 1245 2779 dicis
1295 2725 1438 2789 fratri
1480 2740 1607 2792 tuo,
1640 2727 1766 2782 Sine

160 2798 367 2889 eiiciam
408 2819 667 2874 festucam
711 2818 776 2873 de
808 2818 960 2873 oculo
990 2828 1079 2871 tuo
1114 2836 1125 2872 :
1158 2827 1211 2873 et
1245 2834 1369 2885 ecce
1401 2818 1577 2881 trabes
1604 2830 1681 2873 est
1713 2819 1764 2875 in

159 2911 315 2969 001110
343 2908 474 2964 tuo?
505 2910 787 2981 llypocrita
807 2952 822 2975 ,
856 2911 990 2978 ejice
1021 2911 1249 2980 primum
1284 2912 1482 2979 trahent
1508 2914 1581 2969 ,de
1610 2915 1765 2965 oculo

166 3013 287 3069 tuo;
330 3013 384 3058 et
414 3015 538 3058 tunc
570 3003 772 3059 videbis
802 3002 996 3070 CJiCCl‘C
1027 3009 1277 3058 festucam
1304 3003 1375 3069 de
1406 3005 1560 3059 oculo
1591 3006 1764 3059 fratris

161 3084 257 3162 tui.
282 3094 462 3151 Nolite
484 3105 723 3163 sanetum
747 3094 876 3159 dare
896 3097 1137 3159 canibus,
1163 3112 1332 3166 neque
1355 3097 1602 3151 miseriti~
1626 3115 1763 3151 tuar-

148 3180 359 3273 garitas
391 3198 741 3251 vestrasante
768 3203 993 3255 porcos,
1036 3203 1103 3242 110
1142 3183 1279 3241 forte
1318 3189 1631 3255 conculceut
1673 3204 1764 3243 eas

152 3281 388 3352 pedibus
410 3282 558 3345 suis.
602 3290 656 3333 et
694 3279 931 3333 conversi
962 3279 1291 3347 disrumpunt
1321 3294 1435 3333 vos.
1467 3279 1635 3332 Petito
1657 3323 1668 3341 ,
1711 3291 1765 3335 et

159 3358 377 3426 dabitur
409 3372 588 3433 vobis;
620 3371 861 3438 quaerite,
890 3378 942 3423 01
963 3369 1278 3430 invenietis;
1306 3364 1530 3441 pulsate,
1561 3382 1613 3423 et
1636 3386 1761 3440 ape-

165 3466 342 3533 ﬂetur
374 3463 543 3529 vobis.
588 3463 776 3517 Omnis
804 3462 949 3517 enim
993 3462 1081 3532 qui
1124 3462 1286 3532 petit,
1317 3463 1538 3532 accipit;
1584 3474 1637 3517 et
1674 3465 1764 3533 qui

156 3544 394 3631 Qua-rit,
430 3554 663 3621 invenit;
697 3564 750 3609 et
794 3553 1021 3623 pulsanti
1064 3555 1353 3624 aperietur.
1398 3555 1504 3619 Aut
1541 3556 1659 3625 quis
1698 3572 1761 3610 ex

160 3638 317 3717 stibis
344 3646 527 3711 homo,
557 3661 713 3715 quem
742 3646 783 3699 si
814 3644 1025 3715 petierit
1054 3643 1190 3697 filius
1218 3660 1345 3697 suus
1371 3661 1579 3715 panem,
1611 3662 1766 3699 num-

163 3739 289 3809 quid
313 3739 544 3806 lapidem
574 3738 805 3808 porriget
824 3736 907 3790 ei?
932 3738 1035 3789 Aut
1057 3736 1099 3789 si
1124 3736 1321 3806 piscem
1355 3739 1579 3805 petierit,
1612 3754 1763 3791 num-

156 3822 289 3901 ,quid
334 3840 637 3899 serpentem
684 3830 915 3899 porriget
957 3828 1044 3883 ei?
1092 3828 1148 3882 Si
1194 3843 1321 3897 ergo
1347 3845 1470 3892 vos,
1503 3845 1621 3882 cum
1650 3829 1763 3883 silis

156 3916 312 3995 ³111011,
336 3923 512 3989 nostis
536 3924 672 3987 bona
694 3921 811 3976 data
837 3921 963 3976 dare
984 3920 1105 3975 filiis
1126 3921 1346 3985 vestris;
1377 3931 1575 3990 quanto
1598 3923 1764 3993 magis

162 4004 323 4083 Pater
350 4028 555 4082 vester,
586 4015 676 4086 qui
708 4014 759 4069 in
786 4014 936 4069 emlis
964 4023 1044 4068 est
1064 4058 1077 4079 ,
1112 4014 1255 4069 dabit
1284 4014 1420 4071 bona
1464 4019 1763 4086 petentibus

164 4107 261 4175 se?
292 4107 482 4162 Omnia
522 4122 655 4177 ergo
695 4122 1044 4176 qumcutuque
1088 4106 1242 4159 vultis
1287 4114 1342 4159 ut
1386 4105 1580 4161 faciant
1615 4110 1763 4163 vobis

169 4190 431 4269 homines,
465 4210 518 4256 et
535 4216 632 4256 vos
685 4200 841 4255 facite
869 4201 947 4255 eis
977 4219 989 4254 :
1022 4201 1133 4254 lucc
1158 4210 1237 4254 est
1266 4202 1405 4254 enim
1433 4201 1537 4256 Lex
1561 4214 1613 4256 et
1636 4204 1765 4258 Pro-

158 4293 361 4375 phetas
394 4294 592 4357 Intrate
620 4309 715 4363 per
740 4300 1016 4363 angustam
1048 4302 1294 4361 portam;
1326 4294 1446 4362 quia
1478 4294 1579 4347 lata
1610 4304 1761 4365 porta

164 4376 221 4449 et
251 4386 483 4454 spatiosa
514 4385 627 4449 via,
661 4401 778 4455 qua:
810 4384 952 4437 ducit
990 4383 1055 4436 ad
1104 4384 1451 4453 perditionem
1474 4426 1489 4451 ,
1521 4397 1574 4441 ct
1612 4388 1761 4442 multi

160 4464 289 4557 sunt
314 4476 403 4546 qui
432 4476 630 4545 intrant
658 4492 751 4545 per
771 4491 912 4530 0010.
932 4475 1100 4542 Quam
1124 4486 1343 4546 augusta
1372 4486 1519 4545 porta
1544 4489 1590 4532 et
1615 4490 1760 4534 arcta

170 4565 279 4639 via,
308 4584 428 4641 qua:
459 4562 605 4623 ducit
636 4568 700 4622 ad
735 4568 924 4634 vitam,
956 4576 1009 4622 et
1040 4570 1191 4637 pauci
1220 4578 1344 4623 sunt
1372 4570 1458 4638 qui
1491 4571 1763 4625 inveniunt

164 4646 301 4733 eam.
328 4666 603 4726 Attendite
633 4683 661 4720 a
694 4666 839 4723 falsis
866 4667 1145 4739 prophetis
1165 4712 1178 4736 ,
1209 4669 1299 4739 qui
1332 4671 1554 4725 veniunt
1576 4669 1643 4724 ad
1668 4684 1760 4725 vos

168 4757 218 4825 111
246 4764 576 4821 vestimentis
600 4764 800 4830 ovium,
826 4744 1151 4821 intrinsecus
1181 4773 1359 4820 autem
1384 4774 1505 4819 sunt
1537 4765 1645 4833 lupi
1674 4778 1757 4825 ra-

166 4863 342 4923 Paccs.
377 4855 456 4917 Ex
485 4854 743 4913 fructibus
778 4871 962 4909 eorum
997 4857 1332 4927 cognoscetis
1356 4872 1467 4912 eos.
1494 4856 1760 4925 Numquid

172 4929 419 5017 soiligunt
456 4948 529 5011 de
566 4949 743 5020 .Spinis
782 4964 950 5015 uvas,
996 4958 1089 5006 aut
1128 4950 1194 5007 de
1233 4950 1439 5006 tribulis
1470 4951 1634 5006 heus?
1671 4950 1760 5005 Sic

174 5039 342 5095 Omnis
368 5041 529 5098 arbor
568 5041 708 5115 bona
747 5041 1159 5101 fructusbonos
1196 5043 1351 5109 facit;
1400 5044 1537 5101 mala
1581 5052 1759 5098 autent

176 5126 347 5198 arbor,
375 5130 577 5189 fructus
604 5134 773 5192 malos
800 5134 942 5191 facit.
965 5134 1083 5190 Non
1110 5143 1286 5205 potest
1310 5136 1469 5191 arbor
1494 5135 1762 5191 11000110-

176 5225 287 5297 etus
316 5224 481 5280 malos
522 5224 702 5282 facere
723 5268 738 5293 ,
782 5242 955 5297 neque
995 5227 1153 5283 arbor
1180 5228 1315 5283 mala
1344 5227 1548 5283 fructus
1590 5229 1759 5284 honos

170 5303 573 5373 ,111001-0.010015
614 5318 773 5373 arbor
810 5334 927 5389 qua:
970 5334 1075 5373 non
1117 5320 1244 5377 facit
1285 5319 1513 5376 fructum
1561 5322 1755 5377 bonum

178 5399 475 5472 excidetur,
508 5406 642 5461 etin
682 5407 860 5478 ignem
889 5412 1147 5465 mittetur.
1195 5411 1356 5481 Igitur
1396 5428 1463 5468 ex
1502 5411 1758 5469 fructibus

375 5501 702 5569 cognoscetis
726 5517 837 5557 eos.
863 5501 979 5558 Non
1007 5503 1181 5559 omnis
1204 5504 1297 5576 qui
1322 5503 1450 5561 dicit
1474 5505 1624 5572 mihi,
1648 5507 1755 5562 Do-

178 5572 334 5653 mine,
364 5576 610 5653 Domine,
638 5592 853 5647 intrabit
881 5594 929 5649 in
958 5611 1178 5667 regnum
1202 5596 1458 5653 malorum
1491 5616 1502 5651 :
1531 5600 1626 5654 sed
1665 5601 1755 5670 qui

234 5688 459 5752 Nam.
478 5686 901 5768 juxtavutgatam.
921 5704 1360 5772 mmmam
1378 5707 1511 5777 ﬁdei,

1434 215 1535 305 ροε
1560 215 1953 305 suum
1980 217 2235 289 Stant.

3356 238 3469 305 974

1870 333 2005 402 facit
2031 338 2357 407 voluntatem
2384 338 2563 411 Patris
2586 345 2693 409 mei
2714 348 2810 417 .qui
2832 349 2892 407 in
2916 351 3069 417 ccelis
3090 361 3209 419 est,
3236 354 3354 425 ipse
3382 358 3463 425 ip.

1881 433 2038 501 trahit
2065 433 2117 490 in
2144 450 2368 505 regnum
2400 436 2675 494 (αξιοι-1110.
2708 440 2856 497 Multi
2888 443 3074 515 dicent
3109 447 3239 503 mihi
3282 447 3333 503 in
3374 449 3466 513 1110

1879 526 1984 589 die.
2020 529 2275 593 Domine,
2302 530 2556 601 Domine,
2582 550 2759 589 nonne
2790 534 2843 590 in
2883 539 3097 597 nomine
3123 549 3215 594 tuo
3238 548 3469 616 prophe-

1874 623 2134 689 tat-imas,
2168 633 2223 679 et
2259 624 2309 678 in
2345 634 2433 680 tuo
2461 625 2677 683 nomine
2702 628 2962 684 1110010010
2993 632 3274 701 ejecimus,
3318 644 3374 691 et
3413 638 3470 693 in

1881 721 1970 767 tuo
1989 715 2198 771 nomine
2219 717 2440 773 virtutes
2458 718 2652 776 multas
2669 720 2926 776 fecimus?
2948 720 3014 781 Et
3037 734 3159 781 tunc
3172 727 3470 791 confitebor

1874 802 2001 865 illis,
2028 804 2150 873 quia
2184 823 2450 876 nunquam
2480 810 2600 863 novi
2629 825 2722 866 vos
2752 828 2765 865 :
2796 811 3050 869 discedite
3071 830 3099 870 a
3124 832 3207 873 me
3232 820 3318 888 qui
3340 833 3469 889 ope-

1878 896 2066 952 ramini
2094 898 2441 968 iniquitatem.
2469 902 2655 959 Omnis
2688 920 2816 974 ergo
2850 907 2942 976 qui
2975 907 3120 971 audit
3158 898 3318 973 verba
3351 928 3468 981 mea

1880 986 2009 1048 hare,
2044 997 2098 1042 et
2123 987 2244 1044 facit
2268 1006 2352 1055 ea,
2382 993 2761 1051 assintilahitur
2787 996 2901 1053 viro
2924 999 3166 1067 sapienti,
3194 1001 3469 1071 (1011011111-

1876 1079 2250 1147 0011111001001
2274 1097 2424 1136 suam
2450 1100 2605 1153 supra
2636 1096 2837 1155 petram
2864 1106 2875 1141 :
2900 1100 2954 1142 et
2974 1084 3247 1157 descendit
3265 1088 3463 1163 pluvia,

1876 1176 1929 1237 et
1951 1180 2204 1228 venerunt
2233 1169 2468 1240 ﬂumina,
2500 1184 2553 1228 et
2578 1166 2838 1230 flavermtt
2866 1179 3045 1251 venti,
3081 1191 3134 1247 et
3160 1182 3428 1238 irruerunt
3450 1185 3466 1215 ‘

1877 1258 1928 1321 in
1969 1260 2184 1323 dotnnm
2230 1263 2403 1327 illam,
2437 1275 2487 1317 et
2526 1281 2630 1319 non
2670 1262 2892 1333 cecidit;
2922 1268 3141 1335 fundata
3172 1272 3315 1326 enim
3352 1285 3470 1328 erat

1876 1363 2031 1419 supra
2058 1362 2284 1420 petram.
2316 1350 2384 1407 Et
2409 1354 2582 1425 omnis
2613 1356 2701 1424 qui
2728 1357 2875 1425 audit
2904 1360 3063 1431 verba
3094 1378 3209 1416 mea
3246 1362 3379 1429 hcce,
3415 1375 3466 1431 et

1877 1455 1979 1494 non
2014 1434 2135 1495 facit
2160 1458 2260 1511 ea,
2294 1444 2484 1513 similis
2525 1447 2625 1500 erit.
2664 1436 2781 1503 viro
2820 1450 3011 1517 stulto,
3058 1454 3144 1524 qui
3187 1455 3469 1523 tedilieavit

1873 1528 2089 1599 domum
2121 1550 2269 1588 suam
2300 1551 2457 1607 supra
2485 1554 2702 1603 arenam
2730 1558 2742 1594 :
2772 1549 2825 1609 et
2857 1541 3129 1599 descendit
3170 1546 3372 1617 pluvia,
3412 1558 3469 1605 et

1874 1635 2131 1678 venerunt
2158 1622 2405 1695 flumina,
2437 1638 2491 1683 et
2516 1628 2775 1684 [laverunt
2806 1633 2985 1700 venti,
3017 1644 3068 1689 et
3106 1638 3376 1705 irrucrunt
3413 1638 3466 1696 in

1873 1711 2088 1779 domum
2132 1714 2271 1771 illam
2293 1758 2308 1785 ,
2340 1718 2396 1772 et
2420 1718 2641 1781 cecidit,
2672 1729 2723 1773 et
2746 1716 2842 1776 fuit
2866 1724 3015 1777 ruina
3044 1725 3158 1796 ejus
3186 1744 3391 1799 magna.

1945 1800 2011 1856 Et
2049 1802 2205 1876 paulo
2244 1818 2353 1876 post
2390 1806 2496 1885 [x.j
2527 1826 2539 1863 :
2569 1806 2745 1866 Gratis
2776 1814 3057 1885 accepistis
3077 1859 3091 1881 ,
3123 1819 3287 1888 gratis
3314 1820 3459 1878 date.

1868 1890 2340 1975 Noliteposddcre
2363 1917 2550 1956 aurum
2574 1945 2587 1968 ,
2620 1920 2791 1975 neque
2821 1900 3135 1976 argentum,
3170 1926 3339 1982 neque
3369 1930 3465 1987 pe-

1872 1990 2079 2041 cuniam
2130 1990 2179 2043 in
2230 1992 2377 2063 zonis
2419 1994 2641 2057 vestris;
2685 2012 2791 2051 non
2840 2013 3020 2066 peram
3064 2000 3115 2053 in
3153 2002 3267 2068 via,
3297 2019 3467 2074 neque

1870 2075 2001 2132 duas
2035 2082 2236 2151 tunicas
2256 2124 2269 2147 ,
2300 2098 2473 2152 neque
2494 2082 2874 2153 ealceamenta,
2898 2102 3070 2158 neque
3089 2090 3290 2162 virgam
3318 2110 3330 2146 :
3353 2093 3467 2165 dig-

1874 2186 1971 2226 nus
2001 2178 2079 2241 est
2102 2172 2246 2226 enim
2272 2176 2555 2242 operarius
2581 2175 2702 2229 cibo
2728 2192 2845 2232 suo.
2877 2177 2933 2233 In
2965 2166 3356 2253 quamcumque
3385 2186 3464 2239 ci-

1874 2262 2085 2318 vitatem
2117 2277 2205 2332 aut
2231 2264 2508 2320 castellum
2536 2267 2868 2335 intraveritis
2888 2312 2904 2338 ,
2927 2271 3251 2344 interrogate
3271 2276 3387 2347 quis
3410 2278 3465 2333 in

1870 2370 1929 2407 ea
1970 2355 2159 2425 dignus
2200 2363 2301 2423 sit,
2338 2368 2391 2412 01
2416 2358 2487 2413 ibi
2515 2370 2727 2416 manete
2754 2361 2925 2418 donec
2956 2364 3177 2419 excatis.
3203 2365 3468 2425 Intrantes

1869 2458 2045 2501 autem
2088 2448 2139 2499 in
2181 2447 2429 2514 domum,
2480 2452 2703 2506 salutate
2745 2468 2863 2507 eam
2905 2448 3176 2521 dicentes,
3206 2456 3312 2512 Pax
3341 2458 3467 2515 huic

1869 2535 2049 2592 domui
2076 2539 2116 2591 ³.
2149 2540 2214 2603 Et
2239 2539 2282 2593 si
2314 2540 2525 2609 quidem
2554 2538 2714 2596 fuerit
2738 2543 2927 2598 domus
2954 2545 3041 2599 illa
3070 2546 3227 2619 digna
3247 2590 3259 2611 ,
3288 2552 3465 2605 veniet

1870 2642 1969 2711 pax
2000 2638 2171 2701 vestra
2200 2645 2360 2699 super
2383 2632 2521 2685 illam
2550 2633 2629 2687 :si
2651 2646 2825 2688 autem
2853 2652 2955 2690 non
2985 2635 3141 2691 fuerit
3164 2639 3340 2707 digna,
3365 2657 3467 2711 pax

1868 2701 2043 2785 vestra
2066 2719 2131 2774 ad
2163 2736 2253 2775 vos
2282 2732 2596 2777 revertetur.
2630 2725 2693 2778 Et
2719 2726 3039 2797 quicumque
3072 2744 3173 2782 non
3203 2734 3468 2801 receperit

1875 2826 1967 2875 vos
1990 2856 2003 2877 ,
2050 2829 2219 2883 neque
2263 2814 2491 2868 audierit
2534 2832 2810 2872 sermones
2834 2827 3041 2874 vestros
3061 2862 3076 2887 ,
3105 2832 3359 2878 exeuntes
3389 2822 3467 2878 fo-

1872 2919 1987 2970 ras,
2032 2905 2097 2959 de
2141 2906 2300 2960 domo
2344 2906 2427 2961 vel
2473 2907 2539 2963 de
2565 2909 2809 2977 civitate,
2843 2912 3071 2966 excutite
3103 2913 3370 2982 pulverem
3400 2917 3467 2971 de

1866 2994 2093 3065 pedibus
2138 2998 2349 3054 vestris.
2397 3000 2566 3055 Amen
2612 3000 2731 3056 dico
2774 3003 2965 3071 vobis,
3004 3005 3336 3062 tolerabilius
3366 3013 3468 3065 erit

1871 3095 2025 3155 terra:
2058 3084 2420 3145 Sodomorum
2442 3134 2457 3159 ,
2486 3102 2539 3146 ct
2561 3092 3031 3150 Gomorrhaeorum
3056 3097 3108 3150 iu
3136 3097 3223 3152 die
3246 3098 3427 3168 judicii
3447 3144 3462 3169 ,

1868 3194 2022 3251 quam
2050 3184 2120 3236 illi
2143 3184 2512 3239 civitati.Ecce
2538 3200 2636 3257 ego
2655 3188 2807 3241 mitto
2832 3201 2928 3242 vos
2953 3190 3087 3245 sicut
3113 3204 3239 3246 oves
3265 3192 3316 3247 in
3349 3208 3466 3250 me-

1868 3275 1957 3328 dio
1996 3276 2260 3345 luporum.
2309 3279 2490 3335 Estole
2518 3292 2645 3349 ergo
2674 3281 2964 3351 prudentes
2986 3285 3127 3340 sicut
3154 3298 3464 3357 serpentes,

1868 3375 1922 3419 et
1945 3360 2213 3435 simplices
2240 3369 2376 3422 sicut
2402 3370 2687 3426 0011101100.
2717 3370 2914 3429 Cavete
2942 3385 3118 3431 autem
3146 3376 3212 3432 ab
3236 3378 3468 3436 homini-

1871 3456 1985 3525 bus.
2011 3457 2243 3531 Tradent
2264 3460 2402 3513 enim
2431 3475 2523 3515 vos
2546 3461 2598 3515 in
2617 3464 2878 3530 conciliis,
2900 3476 2952 3529 et
2974 3468 3024 3519 in
3048 3472 3331 3540 synagogis
3353 3472 3465 3529 suis

1864 3538 2207 3615 ﬂagellabunt
2249 3560 2387 3615 vos;
2433 3560 2485 3604 ct
2530 3549 2595 3605 ad
2636 3553 2895 3621 prmsidcs
2932 3564 2984 3609 01
3018 3538 3171 3625 reges
3196 3538 3467 3618 (1110001101

1864 3628 2088 3710 propter
2132 3654 2252 3706 me,
2302 3634 2357 3696 in
2400 3643 2764 3698 testimonium
2809 3644 2913 3700 illis
2949 3657 3003 3703 01
3036 3648 3298 3719 gentibus.
3330 3653 3466 3710 Cum

1858 3718 2044 3799 autem
2074 3733 2282 3787 tradent
2314 3748 2405 3787 vos
2426 3775 2440 3801 ,
2476 3734 2640 3791 nolite
2669 3737 2903 3806 cogitare
2932 3718 3200 3808 quomodo
3227 3756 3315 3798 aut
3341 3747 3466 3814 qttid

1866 3816 2156 3894 loquamini
2202 3844 2214 3878 :
2254 3826 2465 3880 dabitur
2504 3828 2645 3882 enim
2685 3829 2836 3884 vobis
2864 3830 2916 3884 in
2950 3832 3033 3885 illa
3065 3832 3193 3887 hora
3224 3837 3349 3906 quid
3383 3838 3466 3894 1οο

1868 3917 2122 3986 quamini.
2156 3916 2269 3971 Non
2300 3919 2440 3972 enim
2466 3933 2561 3971 vos
2586 3918 2714 3974 estis
2737 3963 2751 3985 ,
2777 3922 2864 3991 qui
2890 3923 3164 3992 loquimini
3191 3940 3205 3988 ;
3231 3927 3323 3982 sed
3344 3928 3467 4000 Spi-

1869 4007 2002 4061 ritus
2046 4007 2219 4061 Patris
2263 4010 2450 4072 vestri,
2484 4008 2570 4078 qui
2599 4010 2833 4079 loquitnr
2859 4012 2910 4066 in
2938 4006 3110 4068 vobis.
3140 4010 3336 4073 Tradet
3364 4035 3464 4076 att-

1868 4105 1974 4152 tem
2006 4097 2167 4152 frater
2197 4097 2416 4154 fratrem
2447 4100 2501 4153 iu
2529 4111 2777 4168 mortem,
2798 4112 2851 4156 et
2882 4114 3030 4173 pater
3055 4106 3218 4161 lilium
3245 4126 3259 4173 ;
3288 4119 3341 4164 et
3368 4109 3455 4166 in-

1868 4194 2081 4260 3urgeul
2114 4190 2201 4244 filii
2230 4191 2280 4244 in
2307 4200 2553 4261 parentes
2574 4235 2587 4256 ,
2616 4201 2669 4247 et
2690 4202 2861 4248 morte
2883 4210 2975 4249 eos
2996 4196 3247 4253 afticicnt.
3266 4200 3334 4255 Et
3353 4202 3464 4257 eri-

1869 4283 1935 4336 tis
1978 4282 2103 4337 odio
2140 4284 2385 4337 omnibus
2418 4284 2721 4338 hominibus
2744 4284 2765 4316 ⁸
2796 4298 3015 4357 prapter
3038 4304 3233 4345 nomen
3260 4308 3459 4349 meum.

1866 4372 1966 4443 Qui
1997 4384 2174 4428 autem
2207 4370 2635 4445 perseveraverit
2662 4391 2825 4446 usque
2857 4378 2909 4431 in
2943 4378 3097 4434 finem
3119 4424 3135 4448 ,
3168 4383 3254 4437 1110
3284 4385 3463 4442 salvus

1866 4468 1987 4521 erit.
2022 4468 2152 4520 Cum
2180 4475 2357 4520 autem
2385 4479 2777 4535 persequentur
2802 4483 2898 4523 vos
2922 4470 2971 4523 iu
2995 4471 3207 4529 civitate
3234 4475 3352 4541 ista,
3377 4476 3461 4531 fu-

1865 4558 1971 4627 gite
2010 4556 2060 4609 in
2084 4557 2261 4609 aliam.
2300 4560 2469 4611 Amen
2494 4555 2614 4611 dico
2639 4559 2814 4626 vobis,
2849 4576 2950 4614 non
2979 4568 3413 4624 consummabilis
3440 4572 3456 4604 ⁸

1866 4648 2106 4701 civitates
2127 4644 2285 4701 lsrael
2308 4690 2321 4711 ,
2346 4647 2518 4703 (101100
2547 4651 2719 4704 veniat
2754 4650 2921 4707 Filius
2947 4652 3197 4711 hominis.
3229 4658 3341 4714 Non
3373 4673 3454 4717 est

1867 4740 2154 4811 discipulus
2187 4755 2347 4811 super
2381 4743 2687 4812 magistrum
2708 4785 2724 4811 ,
2755 4760 2853 4800 nec
2881 4761 3067 4802 servus
3096 4762 3257 4820 super
3284 4753 3460 4809 domi-

1867 4849 1994 4890 num
2037 4850 2212 4891 suum.
2259 4833 2468 4891 Suﬁicit
2506 4835 2802 4907 discipulo,
2846 4848 2904 4894 ut
2937 4841 3006 4895 sit
3038 4842 3175 4897 sicut
3207 4846 3462 4913 magister

1922 4968 1945 5032 ᾗ
1972 4974 2102 5032 M_ss.,
2119 4963 2408 5032 ilicium-unt.
2433 4973 2603 5032 grate,
2624 4967 2930 5032 prosépeson.

1926 5026 2047 5097 "sic
2077 5028 2353 5097 editi‘juxta‘
2377 5026 2640 5097 \‘ulgatam'.
2678 5038 2733 5082 At
2754 5026 2860 5097 mss.
2884 5040 3053 5083 carent
3073 5033 3149 5084 his
3170 5037 3358 5097 verbis,
3383 5037 3461 5091 di-
3501 5052 3507 5081 ;

1864 5096 2041 5151 cattas,
2065 5089 2295 5163 Itum/tuis
2316 5089 2484 5143 domui
2497 5105 2515 5154 ;
2533 5106 2645 5163 qua:
2662 5107 2760 5163 _ne_e
2783 5096 2831 5142 111
2857 5108 3018 5163 graeco
3036 5104 3178 5145 textu
3199 5089 3459 5163 habentur,
3487 5101 3503 5163 ἐ

1859 5167 1960 5221 nec
1980 5152 2103 5221 apud
2127 5154 2480 5221 ttieronymum.
2498 5152 2623 5221 quin
2647 5156 2754 5221 imo
2784 5152 2907 5221 eum
2925 5157 3242 5221 Hieronymus
3264 5174 3379 5211 eum
3409 5152 3461 5214 iii
3486 5152 3513 5200 ί-
3542 5204 3543 5207 η

1863 5214 2024 5266 locum
2047 5216 2176 5283 dicit,
2213 5233 2233 5261 α
2251 5214 2460 5283 occulte:
2470 5215 2806 5283 salutationem
2828 5216 3015 5283 hebrtei
3036 5214 3201 5283 πὶ)τὶ
3220 5226 3461 5275 sermonis

1871 5296 1895 5325 ι
1918 5279 2196 5347 expressit;
2230 5295 2252 5325 11
2283 5278 2555 5347 ‘signifisatn
2583 5278 2885 5347 salutationis
2928 5278 3180 5347 formulaiu
3204 5285 3459 5347 explicito

1858 5341 2098 5406 prolatam
2120 5353 2147 5389 a
2172 5340 2312 5406 atatth
2330 5353 2388 5388 eo
2413 5354 2507 5406 non
2532 5340 2703 5406 fuisse,
2728 5341 2815 5389 sed
2836 5348 3017 5390 tantum
3040 5340 3366 5406 intplicitefco
3390 5349 3460 5398 vi-

1924 5354 2098 5391 0101010
2120 5354 2147 5389 0
2172 5354 2312 5389 atattu
2330 5354 2388 5388 eo
2413 5354 2507 5388 non
2532 5354 2703 5398 tuisse,
2728 5354 2815 5389 seu
2836 5354 3017 5390 tantum
3040 5354 3287 5406 nupttcrte,
3306 5360 3366 5396 00
3390 5354 3458 5398 vt-

1862 5354 2047 5471 321mg
2061 5403 2194 5471 quod
2219 5397 2728 5471 51111801011110-,Λυθηίςι
2752 5415 2851 5467 pax
2886 5410 3037 5454 vestra
3062 5419 3205 5471 super
3224 5421 3348 5459 eam.
3366 5410 3458 5460 Sed

1866 5463 2153 5565 espritttitur
2176 5477 2203 5513 a
2227 5470 2365 5520 Luca,
2389 5476 2494 5524 cap.
2522 5463 2599 5521 10,
2620 5477 2665 5511 ν.
2684 5465 2731 5513 5.
2753 5463 2760 5467 ⁷

1976 5541 2086 5565 νην-
2114 5523 2406 5565 lmminihns-
2433 5527 2573 5565 abest
2594 5538 2621 5565 :l
2647 5527 2792 5565 ttmrin
2814 5526 2916 5565 mli

1976 5541 2088 5584 vox,
2113 5524 2407 5597 hominibus,
2432 5527 2573 5597 abest
2594 5538 2623 5574 a
2647 5526 3006 5597 Regiocodice,
3032 5541 3223 5581 necnon
3240 5544 3273 5597 a
3296 5545 3457 5597 gruem

1864 5599 2037 5649 textu,
2066 5596 2115 5639 et
2150 5601 2177 5635 a
2217 5586 2447 5647 Vulgata:
2474 5587 2565 5636 sed
2597 5586 2757 5638 exstat
2795 5595 2960 5639 tamen
2989 5590 3040 5641 in
3075 5594 3283 5645 vetustis
3296 5586 3457 5649 Ἴωνι),

1862 5652 2038 5703 Bibhis.

1926 5714 1953 5753 ’ρ
1968 5714 2147 5776 Regius
2168 5712 2343 5770 codex,
2363 5724 2471 5759 nun
2497 5708 2696 5763 11111ἐὶιὺ
