3874 6310
491 268 599 329 975

489 383 645 454 ejus;
677 387 733 436 et
755 389 912 432 servo
933 415 947 440 ,
980 373 1116 430 sicut
1133 369 1381 428 dominus
1401 367 1534 439 ejus.
1557 365 1613 425 Si
1652 362 2084 438 patremfamilias

489 471 792 533 Beelzebub
812 476 1153 526 vocaverunt.
1179 474 1378 536 quanto
1399 460 1568 532 magis
1591 460 1913 516 domesticos
1932 455 2085 526 ejus?

491 569 568 625 Ne
611 581 740 638 ergo
780 561 1064 620 timueritis
1105 573 1219 615 eos.
1264 556 1349 613 Nil
1395 556 1534 611 enim
1566 563 1809 624 opertum
1837 546 2085 620 estquod

491 679 598 718 -ton
628 658 984 719 revelabitur,
1012 663 1068 710 et
1094 652 1358 709 occultum
1387 649 1527 721 quod
1557 662 1664 702 non
1693 645 1909 702 scietur.
1932 640 2086 710 Quod

488 756 610 812 dico
647 753 800 809 vobis
840 750 892 805 in
937 747 1205 812 tenebris,
1246 744 1405 799 dicite
1434 743 1484 796 in
1512 740 1750 804 lumine;
1783 746 1837 793 et
1863 735 2004 808 quod
2032 733 2086 788 in

487 863 619 904 aure
660 844 888 906 auditis,
929 839 1214 911 praedicata
1238 851 1399 906 super
1427 842 1582 889 tecta.
1617 832 1682 886 Et
1708 829 1871 884 nolite
1898 827 2087 881 limere

484 958 584 999 eos
609 942 698 1012 qui
730 936 980 994 occidunt
1006 947 1234 1005 corpus,
1266 930 1499 984 animam
1525 935 1701 981 autem
1732 939 1837 979 non
1864 924 2089 994 possunt

483 1009 734 1089 occidere
779 1046 794 1085 :
840 1025 934 1083 sed
962 1025 1138 1096 potius
1162 1037 1285 1077 eum
1316 1019 1529 1083 timete,
1564 1016 1652 1087 qui
1685 1023 1860 1086 potest
1889 1021 1943 1068 et
1967 1009 2086 1066 ani-

487 1138 634 1185 mam
659 1130 713 1178 et
731 1132 926 1190 corpus
951 1115 1174 1188 perdere
1195 1114 1247 1168 in
1274 1112 1592 1184 gehennam.
1625 1106 1813 1162 Nonne
1835 1103 1940 1159 duo
1961 1117 2088 1173 pas-

489 1231 636 1273 seres
679 1227 799 1268 asse
835 1218 1101 1276 veneunt,
1145 1216 1204 1262 et
1232 1219 1369 1260 unus
1393 1219 1459 1260 ex
1487 1202 1591 1257 illis
1616 1215 1720 1256 nou
1747 1197 1902 1254 cadet
1926 1209 2088 1266 super

490 1319 686 1366 terram
715 1307 831 1363 sine
861 1304 1018 1359 Patre
1044 1298 1272 1356 vestro?
1301 1296 1475 1352 Vestri
1503 1303 1680 1350 autem
1711 1300 1766 1347 et
1792 1287 1970 1360 capilli
1999 1301 2089 1342 ca-

492 1402 614 1474 pitis
639 1411 828 1455 omnes
857 1393 1118 1451 numerati
1147 1399 1289 1447 sunt.
1319 1389 1494 1445 Nolite
1517 1402 1645 1459 ergo
1665 1386 1885 1448 timere;
1909 1381 2090 1438 multis

489 1491 795 1564 passeribus
822 1487 1072 1543 meliores
1091 1486 1219 1540 estis
1248 1497 1360 1538 vos.
1387 1481 1574 1537 Omnis
1597 1494 1725 1550 ergo
1753 1477 1843 1549 qui
1863 1476 2087 1531 confite-

489 1585 633 1639 bitur
659 1597 744 1637 me
766 1594 946 1636 coram
970 1576 1275 1632 hominibus
1294 1617 1309 1641 ,
1337 1572 1636 1631 conﬁtebor
1658 1581 1712 1626 et
1731 1583 1830 1640 ego
1856 1583 1977 1623 eum
1999 1581 2091 1621 eo-

490 1690 606 1729 ram
635 1673 790 1727 Patre
820 1686 940 1725 meo
967 1670 1056 1740 qui
1089 1671 1141 1722 in
1169 1667 1320 1722 caelis
1348 1675 1451 1721 est.
1484 1664 1584 1732 Qui
1609 1672 1788 1718 autem
1815 1658 2092 1729 negaverit

491 1780 581 1819 me
605 1778 784 1819 coram
812 1760 1115 1815 hominibus
1132 1800 1148 1826 ,
1175 1757 1381 1828 negabo
1399 1765 1453 1812 et
1477 1770 1575 1826 ego
1595 1769 1716 1810 eum
1737 1765 1916 1808 coram
1935 1750 2092 1804 Patre

491 1873 616 1914 meo
657 1857 746 1929 qui
785 1855 841 1911 in
878 1855 1028 1911 caelis
1063 1862 1164 1909 est.
1207 1851 1381 1906 Nolite
1421 1848 1667 1905 arbitrari
1703 1846 1822 1917 quia
1852 1840 2091 1899 venerim

490 1965 680 2023 pacem
727 1950 937 2004 mittere
974 1947 1026 2002 in
1068 1955 1263 2000 terram
1297 1962 1310 1997 :
1345 1958 1448 1997 non
1481 1940 1598 1996 veni
1624 1954 1808 2010 pacem
1836 1936 2049 1991 mittere
2073 1973 2089 1997 ,

493 2043 588 2100 sed
633 2041 883 2114 gladium.
927 2039 1059 2095 Veni
1091 2037 1233 2094 enim
1257 2049 1507 2106 separare
1538 2032 1809 2086 hominem
1837 2027 2094 2083 adversus

496 2146 700 2205 patrem
742 2148 895 2188 suum
923 2174 936 2196 ,
983 2140 1038 2186 et
1081 2129 1242 2184 ﬁliam
1283 2127 1540 2182 adversus
1566 2132 1790 2179 matrem
1822 2135 1971 2176 suam
1993 2161 2010 2187 ,
2041 2126 2096 2173 et

495 2241 690 2282 nurum
730 2225 986 2279 adversus
1029 2236 1242 2278 socrum
1283 2234 1476 2284 suam;
1512 2225 1565 2272 et
1593 2214 1795 2271 inimici
1819 2211 2052 2268 hominis
2075 2252 2092 2277 ,

493 2318 773 2378 domestici
813 2316 948 2388 ejus.
991 2315 1093 2383 Qui
1137 2321 1280 2368 amat
1320 2320 1524 2380 patrem
1569 2320 1661 2364 aut
1707 2315 1932 2362 matrem
1977 2303 2097 2374 plus

495 2427 655 2483 quam
678 2425 763 2465 me
782 2451 796 2473 ,
829 2422 934 2463 non
961 2416 1044 2463 est
1069 2421 1156 2460 me
1176 2404 1368 2476 dignus
1396 2420 1410 2456 :
1439 2411 1493 2458 et
1521 2401 1610 2472 qui
1638 2407 1782 2454 amat
1809 2397 1975 2452 ﬁlium
2005 2402 2096 2450 aut

494 2505 657 2559 ﬁliam
680 2517 842 2572 super
869 2516 955 2556 me
975 2542 987 2563 ,
1017 2514 1123 2553 non
1152 2507 1233 2552 est
1260 2511 1346 2551 me
1374 2494 1585 2565 dignus.
1619 2492 1686 2546 Et
1709 2490 1798 2562 qui
1828 2505 1933 2544 non
1951 2486 2095 2542 acci-

498 2599 576 2669 pit
607 2611 818 2653 crucem
848 2608 998 2648 suam
1029 2601 1084 2647 et
1112 2590 1351 2662 sequitur
1376 2603 1496 2655 me,
1529 2601 1635 2641 non
1663 2591 1747 2641 est
1773 2599 1859 2639 me
1882 2581 2092 2653 dignus.

494 2693 596 2761 Qui
627 2690 829 2746 invenit
846 2688 1076 2742 animum
1099 2700 1250 2740 suam
1273 2725 1286 2749 ,
1310 2681 1498 2753 perdet
1518 2680 1665 2734 illam
1691 2695 1704 2742 ;
1730 2685 1783 2732 et
1803 2676 1892 2746 qui
1916 2674 2096 2746 perdi-

495 2787 636 2842 derit
679 2783 910 2839 animam
953 2795 1103 2836 suam
1146 2786 1364 2848 pr0pter
1408 2790 1529 2840 me,
1570 2770 1804 2827 inveniet
1827 2783 1964 2824 eam.
1994 2767 2096 2835 Qui

496 2878 688 2948 recipit
731 2892 861 2944 vos,
912 2890 997 2930 me
1041 2873 1369 2942 recipit;13t
1409 2869 1498 2939 qui
1539 2881 1625 2921 me
1659 2865 1880 2935 recipit,
1907 2861 2098 2932 recipit

498 2987 620 3027 eum
663 2971 753 3041 qui
795 2984 881 3024 me
917 2967 1082 3022 misit.
1119 2965 1220 3031 Qui
1249 2963 1436 3032 recipit
1465 2959 1777 3032 prophetam
1806 2958 1857 3012 in
1882 2955 2096 3011 nomine

498 3063 774 3135 prOphekB
794 3103 809 3128 ,
852 3057 1152 3114 mercedem
1179 3055 1450 3126 pr0phet-.e
1477 3052 1736 3121 accipiet;
1769 3058 1823 3104 et
1844 3050 1932 3119 qui
1953 3048 2094 3104 reci-

499 3159 578 3228 pit
614 3155 816 3226 justum
856 3151 909 3206 in
945 3149 1159 3205 nomine
1188 3147 1346 3218 justi,
1373 3144 1674 3200 mercedem
1698 3140 1827 3211 justi
1851 3139 2093 3209 accipiet.

501 3248 574 3304 Et
595 3245 915 3318 quicumque
937 3251 1118 3312 potum
1147 3238 1358 3295 dederit
1378 3236 1468 3291 uni
1497 3250 1563 3292 ex
1590 3233 1824 3290 minimis
1845 3231 1982 3298 istis,
2008 3245 2098 3285 ca-

501 3340 660 3396 licem
689 3353 842 3409 aqua:
870 3333 1074 3406 frigida:
1096 3341 1298 3388 tantum
1321 3331 1373 3386 in
1401 3329 1617 3384 nomine
1641 3325 1917 3397 discipuli,
1937 3339 2094 3380 amen

501 3432 623 3488 dico
648 3430 798 3486 vobis
817 3471 832 3496 ,
864 3442 972 3484 non
993 3425 1182 3498 perdet
1205 3423 1506 3480 mercedem
1528 3436 1701 3478 suam.

574 3524 640 3579 Et
676 3521 832 3595 paulo
873 3529 983 3592 post
1026 3515 1153 3592 [XL]
1198 3535 1212 3573 :
1242 3515 1336 3572 Cui
1363 3522 1544 3570 autem
1569 3513 1796 3568 similem
1820 3509 2098 3566 aestimabo

499 3615 899 3688 generationem
939 3609 1140 3666 istam?
1164 3607 1366 3665 Similis
1390 3615 1475 3662 est
1502 3605 1681 3676 pueris
1709 3601 2018 3659 sedentibus
2042 3601 2097 3656 in

501 3706 647 3773 foro,
681 3704 773 3777 qui
796 3704 1090 3760 clamantes
1114 3698 1472 3771 corequalibus
1493 3740 1507 3764 ,
1535 3697 1718 3753 dicunt
1749 3714 1761 3749 :
1790 3695 2099 3751 Cecinimus

509 3799 656 3854 vobis
673 3839 688 3864 ,
720 3805 772 3852 et
799 3812 904 3851 non
925 3793 1194 3858 saltastis;
1225 3789 1632 3847 lamentavimus
1653 3828 1668 3854 ,
1689 3796 1744 3843 et
1763 3801 1868 3841 non
1891 3783 2100 3857 planxi-

503 3891 621 3948 stis.
664 3887 826 3943 Venit
867 3885 1010 3942 enim
1054 3884 1291 3940 Joannes
1333 3895 1506 3951 neque
1533 3878 1895 3944 manducans,
1926 3890 2099 3947 neque

506 3983 730 4046 bibens;
759 3987 813 4034 et
836 3977 1020 4032 dicunt
1046 3993 1061 4030 :
1091 3974 1419 4030 Daemonium
1437 3972 1616 4026 habet.
1639 3970 1796 4026 Venit
1815 3969 1982 4024 Filius
2004 3969 2100 4023 ho-

507 4073 665 4128 minis
704 4068 1062 4132 mandueans,
1099 4074 1150 4122 et
1179 4065 1402 4129 bibens;
1437 4071 1492 4120 et
1515 4063 1699 4118 dicunt
1727 4080 1739 4116 :
1771 4063 1908 4116 Ecce
1934 4061 2098 4116 homo

507 4180 670 4220 vorax
690 4204 706 4228 ,
752 4169 807 4218 et
843 4168 1052 4231 potator
1077 4157 1181 4212 vini
1204 4199 1216 4221 ,
1247 4155 1645 4226 publicanorum
1676 4160 1731 4208 et
1760 4162 2096 4222 peccatorum

505 4257 729 4312 amicus.
762 4254 827 4310 Et
849 4249 1138 4323 justiﬁcata
1164 4258 1246 4304 est
1266 4246 1525 4317 sapientia
1546 4261 1574 4298 a
1596 4244 1718 4298 ﬁliis
1741 4243 1872 4298 suis.
1897 4241 1964 4295 Et
1985 4250 2098 4311 post

504 4349 771 4423 paululum
793 4365 814 4403 :
835 4345 1021 4403 Venite
1046 4343 1111 4398 ad
1136 4359 1241 4409 me,
1266 4356 1453 4396 omnes
1477 4338 1565 4410 qui
1597 4335 1866 4400 laboratis,
1890 4343 1942 4390 et
1965 4348 2098 4390 one-

504 4443 607 4498 rati
648 4441 813 4504 estis;
859 4447 914 4494 et
954 4451 1053 4506 ego
1081 4433 1317 4490 reﬁciam
1347 4447 1460 4487 vos.
1493 4429 1683 4484 Tollite
1703 4427 1886 4498 jugum
1917 4441 2096 4480 meum

506 4550 668 4604 super
703 4545 830 4595 vos,
869 4539 923 4584 et
950 4528 1139 4582 discite
1165 4541 1196 4580 a
1228 4540 1312 4579 me
1337 4524 1457 4594 quia
1487 4522 1628 4576 mitis
1655 4535 1771 4575 sum
1800 4527 1854 4574 et
1883 4517 2096 4572 humilis

505 4626 666 4680 corde
689 4641 704 4690 ;
735 4634 788 4678 et
811 4620 1091 4676 invenietis
1115 4618 1352 4688 requiem
1373 4614 1650 4669 animabus
1672 4613 1882 4667 vestris.
1902 4610 2094 4681 Jugnm

507 4720 649 4774 enim
680 4730 854 4770 meum
882 4728 1043 4767 suave
1071 4721 1185 4775 est,
1219 4719 1273 4765 et
1297 4723 1430 4763 onus
1455 4721 1629 4763 meum
1654 4707 1770 4761 leve
1791 4714 1892 4760 est.

577 4808 708 4863 Item
751 4815 863 4878 post
903 4801 1166 4876 paululum
1203 4797 1343 4873 [xm]
1387 4817 1399 4853 :
1439 4797 1493 4851 Si
1525 4807 1699 4852 autem
1731 4796 1939 4851 sciretis
1968 4797 2096 4866 quid

507 4910 610 4969 est,
637 4896 1050 4956 Misericordiam
1079 4894 1218 4958 volo,
1251 4900 1307 4948 et
1329 4907 1434 4946 non
1456 4889 1797 4954 sacrificium,
1823 4905 2094 4958 nunquam

505 4991 963 5049 condemnassetis
1009 4987 1340 5042 innocentes.
1392 4981 1456 5036 Et
1498 4991 1608 5052 post
1651 4979 1916 5052 paululum
1944 4998 1963 5035 :
1993 4981 2095 5048 Qui

503 5101 612 5142 non
641 5094 721 5141 est
750 5096 956 5138 mecum
977 5122 991 5146 ,
1025 5085 1209 5136 contra
1238 5091 1322 5131 me
1341 5085 1455 5139 est;
1487 5083 1541 5128 et
1565 5074 1654 5143 qui
1682 5089 1786 5128 non
1811 5083 2097 5146 congregat

504 5193 714 5235 mecum
734 5219 748 5242 ,
795 5175 1014 5245 spargit.
1051 5171 1174 5227 ideo
1198 5169 1317 5224 dico
1346 5167 1526 5234 vobis,
1556 5182 1714 5222 omne
1741 5176 2013 5237 peccatum
2041 5177 2096 5225 et

503 5269 835 5341 blasphemia
881 5266 1180 5321 remittetur
1223 5259 1526 5316 hominibus
1576 5277 1590 5313 :
1642 5257 1869 5328 Spiritus
1916 5269 2095 5315 autem

501 5361 830 5432 blasphemia
852 5373 957 5413 non
982 5355 1302 5412 remittetur.
1335 5353 1401 5407 Et
1423 5352 1739 5423 quicumque
1759 5349 1952 5406 dixerit
1973 5366 2095 5406 ver-

501 5456 631 5512 bum
649 5463 834 5510 contra
877 5449 1064 5505 Filium
1113 5445 1374 5510 hominis,
1420 5444 1720 5500 remittetur
1755 5443 1803 5498 ei
1838 5460 1850 5497 :
1879 5443 1965 5512 qui
1997 5458 2095 5497 au-

504 5560 610 5605 tem
633 5546 828 5603 dixerit
851 5551 1034 5600 contra
1059 5540 1313 5612 Spiritum
1345 5549 1586 5592 sanctum
1608 5578 1623 5602 ,
1657 5551 1763 5590 non
1795 5536 2095 5591 remittetur

501 5642 583 5708 ei,
613 5655 788 5711 neque
815 5638 869 5693 in
898 5636 1000 5692 hoc
1032 5635 1228 5691 smculo
1248 5676 1262 5700 ,
1296 5647 1465 5702 neque
1495 5631 1546 5685 in
1575 5629 1770 5684 futuro.
1801 5631 1906 5685 Aut
1934 5629 2094 5686 facite

502 5731 749 5788 arborem
790 5730 983 5785 bonam
1004 5769 1018 5794 ,
1063 5735 1118 5782 et
1156 5725 1384 5781 fructum
1409 5724 1522 5793 ejus
1549 5724 1785 5788 bonum;
1819 5732 1908 5779 aut
1932 5724 2092 5784 facile

1727 243 1786 307 S.
1828 233 2194 306 AUGUSTINI
2231 241 2587 302 SPECULUM

3661 243 3730 306 976

2195 359 2440 417 arborem
2485 360 2679 416 malam
2699 402 2716 428 ,
2762 367 2820 417 et
2849 359 3081 416 fructum
3113 357 3234 431 ejus
3261 357 3459 415 malum
3489 377 3502 416 :
3527 360 3728 432 siquidem

2196 467 2259 505 ex
2307 451 2479 507 fructu
2516 453 2677 508 arbor
2713 451 3073 522 cognoscitur.
3113 451 3413 523 Progenies
3451 451 3727 527 viperarum,

2194 543 2463 614 quomodo
2501 544 2724 615 potestis
2773 544 2910 599 bona
2959 544 3140 616 loqui,
3189 559 3316 600 cum
3360 534 3474 600 sitis
3512 546 3648 601 mali?
3676 547 3727 606 Ex

2193 635 2511 691 abundantia
2538 637 2682 692 enim
2710 636 2888 693 cordis
2935 651 2998 691 os
3049 636 3307 708 loquitur.
3339 635 3510 690 Bonus
3533 635 3665 692 homo
3685 638 3728 695 de

2194 726 2336 782 bono
2378 727 2628 784 thesauro
2670 727 2849 783 cordis
2885 728 2965 783 sui
3010 726 3214 800 profert
3259 728 3401 784 bona
3431 729 3488 793 ¹;
3528 736 3577 784 et
3607 732 3727 785 malus

2194 819 2356 875 homo
2384 821 2451 877 de
2475 821 2618 876 malo
2649 822 2900 877 thesauro
2921 820 3129 892 profert
3157 821 3326 877 mala.
3358 823 3482 878 Dico
3502 833 3649 878 autem
3666 839 3729 877 vo-

2195 911 2278 968 bis
2299 955 2313 979 ,
2351 914 2601 984 quoniam
2627 927 2786 969 omne
2815 913 3037 970 verbum
3066 913 3303 970 otiosum
3328 914 3468 984 quod
3491 915 3628 970 locuti
3649 914 3728 971 fue-

2193 1005 2300 1062 rint
2339 1004 2614 1070 homines,
2658 1004 2885 1062 reddent
2919 1006 3184 1062 rationem
3211 1005 3280 1063 de
3304 1021 3374 1063 eo
3400 1007 3450 1062 in
3475 1006 3556 1063 die
3577 1007 3729 1077 judia‘i.

2197 1095 2276 1150 Ex
2320 1094 2495 1150 verbis
2540 1095 2685 1151 enim
2734 1096 2836 1152 tuis
2871 1095 3288 1167 justiﬁeaberis,
3316 1106 3372 1154 et
3399 1112 3464 1153 ex
3486 1097 3638 1152 verbis
3661 1098 3729 1154 tuis

2194 1187 2658 1244 condemnaberis.

2266 1277 2335 1331 Et
2358 1289 2468 1350 post
2494 1280 2812 1350 aliquantum
2837 1279 2973 1355 [xv.]
3005 1299 3017 1335 :
3047 1281 3265 1350 Audite,
3286 1291 3342 1339 et
3363 1282 3726 1354 intelligite.Non

2194 1370 2336 1440 quod
2380 1371 2538 1426 intrat
2579 1373 2632 1427 in
2669 1387 2765 1440 os,
2806 1372 3113 1444 coinquinat
3147 1373 3424 1430 hominem
3463 1392 3477 1429 :
3520 1374 3602 1429 sed
3626 1375 3726 1444 quod

2197 1462 2434 1534 procedit
2471 1479 2536 1518 ex
2577 1478 2705 1530 ore,
2753 1464 2854 1520 hoc
2887 1465 3199 1536 coinquinat
3227 1466 3515 1521 hominem.
3542 1463 3600 1518 Et
3620 1465 3728 1537 paulo

2197 1563 2308 1623 post
2353 1570 2370 1607 :
2417 1553 2768 1626 Respondens
2807 1564 2984 1611 autem
3015 1555 3245 1624 Petrus,
3280 1557 3415 1612 dixit
3437 1557 3512 1621 ei,
3541 1555 3728 1611 Edissere

2195 1645 2348 1701 nobis
2395 1648 2698 1717 parabolam
2748 1649 2922 1703 istam.
2968 1650 3036 1703 At
3081 1649 3170 1705 ille
3207 1650 3373 1717 dixit,
3407 1649 3578 1704 Adhuc
3600 1658 3642 1704 et
3663 1663 3726 1703 vos

2197 1736 2313 1793 sine
2356 1737 2626 1793 intellectu
2653 1740 2821 1794 estis?
2843 1738 2958 1795 Non
2990 1740 3288 1812 intelligitis
3317 1741 3440 1812 quia
3464 1755 3605 1794 omne
3628 1738 3728 1809 quod

2198 1831 2249 1885 in
2277 1847 2338 1887 os
2368 1832 2549 1898 intrat,
2578 1833 2628 1887 in
2659 1841 2900 1889 ventrem
2921 1833 3098 1900 vadit,
3123 1842 3177 1888 et
3199 1835 3253 1889 in
3290 1847 3551 1890 secessum
3581 1831 3727 1888 emitti-

2198 1931 2284 1978 tur
2312 1941 2324 1978 :
2354 1939 2473 1996 quae
2509 1932 2686 1979 autem
2729 1923 3022 1995 procedunt
3055 1924 3122 1980 de
3145 1940 3274 1992 ore,
3299 1924 3367 1980 de
3391 1924 3541 1980 corde
3559 1932 3727 1985 exeunt,

2199 2027 2254 2076 et
2291 2034 2354 2076 ea
2393 2019 2737 2091 coinquinant
2773 2019 3093 2076 hominem?
3131 2020 3212 2077 De
3238 2020 3402 2076 corde
3430 2019 3561 2075 enim
3583 2026 3730 2072 exeunt

2199 2112 2549 2183 cogitationes
2595 2113 2750 2168 mala:
2778 2156 2794 2181 ,
2840 2113 3126 2168 homicidia
3153 2156 3168 2176 .
3219 2113 3512 2179 adulteria,
3557 2110 3730 2166 fornicao

2202 2207 2374 2262 tiones
2393 2248 2407 2272 ,
2431 2205 2569 2261 furta
2591 2247 2605 2274 ,
2633 2206 2765 2261 falsa
2790 2207 3113 2273 testimonia,
3138 2205 3501 2278 blasphemia:
3523 2203 3628 2260 Haec
3641 2211 3727 2258 sunt

2201 2314 2319 2370 qua:
2349 2299 2699 2369 coinquinant
2725 2297 2997 2354 hominem
3029 2317 3041 2354 :
3072 2312 3178 2353 non
3206 2297 3331 2353 lotis
3357 2305 3523 2352 autem
3547 2294 3730 2350 manibus

2202 2389 2552 2457 manducare,
2585 2405 2689 2444 non
2712 2390 3020 2461 coinquinat
3047 2388 3341 2445 hominem.

2273 2481 2404 2537 Item
2429 2490 2540 2554 post
2564 2481 2883 2553 aliquantum
2911 2479 3070 2555 [ιη]
3097 2499 3110 2538 :
3139 2479 3296 2536 Tunc
3315 2479 3445 2535 dixit
3461 2477 3597 2534 Iesus
3611 2474 3727 2530 disci-

2202 2576 2339 2646 pulis
2368 2576 2510 2642 suis,
2541 2574 2595 2630 Si
2622 2575 2743 2646 quis
2767 2575 2876 2629 vult
2901 2583 3023 2645 post
3043 2590 3129 2631 me
3145 2575 3367 2641 venire,
3386 2572 3590 2642 abneget
3606 2580 3730 2623 serue

2203 2669 2396 2738 tipsum
2418 2711 2433 2736 ,
2466 2678 2519 2724 et
2546 2667 2694 2722 tollat
2730 2683 2944 2723 erucem
2969 2684 3118 2723 suam
3140 2710 3154 2735 ,
3206 2677 3261 2722 et
3289 2673 3527 2737 sequatur
3551 2676 3636 2716 me.
3660 2657 3730 2727 Qui

2202 2761 2344 2816 enim
2393 2761 2622 2816 voluerit
2667 2761 2897 2815 animam
2938 2775 3090 2815 suam
3135 2759 3345 2814 salvam
3374 2757 3566 2820 facere,
3595 2749 3730 2823 perdet

2200 2866 2318 2906 eam
2348 2869 2360 2905 :
2390 2852 2478 2921 qui
2504 2859 2681 2905 autem
2713 2850 3002 2921 perdiderit
3023 2850 3258 2905 animam
3286 2864 3430 2904 suam
3456 2852 3640 2918 propter
3655 2854 3728 2902 me.

2200 2943 2435 2998 inveniet
2476 2958 2614 2999 eam.
2645 2941 2779 3010 Quid
2804 2941 2946 2998 enim
2977 2941 3198 3014 prodest
3232 2940 3449 3004 homini,
3475 2938 3515 2993 si
3538 2931 3729 2991 mundum

2203 3036 2510 3091 universum
2563 3036 2828 3102 lucretur,
2880 3035 3072 3090 animm
3109 3050 3242 3091 vero
3284 3049 3393 3089 sua:
3425 3031 3728 3087 detrimentum

2201 3130 2473 3200 patiatur?
2512 3140 2601 3184 aut
2639 3145 2800 3200 quam
2839 3129 2986 3184 dabit
3016 3118 3179 3184 homo
3213 3125 3642 3186 commutationem
3664 3129 3729 3188 pro

2201 3221 2376 3275 anima
2399 3221 2538 3276 sua?
2559 3221 2724 3276 Filius
2745 3221 2887 3276 enim
2914 3221 3146 3277 hominis
3171 3231 3428 3278 venturus
3450 3215 3584 3273 estin
3606 3208 3728 3282 gloria

2204 3313 2373 3370 Patris
2399 3315 2481 3370 sui
2509 3329 2630 3369 cum
2658 3313 2876 3384 Angelis
2905 3314 3035 3383 suis,
3063 3324 3117 3370 et
3146 3323 3280 3371 tunc
3303 3311 3480 3370 reddet
3506 3303 3728 3373 unicuique

2203 3407 2495 3464 secundum
2526 3423 2688 3479 opera
2719 3408 2855 3478 ejus.

2275 3499 2408 3554 Item
2435 3499 2694 3570 aliquanto
2726 3509 2835 3570 post
2862 3497 3063 3572 [XVIIL]
3091 3519 3102 3554 :
3131 3500 3306 3554 Arnen
3334 3497 3448 3554 dico
3475 3492 3632 3555 vobis,
3657 3483 3728 3540 nisi

2204 3592 2446 3647 conversi
2477 3591 2680 3647 fueritis
2698 3633 2712 3657 ,
2744 3600 2798 3646 et
2819 3589 3126 3646 efﬁciamini
3155 3591 3299 3646 sicut
3324 3585 3545 3661 parvuli,
3569 3596 3652 3637 non
3670 3577 3727 3631 in-

2205 3684 2411 3740 trabitis
2453 3684 2507 3739 in
2550 3698 2769 3754 regnum
2799 3683 3077 3738 caelorum.
3108 3683 3436 3752 Quicumque
3462 3690 3574 3747 ergo
3598 3666 3726 3726 humi-

2205 3775 2416 3830 liaverit
2445 3791 2503 3829 se.
2533 3776 2672 3830 sicut
2699 3775 2947 3845 parvulus
2974 3775 3104 3840 iste,
3136 3773 3225 3829 hic
3254 3782 3336 3830 est
3363 3771 3520 3840 major
3543 3767 3585 3820 in
3605 3769 3725 3829 regno

2203 3867 2483 3922 ctelorum.
2521 3865 2588 3921 Et
2615 3867 2706 3937 qui
2735 3866 3030 3936 susceperit
3055 3881 3218 3920 unum
3256 3863 3514 3936 parvulum
3541 3855 3669 3912 talem
3689 3849 3724 3901 in

2205 3959 2418 4014 nomine
2454 3973 2576 4013 meo
2598 4001 2611 4024 ,
2642 3973 2728 4013 me
2758 3959 3000 4029 suscipit.
3029 3957 3129 4026 Qui
3159 3967 3341 4013 autem
3367 3937 3724 4010 scandalizaverit

2204 4069 2366 4107 unum
2397 4051 2464 4108 de
2495 4051 2705 4122 pusillis
2735 4051 2850 4106 istis
2869 4093 2884 4118 ,
2918 4051 3006 4122 qui
3035 4051 3086 4105 in
3118 4066 3203 4106 me
3231 4048 3475 4111 credunt,
3500 4029 3723 4109 expeditei
3798 4087 3799 4094 η

2204 4156 2262 4198 ut
2289 4143 2644 4210 suspendatur
2670 4143 2810 4198 mola
2836 4142 3066 4197 asinaria
3092 4143 3142 4196 in
3166 4143 3308 4197 collo
3327 4139 3466 4210 ejus,
3497 4142 3543 4188 et
3559 4129 3720 4184 demer-

2201 4248 2357 4308 gatur
2399 4239 2449 4292 in
2496 4235 2813 4308 profundum
2859 4236 3040 4290 maris.
3082 4234 3176 4290 Vae
3208 4211 3717 4290 mundoascandalis!
3798 4211 3799 4248 l

2204 4331 2432 4386 Necesse
2470 4339 2564 4385 est
2593 4330 2733 4384 enim
2774 4337 2833 4383 ut
2858 4329 3074 4384 veniant
3101 4327 3350 4384 scandala
3380 4344 3391 4378 :
3423 4318 3720 4376 verumtamen

2204 4441 2282 4478 vat:
2310 4423 2508 4477 homini
2536 4439 2632 4494 per
2658 4438 2817 4499 quem
2846 4421 3153 4477 scandalum
3184 4419 3363 4477 venit!
3393 4415 3444 4472 Si
3471 4421 3619 4466 autem
3642 4412 3721 4455 ma-

2205 4531 2312 4574 nus,
2345 4526 2431 4570 tua
2467 4516 2550 4570 vel
2591 4498 2832 4586 pestuus
2857 4515 3177 4571 scandalizat
3209 4525 3290 4580 te,
3319 4506 3517 4567 abscide
3539 4498 3718 4586 cumet

2204 4608 2405 4678 projice
2436 4608 2532 4662 abs
2559 4582 2627 4662 te.
2665 4609 2865 4662 Bonum
2893 4617 2975 4662 est
3001 4608 3092 4662 tibi
3124 4607 3190 4662 ad
3219 4609 3376 4663 vitam
3406 4593 3583 4670 ingredi
3606 4582 3717 4678 delii-

2201 4701 2306 4757 lcm
2335 4700 2418 4757 vel
2447 4699 2693 4756 claudum
2716 4701 2768 4768 ³,
2799 4715 2957 4771 quam
2984 4700 3115 4756 duas
3144 4714 3330 4755 manus
3359 4694 3434 4751 vel
3462 4692 3576 4744 duos
3600 4675 3716 4752 Pedes
3798 4701 3799 4730 ‘

2205 4795 2490 4850 habentem
2533 4793 2668 4848 mitti
2708 4793 2760 4847 in
2789 4793 2963 4864 ignem
2991 4804 3272 4848 :eternum.
3299 4791 3363 4847 Et
3384 4787 3422 4842 si
3451 4777 3609 4838 oculus

2203 4887 2526 4944 scandalizat
2552 4895 2620 4951 te,
2651 4901 2779 4941 erue
2808 4863 2952 4952 eum,
2975 4895 3028 4942 et
3052 4887 3252 4958 projice
3275 4884 3365 4939 abs
3385 4888 3450 4934 te.
3474 4875 3640 4930 Bonum
3656 4863 3715 4912 est
3798 4865 3799 4916 ὲ

2204 4981 2296 5036 tibi
2319 4995 2438 5034 cum
2469 4993 2575 5034 uno
2598 4978 2754 5033 oculo
2783 4978 2837 5032 in
2867 4977 3029 5033 vitam
3057 4979 3288 5045 intrare,
3318 4987 3463 5048 quam
3489 4966 3601 5021 duos
3617 4963 3712 5010 οοιι·

2204 5073 2286 5127 los
2310 5070 2594 5126 habentem
2624 5069 2760 5124 mitti
2788 5068 2843 5124 in
2861 5070 3156 5141 gehennam
3179 5071 3330 5140 ignis.
3357 5062 3524 5120 Videte
3541 5066 3596 5108 ne

2205 5164 2456 5220 temnatis
2499 5177 2664 5218 unum
2707 5178 2773 5218 ex
2810 5163 2891 5216 his
2929 5162 3134 5232 pusillis
3174 5181 3185 5216 :
3218 5162 3334 5217 dico
3374 5163 3532 5210 autem
3570 5134 3706 5232 VObjsv

2205 5259 2330 5330 quia
2355 5255 2540 5327 Angeli
2567 5271 2751 5311 eorum
2781 5255 2832 5309 in
2857 5225 3006 5311 ccelis
3033 5269 3246 5325 semper
3268 5250 3436 5306 vident
3461 5238 3614 5330 facient
3635 5225 3703 5330 Pl"

2207 5349 2304 5404 tris
2317 5350 2441 5416 mei,
2458 5348 2547 5419 (lui
2559 5348 2612 5402 in
2629 5347 2782 5403 cmlis
2796 5356 2896 5402 est.
2914 5345 3069 5402 Venit
3089 5310 3229 5402 enim
3254 5343 3409 5401 Filius
3431 5323 3623 5391 hominis
3634 5310 3699 5371 sal-
3798 5329 3799 5352 ι

2271 5486 2288 5516 ³
2314 5482 2514 5555 Villii“
2528 5495 2630 5555 9°“
2651 5481 2821 5555 W393,
2843 5479 3114 5555 ρονάίδ..δ²⁴ί
3128 5494 3152 5555 .-'
3174 5483 3287 5534 ¹ί⁰θί
3305 5481 3480 5555 6'
3491 5465 3634 5555 13$“
3654 5446 3706 5555 Ξῖ

2271 5489 2288 5516 ³
2314 5489 2400 5533 Vul
2466 5489 2514 5534 la
2535 5495 2630 5533 non
2653 5489 2821 5541 me“
2843 5489 3006 5533 cora“
3135 5494 3152 5532 ἶ
3174 5489 3287 5534 licet
3498 5489 3634 5516 manu
3654 5489 3685 5496 ’-

2207 5553 2298 5606 rat,
2324 5544 2392 5596 tes
2401 5495 2614 5596 ῆεῗιηιίαδ
2629 5583 2642 5602 ,
2677 5543 2837 5594 addito
2860 5544 2912 5594 in
2932 5544 3218 5608 quibusdam
3241 5489 3467 5594 cogemus
3489 5516 3633 5578 σκιαί,
3658 5511 3693 5557 ⁸⁸

2206 5608 2332 5672 apud
2353 5609 2754 5672 chrysoswmum-
2803 5667 2820 5672 -
3058 5666 3068 5672 .
3131 5667 3141 5672 _
3229 5667 3238 5672 .
3433 5654 3475 5672 ,.
3578 5637 3692 5672 ιηιη

2269 5619 2332 5657 ua
2353 5619 2754 5657 curvsoswmum.

2271 5621 2332 5657 ua
2353 5621 2754 5680 cnrysoswmutn.
3528 5650 3538 5660 ,

2271 5675 2359 5744 fin
2375 5670 2527 5743 editis
2548 5671 2777 5744 omisstun
2798 5667 2974 5744 fuerat,
2995 5666 3068 5720 vel
3095 5667 3346 5730 claudum;
3361 5654 3478 5726 quod
3495 5651 3562 5703 mc
3578 5637 3692 5694 in”

2209 5735 2280 5785 uti
2304 5733 2423 5784 etin
2445 5733 2594 5783 sacris
2615 5729 2731 5782 Bibl.
2752 5733 3016 5796 reperitur.

3631 4776 3716 4823 tuus
3798 4831 3799 4834 η
