3874 6310
145 314 255 375 9η

152 438 290 483 vare
311 419 464 495 quod
491 419 737 492 perierat.
768 417 835 472 Et
850 414 1003 485 paulo
1020 421 1130 486 post
1158 430 1172 468 :
1196 410 1252 468 Si
1275 416 1450 464 autem
1478 404 1776 476 peccaverit

161 520 219 574 in
248 526 304 572 te
325 514 494 571 frater
520 521 662 579 tuus,
700 511 834 568 vade
858 519 911 566 et
936 508 1146 581 corripe
1174 520 1295 562 eum
1315 504 1453 558 inter
1470 510 1519 557 te
1536 501 1777 571 etipsum

161 612 367 669 solum.
394 609 449 665 Si
473 606 785 673 teaudierit,
802 605 1039 660 lucratus
1066 618 1126 657 es
1152 600 1365 655 fratrem
1385 606 1532 652 tuum
1572 613 1585 647 :
1618 594 1661 649 si
1685 608 1779 646 au-

163 712 280 759 tem
302 710 358 757 te
378 717 481 756 non
503 698 745 763 audierit,
764 696 957 752 adhibe
970 705 1142 751 tecum
1158 692 1331 747 adhuc
1345 705 1505 744 unum
1520 687 1600 742 vel
1621 686 1777 753 duos;

160 803 224 850 ut
245 795 300 849 in
324 808 423 848 ore
437 792 662 848 duorum
681 790 915 854 testium,
934 788 1015 842 vel
1040 786 1220 849 trium,
1241 791 1346 838 stet
1362 795 1519 836 omne
1535 780 1779 833 verbum.

161 885 325 955 Quod
368 886 414 940 si
450 899 562 939 non
600 882 824 943 audierit
847 896 939 937 eos
963 921 978 947 ,
1011 879 1098 934 dic
1128 875 1379 932 Ecclesia:
1406 892 1417 930 :
1446 873 1488 928 si
1517 880 1695 927 autem
1721 878 1776 926 et

164 980 476 1036 Ecclesiam
504 992 606 1032 non
630 976 857 1031 audierit
877 1017 890 1041 ,
921 975 989 1028 sit
1009 972 1101 1027 tibi
1118 972 1255 1026 sicut
1273 967 1517 1024 ethnicus
1536 976 1589 1021 et
1606 965 1780 1035 publi-

162 1087 361 1127 canus.
395 1073 564 1125 Amen
590 1068 710 1123 dico
739 1068 889 1122 vobis
913 1108 927 1133 ,
960 1078 1309 1136 quzecumque
1330 1058 1672 1130 alligaveritis
1688 1073 1778 1111 suo

162 1178 266 1237 per
310 1170 545 1228 terram,
588 1169 743 1215 erunt
786 1157 943 1229 ligula
986 1166 1041 1211 et
1070 1156 1121 1210 in
1149 1154 1287 1209 cmlo
1311 1169 1326 1217 ;
1354 1160 1408 1206 et
1435 1165 1782 1221 quzecumque

162 1254 447 1313 solveritis
488 1268 646 1322 super
684 1262 904 1315 terram,
934 1256 1092 1304 erunt
1118 1247 1287 1302 soluta
1317 1251 1372 1299 et
1402 1243 1456 1297 in
1481 1242 1642 1297 caalo.
1676 1240 1781 1294 lte-

167 1362 287 1403 rum
321 1345 447 1400 dico
479 1344 628 1399 vobis
650 1385 663 1408 ,
693 1343 813 1411 quia
843 1342 887 1396 si
915 1340 1022 1395 duo
1044 1354 1108 1394 ex
1130 1337 1281 1393 vobis
1301 1333 1671 1391 consenserint
1694 1347 1784 1386 su-

164 1454 265 1510 per
316 1447 550 1502 terram,
600 1435 666 1490 de
694 1434 838 1489 omni
872 1448 930 1488 re
956 1444 1348 1503 quamcumque
1380 1425 1625 1497 petierint
1646 1466 1660 1488 ,
1695 1423 1785 1478 ﬁet

165 1531 274 1585 illis
306 1547 337 1584 a
370 1529 531 1583 Patre
563 1541 683 1581 meo
711 1526 801 1595 qui
831 1525 885 1579 in
916 1524 1066 1579 caelis
1092 1530 1192 1577 est.
1222 1518 1323 1575 Ubi
1361 1517 1503 1573 enim
1530 1523 1654 1571 sunt
1678 1513 1783 1567 duo

164 1622 253 1677 vel
284 1628 402 1675 tres
429 1617 738 1688 congregati
766 1616 817 1670 in
847 1615 1063 1670 nomine
1089 1628 1209 1668 meo
1233 1654 1248 1678 ,
1282 1610 1351 1665 ibi
1373 1624 1490 1663 sum
1522 1607 1572 1662 in
1607 1602 1783 1659 medio

165 1728 386 1770 eorum.
435 1712 587 1767 Tunc
628 1708 889 1765 accedens
933 1707 1119 1763 Petrus
1162 1704 1229 1759 ad
1274 1717 1425 1767 eum,
1471 1698 1604 1753 dixit
1632 1715 1645 1751 :
1677 1696 1784 1750 De-

165 1806 317 1860 mine
340 1844 357 1869 ,
403 1803 614 1871 quoties
654 1799 894 1871 peccabit
928 1799 979 1853 in
1006 1812 1093 1853 me
1122 1795 1286 1850 frater
1309 1807 1462 1848 meus
1485 1832 1499 1854 ,
1529 1800 1579 1844 et
1608 1788 1787 1843 dimit-

167 1906 282 1953 tam
312 1897 362 1952 ei
385 1897 411 1950 ?
441 1910 608 1965 usque
638 1893 878 1963 septies?
902 1888 1037 1945 Dicit
1068 1888 1143 1943 illi
1167 1886 1322 1941 Jesus
1354 1903 1366 1937 :
1401 1883 1513 1938 Non
1543 1881 1662 1935 dico
1694 1879 1785 1934 tibi

168 2003 344 2059 usque
370 1988 596 2057 septies,
630 1984 722 2039 sed
753 1999 918 2053 usque
947 1979 1246 2052 septuagies
1269 1977 1485 2047 septies.
1509 1974 1636 2029 ldeo
1655 1971 1789 2025 assi-

172 2082 428 2138 milatum
459 2088 540 2136 est
563 2094 782 2150 regnum
805 2077 1063 2133 cmlorum
1097 2071 1297 2127 homini
1326 2069 1471 2140 regi,
1503 2070 1592 2135 qui
1622 2064 1788 2119 voluit

178 2174 456 2230 rationem
508 2188 705 2243 ponere
752 2185 874 2226 cum
919 2168 1087 2224 servis
1127 2166 1238 2221 suis
1269 2182 1280 2217 :
1312 2172 1365 2219 et
1394 2178 1515 2217 cum
1541 2159 1791 2229 coepisset

176 2268 460 2324 rationem
492 2279 689 2335 ponere
709 2303 725 2328 ,
754 2261 961 2317 oblatus
985 2268 1065 2315 est
1088 2259 1137 2314 ei
1160 2271 1296 2312 unus
1322 2254 1407 2325 qui
1438 2252 1666 2308 debebat
1693 2250 1788 2304 de-

174 2376 300 2420 cem
330 2358 501 2414 millia
533 2356 749 2419 talenta;
780 2369 900 2408 eum
929 2361 1104 2406 autem
1137 2366 1241 2405 non
1269 2347 1490 2401 haberet
1511 2343 1651 2398 unde
1671 2341 1791 2396 red-

186 2454 362 2519 deret,
394 2449 560 2520 jussit
584 2463 704 2502 cum
729 2445 975 2501 dominus
1000 2445 1116 2513 ejus
1139 2438 1469 2503 venumdari,
1495 2446 1547 2491 et
1572 2449 1792 2490 uxorem

178 2547 302 2618 ejus
322 2586 337 2611 ,
369 2551 427 2599 et
460 2541 600 2596 filios
621 2583 634 2606 ,
665 2548 718 2594 et
744 2537 922 2592 omnia
947 2551 1065 2606 qua:
1092 2533 1355 2599 habebat,
1386 2538 1439 2585 et
1463 2527 1631 2584 reddi.
1665 2527 1792 2581 Pro-

179 2639 366 2695 cidens
393 2645 574 2690 autem
606 2647 795 2687 servus
820 2630 909 2685 ille
935 2627 1119 2684 orabat
1144 2642 1267 2681 eum
1285 2667 1298 2689 ,
1326 2623 1511 2678 dicens
1541 2639 1552 2674 :
1577 2618 1791 2673 Patien-

181 2729 312 2785 tiam
360 2727 501 2782 habe
534 2725 585 2779 in
614 2739 723 2788 me,
752 2730 807 2777 et
832 2721 1008 2775 omnia
1038 2717 1258 2773 reddam
1287 2715 1398 2769 tibi.
1430 2713 1674 2767 Misertus
1703 2724 1798 2764 au-

184 2829 297 2874 tem
328 2817 586 2873 dominus
607 2814 744 2869 servi
774 2812 915 2868 illius
936 2853 951 2878 ,
974 2809 1176 2865 dimisit
1195 2822 1315 2862 eum
1332 2848 1346 2873 ,
1377 2815 1429 2860 et
1456 2803 1695 2859 debitum
1717 2799 1798 2854 di-

186 2913 335 2967 misit
380 2910 452 2964 ei.
487 2909 747 2978 Egressus
775 2914 951 2960 autem
984 2917 1169 2958 servus
1198 2901 1283 2956 ille
1313 2897 1514 2954 invenit
1543 2911 1704 2950 unum
1731 2893 1799 2949 de

192 3001 479 3058 conservis
524 3000 636 3053 suis
664 3042 677 3063 ,
725 2997 814 3067 qui
853 2995 1081 3050 debebat
1118 2993 1165 3047 ei
1193 3000 1405 3047 centum
1435 2988 1683 3043 denarios
1704 3026 1721 3047 ,
1746 2992 1800 3039 et

190 3105 387 3150 tenens
416 3091 712 3146 suffocabat
742 3105 863 3143 eum
889 3088 1073 3143 dicens
1104 3103 1116 3138 :
1148 3082 1331 3139 Redde
1360 3080 1500 3152 quod
1524 3079 1706 3133 debes.
1734 3075 1801 3130 Et

191 3186 485 3259 procidcns
516 3198 803 3237 conservus
831 3180 944 3250 ejus
964 3221 979 3245 ,
1008 3178 1227 3248 rogabat
1254 3191 1373 3230 eum
1396 3215 1411 3241 ,
1441 3173 1624 3227 dicens
1656 3189 1667 3223 :
1696 3169 1802 3224 Pa-

193 3280 442 3335 tientiam
494 3276 629 3329 habe
676 3274 724 3326 in
770 3289 851 3325 me
873 3313 886 3334 ,
916 3280 969 3325 ct
997 3270 1174 3324 omnia
1205 3266 1423 3322 reddam
1451 3264 1563 3318 tibi.
1595 3262 1685 3315 llle
1710 3275 1806 3313 au-

193 3380 305 3425 tem
338 3368 547 3429 noluit;
579 3364 669 3419 sed
703 3363 859 3425 abiit,
893 3372 946 3415 et
975 3359 1121 3414 misit
1143 3374 1263 3412 eum
1292 3358 1343 3410 in
1374 3368 1674 3415 carcerem,
1703 3350 1803 3405 do-

197 3476 300 3516 nec
342 3457 598 3513 redderet
640 3454 898 3507 debitum.
936 3450 1190 3504 Vidcnlcs
1216 3455 1392 3501 autem
1419 3442 1663 3499 conservi
1691 3440 1807 3511 ejus

196 3568 321 3623 qua:
375 3548 599 3613 fiebant,
644 3542 941 3600 contristati
981 3549 1106 3595 sunt
1134 3539 1287 3592 valde
1313 3554 1326 3601 ;
1355 3547 1407 3592 et
1437 3542 1724 3597 venerunt,
1755 3537 1810 3587 et

201 3650 564 3700 narraverunt
606 3637 823 3693 domino
866 3650 964 3691 suo
1006 3633 1217 3697 omnia,
1263 3648 1381 3701 qua:
1418 3629 1550 3683 facta
1581 3628 1805 3683 fuerant.

204 3736 359 3791 Tunc
400 3732 606 3786 vocavit
652 3729 797 3783 illum
836 3726 1084 3781 dominus
1113 3738 1275 3788 suus,
1308 3730 1361 3777 et
1390 3723 1462 3775 ait
1492 3721 1563 3774 illi
1598 3737 1609 3771 :
1644 3719 1809 3774 Serve

206 3840 473 3897 nequam,
508 3836 666 3875 omne
696 3819 931 3874 debitum
963 3815 1136 3870 dimisi
1173 3813 1262 3868 tibi
1286 3856 1300 3880 ,
1331 3811 1579 3882 quoniam
1613 3808 1810 3878 regasti

210 3934 299 3972 me
324 3934 337 3978 ;
376 3929 553 3970 nonne
583 3927 711 3982 ergo
741 3910 974 3980 oportuit
1002 3916 1055 3963 et
1085 3917 1135 3961 te
1160 3904 1399 3959 misereri
1430 3900 1673 3957 conservi
1699 3902 1768 3954 tui
1791 3942 1806 3967 ,

213 4010 353 4064 sicut
374 4016 430 4062 et
454 4020 552 4076 ego
577 4004 651 4058 tui
676 4004 924 4057 misertus
945 3999 1105 4054 sum?
1129 3999 1191 4053 Et
1214 3998 1377 4052 iratus
1400 3996 1643 4051 dominus
1665 3995 1777 4063 ejus
1792 4036 1807 4061 ,

215 4100 436 4155 tradidit
464 4113 584 4153 eum
614 4093 926 4157 tortoribus,
959 4090 1303 4163 quoadusque
1329 4088 1576 4144 redderet
1606 4086 1814 4140 univcr—

217 4210 333 4249 sum
365 4192 626 4247 debitum.
655 4188 743 4243 Sic
768 4197 820 4241 et
847 4187 1004 4240 Pater
1028 4198 1178 4238 meus
1200 4182 1433 4237 emit-stis
1460 4181 1615 4235 faciet
1632 4178 1809 4243 vobis,

220 4289 263 4342 si
296 4303 403 4340 non
433 4280 743 4339 remiseritis
772 4277 1130 4348 unusquisque
1160 4275 1307 4329 fratri
1337 4291 1433 4330 suo
1465 4272 1531 4327 de
1561 4270 1810 4327 cordibus

220 4381 437 4436 vestris.

296 4473 361 4527 Et
385 4471 540 4543 paulo
570 4476 679 4539 post
707 4462 864 4539 [suc]
886 4481 898 4517 :
924 4463 989 4517 Et
1012 4467 1351 4516 accesserunt
1380 4456 1445 4511 ad
1477 4471 1597 4511 eum
1630 4454 1814 4509 Phari-

226 4564 339 4629 sazi,
375 4570 641 4616 tentantes
679 4572 823 4622 eum,
851 4563 905 4610 et
933 4553 1171 4608 dicentes
1198 4550 1286 4605 :Si
1327 4549 1451 4603 licet
1492 4547 1689 4602 homini
1736 4546 1817 4600 di-

228 4656 441 4709 mittere
474 4665 692 4706 uxorem
732 4662 881 4702 suam
919 4657 1253 4716 quacumque
1283 4656 1351 4695 ex
1379 4640 1574 4694 causa?
1599 4639 1698 4706 Qui
1728 4652 1814 4691 re-

229 4745 498 4814 spondens
521 4743 589 4797 ait
616 4742 693 4797 eis
719 4758 731 4794 :
755 4739 870 4794 Non
896 4736 1099 4808 legistis
1121 4734 1242 4805 quia
1261 4732 1348 4803 qui
1369 4731 1527 4785 fecit‘
1551 4730 1618 4784 ab
1644 4729 1815 4796 initio,

230 4838 525 4892 masculum
544 4843 598 4890 ct
623 4832 873 4886 feminam
900 4829 1023 4885 fecit
1047 4842 1176 4892 eos;
1205 4833 1260 4881 et
1282 4824 1414 4879 dixit
1440 4824 1694 4892 :Pmpter
1717 4821 1819 4876 hoc

232 4930 460 4987 dimittet
487 4930 647 4982 homo
679 4934 879 4997 patrem
905 4932 959 4978 et
984 4930 1238 4987 matrem,
1266 4926 1321 4974 et
1349 4916 1642 4971 adhmrebit
1669 4914 1817 4970 uxori

236 5034 373 5084 suae;
401 5030 451 5076 et
483 5026 639 5073 erunt
666 5016 772 5071 duo
808 5015 858 5068 in
882 5028 1041 5068 carne
1068 5026 1189 5065 una.
1222 5010 1401 5079 Itaque
1427 5008 1535 5078 jam
1565 5022 1667 5061 non
1699 5012 1821 5059 sunt

239 5111 360 5178 duo,
397 5111 489 5168 sed
530 5125 632 5164 una
669 5124 812 5162 caro.
838 5104 988 5173 Quod
1021 5118 1147 5173 ergo
1176 5103 1316 5156 Deus
1342 5098 1631 5169 conjunxit,
1662 5096 1821 5151 homo

241 5218 342 5256 non
374 5210 603 5274 separet.
641 5200 830 5253 Dicunt
858 5197 930 5252 illi
954 5215 965 5249 :
988 5194 1123 5262 Quid
1155 5208 1282 5263 ergo
1308 5192 1517 5264 Moyses
1552 5190 1821 5245 mandavit

243 5292 364 5348 dare
411 5293 645 5348 libellum
684 5289 908 5361 repudii,
955 5296 1008 5342 ct
1056 5283 1362 5341 dimittere?
1388 5284 1476 5337 Ait
1517 5282 1823 5349 illiszQuo-

246 5384 381 5441 niam
412 5386 620 5458 Moyses
650 5382 714 5438 ad
742 5381 993 5437 duritiam
1013 5377 1187 5433 cordis
1214 5375 1376 5432 vestri
1407 5374 1645 5444 permisit
1676 5372 1824 5428 vobis

310 5498 326 5529 ι
347 5498 463 5561 miti
482 5534 497 5557 ,
522 5496 635 5561 quia
668 5492 753 5560 qui
772 5492 883 5561 [erit
1216 5494 1293 5561 _At_
1326 5492 1825 5561 Mss.ﬂcarent‘_vooe,

248 5550 506 5620 hominem}
535 5550 703 5622 'quau't
742 5550 924 5622 addere
963 5566 1061 5603 non
1104 5550 1233 5603 solet
1272 5550 1580 5622 Augustinus,
1623 5550 1696 5598 uti
1727 5550 1827 5621 jam

249 5630 276 5667 a
298 5622 434 5671 nobis
454 5611 761 5672 observatum
784 5617 904 5667 fuit:
930 5627 1206 5679 quanquam
1225 5611 1472 5679 vero'haec
1494 5622 1741 5679 voxnune
1775 5611 1825 5661 in

249 5670 441 5742 Vulgata
463 5670 647 5737 exstet.
668 5680 811 5731 abest
832 5670 993 5729 tamen
1028 5670 1092 5726 ali
1110 5674 1320 5739 antiquis
1339 5674 1476 5725 Corb.
1506 5670 1668 5724 Bibliis
1684 5705 1699 5732 ,
1724 5678 1775 5723 et
1796 5684 1826 5723 a

248 5751 420 5805 pauc.

1356 293 1445 352 DE
1483 285 1871 350 SCRlPTUBA
1909 285 2157 343 SACRA.

3364 277 3482 343 978

1885 400 2154 457 dimittere
2179 411 2375 454 uxores
2397 404 2637 464 vestras;
2665 396 2735 453 ab
2760 395 2913 453 initio
2930 403 3107 453 autem
3128 409 3236 454 non
3253 396 3350 453 fuit
3371 398 3480 456 sic.

1888 492 2219 547 Dico'autcm
2247 489 2422 555 vobis,
2455 488 2578 560 quia
2609 490 2932 560 quicumque
2959 488 3216 544 dimiserit
3255 506 3477 547 uxorem

1887 598 2059 645 suam,
2095 582 2195 637 nisi
2242 581 2312 636 ob
2352 579 2783 643 fornicationem,
2814 590 2870 636 et
2897 580 3053 634 aliam
3082 579 3312 643 duxerit,
3342 598 3482 640 mm-

1888 676 2113 739 chatur;
2156 682 2210 728 et
2247 673 2337 742 qui
2373 672 2648 727 dimissam
2676 670 2909 738 duxerit,
2941 672 3255 728 mmchatur.
3288 674 3481 731 Dicunt

1889 766 1968 821 illi
1988 764 2231 834 discipuli
2256 764 2372 834 ejus
2396 780 2410 817 :
2434 762 2492 819 Si
2514 764 2585 817 ita
2606 773 2865 818 estcausa
2888 761 3118 819 hominis
3141 779 3263 818 cum
3290 780 3475 831 uxore,

1888 872 1994 912 non
2017 856 2231 927 expedit
2250 855 2470 909 nubere.
2493 853 2594 921 Qui
2611 853 2746 909 dixit
2768 854 2913 909 :Non
2929 870 3116 911 omnes
3137 855 3352 924 capiunt
3372 872 3484 912 ver-

1890 951 2015 1007 bum
2040 948 2201 1014 istud,
2236 948 2331 1003 sed
2357 947 2550 1018 quibus
2570 945 2753 1001 datum
2780 955 2881 1001 est.
2906 946 3041 1002 Sunt
3064 947 3206 1002 enim
3228 947 3480 1013 eunuchi,

1888 1042 1977 1113 qui
1998 1042 2065 1097 de
2086 1040 2269 1095 matris
2295 1048 2446 1094 utero
2469 1040 2546 1094 sic
2572 1038 2678 1093 nati
2700 1046 2858 1103 sunt;
2888 1045 2943 1093 et
2969 1046 3095 1091 sunt
3117 1038 3368 1102 eunuchi,
3390 1038 3482 1108 qui

1889 1136 2011 1191 facti
2053 1143 2175 1189 sunt
2207 1134 2275 1189 ab
2304 1132 2641 1195 hominibus;
2670 1141 2725 1187 et
2752 1140 2877 1186 sunt
2908 1131 3135 1186 eunuchi
3156 1131 3246 1202 qui
3276 1137 3486 1201 seipsos

1890 1227 2380 1285 eunuchizaverunt
2408 1236 2625 1297 propter
2644 1241 2866 1297 regnum
2889 1227 3145 1281 calorum
3174 1244 3186 1279 :
3206 1226 3295 1295 qui
3312 1233 3489 1295 potest

1891 1335 2102 1392 capere,
2126 1320 2316 1389 capiat.
2346 1318 2498 1373 Tunc
2525 1317 2686 1373 oblati
2728 1326 2852 1372 sunt
2875 1319 2922 1372 ei
2952 1317 3177 1387 parvuli,
3208 1327 3269 1371 ut
3293 1332 3485 1371 manus

1891 1412 1970 1468 eis
1997 1413 2314 1481 imponeret,
2348 1421 2402 1466 et
2430 1420 2644 1466 oraret:
2668 1409 2911 1479 discipuli
2941 1417 3118 1465 autem
3142 1410 3489 1481 increpabant

1891 1520 2004 1560 eos.
2037 1504 2194 1561 Jesus
2220 1519 2348 1559 vero
2384 1504 2456 1557 ait
2482 1503 2561 1558 eis
2585 1520 2598 1556 :
2623 1504 2793 1557 Sinite
2823 1503 3090 1572 parvulos,
3119 1512 3175 1557 et
3201 1503 3367 1558 nolite
3392 1516 3489 1557 eos

1892 1596 2177 1667 prohibere
2201 1594 2269 1649 ad
2297 1609 2383 1650 me
2412 1594 2616 1649 venire.
2639 1594 2844 1649 Talium
2868 1602 2951 1649 est
2969 1593 3111 1649 enim
3134 1609 3356 1665 regnum
3378 1608 3491 1649 emo

1892 1687 2087 1743 lorum.
2113 1687 2182 1741 Et
2208 1701 2329 1741 cum
2361 1685 2704 1755 imposuisset
2729 1684 2807 1740 eis
2842 1700 3053 1749 manus,
3085 1685 3215 1740 abiit
3242 1684 3384 1739 inde.
3418 1686 3487 1739 Et

1895 1795 2020 1837 ecce
2044 1796 2178 1835 unus
2208 1778 2470 1835 accedens
2498 1779 2573 1833 ait
2600 1778 2710 1833 illi:
2733 1778 2979 1849 Magister
3009 1779 3169 1843 boue,
3201 1779 3326 1850 quid
3358 1779 3488 1836 boni

1892 1871 2113 1936 faciam,
2172 1879 2229 1926 ut
2274 1870 2500 1925 habeam
2547 1871 2709 1926 vitam
2751 1870 3041 1925 :eternam?
3079 1871 3181 1938 Qui
3222 1871 3356 1927 dixit
3393 1871 3489 1927 ei:

1894 1960 2031 2029 Quid
2065 1975 2150 2016 me
2177 1961 2474 2032 interrogas
2513 1960 2582 2016 dc
2617 1960 2796 2015 bono?
2826 1959 2971 2017 Unus
3004 1969 3088 2017 est
3124 1962 3296 2017 bonus
3322 1963 3486 2018 Deus.

1895 2055 1950 2111 Si
1980 2064 2160 2111 autem
2190 2055 2271 2110 vis
2306 2054 2510 2127 ingredi
2555 2055 2622 2110 ad
2660 2055 2845 2121 vitam,
2882 2072 3034 2112 serva
3059 2057 3330 2112 mandata.
3356 2058 3493 2114 Dicit

1896 2149 1944 2203 ei
1968 2169 1982 2204 :
2004 2148 2349 2215 QuaeHesus
2379 2157 2555 2203 autem
2582 2148 2716 2204 dixit
2738 2166 2753 2203 :
2775 2148 2890 2204 Non
2932 2150 3274 2206 homicidium
3302 2151 3487 2218 facies,

1866 2308 1871 2311 ν
1895 2240 2013 2296 Non
2044 2241 2391 2310 adulterabis,
2408 2236 2528 2297 Non
2555 2240 2720 2298 facies
2748 2242 2967 2309 furtum,
2988 2241 3105 2298 Non
3129 2243 3317 2299 falsum
3344 2246 3494 2301 testi-

1898 2333 2137 2387 monium
2179 2331 2346 2397 dices,
2377 2331 2590 2388 llonora
2620 2341 2826 2402 patrem
2856 2341 3003 2388 tuum
3038 2341 3092 2389 et
3137 2343 3385 2403 matrem,
3415 2344 3491 2401 et,

1900 2422 2099 2493 Diliges
2120 2424 2422 2494 proximum
2450 2432 2597 2478 tuum
2635 2424 2774 2479 sicut
2812 2425 3060 2496 teipsum.
3092 2426 3230 2482 Dicit
3256 2427 3330 2482 illi
3359 2426 3493 2483 ado-

1898 2514 2111 2570 lescens
2162 2534 2176 2570 :
2217 2515 2405 2571 Omnia
2449 2515 2566 2571 haec
2621 2516 2941 2582 custodivi‘,
2970 2517 3096 2587 quid
3144 2518 3318 2573 adhuc
3361 2518 3492 2573 mihi

1901 2607 2090 2664 deest?
2134 2609 2224 2662 Ait
2276 2608 2353 2664 illi
2391 2607 2663 2664 Jesus:Si
2711 2609 2791 2665 vis
2828 2609 3094 2680 perfectus
3134 2626 3285 2678 esse,
3334 2612 3491 2678 vade,

1902 2700 2076 2756 vende
2112 2716 2230 2771 qua:
2274 2700 2459 2766 habes,
2490 2710 2544 2757 et
2572 2700 2637 2755 da
2667 2700 3007 2771 pauperibus,
3041 2710 3095 2757 et
3132 2700 3351 2757 habebis
3376 2700 3500 2757 the-

1904 2809 2119 2850 saurum
2145 2794 2199 2848 in
2221 2794 2389 2858 etelo;
2418 2803 2472 2848 et
2488 2793 2631 2861 veni,
2656 2809 2885 2865 sequere
2914 2810 3019 2849 me.
3038 2795 3169 2851 Cum
3196 2804 3373 2852 autem
3403 2812 3499 2851 au-

1906 2887 2069 2943 disset
2097 2887 2315 2941 verbum
2346 2886 2682 2952 adolescens,
2705 2885 2839 2942 abiit
2866 2886 3062 2942 tristis:
3088 2895 3204 2942 erat
3230 2887 3373 2943 enim
3398 2888 3496 2942 ha-

1905 2982 2040 3038 bens
2078 2982 2271 3036 multas
2302 2982 2688 3050 possessiones.
2720 2980 2876 3036 Jesus
2902 2989 3077 3037 autem
3108 2980 3241 3036 dixit
3265 2981 3504 3052 discipu-

1908 3073 1975 3129 lis
2002 3074 2112 3127 suis
2138 3090 2148 3124 :
2172 3073 2342 3127 Amen
2367 3072 2487 3128 dico
2518 3073 2689 3140 vobis,
2717 3071 2840 3143 quia
2865 3071 3016 3127 dives
3040 3072 3258 3128 difficile
3284 3073 3504 3128 intrabit

1909 3165 1963 3219 in
1994 3180 2215 3235 regnum
2254 3165 2531 3220 cuelornm.
2578 3166 2644 3219 Et
2688 3164 2881 3220 iterum
2911 3164 3032 3220 dico
3064 3164 3215 3220 vobis
3240 3164 3504 3220 :Faeilius

1911 3264 1993 3312 est
2018 3258 2282 3312 camelum
2306 3273 2402 3327 per
2422 3258 2661 3313 foramen
2688 3274 2817 3313 acus
2839 3258 3086 3321 transire,
3109 3274 3267 3328 quam
3283 3258 3501 3315 divitem

1912 3346 2115 3402 intrare
2142 3348 2193 3401 in
2221 3363 2440 3417 regnum
2466 3349 2747 3403 caelorum.
2781 3348 2991 3403 Auditis
3019 3359 3193 3405 autem
3220 3350 3322 3414 his,
3346 3351 3508 3407 disci.

1913 3437 2024 3507 puli
2050 3438 2379 3492 mirabantur
2396 3438 2570 3504 valde,
2601 3439 2841 3494 dicentes
2859 3456 2872 3491 :
2898 3439 3029 3507 Quis
3054 3456 3183 3512 ergo
3199 3451 3374 3511 potest
3393 3444 3503 3497 sal-

1914 3548 2010 3586 vus
2038 3531 2191 3586 esse?
2236 3531 2515 3599 Aspiciens
2556 3539 2733 3586 autem
2781 3531 2958 3595 Jesus,
3004 3532 3139 3588 dixit
3184 3534 3503 3604 illiszApud

1918 3622 2163 3677 homines
2181 3623 2282 3677 hoc
2299 3622 2626 3688 impossibile
2646 3632 2745 3689 est,
2771 3624 2909 3693 apud
2937 3625 3101 3680 Deum
3124 3634 3299 3681 autem
3326 3627 3505 3682 omnia

1918 3716 2193 3786 possibilia
2220 3724 2360 3770 sunt.
2380 3715 2531 3771 Tunc
2551 3717 2881 3787 respondens
2902 3718 3091 3774 Petrus
3110 3719 3243 3775 dixit
3261 3721 3309 3775 ei
3335 3738 3347 3773 :
3370 3722 3509 3774 Ecce

1917 3822 2016 3863 nos
2042 3808 2355 3878 reliquimus
2384 3810 2585 3877 omnia,
2619 3820 2674 3865 et
2702 3811 2867 3866 secuti
2902 3827 3086 3866 sumus
3114 3820 3186 3878 te,
3222 3812 3347 3882 quid
3380 3827 3509 3883 ergo

1918 3900 2021 3954 erit
2047 3899 2235 3955 nobis?
2262 3900 2419 3955 Jesus
2444 3909 2620 3955 autem
2653 3902 2786 3956 dixit
2816 3902 2955 3956 illis:
2980 3902 3151 3957 Amen
3180 3902 3299 3959 dico
3330 3903 3505 3970 vobis,

1918 3990 2059 4061 quod
2088 4006 2182 4046 vos
2212 3992 2301 4062 qui
2343 3992 2513 4048 secuti
2547 3992 2678 4047 estis
2707 4008 2813 4056 me,
2846 3994 2896 4047 in
2945 3995 3353 4065 regeneratione
3384 4010 3509 4050 cum

1919 4083 2115 4138 sederit
2146 4083 2311 4138 Filius
2337 4083 2569 4138 hominis
2599 4084 2651 4139 in
2675 4085 2802 4140 sede
2828 4085 3120 4156 majestatis
3139 4100 3269 4150 sum,
3292 4087 3509 4144 sedebi-

1921 4173 1989 4228 tis
2016 4182 2068 4228 et
2092 4188 2184 4227 vos
2205 4189 2364 4243 super
2394 4173 2552 4229 sedes
2572 4174 2873 4232 duodecim.
2897 4175 3199 4245 judicantes
3226 4176 3508 4233 duodecim

1923 4264 2092 4319 tribus
2113 4261 2292 4319 Israel.
2324 4265 2390 4318 Et
2417 4266 2591 4318 omnis
2612 4265 2701 4334 qui
2729 4265 3002 4335 reliquerit
3022 4265 3263 4330 domum,
3286 4266 3370 4321 vel
3395 4265 3507 4321 fra-

1924 4365 2053 4420 tres,
2086 4365 2177 4410 aut
2205 4370 2439 4420 sorores,
2469 4364 2558 4410 aut
2592 4365 2817 4426 patrem,
2848 4366 2939 4411 aut
2975 4366 3218 4422 matrem,
3247 4368 3339 4411 aut
3369 4373 3511 4413 uxo-

1923 4462 2057 4511 rem,
2084 4455 2174 4499 aut
2202 4446 2358 4511 filios,
2390 4455 2484 4501 aut
2507 4461 2664 4517 agros
2686 4457 2904 4517 propter
2926 4463 3119 4503 nomen
3159 4463 3359 4515 meum,
3385 4464 3513 4505 cen-

1925 4537 2127 4605 tuplum
2155 4537 2398 4607 accipiet,
2429 4544 2484 4592 et
2521 4536 2683 4591 vitam
2729 4546 2983 4593 aeternam
3020 4538 3329 4609 possidebit.
3362 4540 3510 4595 Multi

1927 4639 2102 4683 autem
2133 4641 2290 4683 erunt
2315 4629 2470 4699 primi
2498 4630 2795 4694 novissimi,
2825 4642 2876 4686 ei
2901 4631 3178 4688 noviSsimi
3205 4633 3381 4703 primi.

1996 4721 2066 4776 Et
2086 4721 2237 4793 paulo
2255 4732 2365 4792 post
2396 4720 2533 4795 [xx.]
2556 4724 2727 4779 :Sicut
2769 4722 2932 4778 Filius
2969 4724 3200 4779 hominis
3229 4741 3335 4780 non
3367 4726 3513 4782 venit

1927 4814 2237 4882 ministrari,
2271 4814 2363 4870 sed
2394 4814 2716 4881 ministrare,
2747 4826 2801 4871 et
2830 4816 2960 4872 dare
2983 4817 3213 4872 animam
3244 4832 3395 4871 suam
3426 4832 3513 4873 re-

1927 4910 2286 4978 demptionem
2308 4923 2405 4979 pro
2432 4908 2631 4964 multis.

2000 4998 2067 5053 Et
2107 4999 2365 5070 aliquanto
2402 5007 2511 5069 post
2555 4996 2770 5071 [xxtu]:
2797 4998 3022 5053 Reddite
3064 5013 3191 5066 ergo
3233 5013 3352 5068 qua:
3385 5006 3513 5055 sunt

1929 5091 2175 5157 Caesaris,
2204 5090 2431 5157 Caesari;
2458 5102 2509 5146 et
2540 5107 2659 5162 qua:
2685 5100 2809 5146 sunt
2836 5091 2951 5156 Dei,
2984 5090 3114 5145 Deo.
3146 5089 3215 5144 Et
3236 5091 3393 5146 alibi:
3424 5092 3514 5147 Di-

1928 5185 2060 5255 liges
2094 5184 2373 5238 Dominum
2413 5183 2577 5237 Deum
2624 5191 2768 5235 tuum
2820 5180 2872 5233 in
2918 5187 3029 5234 toto
3051 5179 3213 5235 corde
3242 5190 3350 5245 tuo,
3377 5183 3513 5238 etin

1930 5287 2042 5333 tota
2067 5278 2244 5332 anima
2284 5285 2387 5341 tua,
2419 5283 2473 5329 et
2496 5274 2548 5328 in
2582 5282 2687 5327 tota
2729 5281 2908 5327 mente
2946 5279 3056 5326 tua.
3090 5272 3202 5327 lloc
3229 5282 3312 5328 est
3340 5273 3515 5329 maxi-

1930 5387 2075 5427 mum
2103 5379 2157 5425 et
2184 5370 2410 5441 primum
2436 5365 2763 5421 mandatum.
2788 5363 3089 5420 Secundum
3126 5376 3303 5419 autem
3338 5365 3515 5423 simile

1930 5472 2011 5519 est
2042 5462 2195 5517 huic:
2222 5461 2416 5531 Diliges
2454 5459 2752 5530 proximum
2799 5468 2943 5513 tuum
2991 5456 3131 5514 sicut
3175 5458 3424 5530 teipsum.
3453 5461 3512 5517 ln

1995 5610 2011 5642 ι
2037 5607 2237 5670 Vulgata
2259 5606 2308 5656 in
2332 5606 2530 5657 excusis
2551 5605 2716 5670 addit,
2769 5604 3074 5670 a_juventute
3102 5618 3212 5658 mea
3247 5618 3265 5656 :
3288 5604 3418 5670 quod
3439 5606 3518 5670 hic

1927 5671 2025 5733 loci
2059 5666 2158 5720 non
2179 5669 2329 5719 habet
2364 5668 2612 5732 Augustini
2650 5666 2936 5733 Speculum,
2959 5679 3125 5731 neque
3156 5666 3347 5720 vetusta
3376 5669 3519 5729 ωτι).

1928 5731 2095 5793 Biblia,
2117 5743 2213 5781 nec
2227 5738 2394 5781 textus
2415 5731 2619 5795 graecus.
