3878 6298
455 365 542 421 nis
567 362 778 420 duobus
809 359 1074 420 mandatis
1112 358 1358 420 universa
1413 357 1526 418 Lex
1570 358 1763 430 pendet
1814 367 1869 414 et
1910 359 2045 420 Pro-

451 455 647 525 pbetm.

523 545 592 605 Et
615 558 724 617 post
752 561 942 619 paucos
962 559 1134 600 renus
1159 539 1358 618 {non}
1374 561 1388 599 :
1406 543 1554 602 Tunc
1569 544 1724 602 Iesus
1741 545 1947 600 locutus
1963 552 2048 610 est

450 638 520 694 ad
547 638 731 695 turbas
755 646 810 692 et
837 636 906 691 ad
930 635 1221 706 di=eipnlos
1249 649 1398 701 suos,
1427 633 1614 694 dicens
1632 653 1646 689 :
1664 635 1834 705 Super
1859 636 2044 692 cathe-

452 731 606 788 dram
633 729 797 800 Moysi
828 727 1080 784 sederunt
1104 726 1306 784 Scribat
1324 736 1376 780 et
1403 725 1678 782 Pharisati.
1702 725 1890 781 Omnia
1917 741 2045 798 ergo

449 838 801 896 qumenmque
830 821 1062 878 dixerint
1087 820 1259 886 vobis,
1291 828 1502 875 servate
1541 828 1598 876 et
1635 819 1826 886 facite;
1853 837 2044 877 secun-

451 917 579 974 dum
607 931 772 986 opera
793 931 921 971 vero
945 929 1132 972 eorum
1161 913 1327 968 nolite
1355 911 1532 970 facere
1555 929 1569 965 :
1591 911 1774 968 dicunt
1796 913 1956 977 enim,
1989 922 2044 968 et

451 1024 557 1064 non
606 1007 825 1063 faciunt.
859 1007 1091 1075 Alligant
1115 1013 1293 1059 autem
1323 1019 1485 1060 onera
1513 1004 1692 1074 gravia
1714 1012 1768 1059 et
1789 1004 2044 1074 importa-

447 1100 605 1164 bilia,
630 1109 685 1154 et
720 1100 997 1168 imponunt
1036 1098 1090 1150 iu
1128 1095 1382 1156 humeros
1414 1096 1724 1162 hominum;
1751 1096 1918 1167 digito
1942 1111 2041 1152 aua-

448 1201 561 1249 tem
583 1207 687 1247 suo
721 1190 909 1250 nolunt
935 1205 998 1246 ea
1025 1204 1259 1246 movere.
1283 1187 1474 1242 Omnia
1503 1202 1634 1242 vero
1657 1204 1818 1258 opera
1846 1205 1939 1244 sua
1966 1189 2044 1246 fa-

446 1283 616 1347 ciunt,
644 1291 701 1338 ut
727 1282 1007 1337 vidcantur
1030 1281 1101 1335 ab
1128 1279 1450 1335 hominibus.
1485 1279 1712 1334 Dilatant
1732 1281 1876 1338 enim
1895 1281 2035 1352 ρειγ-

445 1374 666 1434 laeteria
715 1391 834 1440 sua,
867 1382 922 1430 et
961 1372 1303 1444 magnificam
1350 1372 1603 1430 fimbrias.
1636 1373 2041 1432 Amautautcm

444 1447 654 1540 primos
675 1468 943 1524 recubitus
965 1469 1016 1520 in
1045 1467 1231 1531 omnis,
1257 1475 1312 1522 et
1339 1467 1536 1536 primas
1563 1466 1846 1522 cathedras
1869 1467 1918 1522 in
1946 1481 2039 1538 sy-

445 1559 688 1631 nagogis,
715 1568 769 1615 et
798 1559 1150 1614 salutationes
1173 1559 1224 1611 in
1256 1557 1392 1622 loro,
1420 1566 1476 1612 et
1500 1558 1682 1612 vocari
1712 1557 1778 1610 ab
1810 1557 2041 1642 hominis

444 1650 546 1710 ltus
584 1650 757 1706 rabbi.
790 1649 898 1704 Vos
935 1659 1110 1703 autent
1157 1649 1319 1704 nolite
1363 1649 1541 1705 vocari
1584 1650 1732 1705 rabhi
1760 1666 1930 1704 :unus
1956 1659 2041 1708 e8!

444 1741 590 1798 enim
617 1741 869 1811 magister
887 1749 1098 1803 vester;
1126 1755 1314 1796 omnes
1340 1751 1520 1794 autem
1542 1756 1638 1796 vos
1667 1740 1857 1796 fratres
1885 1741 2035 1797 estis.

443 1835 515 1890 Et
543 1844 747 1905 patrem
801 1834 966 1889 nolite
999 1834 1150 1890 vobis
1191 1850 1383 1890 vocare
1429 1849 1590 1903 super
1631 1843 1824 1897 terram
1855 1851 1867 1888 :
1901 1850 2038 1890 unus

444 1936 528 1986 est
548 1926 695 1981 enim
723 1926 878 1980 Pater
901 1934 1102 1987 vester,
1123 1926 1211 1993 qui
1242 1927 1291 1978 itt
1321 1926 1472 1979 emlis
1498 1934 1597 1978 est.
1631 1924 1738 1982 Nec
1772 1927 2037 1982 vocemini

443 2016 701 2088 magistri;
717 2018 836 2086 quia
853 2017 1103 2086 magister
1117 2029 1289 2070 vester
1301 2031 1436 2070 unus
1449 2027 1530 2070 est
1545 2015 1804 2071 Christus.
1819 2017 1917 2085 Qui
1933 2034 2038 2087 ma-

437 2105 526 2178 jor
539 2117 622 2162 est
637 2117 893 2172 vestrum,
908 2108 1007 2161 erit
1020 2106 1260 2163 minister
1280 2117 1471 2163 vester.
1491 2107 1594 2174 Qui
1613 2119 1788 2163 autem
1817 2126 1874 2163 se
1889 2111 2036 2166 exal-

440 2201 1045 2268 taverit,humiliabitur;
1060 2210 1111 2255 ct
1130 2201 1218 2269 qui
1234 2215 1292 2256 sc
1311 2200 2031 2261 ltumiliaverit.exaltabitur.

443 2293 511 2349 Et
533 2295 688 2363 paulo
713 2305 822 2365 post
849 2309 866 2348 :
890 2294 978 2347 Va:
997 2293 1168 2360 vobis,
1195 2291 1395 2350 Scriba:
1423 2301 1478 2348 et
1509 2294 1762 2350 Pharisaei
1790 2297 2034 2366 hypocri-

441 2394 532 2453 ιω,
557 2385 678 2454 quia
703 2385 980 2440 decitnatis
1005 2383 1276 2442 mentitam
1305 2391 1360 2438 et
1385 2384 1639 2440 anethum
1662 2397 1714 2441 et
1736 2390 2028 2458 cyminum,

437 2486 494 2536 et
530 2476 820 2548 reliquistis
865 2492 985 2547 qua:
1030 2477 1276 2548 graviora
1304 2487 1428 2532 sunt
1453 2477 1640 2548 largis;
1663 2479 1946 2545 judicium,
1977 2491 2033 2536 et

436 2569 880 2633 misericordiam,
913 2578 970 2626 et
997 2569 1178 2627 tidem.
1220 2571 1344 2626 llaac
1370 2574 1606 2642 oportuit
1635 2572 1826 2637 facere,
1861 2588 1914 2629 et
1941 2575 2031 2630 illa

435 2681 544 2721 non
567 2665 833 2721 omittere.
873 2664 1042 2720 Duces
1066 2665 1216 2732 caeci,
1242 2667 1552 2722 excolantrs
1575 2668 1820 2729 culicem,
1843 2685 2028 2725 eamc-

433 2754 544 2813 lum
579 2764 755 2812 autem
786 2755 1090 2826 glutientes.
1126 2739 1218 2812 V'a:
1248 2756 1419 2823 vobis,
1451 2757 1651 2814 Seribm
1690 2767 1743 2813 et
1773 2759 2028 2816 Phariszei

433 2846 747 2920 hypocrita',
776 2847 898 2918 quia
928 2846 1198 2903 mundatis
1228 2848 1368 2918 quod
1401 2849 1468 2903 de
1501 2847 1630 2904 loris
1659 2859 1738 2904 est
1767 2851 1947 2905 ealicis
1973 2859 2030 2908 et

433 2942 767 3013 paropsidis;
801 2943 943 2996 intus
988 2950 1168 2996 autem
1219 2943 1357 3010 pleni
1403 2952 1527 2996 sunt
1567 2944 1772 3012 rapina,
1801 2953 1854 2997 et
1881 2945 2027 3002 omni

431 3032 766 3090 immunditia
785 3034 824 3086 ‘.
856 3033 1124 3089 Pharisa‘e
1144 3048 1307 3100 etnec,
1335 3034 1530 3088 munda
1553 3036 1696 3104 prius
1713 3036 1860 3106 Quod
1884 3037 2026 3092 intus

430 3136 514 3181 est
536 3126 718 3180 calieis
744 3135 797 3180 et
826 3125 1152 3194 parottsidis,
1173 3134 1229 3179 ut
1253 3127 1343 3182 liat
1366 3137 1418 3180 et
1449 3127 1498 3180 id
1525 3127 1672 3196 quod
1697 3127 1765 3183 de
1793 3128 1920 3184 furis
1941 3137 2023 3184 est

429 3215 708 3272 mundum.
735 3215 826 3271 Va:
866 3216 1038 3283 vobis,
1073 3215 1277 3272 Scribat
1315 3228 1370 3273 et
1411 3217 1664 3273 Pharis;th
1707 3219 2021 3291 hypocrita),

427 3312 550 3384 quia
577 3313 778 3368 similes
821 3312 955 3369 estis
979 3313 1238 3381 sepulcris
1263 3311 1544 3380 dealbatis,
1567 3330 1685 3383 qua:
1719 3329 1749 3368 a
1777 3315 1904 3369 foris
1922 3331 2018 3385 pa-

424 3413 548 3461 rent
582 3404 886 3462 hominibus
915 3405 1182 3475 speciosa,
1215 3405 1356 3459 intus
1380 3420 1507 3461 vero
1536 3404 1692 3475 plena
1726 3414 1844 3460 sunt
1879 3408 2020 3462 ossi-

422 3496 527 3554 bus
551 3506 884 3553 mortuorum
931 3505 987 3552 ct
1024 3498 1167 3552 omni
1208 3497 1484 3568 spurcitia.
1517 3498 1606 3553 Sic
1630 3506 1684 3552 et
1706 3514 1802 3554 vos
1832 3515 1860 3554 a
1891 3501 2020 3555 foris

423 3591 641 3662 quidem
685 3591 882 3660 parctis
927 3591 1228 3646 hominibus
1269 3590 1420 3660 justi,
1450 3591 1592 3648 intus
1644 3602 1820 3648 autent
1875 3593 2018 3664 pleni
2057 3616 2066 3630 ο

421 3683 556 3738 estis
585 3683 851 3752 hypocrisi
880 3692 934 3738 et
962 3683 1256 3753 iniquitate.
1281 3683 1372 3740 Va?
1390 3685 1564 3752 vobis,
1591 3684 1793 3742 Scriba!
1813 3694 1869 3743 et
1891 3687 2019 3742 Pha-

420 3776 562 3832 ris;ei
612 3776 924 3848 byporritw,
949 3777 1074 3845 quia
1117 3777 1394 3834 a-dilicatis
1433 3779 1676 3849 sepulcra
1717 3780 2012 3852 Propheta-

420 3883 562 3932 rum,
591 3876 648 3922 et
688 3869 894 3923 ornatis
937 3877 1281 3924 monumenta
1327 3869 1622 3939 iustorum;
1651 3882 1704 3928 et
1728 3872 1927 3939 dicitis,
1957 3873 2015 3931 Si

420 3958 710 4015 fuissemus
743 3960 796 4014 iu
826 3959 1014 4014 diebus
1046 3971 1254 4031 patrum
1290 3970 1618 4026 nostrorum,
1645 3980 1752 4020 non
1772 3981 2013 4023 essemus

420 4051 557 4108 socii
597 4065 788 4106 eorum
829 4051 880 4106 itt
921 4052 1178 4125 sanguine
1213 4053 1619 4123 Prophetarum.
1649 4055 1829 4127 Itaque
1860 4061 2013 4115 testi-

419 4143 608 4200 monio
642 4144 772 4199 estis
810 4144 1224 4214 vobismetipsis,
1251 4147 1373 4216 quia
1414 4145 1504 4201 lilii
1543 4149 1675 4203 estis
1703 4164 1894 4204 eorum
1921 4153 2011 4222 qui

418 4235 720 4306 Prophetas
748 4235 1058 4292 occuli-runt
1083 4247 1171 4292 :et
1195 4253 1290 4293 vos
1320 4238 1538 4309 implete
1580 4255 1884 4296 mensuram
1921 4260 2013 4313 pa-

418 4336 561 4384 trum
582 4337 902 4384 vestrorutu.
930 4328 1236 4399 Serpentes.
1256 4330 1522 4400 genimina
1540 4333 1859 4402 viperarum,
1880 4351 2012 4406 quo-

416 4417 582 4473 modo
630 4418 841 4490 fugietis
891 4435 922 4473 a
969 4419 1172 4490 judicio
1212 4421 1505 4493 gehennzc‘!
1535 4425 1714 4491 ldeo',
1746 4443 1872 4484 ecce
1910 4444 2010 4499 ego

415 4511 574 4568 mitto
597 4513 666 4568 ad
690 4528 784 4568 vos
816 4513 1121 4584 prrphrtas,
1141 4526 1195 4570 et
1219 4518 1509 4586 sapientes,
1537 4527 1590 4574 et
1610 4522 1839 4587 scribas;
1867 4531 1919 4578 et
1941 4539 2006 4579 ex

414 4603 524 4658 illis
551 4605 824 4670 occidctis,
856 4616 912 4661 et
943 4609 1286 4678 cruciligctis,
1313 4619 1369 4664 et
1395 4626 1460 4666 ex
1487 4612 1565 4666 eis
1596 4612 1928 4685 llagellabitis
1952 4617 2006 4674 in

413 4697 702 4768 synagugis
724 4699 934 4764 vestris,
967 4711 1019 4753 et
1050 4704 1436 4771 persequem-ini
1467 4704 1535 4760 de
1559 4705 1774 4762 civitate
1798 4709 1848 4762 in
1877 4709 2007 4765 civi-

413 4797 582 4846 tatem
607 4809 621 4844 :
651 4802 705 4847 nt
731 4791 907 4847 veniat
932 4809 1093 4865 super
1120 4812 1216 4852 vos
1242 4798 1419 4877 omnis
1447 4802 1662 4872 sanguis
1693 4804 1882 4873 justus,-
1912 4807 2004 4878 qui

412 4882 614 4941 eﬂ'usus
633 4893 716 4941 est
738 4901 900 4957 super
929 4895 1142 4953 terram,
1166 4905 1196 4944 a
1228 4893 1484 4960 sanguine
1510 4895 1641 4952 Abel
1665 4896 1814 4966 justi,
1835 4914 2005 4970 usque

411 4979 481 5035 ad
525 4979 842 5050 sanguinem
873 4979 1141 5036 Zacharia:
1179 4983 1271 5036 lilii
1301 4983 1586 5052 [nu-arium,
1617 4991 1778 5059 quem
1799 4991 1999 5049 occidi-

409 5072 510 5129 stis
536 5072 673 5128 inter
695 5074 948 5143 templum
977 5082 1028 5129 et
1052 5073 1238 5130 altare.
1260 5077 1429 5131 Amen
1451 5078 1571 5133 dico
1588 5081 1758 5149 vobis,
1786 5086 2003 5143 venient

409 5165 532 5222 hate
558 5168 736 5222 omnia
766 5178 928 5239 super
952 5169 1350 5239 generationem
1377 5171 1551 5227 istam.

481 5257 552 5312 Et
576 5258 734 5330 paulo
770 5269 881 5328 post
907 5259 1139 5334 [tum]:
1165 5262 1232 5317 Et
1269 5264 1522 5335 quoniam
1568 5267 1860 5328 abundabit
1898 5274 1998 5329 :ui-

406 5348 606 5420 quitus,
637 5349 944 5420 refrigescet
961 5350 1195 5408 charitas
1214 5355 1502 5412 multorum
1527 5374 1542 5410 :
1564 5360 1653 5430 qui
1677 5371 1856 5420 autem
1878 5377 2000 5435 per-

477 5466 495 5496 ι
522 5465 704 5541 Regius
726 5473 843 5541 arsi,
867 5465 1133 5541 plenarum
1157 5469 1348 5541 rapina,
1375 5479 1917 5541 etc_.Cr:ec.,Agémousin
1932 5495 1999 5535 ea:

406 5527 630 5598 arpagés.
653 5527 956 5608 τιιιειιιιιζλὲ.
972 5530 1024 5581 m'
1034 5532 1151 5608 estis
1169 5527 1345 5608 rapina
1370 5543 1417 5608 et
1432 5527 1998 5608 immundum-vimuim;-

587 5589 904 5661 φιιηὲίῳριῐ
917 5597 1012 5661 nec
1023 5595 1080 5661 ‘_lu
1097 5589 1258 5660 graeco
1281 5597 1479 5661 legitur.

464 5652 656 5762 Am,
671 5652 918 5709 nam
931 5654 1078 5708 vobis.
1099 5652 1158 5708 iu
1173 5664 1282 5710 uss.
1300 5652 1504 5713 οἴδατε
1513 5661 1660 5714 altilia
1676 5675 1864 5732 carent,
1881 5668 1996 5725 dico

1659 244 1717 302 8.
1755 243 2128 312 AUGUSTlNl
2169 245 2540 316 SPEGULUH
3617 274 3706 336 ω

2151 363 2470 420 severaverit
2513 380 2682 438 usque
2723 368 2779 442 in
2814 369 2998 444 tinem,
3039 372 3132 434 hic
3165 375 3349 446 salvus
3375 380 3498 440 erit.
3519 379 3583 442 Et
3611 399 3699 458 part

2148 456 2462 529 aliquantum
2482 473 2502 514 :
2521 459 2708 518 Estote
2750 464 2949 534 parati,
2990 467 3115 537 quia
3159 471 3382 530 nescitis
3427 489 3524 544 qua
3567 456 3698 549 [iurat

2149 545 2315 607 Filius
2357 549 2590 626 hominis
2631 563 2886 610 venturus
2929 565 3034 613 est.
3073 557 3204 628 Quis
3241 574 3398 631 putas
3443 577 3526 624 est
3565 545 3698 628 fidelis

2147 654 2334 696 servus
2352 652 2406 700 et
2428 642 2684 715 prudens,
2703 661 2864 718 quem
2899 649 3176 705 constituit
3217 637 3479 711 Dominus
3501 672 3616 714 Sittls
3633 676 3699 716 su-

2148 747 2244 805 pra
2269 733 2522 792 familiam
2548 751 2725 806 suam,
2764 747 2824 812 ut
2867 739 2960 796 dot
3007 742 3111 798 illis
3146 743 3325 802 cibum
3365 747 3424 804 in
3457 755 3696 824 tempore!

2149 823 2344 882 Beatus
2371 827 2459 882 ille
2483 843 2694 894 servus,
2715 846 2873 900 quem
2909 847 3030 888 cum
3065 836 3271 910 venerit
3309 837 3557 908 dominus
3578 823 3695 913 ejus,

2149 916 2413 975 invenerit
2455 920 2534 977 sic
2577 920 2882 979 facientem.
2920 925 3094 982 Amen
3133 928 3252 986 dico
3277 931 3454 1001 vobis,
3485 941 3696 1006 quoniam

2146 1023 2308 1080 super
2332 1011 2511 1069 otnnia
2536 1013 2674 1068 bona
2694 1028 2789 1070 Sna
2821 1017 3110 1076 constituet
3136 1036 3282 1078 eum.
3302 1023 3362 1082 Si
3383 1037 3554 1082 autem
3578 1030 3700 1086 dixe-1

2147 1099 2215 1178 rit
2240 1102 2410 1158 malus
2435 1099 2625 1160 servus
2655 1105 2746 1162 ille
2767 1107 2819 1166 in
2847 1110 3011 1182 corde
3031 1128 3150 1180 suo,
3171 1114 3373 1171 Moram
3402 1116 3522 1174 facit
3555 1122 3698 1181 Domi-

2148 1175 2251 1248 nus
2267 1208 2418 1268 mcus
2439 1195 2654 1261 venire;
2675 1207 2730 1253 et
2743 1203 2970 1269 coeperit
2987 1213 3262 1273 percutere
3277 1223 3565 1265 conservos
3582 1229 3704 1284 suos,

2146 1284 2626 1344 manducetautem
2649 1299 2704 1350 et
2724 1290 2870 1360 bibat
2903 1309 3024 1350 cum
3071 1297 3467 1357 ebriiszvenict
3489 1303 3700 1364 dominus

2145 1375 2284 1430 servi
2315 1375 2460 1431 illius
2479 1377 2532 1432 in
2557 1377 2646 1436 die
2667 1396 2769 1450 qua
2797 1399 2904 1440 non
2925 1395 3126 1454 sperat,
3147 1388 3351 1447 etbura
3373 1407 3475 1462 qua
3498 1393 3700 1470 ignorat;

2142 1474 2199 1524 et
2225 1466 2423 1524 dividet
2447 1486 2592 1538 cum,
2616 1482 2932 1545 partemque
2946 1477 3064 1546 ejus
3079 1490 3241 1548 ponet
3263 1497 3386 1538 cum
3411 1467 3695 1559 hypocritisi

2144 1557 2252 1614 illic
2277 1560 2378 1616 erit
2399 1560 2556 1618 ﬂetus
2579 1573 2634 1620 et
2661 1566 2862 1622 stridor
2887 1568 3146 1626 dentium.

2216 1648 2282 1706 Et
2311 1661 2421 1720 post
2450 1653 2720 1725 paululum
2748 1656 2954 1733 {sum}:
2982 1660 3206 1734 Vigilate
3235 1665 3449 1738 itaque,
3472 1671 3583 1740 quia
3616 1689 3692 1732 ne-

2143 1740 2290 1798 scitis
2313 1742 2454 1798 dicm
2495 1761 2668 1818 neque
2709 1749 2916 1806 horam.
2950 1751 3082 1808 Item
3121 1767 3233 1827 post
3275 1761 3698 1829 paululuut:Cum

2141 1845 2319 1890 autem
2373 1840 2581 1895 venerit
2626 1842 2764 1899 illius
2809 1843 3040 1901 hominis
3090 1849 3141 1902 in
3187 1851 3470 1922 majestate
3511 1871 3612 1921 sua,
3656 1868 3701 1918 et

2141 1940 2332 1984 omnes
2358 1929 2544 2001 Augeli
2566 1948 2689 1989 cum
2718 1951 2819 2003 eo;
2844 1946 2968 1994 tunc
2993 1941 3200 1998 sedebit
3225 1959 3393 2016 Super
3421 1947 3590 2004 sedem
3610 1967 3698 2006 ma-

2135 2017 2347 2090 jestatis
2366 2038 2498 2092 sum,
2530 2032 2586 2080 ct
2608 2031 3075 2101 congregabantur
3092 2044 3219 2091 ante
3245 2052 3372 2093 eum
3395 2055 3574 2096 omnes
3589 2057 3694 2111 gen-

2141 2118 2250 2178 tes,
2280 2122 2334 2169 et
2376 2118 2647 2186 separabit
2673 2135 2767 2176 eos
2801 2123 2870 2177 ab
2901 2123 3150 2193 invicem,
3181 2129 3319 2186 sicut
3352 2141 3528 2201 pastor
3545 2152 3692 2206 segre-

2138 2214 2229 2273 gat
2257 2221 2384 2262 oves
2411 2208 2479 2262 ab
2514 2209 2719 2278 turdis;
2748 2224 2797 2268 et
2827 2225 3030 2274 statuet
3065 2234 3195 2276 oves
3232 2224 3450 2292 quidem
3474 2243 3504 2281 ιι
3529 2228 3695 2298 dextris

2139 2296 2271 2364 suis,
2301 2297 2485 2354 [nodos
2513 2310 2692 2358 autem
2725 2319 2756 2358 a
2780 2307 3032 2363 sinistris.
3061 2311 3208 2386 Ione
3233 2314 3383 2372 dicet
3414 2334 3503 2373 rex
3543 2320 3600 2376 iis
3623 2323 3696 2391 qui

2137 2400 2167 2440 a
2210 2387 2416 2443 dextris
2454 2390 2573 2460 ejus
2605 2397 3038 2463 erunt:Veuite,
3079 2401 3348 2462 benedicti
3394 2408 3554 2464 Patris
3589 2387 3690 2476 mei,

2137 2481 2407 2550 possidete
2433 2492 2674 2553 paratum
2707 2487 2856 2543 vobis
2881 2507 3102 2562 regnum
3124 2512 3152 2548 a
3175 2500 3549 2557 constitutione
3570 2520 3691 2558 tuttu-

2135 2571 2209 2624 di.
2237 2573 2443 2628 Esurivi
2475 2576 2641 2643 enim,
2673 2588 2728 2634 et
2762 2580 2987 2640 dedistis
3017 2585 3146 2641 mibi
3177 2591 3532 2648 manducare:
3557 2594 3689 2659 sitivi,

2134 2669 2190 2719 ct
2211 2663 2432 2720 dediStis
2476 2667 2608 2723 mihi
2655 2669 2878 2729 bibere:
2904 2675 3099 2747 hospes
3139 2696 3314 2750 cram,
3353 2695 3407 2740 et
3440 2687 3692 2758 collegisti:

2134 2757 2471 2824 meznudns,
2501 2769 2554 2816 ct
2594 2767 2954 2834 cooperuistis
2997 2787 3116 2828 nte:
3145 2774 3415 2846 inﬁrmus,
3455 2787 3506 2835 et
3538 2781 3688 2835 visita-

2131 2847 2227 2902 stis
2251 2864 2338 2905 me
2359 2866 2372 2902 :
2394 2851 2446 2905 in
2466 2867 2682 2911 carcere
2707 2871 2880 2926 erant,
2909 2869 2962 2916 et
2987 2865 3207 2922 venistis
3232 2868 3302 2923 ad
3334 2886 3441 2925 me.
3469 2871 3603 2932 Tunc
3623 2888 3690 2928 re-

2131 2942 2472 3009 Spondcbunt
2495 2946 2543 3000 ei
2563 2948 2692 3018 justi
2723 2950 2964 3010 dicentes
2995 2972 3009 3011 :
3051 2958 3295 3026 Domine,
3327 2967 3534 3035 quando
3557 2977 3602 3024 te
3624 2967 3686 3022 ri-

2129 3029 2305 3088 dimus
2337 3037 2685 3108 esurientem,
2715 3031 2769 3098 et
2800 3047 3040 3113 pavimus
3068 3061 3152 3116 te;
3175 3055 3468 3122 sitientem,
3496 3071 3544 3115 et
3567 3060 3688 3116 dedi-

2129 3139 2248 3178 mus
2271 3125 2362 3179 tibi
2394 3130 2856 3199 potutu?Quandn
2885 3150 3064 3196 autem
3097 3154 3148 3199 te
3177 3148 3412 3204 vidimus
3438 3151 3683 3220 hospitem,

2127 3223 2182 3272 et
2227 3217 2541 3290 collegimus
2577 3233 2664 3286 te;
2705 3237 2799 3283 aut
2839 3232 3060 3302 nudum,
3093 3247 3148 3292 et
3181 3217 3578 3313 coeperuimus?
3601 3249 3685 3302 Aut

2125 3307 2339 3375 quando
2371 3320 2422 3366 te
2451 3314 2676 3370 vidimus
2704 3318 2998 3392 ittfirmmn,
3031 3336 3122 3383 aut
3143 3330 3193 3384 in
3220 3307 3461 3402 carcere,
3493 3348 3541 3392 et
3562 3339 3683 3394 veni-

2125 3413 2249 3454 mus
2267 3400 2333 3455 ad
2360 3404 2446 3458 te?
2486 3405 2552 3461 Et
2581 3412 2916 3480 respondens
2941 3432 3054 3485 rex,
3083 3420 3224 3477 dicet
3245 3425 3384 3483 illis:
3408 3400 3566 3486 Amen
3585 3430 3682 3486 dico

2124 3493 2296 3561 vobis,
2322 3498 2572 3565 quamdiu
2601 3501 2800 3560 fecistis
2829 3508 2919 3562 uni
2951 3510 3020 3564 de
3048 3512 3130 3569 bis
3163 3514 3418 3576 fratribus
3450 3524 3572 3578 meis
3603 3522 3682 3578 nti-

2124 3585 2300 3650 nimis,
2332 3588 2463 3644 mibi
2493 3588 2714 3649 fecistis.
2745 3595 2897 3652 Tunc
2940 3600 3081 3658 dicet
3121 3615 3178 3662 et
3223 3608 3287 3664 iis
3319 3612 3408 3682 qui
3435 3629 3460 3666 a
3488 3614 3680 3669 sinistris

2122 3685 2311 3732 erunt:
2341 3679 2607 3738 Discedite
2631 3701 2660 3738 a
2689 3702 2794 3754 me,
2823 3690 3112 3759 maledicti,
3146 3697 3198 3752 in
3227 3679 3406 3770 ignem
3434 3715 3676 3771 aeternum,

2120 3769 2210 3838 qui
2243 3783 2458 3839 paratus
2484 3783 2568 3828 est
2597 3775 2810 3834 diabolo
2829 3790 2886 3836 et
2909 3786 3114 3856 angelis
3141 3769 3276 3859 ejus.
3310 3794 3515 3851 Esurivi
3539 3769 3676 3860 enim,

2119 3869 2176 3915 et.
2213 3877 2318 3916 non
2363 3863 2588 3922 dedistis
2616 3869 2748 3925 mihi
2771 3875 3096 3935 manducare
3119 3899 3132 3935 :
3152 3883 3324 3947 sitivi,
3349 3899 3404 3943 et
3430 3904 3527 3944 non
3554 3887 3677 3944 dedi-

2118 3952 2215 4008 s1is
2241 3954 2369 4009 mihi
2406 3961 2847 4035 potumzhospes
2876 3967 2970 4036 fui,
3000 3978 3056 4026 et
3101 3989 3207 4029 non
3243 3979 3529 4052 collegistis
3569 3997 3672 4037 me:

2117 4044 2316 4111 nudus,
2340 4055 2396 4103 et
2437 4063 2543 4105 non
2577 4056 2932 4123 cooperuistis
2969 4077 3055 4117 me
3079 4081 3092 4117 :
3119 4065 3383 4138 infirmus,
3409 4080 3462 4128 et
3499 4073 3545 4127 iu
3578 4087 3674 4126 car-

2117 4151 2262 4204 cere,
2299 4149 2353 4194 et
2382 4156 2488 4197 non
2517 4143 2770 4203 visitastis
2808 4167 2914 4207 me.
2944 4154 3095 4213 Tunc
3134 4165 3520 4231 respondebunt
3552 4164 3595 4221 ei
3629 4172 3672 4219 ct

2116 4227 2237 4298 ipsi,
2265 4229 2506 4289 dicentes
2546 4251 2561 4290 :
2604 4237 2849 4311 Domine,
2875 4248 3088 4315 quando
3119 4259 3168 4306 te
3196 4227 3426 4313 vidimus
3466 4257 3670 4313 esurien-

2117 4330 2246 4390 tem,
2276 4333 2332 4380 et
2358 4327 2646 4395 sitientem,
2671 4343 2727 4388 et
2753 4334 3037 4407 hospitem,
3067 4353 3156 4398 aut
3185 4348 3407 4416 nudum,
3435 4361 3521 4406 aut
3543 4351 3667 4406 intir-

2114 4429 2284 4483 mum,
2307 4419 2390 4473 vel
2415 4419 2468 4474 in
2494 4436 2733 4491 carcere,
2759 4437 2932 4484 etnon
2953 4431 3370 4496 mini'stravirnus
3392 4441 3518 4496 tibi?
3545 4442 3668 4497 Tunc

2113 4509 2459 4576 reSpondehit
2487 4513 2615 4579 illis,
2644 4515 2832 4576 dicens
2852 4539 2871 4574 ;
2891 4523 3064 4580 Amen
3100 4528 3220 4585 (lico
3249 4533 3419 4600 vobis,
3446 4535 3664 4606 quamdiu

2114 4614 2221 4654 non
2254 4599 2456 4660 fecistis
2495 4607 2590 4661 uni
2624 4608 2691 4664 de
2731 4611 3026 4694 minoribus
3053 4618 3154 4685 his,
3185 4639 3283 4681 nec
3317 4599 3698 4699 mihilccistisu

2111 4688 2181 4746 Et
2201 4692 2353 4748 ibunt
2382 4693 2436 4750 hi
2461 4695 2517 4752 in
2541 4701 2858 4771 supplicium
2883 4688 3166 4776 amoenum,
3188 4714 3318 4784 justi
3344 4729 3514 4776 autem
3535 4718 3583 4774 in
3599 4716 3662 4772 vi-

2114 4789 2218 4848 tam
2249 4791 2530 4843 aeternam.

2279 4887 2391 4946 post
2417 4880 2747 4971 aliquantum
2775 4885 3027 4964 [xxvs.}:
3057 4895 3280 4968 Vigilate
3299 4943 3314 4970 ,
3337 4911 3391 4958 et
3430 4911 3590 4971 orate,
3613 4905 3659 4954 ιιι

2108 4978 2214 5019 non
2247 4965 2458 5025 intretis
2485 4971 2542 5026 in
2564 4979 2933 5038 tentationem.

2288 5112 2376 5170 DE
2417 5115 2808 5182 EVANGELIO'
2841 5126 3206 5193 SECUNDUM
3238 5138 3533 5198 MARCUM.

2177 5242 2328 5326 [φη.
2354 5246 2476 5323 vin}
2505 5251 2786 5316 Advoeans
2808 5261 2998 5322 iterum
3027 5269 3234 5326 turbam
3253 5314 3268 5340 ,
3310 5274 3508 5332 dicebat
3531 5272 3652 5330 illis:

2106 5336 2302 5394 Audite
2327 5355 2416 5398 me
2440 5358 2660 5414 omnes,
2682 5361 2736 5407 et
2757 5353 3054 5429 intelligite.
3081 5362 3222 5420 Nihil
3247 5336 3326 5422 est
3341 5377 3488 5423 extra
3511 5362 3652 5421 homi-

2101 5441 2226 5516 nem
2253 5429 2514 5515 iutroiens
2541 5439 2595 5495 in
2621 5458 2774 5516 eum,
2805 5449 2946 5520 quod
2973 5454 3140 5520 possit
3158 5472 3276 5517 eum
3300 5459 3646 5530 coinquinare;

2102 5513 2200 5586 sed
2236 5541 2358 5600 qua:
2383 5513 2454 5584 de
2480 5528 2700 5591 homine
2739 5513 3075 5610 procedunt,
3104 5515 3190 5602 illa
3229 5559 3348 5605 sunt
3385 5513 3497 5621 quas
3521 5561 3643 5605 eom-

2102 5622 2378 5680 municant
2397 5622 2693 5683 hominem.
2718 5629 2775 5686 Si
2796 5633 2914 5703 Quis
2941 5635 3104 5696 habet
3121 5643 3276 5704 aures
3295 5641 3546 5711 audiendi,
3567 5655 3648 5699 att-

2165 5737 2525 5806 ‘sacrantblia,
2549 5743 3146 5814 quiaqnanesciu'slwra.
