3878 6340
118 258 241 315 981

126 375 258 429 div
320 374 402 430 Et
421 388 566 431 eum
582 373 855 431 introisset
869 375 923 429 in
942 373 1165 429 domum
1179 387 1209 428 a
1231 372 1402 435 turrita,
1425 372 1821 445 interrogabant

139 481 294 523 eum
317 466 601 537 discipuli
622 467 737 537 eius
754 467 1082 535 parabolam.
1100 464 1163 521 Et
1180 466 1253 519 ait
1277 466 1381 519 illis
1404 484 1415 520 :
1437 465 1525 521 Sic
1543 478 1596 521 et
1615 481 1707 519 vos
1728 466 1820 521 im-

143 562 509 631 prudentes
529 558 696 615 estis?
717 557 831 614 Non
856 557 1147 629 iutelligitis
1162 557 1281 627 quia
1302 571 1463 611 ontne
1484 557 1815 615 extrinsecus

144 652 475 706 inti-«tiens
495 652 544 705 in
571 650 863 717 hominem,
888 667 991 704 non
1010 658 1186 720 potest
1205 664 1325 704 cum
1349 650 1746 705 communicare
1770 650 1808 713 ';

142 748 293 815 quia
323 762 455 798 non
487 745 644 803 intrat
664 744 716 798 in
731 758 824 799 cor
839 743 974 812 eius,
989 743 1082 798 sed
1102 744 1153 796 in
1171 752 1413 798 ventrem
1433 745 1475 808 ',
1499 743 1814 799 ctiuseccs-

143 854 289 895 sunt
318 840 452 895 exit
470 881 486 902 ,
525 853 756 908 purgans
776 852 963 891 omnes
989 836 1177 891 escas?
1201 836 1412 891 Dicebat
1444 846 1618 889 autem
1640 879 1652 897 ,
1672 852 1809 905 quo-

147 931 321 985 niam
352 948 499 998 qttae
519 928 815 983 deltominc
836 934 1033 982 exeunt
1062 969 1077 993 ,
1119 928 1203 980 illa
1220 927 1611 984 connnunicaut
1639 927 1811 981 homi-

146 1039 327 1079 nem.
369 1025 413 1075 Α
430 1024 473 1077 ι›
493 1022 634 1076 intus
657 1022 800 1076 enim
827 1020 895 1075 de
912 1020 1072 1076 corde
1096 1018 1371 1075 hominum
1390 1029 1587 1075 exeunt
1612 1019 1631 1049 ³
1657 1019 1805 1089 cogi-

152 1119 435 1173 tationes
462 1117 642 1180 malm,
673 1114 963 1184 procedunt
986 1114 1262 1176 adulteria,
1288 1116 1683 1177 fornicationes,
1712 1114 1808 1167 ho—

152 1211 444 1275 micidia,
477 1208 912 1272 ftu'ta,avariti;e,
935 1207 1399 1278 lk‘Qllllitc,tltllltS,
1438 1208 1762 1275 impudicitia
1785 1248 1801 1272 ,

150 1303 379 1358 oculus
412 1302 618 1365 malus,
652 1298 1018 1369 blaSpltetnim,
1047 1298 1317 1367 superbia,
1346 1298 1587 1351 stultitia.
1612 1298 1802 1353 Omnia

150 1396 285 1450 htec
318 1396 489 1451 mala
526 1396 601 1450 ab
643 1394 784 1449 intus
828 1393 1153 1461 procediutt,
1197 1399 1254 1447 et
1279 1390 1674 1446 communicant
1704 1391 1801 1449 ιω.

151 1490 417 1544 mittent.

234 1582 317 1636 Et
349 1581 475 1635 alio
504 1579 615 1634 ioco
646 1575 844 1650 [vnn]:
874 1578 1175 1632 (Ionvocata
1208 1575 1359 1629 turba
1380 1590 1500 1633 cum
1530 1574 1800 1644 discipulis

153 1675 320 1739 suis,
355 1674 512 1728 dixit
542 1673 620 1727 eis
649 1690 661 1725 :
694 1672 750 1729 Si
791 1672 910 1739 quis
936 1670 1044 1723 vult
1073 1685 1159 1723 me
1196 1671 1345 1738 sequi
1376 1668 1417 1733 ‘,
1450 1669 1679 1737 deneget
1710 1681 1800 1722 se-

154 1769 358 1837 ipsum
382 1807 401 1831 ,
441 1772 501 1820 et
533 1764 682 1818 tollat
705 1777 917 1816 Ct‘thtttll
950 1776 1131 1826 suam,
1183 1769 1237 1814 et
1261 1770 1512 1830 sequatur
1551 1774 1657 1812 me.
1700 1758 1800 1826 Qui

156 1862 322 1916 enim
370 1858 617 1915 voluerit
643 1856 875 1910 animam
899 1869 1048 1908 suam
1101 1853 1299 1905 salvam
1348 1854 1559 1912 facere,
1612 1851 1802 1918 perdet

154 1967 294 2011 eam
326 1970 347 2005 εν
374 1950 479 2019 qui
509 1959 689 2003 autem
720 1945 1003 2015 perdiderit
1027 1944 1257 1998 animant
1289 1960 1436 1998 suain
1473 1952 1688 2010 propter
1715 1957 1799 1996 me

162 2052 223 2100 et
265 2042 677 2112 Evnttgvlium,
722 2041 924 2093 salvam
963 2054 1078 2095 cant
1112 2036 1291 2091 faciet.
1340 2036 1477 2102 Quid
1505 2036 1648 2090 enim
1677 2052 1798 2105 pro-

161 2135 324 2192 derit
357 2133 616 2197 homini,
659 2132 702 2186 si
747 2132 981 2185 lucretur
1008 2129 1260 2184 mundum
1312 2137 1509 2192 totum,
1554 2138 1605 2183 et
1636 2128 1800 2181 detri-

164 2237 441 2285 mentum
470 2226 630 2280 faciat
649 2224 840 2279 anima:
862 2239 971 2278 sua:
992 2223 1015 2277 ?
1040 2234 1131 2275 aut
1155 2222 1280 2291 quid
1306 2221 1635 2275 d.tbit'ltonto
1661 2235 1801 2274 com-

163 2320 561 2374 mutationem
594 2332 693 2386 pro
720 2316 894 2369 anima
921 2313 1056 2370 sua?
1104 2314 1202 2379 Qui
1232 2312 1374 2367 enim
1421 2327 1505 2365 me
1548 2309 1800 2366 confusus

161 2411 352 2468 fuerit
408 2421 471 2465 et
503 2396 621 2463 mea
647 2409 808 2463 verba
840 2408 890 2461 in
938 2406 1281 2476 generatione
1323 2405 1421 2457 ista
1470 2404 1708 2457 adultera
1747 2412 1802 2457 et

165 2502 538 2576 peccatriee,
568 2510 623 2555 et
650 2499 814 2555 Filius
838 2499 1069 2554 hominis
1094 2496 1383 2553 confundet
1403 2512 1527 2551 eum
1553 2496 1577 2528 ⁵
1606 2497 1656 2550 iu
1686 2497 1803 2567 glo-

167 2597 255 2652 ria
287 2596 489 2651 Patris
516 2594 597 2647 Siti
625 2608 744 2648 cum
773 2592 989 2661 Angelis
1015 2591 1145 2645 suis.

250 2688 325 2744 Et
357 2687 496 2741 alibi
526 2682 688 2759 {ne}:
717 2685 781 2738 Et
805 2684 1073 2753 accipiens
1106 2698 1348 2752 puerum,
1368 2683 1555 2737 statuit
1579 2698 1701 2737 eum
1745 2682 1799 2737 in

171 2781 373 2837 medio
406 2795 637 2840 eorum;
671 2792 828 2846 quem
860 2791 979 2830 cum
1008 2776 1321 2845 complexus
1342 2784 1514 2837 esset,
1546 2776 1619 2830 ait
1648 2776 1753 2831 illis
1782 2794 1797 2831 :

176 2870 461 2941 Quisquis
489 2884 651 2922 unum
684 2882 751 2921 ex
798 2865 1101 2936 lntjusmodi
1129 2866 1311 2933 pueris
1338 2868 1598 2935 receperit
1626 2867 1679 2920 in
1706 2882 1800 2920 no-

178 2964 342 3019 mine
373 2976 505 3019 meo
528 3004 543 3021 .
567 2974 655 3015 me
682 2959 902 3029 recipit;
931 2969 984 3013 et
1013 2960 1333 3029 quicumque
1365 2975 1450 3013 tne
1470 2962 1761 3029 sitseeperit
1781 3001 1797 3027 ,

184 3070 307 3111 non
341 3070 439 3110 me
471 3053 727 3119 suscipit,
770 3052 866 3108 sed
909 3067 1033 3107 eum
1062 3051 1151 3120 qui
1187 3060 1275 3104 me
1318 3050 1480 3105 misit.
1534 3050 1601 3104 Et
1650 3052 1801 3120 paulo

184 3157 309 3219 post
337 3162 361 3200 :
402 3144 658 3214 Quisquis
704 3145 845 3199 enim
894 3152 1077 3212 potum
1125 3140 1334 3196 dederit
1385 3141 1538 3196 vobis
1580 3142 1798 3197 calicem

185 3253 354 3307 aqua:
388 3237 414 3268 ³
447 3238 503 3295 in
526 3236 741 3289 nomine
766 3249 914 3295 meo,
944 3234 1069 3303 quia
1089 3235 1275 3288 cltristi
1305 3234 1465 3297 estis;
1497 3252 1653 3291 amen
1680 3235 1801 3289 dico

185 3330 355 3384 vobis
379 3370 395 3394 ,
434 3344 537 3382 non
569 3326 756 3396 perdet
780 3326 1078 3381 mercedem
1101 3341 1274 3379 suam.
1308 3328 1373 3381 Et
1393 3329 1634 3396 quisquis
1658 3344 1804 3383 scatt-

188 3420 529 3476 dalizaverit
555 3434 715 3472 unum
753 3432 817 3473 ex
852 3416 936 3469 his
965 3417 1171 3486 pusillis
1216 3418 1561 3474 credentibus
1587 3419 1641 3473 in
1681 3437 1799 3487 me,

187 3512 411 3568 bonum
441 3519 525 3566 est
561 3510 609 3566 ei
640 3511 806 3580 magis
831 3509 877 3565 si
915 3509 1340 3564 circumdaretur
1386 3514 1523 3566 mola
1572 3515 1801 3571 asinaria

192 3605 343 3660 collo
366 3603 486 3672 ejus
506 3644 520 3667 ,
551 3612 607 3658 et
636 3603 687 3656 itt
715 3616 864 3658 mare
894 3602 1212 3657 mitteretur.
1247 3602 1311 3656 Et
1341 3614 1454 3673 post
1494 3606 1800 3675 paululum:

195 3695 419 3749 llabete
452 3694 501 3747 in
529 3693 681 3747 vobis
706 3695 905 3757 salem,
939 3703 993 3750 et
1013 3708 1203 3763 pacem
1236 3694 1424 3749 habete
1459 3697 1595 3752 inter
1625 3714 1740 3753 vos.

271 3786 346 3842 Et
368 3787 530 3858 paulo
552 3797 661 3857 post
688 3784 792 3860 [xu]
816 3805 828 3841 :
854 3788 919 3842 Et
948 3788 1267 3847 accedentes
1298 3788 1551 3846 Pltarisrei
1577 3792 1806 3850 interro-

197 3880 403 3951 gabant
432 3894 589 3944 eum,
613 3878 669 3933 Si
698 3880 814 3934 licet
840 3879 952 3933 viro
976 3894 1192 3933 uxorem
1217 3880 1509 3947 dimittere,-
1540 3893 1802 3941 tentantes

202 3985 355 4026 eum.
405 3971 475 4023 At
504 3970 587 4024 ille
613 3970 979 4039 respondens,
1012 3970 1144 4039 dixit
1178 3972 1287 4026 eis:
1318 3972 1455 4040 Quid
1485 3976 1633 4029 vobis
1660 3992 1801 4047 pra:—

199 4064 350 4134 cepit
371 4063 612 4135 Moyses?
637 4063 739 4130 Qui
764 4063 1013 4118 dixerunt
1037 4082 1048 4117 :
1078 4063 1283 4136 Moyses
1309 4068 1546 4133 permisit
1566 4068 1799 4125 libellum

203 4153 425 4224 repudii
465 4154 733 4219 scribere,
782 4164 835 4207 et
891 4152 1181 4208 dimittere.
1225 4156 1428 4220 Quibus
1472 4161 1801 4226 respondens

204 4245 369 4303 Iesus
415 4247 489 4299 ait
521 4263 534 4299 :
568 4246 646 4299 Ad
676 4244 921 4299 duritiam
965 4245 1353 4303 COTdiSnd‘t‘Slt’i
1394 4250 1608 4318 scripsit
1650 4254 1801 4308 vobis

204 4348 537 4411 pratccptum
565 4338 703 4392 istud
730 4354 744 4403 ;
771 4339 839 4393 ab
860 4340 1008 4393 initio
1023 4350 1198 4396 autem
1225 4352 1487 4399 creatura:
1508 4350 1799 4405 masculum

206 4442 266 4489 et
319 4432 572 4487 letttittant
618 4433 740 4486 fecit
783 4447 878 4487 eos
925 4434 1083 4488 Deus.
1135 4436 1361 4506 Propter
1396 4440 1496 4495 hoc
1541 4444 1802 4514 relinquet

209 4527 380 4581 homo
408 4535 611 4594 patrem
638 4540 792 4579 suum
823 4535 881 4580 et
923 4540 1183 4593 matrem,
1230 4540 1285 4584 et
1310 4532 1605 4588 adhaerebit
1651 4539 1799 4591 uxori

208 4634 325 4676 sua:
349 4634 364 4683 ;
400 4627 455 4672 et
476 4626 632 4673 erunt
657 4618 764 4673 duo
798 4618 849 4672 in
877 4635 1037 4674 carne
1058 4636 1180 4676 una.
1209 4622 1510 4693 Itaqueiam
1539 4640 1646 4682 non
1678 4639 1803 4684 sunt

176 4718 188 4728 '
212 4711 347 4776 duo,
387 4710 483 4765 sed
512 4726 615 4764 una
640 4726 784 4765 caro.
809 4710 959 4778 Quod
981 4728 1113 4783 ergo
1147 4714 1289 4769 Deus
1318 4718 1610 4785 conjunxit,
1643 4722 1801 4777 homo

213 4817 322 4857 non
348 4810 580 4871 separet.
616 4802 683 4855 Et
712 4803 764 4858 in
790 4802 949 4857 domo
980 4804 1171 4860 iterum
1212 4806 1453 4878 discipuli
1481 4809 1594 4880 ejus
1622 4812 1688 4867 de
1709 4829 1801 4868 eo-

216 4892 337 4951 dem
368 4895 827 4965 interrogaverunt
856 4913 999 4951 cum.
1034 4898 1102 4953 Et
1140 4899 1267 4955 dicit
1297 4902 1399 4957 illis
1428 4920 1441 4957 :
1470 4903 1800 4977 Quicumque

218 4984 477 5049 dimiserit
512 5004 730 5043 osorem
757 5004 905 5043 suam
922 5031 938 5053 ,
961 4998 1016 5044 et
1036 4991 1192 5046 aliam
1215 4991 1425 5048 duxerit
1443 5036 1458 5059 ,
1482 4995 1798 5054 adulterium

220 5080 673 5150 committitsnpcr
690 5097 828 5147 eam;
853 5082 969 5138 etsi
991 5099 1126 5139 uxor
1143 5086 1401 5142 dimiserit
1423 5090 1595 5143 virum
1621 5106 1797 5159 suum,

283 5193 302 5264 ξ
326 5199 461 5264 Ven,
489 5190 830 5264 totamtotam;
853 5201 903 5245 et
925 5194 1217 5264 [t3ttlt)_'_post,
1243 5198 1563 5264 coinquinant.
1587 5208 1643 5252 tt.

282 5256 539 5325 {vulgata
559 5255 653 5325 sed,
669 5255 720 5306 in
744 5255 953 5325 t'cutreiit
974 5255 1121 5325 vadit.
1204 5255 1211 5258 ’
1338 5255 1374 5325 _'
1567 5318 1580 5325 Α
1652 5320 1677 5325 η

284 5316 311 5348 ³
328 5316 551 5383 teritum,
574 5322 765 5383 exeunt,
791 5322 930 5383 abest
951 5332 979 5369 a
1007 5320 1201 5383 vulgata
1226 5335 1239 5371 :
1264 5321 1352 5372 sed
1377 5330 1537 5373 exstat
1560 5318 1606 5375 in
1631 5320 1801 5378 cedici-

225 5374 318 5452 ltus
334 5377 475 5440 hujus
494 5374 703 5452 speculi,
802 5382 979 5452 quimus
1011 5374 1187 5452 Regius
1207 5392 1284 5434 Ms,
1314 5393 1454 5448 post,
1498 5374 1803 5452 (cyma

225 5437 375 5509 male,
395 5437 731 5509 'lplrosequitur,
754 5437 867 5493 inde
888 5437 1166 5509 procedunt.

287 5501 310 5574 ξ
331 5501 501 5565 [legitis
516 5501 833 5574 eode_x__juvta
855 5501 1096 5570 givecum,
1119 5512 1223 5573 post
1256 5521 1333 5559 me
1354 5507 1492 5574 sequi
1512 5523 1531 5562 :
1554 5512 1625 5562 sic
1656 5513 1800 5563 etiam

226 5566 411 5626 antiqua
428 5568 563 5614 (arb.
591 5566 751 5616 ltiiulia.

288 5625 311 5691 ξ
333 5625 541 5690 vulgata,
564 5628 880 5691 confundetur
901 5644 1027 5682 etmt.

228 5684 1069 5804 ωὲἕιῧῇἥιὲἐωάὼιωήνὶῃωω
1092 5704 1114 5747 :
1142 5692 1277 5761 quod
1304 5695 1449 5750 abest
1480 5708 1513 5750 ι
1547 5705 1653 5752 Mss.
1686 5706 1741 5750 et
1772 5711 1802 5750 a

1456 257 1544 319 DE
1588 256 1968 318 SCNP'IURA
2008 256 2256 321 SACRA.

3412 270 3521 341 983

1927 380 1981 433 et
2010 372 2095 429 alii
2130 372 2399 444 nupserit,
2447 375 2763 437 mmcltatnr.
2811 378 2881 435 Et
2910 388 3023 451 post
3055 388 3271 453 quatuor
3299 398 3472 439 versus
3494 400 3514 441 ξ

1924 466 2094 521 Sinite
2118 468 2375 536 parvulos
2399 471 2580 526 venire
2606 472 2670 526 ad
2700 488 2803 535 tne,
2828 482 2883 528 et
2908 488 2973 530 ne
3001 474 3376 541 proltihucritis
3395 491 3510 532 eos.

1922 558 2131 615 Talittnt
2153 563 2394 623 estenim
2424 578 2647 633 regnum
2671 567 2779 621 Dei.
2814 567 2981 623 Amen
3005 566 3126 627 dico
3148 568 3297 623 vobis
3320 610 3336 634 ,
3365 569 3513 641 quis-

1920 652 2040 722 quis
2077 669 2183 706 non
2208 655 2470 721 receperit
2499 671 2747 733 regnent
2772 659 2865 715 Dei
2902 658 3043 721 velut
3074 661 3359 729 parvulus,
3402 676 3507 718 non

1919 742 2137 796 intrabit
2175 744 2227 797 iit
2268 744 2421 799 illud.
2457 747 2524 802 Et
2566 750 2915 819 complexans
2944 766 3079 816 eos,
3129 762 3182 806 et
3228 752 3509 821 imponens

1916 852 2106 893 manus
2132 852 2294 908 super
2322 841 2439 895 illos
2459 883 2473 907 ,
2504 841 2853 899 benetlicebat
2873 859 2984 899 eos.
3020 843 3229 901 Etcum
3259 861 3509 914 egressus

1915 938 2058 985 esset
2086 930 2136 984 in
2166 932 2301 984 viam
2322 973 2339 995 ,
2386 937 2753 1001 pratcurrens‘
2786 936 3003 1006 quidam
3042 952 3180 1006 genu
3207 937 3344 993 ﬂexo
3380 948 3508 997 ante

1913 1038 2066 1089 cunt,
2096 1026 2316 1094 rogabat
2356 1043 2477 1080 eum
2504 1046 2515 1079 :
2544 1028 2793 1099 Magister
2838 1031 3005 1094 bone,
3038 1030 3159 1099 quid
3194 1030 3380 1087 faciam
3402 1074 3418 1097 ,
3450 1041 3508 1089 ut

1911 1117 2073 1170 vitam
2100 1127 2351 1172 a-tcrttattt
2378 1120 2709 1187 percipiant?
2732 1121 2888 1175 Jesus
2908 1131 3086 1176 autem
3108 1122 3238 1176 dixit
3258 1123 3305 1176 ei
3334 1141 3347 1178 :
3371 1123 3505 1190 Quid

1910 1224 1997 1264 me
2016 1209 2152 1263 dicis
2182 1211 2377 1263 bonum
2399 1212 2420 1264 ?
2446 1212 2616 1281 Nemo
2642 1213 2812 1268 bonus
2833 1254 2848 1276 ,
2883 1214 2982 1267 nisi
3011 1231 3146 1269 unus
3167 1216 3323 1269 Deus.
3362 1218 3506 1271 l‘r:e~

1910 1310 2061 1368 cepta
2095 1301 2275 1356 nosti?
2328 1301 2403 1356 Ne
2448 1304 2749 1367 adultercs,
2782 1305 2858 1359 Ne
2889 1306 3130 1366 occidas.
3174 1307 3248 1361 Ne
3280 1308 3500 1378 furi-ris,

1910 1391 1987 1447 Ne
2017 1392 2203 1446 falsum
2248 1394 2610 1447 testimonium
2639 1397 2870 1461 dixeris,
2901 1397 2976 1451 Ne
3005 1398 3245 1454 fraudem
3276 1400 3465 1455 feceris
3484 1439 3502 1468 ,

1909 1482 2119 1536 llottura
2151 1493 2353 1552 palrcttt
2388 1495 2532 1539 tuum
2559 1495 2611 1539 et
2640 1498 2886 1541 matrem.
2920 1490 2985 1542 At
3013 1490 3098 1543 ille
3138 1492 3501 1560 resitmidens,

1906 1577 1980 1630 ait.
2021 1578 2091 1629 illi
2124 1596 2138 1630 :
2175 1578 2457 1647 Magister,
2510 1579 2622 1635 h.rc
2669 1582 2847 1635 omnia
2896 1584 3105 1639 servavi
3150 1600 3178 1636 a
3220 1585 3502 1651 iuventute

1908 1682 2047 1721 mea.
2078 1667 2233 1721 .lesns
2263 1680 2437 1723 autem
2464 1670 2685 1724 intuitus
2713 1686 2834 1724 cum
2856 1712 2871 1737 ,
2898 1671 3081 1728 dilexit
3102 1689 3259 1739 cum;
3290 1686 3340 1731 ct
3364 1678 3498 1732 dixit

1908 1757 1983 1811 illi
2035 1774 2048 1811 :
2104 1758 2280 1813 Ununt
2326 1761 2417 1814 tibi
2462 1760 2616 1815 deest
2663 1779 2676 1814 :
2720 1762 2890 1826 vade,
2943 1779 3290 1834 quaecumque
3338 1765 3501 1825 habes

1906 1847 2121 1912 vende,
2166 1858 2219 1901 et
2264 1849 2332 1903 da
2364 1851 2713 1919 pauperibus,
2763 1861 2817 1907 et
2862 1851 3080 1908 habebis
3109 1854 3415 1912 thesaurum
3449 1859 3503 1916 ia

1904 1942 2077 2003 cmio;
2108 1947 2162 1994 et
2184 1942 2323 2002 veni,
2348 1956 2573 2010 Sequere
2601 1960 2704 1998 itte.
2732 1945 2830 2012 Qtti
2855 1947 3201 2001 contristatus
3227 1950 3280 2002 itt
3307 1950 3497 2022 verbo,

1904 2031 2033 2085 abiit
2055 2047 2321 2087 maerens:
2352 2046 2462 2087 erat
2489 2036 2630 2088 enim
2662 2036 2866 2092 habens
2893 2038 3084 2092 multas
3107 2044 3501 2109 possessiones.

1906 2120 1974 2174 Et
2000 2123 2440 2191 circumsitiriens
2487 2125 2679 2189 .Iesus,
2712 2126 2787 2179 ait
2824 2127 3097 2199 discipulis
3143 2132 3253 2185 suis
3282 2150 3295 2185 :
3328 2134 3499 2201 Quam

1904 2211 2124 2266 diflicile
2170 2215 2256 2281 qui
2290 2216 2542 2282 pecunias
2589 2214 2821 2280 habent,
2856 2218 2907 2270 itt
2937 2237 3154 2289 regnum
3194 2222 3284 2277 ἰ)ρί
3327 2224 3501 2280 intro-

1906 2304 2087 2359 ihttut‘.
2126 2306 2374 2375 Discipuli
2400 2318 2578 2361 autem
2606 2309 3055 2379 obstupescebztnt
3079 2314 3128 2367 in
3156 2316 3333 2372 verbis
3361 2318 3498 2387 ejus.

1905 2398 1973 2449 At
2001 2396 2156 2452 Jesus
2187 2415 2374 2452 rursus
2398 2401 2767 2470 respondens,
2805 2403 2881 2458 ait
2904 2404 3009 2457 illis
3036 2421 3049 2457 :
3082 2405 3259 2460 Filioli
3285 2449 3298 2471 ,
3338 2425 3499 2478 quam

1903 2490 2125 2545 difficile
2156 2501 2240 2545 est
2286 2492 2619 2550 eottftdentes
2667 2496 2719 2547 itt
2771 2497 3009 2563 [tecmtiis
3059 2498 3111 2551 itt
3152 2514 3371 2569 regnum
3406 2502 3499 2557 Dei

1907 2582 2167 2639 introire!
2207 2583 2438 2639 Facilius
2490 2588 2863 2642 estcamelmn
2920 2604 3016 2658 per
3072 2590 3309 2647 foramen
3369 2609 3499 2653 acus

1908 2677 2170 2739 transire;
2204 2692 2367 2745 quam
2395 2677 2613 2731 divitem
2647 2678 2843 2734 intrare
2896 2680 2948 2734 itt
2976 2697 3197 2750 regnum
3239 2685 3346 2737 Dei.
3394 2685 3500 2752 Qui

1907 2769 2077 2839 magis
2120 2768 2521 2823 admirabantur
2544 2811 2560 2835 ,
2596 2769 2841 2826 dicentes
2864 2770 2932 2825 ad
2975 2771 3183 2842 seipsos
3215 2792 3228 2828 :
3275 2776 3335 2829 Et
3376 2778 3498 2845 quis

1908 2869 2087 2931 potest
2123 2861 2304 2916 salvus
2340 2861 2493 2915 fieri?
2525 2862 2588 2916 Et
2610 2862 2822 2916 intuens
2847 2862 2966 2915 illos
2991 2862 3146 2919 .lcsus
3166 2905 3180 2930 ,
3203 2866 3279 2919 ait
3303 2884 3314 2918 :
3343 2867 3501 2936 Apud

1908 2954 2150 3008 homines
2176 2952 2507 3020 impossibile
2527 2960 2631 3018 est,
2669 2952 2761 3008 sed
2794 2968 2898 3007 non
2920 2954 3062 3025 apud
3090 2948 3253 3009 Deum
3281 2975 3294 3011 :
3321 2959 3501 3013 omnia

1905 3048 2050 3101 enim
2090 3045 2361 3116 possibilia
2387 3052 2514 3100 sunt
2542 3044 2679 3113 apud
2720 3046 2909 3100 Deum.
2944 3048 3007 3101 lit
3030 3049 3194 3115 cmpit
3235 3048 3426 3104 Petrus
3446 3049 3498 3104 ei

1906 3138 2084 3193 dicere
2108 3155 2121 3190 :
2155 3138 2291 3191 Ecce
2322 3152 2417 3189 nos
2444 3136 2756 3207 reliquimus
2784 3139 2993 3202 omnia,
3044 3148 3100 3193 ct
3124 3142 3289 3195 secuti
3313 3156 3499 3197 sumus

1909 3240 1979 3286 te.
2010 3229 2364 3299 “CSpondt‘llS
2403 3228 2563 3284 Jesus
2606 3229 2682 3283 ait
2713 3245 2726 3282 :
2760 3231 2931 3285 Amen
2966 3229 3087 3286 dico
3117 3233 3298 3299 vobis,
3343 3250 3500 3291 nemo

1907 3330 1989 3375 est
2020 3320 2111 3389 qui
2144 3320 2420 3389 reliquerit
2450 3319 2669 3374 domum
2689 3361 2705 3384 ,
2732 3332 2823 3375 aut
2870 3320 3092 3386 fratres,
3126 3333 3216 3378 aut
3242 3340 3454 3382 sorores
3474 3367 3494 3395 ,

1907 3419 1999 3464 aut
2038 3419 2264 3463 matrem
2290 3450 2302 3472 ,
2334 3420 2427 3462 aut
2462 3420 2665 3480 patrem
2686 3450 2704 3478 ,
2733 3422 2828 3466 aut
2861 3412 3037 3481 filios,
3071 3423 3165 3468 aut
3191 3431 3346 3486 agros
3371 3433 3499 3489 pro-

1908 3512 2027 3572 pter
2049 3518 2133 3555 tne
2160 3511 2212 3554 et
2240 3510 2456 3570 propter
2480 3503 2825 3572 Evattgclium
2849 3546 2863 3569 ,
2890 3506 2978 3575 qui
2998 3522 3103 3560 non
3128 3510 3349 3579 accipiat
3373 3527 3502 3567 cen-

1910 3595 2011 3651 ties
2033 3602 2237 3646 tantum
2264 3609 2406 3647 nunc
2442 3594 2493 3647 in
2522 3602 2763 3664 tempore
2784 3595 2918 3662 hoc;
2944 3597 3165 3661 domus,
3198 3609 3253 3655 et
3272 3601 3495 3669 fratres,

1909 3698 1964 3742 et
1989 3701 2205 3742 sorores
2226 3728 2240 3751 ,
2286 3696 2340 3741 et
2378 3696 2613 3751 matres,
2642 3697 2694 3742 et
2723 3688 2859 3743 filios
2878 3730 2893 3754 ,
2921 3698 2975 3745 et
2998 3706 3186 3763 agros,
3212 3708 3337 3748 cum
3377 3710 3502 3766 pcr-

1910 3778 2304 3842 sccutiouibus;
2353 3785 2408 3833 et
2452 3779 2507 3833 iu
2548 3779 2747 3834 sacculo
2790 3780 2965 3835 futuro
3013 3783 3173 3838 vitam
3224 3795 3496 3841 attentam.

1910 3869 2061 3925 Multi
2114 3878 2292 3924 autem
2338 3878 2497 3925 erunt
2545 3871 2701 3942 primi
2755 3872 3063 3941 novissimi,
3123 3885 3176 3933 et
3225 3879 3499 3935 novissimi

1908 3961 2088 4032 primi.
2116 3960 2179 4015 Et
2206 3961 2361 4033 paulo
2393 3972 2503 4033 post
2528 3978 2545 4017 :
2577 3964 2737 4020 Scitis
2768 3966 2887 4033 quia
2914 3967 2948 4021 ii
2974 3969 3061 4038 qui
3079 3969 3325 4027 videntur
3352 3974 3500 4043 prin-

1908 4053 2074 4122 cipari
2101 4052 2361 4109 Gentibus
2382 4095 2398 4120 ,
2428 4054 2769 4111 dominantur
2796 4058 2904 4125 eis,
2936 4067 2990 4114 et
3021 4062 3285 4132 principes
3314 4081 3499 4121 eorum

1909 4154 2226 4216 potestatem
2256 4146 2451 4201 habent
2481 4147 2735 4216 ipsorum.
2769 4148 2880 4202 Non
2912 4151 2980 4205 ita
3011 4164 3091 4206 est
3127 4164 3301 4209 autem
3334 4157 3383 4210 in
3408 4173 3504 4212 vo-

1908 4237 1988 4291 bis
2020 4255 2031 4291 :
2066 4236 2157 4291 sed
2191 4237 2511 4308 quicumque
2555 4239 2783 4293 voluerit
2822 4239 2935 4294 ﬁeri
2961 4244 3165 4309 major,
3194 4246 3295 4298 erit
3325 4256 3503 4302 vester

1908 4332 2185 4395 minister;
2214 4340 2267 4385 et
2290 4332 2611 4401 quicumque
2632 4332 2853 4386 voluerit
2882 4334 2933 4387 in
2951 4335 3103 4389 vobis
3126 4337 3325 4403 primus
3356 4352 3491 4405 eSse,

1908 4424 2009 4477 erit
2036 4424 2270 4475 omnium
2300 4436 2505 4475 servus.
2537 4422 2665 4476 Nam
2690 4434 2741 4476 ct
2771 4422 2933 4477 Filius
2965 4423 3193 4479 hominis
3218 4442 3318 4481 non
3354 4430 3499 4485 venit

1909 4522 1965 4566 ut
1995 4514 2385 4566 ministraretttr
2406 4512 2451 4566 ci
2474 4553 2490 4576 ,
2521 4511 2615 4567 scd
2645 4519 2705 4567 nt
2733 4512 3092 4583 ministraret,
3118 4528 3170 4572 ct
3198 4518 3350 4574 daret
3376 4521 3496 4577 ani—

1910 4619 2047 4658 nam
2076 4619 2225 4655 suam
2254 4602 2672 4671 redetttplioneut
2705 4619 2801 4673 pro
2826 4605 3022 4660 multis.

1982 4696 2045 4749 Et
2065 4696 2323 4765 aliquanto
2343 4706 2454 4766 post
2475 4684 2597 4768 [XL]
2624 4714 2634 4749 :
2663 4698 2727 4751 lit
2748 4698 3074 4766 respondens
3088 4700 3265 4768 Iesus,
3290 4704 3362 4759 ait
3382 4705 3493 4761 eis:

1909 4785 2111 4840 liabete
2154 4784 2308 4841 fidem
2346 4786 2471 4850 llci;
2502 4801 2657 4841 amen
2702 4788 2823 4842 dico
2854 4789 3033 4856 vobis,
3064 4793 3383 4865 quicumque
3408 4797 3493 4851 di-

1910 4878 2044 4932 xerit
2074 4877 2197 4931 huic
2228 4866 2426 4942 monti,
2459 4879 2669 4934 Tollere
2698 4889 2751 4935 et
2780 4882 2989 4937 mittere
3016 4884 3064 4937 in
3094 4880 3275 4951 mare;
3307 4898 3358 4942 et
3387 4904 3490 4943 non

1910 4969 2232 5023 ha'sitaverit
2263 4970 2313 5023 in
2342 4970 2502 5024 corde
2526 4986 2657 5037 suo,
2690 4972 2783 5027 scd
2816 4974 3134 5039 crediderit,
3168 4978 3287 5047 quia
3319 4981 3492 5049 quod-

1909 5075 2133 5129 cumque
2159 5060 2384 5127 dixerit,
2417 5059 2567 5129 Fiat,
2611 5058 2699 5116 fiet
2723 5063 2791 5117 ci.
2824 5056 3113 5133 Propterea
3144 5066 3263 5121 dico
3295 5070 3443 5125 vobis
3472 5090 3488 5126 ε

1908 5149 2096 5208 Omnia
2117 5167 2467 5221 quzecumqne
2492 5164 2707 5208 orantes
2734 5155 2911 5223 peti-tis
2931 5195 2945 5219 ,
2972 5156 3173 5211 credite
3200 5161 3319 5227 quia
3346 5162 3490 5216 acci-

1907 5243 2099 5314 pietis,
2149 5252 2203 5298 et
2251 5245 2465 5300 venient
2489 5245 2510 5277 ³
2534 5244 2702 5301 vobis.
2737 5245 2803 5301 Et
2832 5262 2950 5302 cum
2998 5247 3206 5302 Stabitis
3231 5250 3295 5303 ad
3328 5268 3489 5309 oran-

1908 5334 2033 5389 dum
2055 5376 2071 5401 ,
2113 5335 2364 5390 dimittite
2387 5335 2433 5389 si
2458 5334 2584 5404 quid
2623 5334 2831 5391 habetis
2853 5338 3110 5392 adversus
3136 5341 3397 5411 aliquem;
3433 5356 3492 5400 ut

1907 5436 1963 5483 et
1988 5427 2142 5482 Pater
2169 5437 2347 5481 vester
2381 5426 2475 5497 qui
2509 5427 2564 5481 in
2592 5426 2745 5484 cmlis
2767 5438 2883 5495 est,
2926 5429 3157 5486 dimittat
3181 5435 3331 5487 vobis
3360 5450 3491 5505 pec-

1908 5530 2029 5576 eata
2051 5526 2248 5575 vestra.
2281 5518 2431 5586 Quod
2473 5518 2521 5574 si
2558 5534 2653 5576 vos
2679 5534 2781 5574 non
2808 5521 3153 5591 dituiseritis,
3206 5541 3305 5582 nec
3333 5528 3489 5586 Pater

1906 5622 2084 5669 vester
2112 5613 2199 5682 qui
2229 5613 2281 5667 in
2308 5613 2456 5669 cmlis
2484 5624 2593 5679 est,
2617 5615 2845 5672 dimittet
2870 5618 3019 5673 vobis
3044 5630 3261 5691 peccata
3287 5633 3485 5681 vestra.

1972 5704 1994 5776 ξ
2015 5702 2232 5776 ῙυῘεθὲθν
2256 5716 2563 5776 υἴσευνῖεηβ·
2584 5714 2754 5769 στα-ι
2777 5708 3116 5776 ρνωάταωύη.
3135 5726 3411 5770 acetiam

1972 5763 2546 5829 'vmgametewtieut.
2738 5763 2789 5774 "
3082 5763 3161 5783 "
