3878 6328
443 266 547 323 935
1019 211 1047 282 ἶ
1611 253 1670 309 s.
1709 241 2078 309 AUGUSTINI
2114 240 2474 306 SPECULuu
3634 252 3716 314 est
3808 194 3809 268 ἕ

504 367 1643 452 ἱιειηροεεαιὸφλὰηιιιηι[ιιι.]εΒθεροιιὰθιιε
1659 380 1833 428 autem
1847 368 2025 432 Jesus,
2137 374 2314 421 autem
2341 375 2395 422 et
2421 367 2686 438 publicani
2736 379 2792 425 ut
2837 368 3257 441 baptizarentur,
3295 378 3358 428 et
3386 370 3635 430 dixerunt
3655 379 3712 433 ad

442 474 580 530 dixit
607 471 710 525 illis
740 489 752 523 :
786 469 1010 524 Reddite
1040 469 1196 538 igitur
1224 482 1342 538 qua:
1371 477 1492 521 sunt
1523 464 1766 529 Caesaris,
1791 461 1987 516 ϐέρεθτί
2013 475 2029 526 ;
2139 460 2286 515 illum
2320 479 2332 515 τ
2358 461 2623 532 Magister,
2655 463 2782 534 quid
2808 463 3101 519 faciemus?
3129 465 3198 520 At
3224 465 3325 521 ille
3351 465 3495 521 dixit
3518 467 3582 522 ad
3606 483 3715 526 eos:

446 575 501 622 et
530 580 648 633 qua:
675 569 799 615 sunt
824 561 951 624 Dei,
983 558 1113 613 Deo.
1147 555 1214 612 Et
1240 558 1342 611 alio
1367 558 1477 611 loco
1502 573 1523 610 :
1554 555 1622 610 Et
1643 554 1870 611 accessit
1895 568 2034 609 unus
2139 553 2283 610 Nihil
2300 555 2522 623 amplius
2543 573 2699 627 quam
2721 557 2862 627 quod
2883 551 3230 613 constitutum
3253 567 3347 616 est
3374 560 3552 628 vobis,
3575 562 3711 620 facis.

452 659 520 714 de
551 657 770 721 Scribis,
799 654 888 725 qui
918 653 1159 708 audierat
1188 652 1306 706 illos
1331 653 1741 722 conquirentcs,
1771 657 1825 704 et
1851 649 2036 703 videns
2142 647 2229 704 tis.
2262 647 2660 718 lnterrogabant
2701 658 2878 704 autem
2920 665 3043 705 eum
3089 659 3142 705 et
3181 651 3418 717 milites,
3450 652 3706 710 dicentes:

448 751 571 822 quia
603 750 739 804 bene
768 747 872 801 illis
901 745 1266 817 responderit,
1313 745 1660 815 interrogavit
1682 759 1806 800 eum
1831 785 1846 809 ,
1892 742 2036 813 quod
2141 740 2276 808 Quid
2308 740 2559 796 faciemus
2587 748 2640 795 et
2664 741 2798 795 nos?
2830 742 2892 796 Et
2931 743 3005 797 ait
3033 741 3172 798 illis:
3198 742 3503 800 Neminem
3535 762 3714 804 concu-

441 855 588 901 esset
619 844 843 913 primum
887 841 1125 896 omnium
1167 839 1496 895 mandatum.
1541 838 1698 893 Jesus
1737 847 1913 894 autem
1942 853 2032 894 re-

2152 833 2306 896 liatis,
2335 847 2505 902 neque
2550 832 2874 888 calumniam
2911 832 3135 902 faciatis,
3173 844 3228 892 et
3269 838 3525 893 contenti
3567 852 3712 898 estote

443 935 658 1006 spondit
674 934 744 997 ei,
767 932 898 1000 Quia
918 932 1144 1002 primum
1159 931 1398 985 omnium
1424 928 1731 984 mandatum
1748 936 1849 994 est,
1871 927 2032 995 Audi,
2143 925 2419 996 stipendiis
2447 926 2664 982 vestris.

444 1030 629 1090 lsrael.
667 1028 922 1083 Dominus
952 1027 1091 1081 Dcus
1116 1035 1238 1080 tuus
1264 1024 1406 1079 Deus
1435 1039 1572 1078 unus
1597 1032 1713 1088 est;
1736 1029 1809 1087 et,
1837 1022 2036 1092 Diliges
2213 1018 2282 1072 Et
2332 1030 2441 1089 post
2493 1020 2808 1092 aliquantum
2851 1019 2970 1094 [VL]
2996 1040 3008 1076 :
3035 1022 3178 1078 Beati
3250 1038 3565 1094 pauperes;
3615 1029 3716 1099 quia

444 1122 727 1176 Domimun
761 1120 925 1173 Deum
957 1128 1101 1172 tuum
1131 1132 1197 1171 ex
1231 1124 1341 1170 toto
1368 1114 1530 1170 corde
1555 1123 1679 1180 tuo,
1729 1122 1783 1168 et
1816 1129 1879 1168 ex
1926 1121 2034 1168 tota
2142 1119 2377 1165 vestrum
2425 1118 2508 1165 est
2561 1127 2779 1183 regnum
2831 1113 2945 1168 Dei.
2980 1115 3126 1170 Beati
3164 1115 3257 1186 qui
3290 1132 3445 1173 nunc
3488 1120 3712 1186 esui-itis;

443 1216 622 1270 anima
652 1221 772 1277 tua,
820 1221 873 1266 et
902 1227 964 1266 ex
999 1219 1106 1264 tota
1140 1219 1318 1264 mente
1349 1218 1434 1262 tua
1454 1250 1469 1275 ,
1516 1215 1570 1262 et
1609 1223 1673 1262 ex
1705 1215 1813 1261 tota
1840 1207 2037 1261 virtute
2142 1203 2266 1273 quia
2295 1203 2683 1259 saturabimini.
2709 1205 2854 1261 Beati
2895 1207 2983 1278 qui
3016 1223 3156 1264 nunc
3178 1207 3368 1276 fletis;
3399 1212 3524 1282 quia
3551 1213 3716 1270 ridebi-

446 1316 536 1361 tna
567 1323 580 1358 :
615 1306 716 1359 hoc
750 1313 832 1358 est
863 1303 1090 1372 primum
1139 1299 1465 1354 mandatum.
1498 1299 1803 1366 Secundum
1852 1306 2033 1353 autem
2145 1293 2229 1348 tis.
2265 1293 2406 1348 Beati
2433 1295 2600 1361 eritis,
2626 1310 2747 1351 cum
2771 1313 2864 1351 vos
2889 1297 3099 1353 oderint
3127 1299 3405 1366 homines,
3437 1312 3492 1358 et
3510 1319 3624 1359 cum
3643 1321 3716 1361 se-

444 1397 622 1453 simile
649 1405 732 1451 est
757 1393 830 1448 illi
863 1412 876 1449 :
923 1393 1117 1463 Diliges
1143 1393 1442 1460 proximum
1471 1401 1617 1446 tuum
1662 1400 1912 1460 tanquam
1953 1398 2035 1445 te-
2143 1387 2582 1455 paraverintvos,
2605 1397 2660 1444 et
2679 1390 3137 1460 exprobraverint,
3166 1401 3221 1448 et
3251 1393 3524 1463 cjecerint
3549 1412 3712 1452 nomen

443 1489 643 1556 ipsum.
676 1485 843 1555 Majus
871 1484 1059 1539 horum
1088 1482 1228 1537 aliud
1257 1481 1564 1537 mandatum
1610 1495 1714 1534 non
1747 1490 1848 1535 est.
1876 1481 1944 1535 Et
1965 1481 2038 1535 ait
2143 1485 2377 1532 vestrum
2411 1488 2660 1548 tanquam
2707 1481 2904 1535 malum
2929 1523 2944 1547 ,
2992 1493 3206 1554 propter
3246 1483 3456 1540 Filium
3491 1486 3711 1543 hominis.

445 1580 523 1635 illi
550 1579 732 1635 Scriba
759 1594 775 1631 :
805 1577 983 1641 Bene,
1008 1575 1291 1644 magister,
1324 1575 1375 1626 in
1406 1574 1630 1628 veritate
1667 1571 1878 1639 dixisti,
1915 1570 2038 1642 quia
2143 1565 2382 1624 Gaudete
2425 1570 2476 1623 in
2515 1570 2604 1625 illa
2653 1571 2757 1636 die,
2791 1582 2846 1626 et
2869 1573 3160 1641 exsultate;
3189 1591 3324 1632 ecce
3351 1578 3501 1633 enim
3533 1595 3708 1635 merces

444 1686 582 1726 unus
611 1679 692 1725 est
718 1670 878 1733 Deus,
900 1676 954 1721 et
979 1682 1082 1721 non
1103 1677 1185 1720 est
1213 1665 1348 1720 alius
1371 1673 1565 1735 prtcter
1595 1679 1750 1728 eum;
1781 1673 1837 1719 et
1873 1673 1928 1717 ut
1953 1663 2037 1718 di-
2145 1669 2318 1715 vestra
2347 1661 2510 1716 multa
2541 1671 2618 1719 est
2646 1663 2696 1717 in
2722 1665 2861 1720 calo
2887 1682 2899 1717 :
2927 1665 3221 1722 secundum
3252 1668 3408 1724 enim
3437 1670 3550 1726 hare
3578 1670 3712 1727 facie-

446 1763 642 1834 ligatur
657 1776 720 1814 ex
745 1768 854 1813 toto
879 1758 1040 1812 corde
1065 1799 1078 1822 ,
1110 1767 1167 1812 et
1185 1773 1252 1813 ex
1279 1766 1390 1811 toto
1420 1757 1687 1811 intellectu
1709 1797 1721 1818 ,
1753 1765 1808 1809 et
1834 1771 1899 1809 ex
1933 1763 2037 1809 tota
2142 1750 2271 1807 bant
2300 1752 2578 1824 Prophetis
2620 1765 2797 1826 patres
2822 1771 3026 1813 eorum.
3059 1757 3454 1818 Verumtamen
3478 1779 3556 1818 va:
3583 1766 3711 1820 vobis

445 1856 656 1917 anima,
693 1861 747 1907 et
773 1866 842 1906 ex
878 1859 987 1906 tota
1013 1849 1322 1905 fortitudine
1357 1867 1369 1900 :
1409 1856 1465 1903 et
1492 1848 1712 1916 diligere
1738 1847 2036 1917 proximum
2144 1843 2398 1900 divitibus
2455 1847 2578 1915 quia
2643 1846 2851 1904 habetis
2891 1851 3321 1910 consolationem
3361 1866 3608 1911 vestram.
3639 1857 3708 1914 Va:

443 1957 701 2018 tanquam
729 1946 964 2016 seipsum
987 1985 1004 2012 ,
1033 1943 1205 2014 majus
1230 1951 1312 1997 est
1332 1940 1579 1996 omnibus
1605 1939 2038 1994 holocaustoma-
2143 1933 2295 1990 vobis
2324 1936 2410 2004 qui
2439 1939 2662 1993 saturati
2689 1939 2853 2006 estis;
2884 1942 3008 2012 quia
3043 1944 3318 2000 esurietis.
3352 1945 3449 2001 Vae
3470 1947 3614 2001 vobis
3635 1951 3706 2018 qui

445 2041 592 2095 tibus
613 2047 666 2094 et
695 2036 990 2092 sacrificiis.
1017 2035 1175 2092 Jesus
1199 2043 1375 2092 autem
1402 2033 1585 2087 videns
1602 2031 1742 2102 quod
1770 2032 2040 2099 sapienter
2144 2024 2330 2080 ridetis
2358 2042 2532 2094 nunc;
2563 2029 2686 2100 quia
2717 2028 2984 2100 lugebitis,
3023 2041 3078 2087 et
3097 2033 3330 2090 flebitis.
3369 2035 3463 2092 Va:
3490 2053 3602 2094 cum
3629 2039 3704 2096 ne.

443 2130 845 2199 respondisset,
875 2128 1009 2182 dixit
1036 2126 1110 2181 illi
1145 2144 1158 2180 :
1186 2125 1300 2180 Non
1323 2138 1384 2180 es
1407 2125 1562 2194 longe
1581 2138 1610 2177 a
1641 2137 1803 2192 regno
1831 2122 1944 2176 Dei.
1972 2121 2040 2176 Et
2144 2116 2444 2174 nedixerint
2489 2119 2638 2174 vobis
2655 2135 2677 2185 ;
2696 2136 2882 2177 omnes
2926 2123 3170 2181 homines
3193 2127 3210 2159 ί
3237 2144 3252 2180 :
3280 2128 3576 2184 secundum
3617 2131 3711 2186 [nec

447 2237 606 2277 nemo
628 2221 736 2290 jam
784 2219 1014 2273 audebat
1041 2233 1164 2273 eum
1210 2219 1556 2286 interrogare.
1610 2215 1675 2268 Et
1707 2214 1862 2286 paulo
1891 2223 2038 2285 post:
2142 2207 2410 2265 faciebant
2456 2211 2939 2283 pseudoprophetis
2972 2225 3152 2286 patres
3193 2235 3413 2275 eorum.
3455 2220 3558 2276 Sed
3582 2222 3706 2276 vobis

445 2313 644 2368 Cavete
693 2327 722 2364 a
751 2310 951 2366 Scribis
971 2352 985 2376 ,
1013 2309 1102 2379 qui
1143 2308 1328 2362 volunt
1357 2308 1410 2362 in
1442 2305 1592 2362 stolis
1639 2306 1910 2360 ambulare
1930 2345 1945 2369 ,
1986 2314 2040 2360 et
2144 2301 2285 2370 dico,
2315 2305 2404 2374 qui
2428 2305 2624 2360 auditis
2658 2322 2672 2361 :
2702 2307 2912 2378 Diligite
2941 2309 3188 2366 inimicos
3236 2323 3473 2382 vestros,
3509 2316 3698 2370 benefa-

446 2404 666 2459 salutari
686 2405 737 2457 in
767 2403 900 2466 foro,
931 2410 987 2456 et
1014 2401 1069 2455 in
1097 2399 1280 2470 primis
1298 2398 1568 2454 cathedris
1593 2397 1782 2452 sedere
1811 2397 1861 2450 in
1887 2412 2040 2469 syna-
2143 2397 2249 2452 cite
2291 2396 2357 2452 iis
2402 2398 2491 2468 qui
2534 2413 2631 2453 vos
2671 2399 2915 2455 oderunt.
2949 2401 3257 2460 Benedicite
3288 2405 3703 2462 maledicentibus

449 2497 598 2567 gogis
622 2536 637 2561 ,
680 2503 733 2548 et
761 2494 957 2563 primos
985 2491 1279 2546 discubitus
1316 2488 1368 2544 in
1409 2488 1579 2544 caenis
1610 2504 1624 2540 :
1658 2488 1746 2558 qui
1785 2487 2043 2541 devorant
2145 2489 2314 2543 vobis.
2347 2487 2508 2544 Orate
2528 2505 2625 2559 pro
2645 2489 3093 2550 calumniantibus
3120 2510 3235 2551 vos.
3261 2496 3332 2551 Et
3357 2498 3448 2569 qui
3480 2506 3528 2552 te
3550 2513 3710 2569 percu-

447 2589 638 2644 domos
678 2585 956 2640 viduarum
999 2583 1099 2638 sub
1127 2583 1348 2638 obtentu
1394 2580 1614 2651 prolixa:
1643 2579 1900 2634 orationis
1923 2618 1938 2644 ,
1987 2578 2040 2633 hi
2148 2579 2211 2634 tit
2235 2581 2286 2635 in
2326 2582 2597 2639 maxillam
2619 2625 2634 2650 ,
2671 2585 2852 2654 praebe
2881 2596 2935 2642 et
2965 2588 3221 2655 alteram;
3253 2598 3310 2646 et
3331 2591 3403 2646 ab
3433 2605 3498 2646 eo
3521 2591 3599 2661 qui
3627 2606 3704 2642 au-

449 2681 755 2751 accipiunt‘
785 2678 1045 2749 prolixius
1066 2673 1347 2746 judicium.
1368 2672 1644 2729 Etsedens
1668 2672 1824 2728 Jesus
1853 2680 2038 2727 contra
2148 2669 2251 2726 fert
2280 2673 2370 2727 tibi
2397 2675 2774 2732 vestimentum
2808 2686 2955 2734 tuum
2973 2721 2986 2744 ,
3011 2681 3170 2735 etiam
3199 2683 3440 2738 tunicam
3471 2683 3572 2738 noli
3601 2698 3699 2750 pro-

447 2771 882 2844 gazophylacium
903 2811 916 2833 ,
967 2768 1260 2840 aspiciebat
1307 2767 1577 2838 quomodo
1629 2767 1778 2821 turba
1816 2765 2044 2836 jactaret
2148 2763 2352 2819 bibere.
2375 2763 2535 2821 Omni
2562 2777 2739 2824 autem
2771 2771 2971 2839 petenti
3003 2781 3054 2827 te
3075 2813 3090 2838 ,
3125 2773 3346 2840 tribue;
3374 2784 3430 2830 et
3456 2775 3542 2844 qui
3563 2771 3704 2828 aufert

447 2865 592 2919 msin
620 2861 1084 2933 gazophylacium:
1108 2868 1162 2915 et
1180 2859 1331 2914 multi
1346 2858 1538 2914 divites
1555 2857 1828 2928 jactabant
1851 2857 2038 2911 multa.
2146 2871 2266 2926 qua;
2296 2866 2380 2911 tua
2398 2865 2526 2912 sunt
2547 2900 2562 2924 ,
2596 2875 2665 2915 ne
2694 2873 2926 2931 repetas.
2964 2863 3031 2918 Et
3060 2872 3220 2933 prout
3245 2866 3419 2921 vultis
3449 2873 3506 2920 ut
3538 2863 3705 2919 faciant

448 2956 582 3011 Cum
611 2955 1036 3009 venissetautem
1064 2967 1168 3032 una
1191 2951 1348 3005 vidua
1374 2965 1604 3020 pauper,
1633 2949 1777 3002 misit
1801 2947 1908 3002 duo
1939 2947 2040 3002 mi-
2146 2948 2298 3004 vobis
2317 2949 2590 3018 homines,
2629 2951 2906 3009 faciteillis
2944 2954 3205 3012 similiter.
3243 2956 3319 3012 Et
3346 2957 3390 3013 si
3420 2956 3702 3028 diligitiseos

447 3055 576 3102 nuta
601 3088 612 3110 ,
641 3045 782 3115 quod
811 3051 893 3097 est
931 3041 1197 3112 quadrans
1227 3059 1238 3094 :
1269 3050 1323 3097 et
1367 3053 1668 3095 convocans
1707 3038 1998 3108 discipulos
2019 3079 2035 3103 ,
2145 3041 2236 3112 qui
2261 3057 2358 3098 vos
2385 3043 2647 3114 diligunt,
2675 3046 2798 3116 qdre
2825 3047 2978 3102 vobis
3004 3057 3087 3104 est
3112 3049 3282 3120 gratia
3304 3052 3330 3105 ?
3357 3067 3478 3106 nam
3515 3059 3565 3106 et
3597 3064 3699 3120 pec-

450 3141 525 3193 ait
554 3139 678 3201 illis,
707 3139 873 3191 Anien
905 3135 1026 3190 dico
1047 3135 1218 3200 vobis,
1241 3132 1492 3204 quoniam
1522 3131 1680 3186 vidua
1703 3132 1818 3186 haec
1843 3146 2043 3201 pauper
2145 3140 2354 3187 catores
2381 3132 2664 3204 diligentes
2691 3151 2750 3191 se
2777 3137 3021 3208 diligunt.
3066 3139 3133 3194 Et
3172 3141 3218 3196 si
3249 3141 3616 3198 benefeceritis
3651 3139 3701 3193 iis

446 3233 570 3304 plus
613 3231 858 3284 omnibus
893 3229 1065 3294 misit,
1098 3227 1186 3297 qui
1213 3227 1476 3282 miserunt
1503 3225 1556 3280 in
1585 3225 2038 3297 gazophylacium.
2144 3225 2236 3295 qui
2261 3226 2412 3283 vobis
2438 3226 2810 3295 benefaciunt,
2856 3247 2976 3301 qum
3011 3232 3167 3287 vobis
3212 3242 3303 3290 est
3331 3235 3537 3306 gratia?
3562 3232 3698 3302 siqui.

447 3324 651 3380 Omnes
693 3322 834 3376 enim
875 3337 938 3376 ex
979 3335 1044 3374 eo
1092 3319 1230 3390 quod
1262 3317 1563 3373 abundabat
1591 3317 1700 3372 illis
1744 3319 2039 3382 miserunt;
2144 3316 2269 3374 dem
2295 3326 2349 3373 et
2371 3321 2800 3389 peccatoreshoc
2823 3321 3042 3379 faciunt.
3075 3325 3207 3380 Etsi
3238 3337 3486 3383 mutuum
3515 3324 3692 3380 dederi-

448 3417 567 3471 bmc
593 3431 718 3470 vero
743 3415 809 3470 de
834 3413 1054 3484 penuria
1081 3427 1175 3468 sua
1200 3412 1378 3467 omnia
1405 3426 1523 3482 quae
1552 3411 1738 3468 habuit
1763 3411 1926 3479 misit,
1960 3419 2042 3466 ιο-
2147 3407 2216 3464 tis
2245 3409 2559 3482 iisaquibus
2582 3414 2810 3484 speratis
2836 3416 3098 3486 recipere,
3116 3434 3235 3488 quae
3255 3421 3429 3489 gratia
3451 3428 3524 3474 est
3546 3416 3694 3471 vobis?

448 3517 562 3565 tum
591 3509 788 3563 victum
814 3523 986 3562 suum.
2146 3517 2271 3558 nam
2319 3512 2374 3560 et
2419 3516 2728 3575 peccatores
2758 3509 3126 3577 peccatoribus
3174 3510 3458 3579 fenerant,
3489 3520 3543 3566 ut
3581 3508 3695 3563 reci.
3808 3508 3809 3574 1

522 3602 590 3656 Et
616 3603 771 3672 paulo
798 3611 929 3671 post.
955 3597 1097 3676 [xui]
1119 3599 1216 3654 :Et
1235 3614 1354 3654 cum
1377 3597 1729 3656 duxerintvos
1751 3600 2036 3667 tradentes,
2145 3593 2296 3665 piant
2319 3597 2562 3666 aequalia.
2583 3597 2966 3655 Verumtamen
2992 3601 3196 3672 diligite
3220 3603 3468 3660 inimicos
3493 3611 3692 3658 vestros;

448 3671 623 3750 nolite
649 3671 994 3763 praecogitare
1023 3671 1148 3762 quid
1185 3690 1475 3760 loquamini
1496 3732 1511 3756 ,
1543 3691 1638 3746 sed
1669 3691 1809 3762 quod
1855 3691 2037 3747 datum
2147 3685 2477 3755 benefacite,
2507 3698 2562 3745 et
2605 3699 2846 3747 mutuum
2872 3692 2997 3750 date
3023 3671 3158 3750 nihil
3187 3696 3312 3752 inde
3345 3703 3604 3767 sperantes
3625 3711 3634 3745 :
3657 3699 3698 3744 et
3808 3671 3809 3682 ‘

451 3790 611 3846 fuerit
637 3791 788 3845 vobis
815 3789 866 3843 in
899 3783 1158 3849 illa‘hora,
1187 3785 1239 3841 id
1269 3786 1569 3857 loquimini.
1597 3785 1713 3841 Non
1742 3787 1881 3842 enim
1910 3789 2040 3842 esus
2148 3777 2251 3835 erit
2291 3797 2496 3837 merces
2547 3792 2722 3838 Vestra
2772 3785 2973 3853 multa,
3026 3795 3079 3843 ct
3130 3790 3282 3844 eritis
3318 3789 3411 3845 lilii
3434 3784 3691 3843 Altissimi;

448 3898 547 3938 vos
576 3883 873 3952 loquentes,
893 3881 984 3933 sed
1011 3880 1240 3951 Spiritus
1266 3889 1502 3934 sanctus.
1527 3877 1597 3932 Et
1620 3890 1730 3950 post
1751 3881 2040 3949 paululum:
2147 3872 2272 3942 quia
2314 3873 2430 3942 ipse
2459 3874 2719 3944 benignus
2744 3885 2828 3932 est
2857 3893 3019 3948 super
3058 3879 3297 3951 ingratos
3335 3891 3388 3938 et
3423 3881 3594 3937 malos.
3617 3875 3692 3931 Es-

450 3976 522 4030 Et
563 3975 712 4029 eritis
742 3974 864 4026 odio
892 3973 1137 4028 omnibus
1186 3981 1400 4041 propter
1429 3987 1626 4028 nomen
1672 3989 1869 4028 meum.
1938 3972 2040 4042 Qui
2149 3971 2259 4018 tote
2279 3979 2406 4035 ergo
2434 3965 2842 4037 misericordes,
2872 3971 3013 4027 sicut
3044 3981 3100 4028 et
3129 3973 3289 4031 Pater
3315 3984 3489 4032 vester
3517 3969 3688 4027 miseri-

451 4075 631 4122 autem
663 4065 971 4119 sustinuerit
992 4064 1042 4117 in
1077 4064 1257 4129 linem,
1281 4063 1370 4118 hic
1397 4064 1574 4118 salvus
1600 4066 1720 4122 erit.
1746 4066 1816 4122 Et
1845 4069 1948 4123 alio
1989 4070 2040 4124 in

2152 4068 2273 4110 cors
2299 4065 2401 4111 cst.
2429 4056 2602 4114 Nolite
2621 4060 2890 4130 judicare,
2927 4070 2982 4117 et
3005 4078 3110 4119 non
3137 4065 3520 4134 judicabimini.
3549 4060 3690 4118 Nolite

452 4161 602 4215 loco:
631 4157 838 4221 Videte,
870 4156 1098 4228 vigilate,
1131 4165 1184 4210 ct
1209 4164 1389 4222 orate;
1425 4158 1640 4213 nescitis
1660 4160 1799 4214 enim
1830 4160 2040 4231 quando

2152 4146 2508 4206 condemnare
2529 4192 2542 4215 ,
2572 4159 2627 4206 et
2668 4167 2774 4207 non
2813 4153 3320 4214 condemnabimini.
3354 4155 3616 4218 Dimittite,
3647 4158 3686 4204 ct

450 4259 663 4320 tempus
694 4250 780 4303 sit.
809 4247 958 4302 Sicut
1004 4247 1164 4301 homo
1193 4248 1278 4317 qui
1317 4264 1538 4318 peregre
1582 4249 1880 4319 profectus,
1915 4253 2039 4307 reli-

2152 4238 2510 4297 dimittemini.
2541 4244 2702 4312 Date,
2732 4253 2788 4302 et
2819 4247 3038 4302 dabitur
3079 4250 3246 4304 vobis.
3298 4251 3578 4306 Mensuram
3615 4243 3685 4294 lto-

452 4346 570 4417 quit
613 4345 828 4398 domum
882 4357 1062 4405 suam,
1091 4349 1144 4396 et
1182 4339 1326 4395 dedit
1371 4341 1538 4397 servis
1585 4345 1696 4398 suis
1727 4354 2042 4412 potestatem
2150 4347 2307 4398 "3m:
2338 4343 2391 4389 ει
2419 4335 2743 4403 οοηίθτῑθιην
2776 4348 2830 4394 ει
2867 4341 3214 4410 consumam.
3255 4353 3310 4399 ει
3341 4337 3680 4413 suile-“3mm”

453 4439 712 4510 cujusque
738 4437 945 4507 operis,
990 4445 1043 4490 et
1077 4434 1294 4505 jauitori
1323 4440 1572 4506 pratcepit
1616 4447 1674 4492 ut
1703 4439 1902 4510 vigilet.
1955 4441 2040 4493 Vi-

2152 4436 2258 4481 tem
2290 4426 2490 4484 dabunt
2527 4429 2580 4484 in
2621 4423 2796 4486 sinum'
2823 4443 3080 4488 vestrum.
3111 4435 3312 4492 Eadem
3354 4438 3536 4508 quippe
3558 4443 3682 4484 men-

454 4531 616 4601 gilate
659 4544 785 4599 ergo
818 4546 831 4582 :
861 4527 1076 4582 nescitis
1133 4527 1276 4580 enim
1327 4529 1539 4596 quando
1567 4515 1814 4584 dominus
1853 4531 2040 4587 domus

2152 4532 2273 4573 sura
2294 4560 2310 4586 ,
2340 4535 2444 4590 qua
2489 4522 2657 4576 mensi
2683 4521 2890 4578 fueritis
2911 4565 2926 4591 ,
2975 4527 3288 4582 remetietur
3311 4528 3473 4583 vobis.
3504 4519 3681 4578 Dicebat

455 4621 665 4681 Veniat;
717 4633 874 4683 sem,
919 4632 986 4669 an
1047 4615 1220 4669 media
1253 4628 1442 4683 nocte,
1490 4633 1556 4671 an
1584 4620 1704 4689 gnm
1753 4631 1942 4688 eam“,
1975 4637 2039 4676 an
2149 4619 2326 4664 autem
2358 4611 2460 4666 illis
2497 4622 2551 4668 et
2578 4614 2981 4671 similitudinem
3017 4635 3029 4672 :
3059 4617 3327 4690 Numquid
3357 4625 3517 4692 potest
3542 4623 3682 4669 caicus

454 4726 614 4771 mane
644 4730 655 4766 :
685 4727 753 4764 ne
781 4725 900 4764 cum
952 4709 1159 4764 venerit
1211 4720 1461 4779 repente,
1519 4709 1752 4764 inveniat
1781 4728 1875 4767 vos
1921 4713 2045 4768 dor-
2150 4717 2349 4758 Cilicum
2378 4703 2611 4762 ducere?
2638 4721 2816 4764 nonne
2838 4708 2997 4764 ambo
3027 4710 3079 4765 in
3119 4710 3328 4768 foveam
3357 4706 3566 4768 cadunt?
3588 4700 3678 4757 N0"

454 4805 678 4834 m:.\nlllﬂ
763 4799 913 4834 num!
961 4810 1135 4834 cnllnm
1169 4800 1317 4834 νηιιῖο
1374 4799 1495 4834 Λῖι-ιι
1589 4802 1830 4834 Ληιηῖῑιηο
1891 4803 2009 4834 Ah”.
2148 4803 2225 4834 ραι
2284 4796 2572 4834 ("enini-Inc
2621 4815 2782 4834 anna-
2833 4803 3141 4834 ωαηῖειιηιηη
3181 4821 3192 4834 .
3237 4806 3490 4834 ..Ληοηηιηε
3539 4805 3677 4834 mutam

453 4805 699 4860 mientes.
763 4799 916 4868 Quod
961 4810 1136 4856 autem
1169 4800 1320 4855 vobis
1373 4799 1530 4869 dico,
1589 4802 1833 4858 omnibus
1891 4803 2040 4871 dico,
2148 4803 2233 4850 est
2284 4796 2574 4868 discipulus
2621 4815 2782 4870 super
2832 4803 3192 4872 magistrum:
3237 4806 3493 4876 perfectus
3537 4805 3678 4854 autem

450 4896 698 4968 Vigilmc.
2151 4887 2326 4942 omnis
2353 4889 2452 4943 erit
2473 4931 2487 4955 ,
2507 4889 2550 4944 si
2582 4889 2651 4946 sit
2671 4890 2806 4946 sicut
2834 4895 3086 4964 magister
3111 4859 3252 4966 ejus:
3275 4897 3407 4964 Quid
3433 4902 3589 4948 autem
3614 4883 3675 4936 νί·
3807 4869 3809 4974 ί

648 5012 737 5068 DE
774 5008 1166 5068 EVANGELIO
1202 5007 1571 5066 SECUNDUM
1610 5008 1864 5064 LUCAM.

2152 4979 2247 5038 des
2274 4980 2527 5037 festucam
2558 4983 2610 5038 in
2629 4985 2784 5041 oculo
2813 4985 2992 5042 fratris
3031 4989 3137 5056 tui,
3168 4991 3371 5046 trabem
3401 4996 3558 5043 autem
3582 4991 3675 5050 (ιυω

2150 5073 2204 5128 in
2235 5074 2391 5129 oculo
2419 5084 2508 5130 tuo
2543 5087 2654 5145 est,
2689 5094 2793 5133 non
2833 5080 3178 5136 consideras?
3204 5083 3310 5138 Aut
3345 5075 3676 5154 quomodopo-

2150 5173 2232 5222 tes
2259 5166 2440 5223 dicere
2465 5169 2611 5224 fratri
2639 5179 2759 5236 tuo,
2789 5169 2997 5238 Frater,
3025 5173 3140 5228 sine
3160 5173 3365 5244 ejiciam
3387 5172 3606 5229 festucam
3624 5157 3672 5212 (ἕο

2151 5260 2309 5317 oculo
2336 5269 2466 5329 tuo;
2522 5264 2635 5334 ipse
2674 5264 2726 5319 in
2767 5265 2922 5320 oculo
2968 5273 3057 5320 tuo
3107 5268 3311 5323 trabem
3357 5281 3454 5322 non
3495 5248 3678 5313 videns?
3808 5277 3809 5334 ι

2153 5283 2309 5317 υσυιο
2337 5283 2466 5329 tuo;
2522 5283 2635 5334 Ipse
2674 5283 2726 5319 In
2767 5283 2922 5320 001110
2968 5283 3057 5320 Ι.υο
3107 5283 3311 5323 trabem
3357 5283 3454 5322 non
3496 5283 3670 5313 νιυωιδα

2153 5354 2470 5428 llypocrita,
2518 5358 2653 5428 ejice
2705 5357 2934 5429 primum
2965 5359 3171 5416 trabem
3207 5360 3276 5417 de
3313 5359 3458 5417 oculo
3485 5364 3592 5415 tuo.
3632 5349 3673 5396 εί
3807 5283 3809 5420 <

2155 5459 2285 5506 tunc
2315 5451 2608 5523 perspicies
2638 5461 2697 5506 ut
2722 5451 2918 5508 educas
2958 5452 3216 5510 festucam
3257 5453 3325 5510 de
3348 5451 3488 5509 oculo
3529 5431 3669 5498 fratris

2154 5546 2250 5602 tui.
2278 5545 2393 5603 Non
2435 5561 2516 5602 est
2551 5545 2691 5602 enim
2721 5547 2884 5603 arbor
2903 5546 3040 5603 bona
3066 5564 3186 5618 qua:
3214 5547 3339 5605 facit
3377 5546 3555 5603 fructus
3585 5543 3672 5588 ωδ·

527 5145 678 5222 [Cap.
713 5143 795 5220 ιι]
826 5145 1006 5202 Gloria
1053 5145 1104 5199 in
1150 5142 1426 5199 altissimis
1447 5143 1576 5210 Deo,
1610 5150 1664 5198 et
1693 5143 1744 5198 in
1768 5152 1907 5199 terra
1936 5159 2042 5214 pax

454 5238 762 5294 hominibus
789 5237 940 5291 bona:
966 5234 1274 5290 voluntatis.

533 5330 598 5385 Et
659 5329 920 5400 aliquanta
985 5336 1098 5398 post
1147 5323 1409 5399 [Iti.]:Et
1459 5326 1865 5397 interrogabant
1919 5343 2040 5384 eum

454 5421 649 5488 turbae,
677 5420 936 5485 dicentes,
961 5419 1095 5488 Quid
1114 5434 1240 5490 ergo
1265 5418 1561 5475 faciemus?
1583 5419 1931 5492 Respondeas
1957 5437 2041 5477 ate

453 5524 587 5580 tem,
619 5513 830 5569 dicebat
867 5512 971 5567 illis
997 5529 1011 5566 :
1033 5512 1134 5581 Qui
1179 5511 1339 5569 habet
1379 5512 1514 5568 duas
1555 5513 1779 5580 tunicas,
1815 5513 1902 5569 det
1931 5529 2038 5570 non

453 5605 674 5663 babenti
694 5621 710 5672 ;
727 5613 781 5660 et
796 5603 885 5674 qui
914 5603 1074 5659 habet
1099 5619 1268 5670 escas,
1299 5603 1547 5662 similiter
1561 5603 1737 5661 faciat.
1768 5607 2034 5664 Veneram
2216 5666 2236 5698 ³
2262 5669 2362 5712 Vox
2404 5674 2581 5716 an“
2607 5661 2747 5712 abest
2769 5675 2897 5714 nunc
2915 5676 2943 5712 3
2963 5603 3193 5728 νωςέιέιό
3217 5603 3309 5715 sed
3329 5657 3529 5713 emam
3555 5647 3594 5698 in
3610 5651 3673 5689 an,
3807 5639 3809 5722 Ι

524 5719 648 5728 .__.
718 5725 726 5728 _
900 5717 1039 5728 ..-
2364 5693 2599 5728 ννθηκη
2748 5725 2757 5728 _
2838 5703 2894 5711 δ’
3179 5700 3194 5725 .-

2364 5698 2381 5724 ν
2404 5684 2581 5725 011πᾷ
2607 5684 2747 5712 δυῶι
2769 5684 2897 5714 υυξω
2915 5684 2943 5712 3
2973 5684 3194 5725 νυιξςὶιιξιξ
3217 5684 3304 5715 δω
3329 5684 3414 5713 ιβιδ

522 5721 537 5754 ⁸
564 5719 781 5784 Vulgata,
1564 5789 1570 5798 ο
1627 5791 1632 5796 _
1691 5794 1699 5808 ε
2150 5732 2300 5793 tanta
2316 5717 2437 5776 uiro
2471 5723 2649 5786 Bibliis,
2675 5733 2723 5775 et
2744 5725 2795 5775 iu
2809 5737 2986 5790 graeca.
