3878 6296
146 234 259 292 985

144 351 262 414 los,
317 358 489 415 neque
539 340 699 397 arbor
746 339 882 395 mala
925 337 1125 393 faciens
1179 335 1410 391 fructum
1461 334 1659 389 bonum
1691 335 1732 387 ί.

148 441 499 510 Unaqumque
523 434 682 489 arbor
706 433 773 487 de
820 430 995 487 fructu
1036 443 1134 486 suo
1160 426 1519 499 cognoscitur.
1551 425 1735 497 Neque

145 530 294 587 enim
327 529 394 583 de
414 528 579 597 spinis
608 525 864 594 colligunt
892 523 1054 589 ficus,
1080 535 1252 591 neque
1281 519 1348 574 de
1391 519 1523 574 rubo
1548 518 1733 574 vinde-

146 624 319 677 miant
349 634 494 675 uvas.
519 619 696 673 Bonus
727 617 886 672 homo
916 615 982 670 de
1006 615 1147 669 bono
1166 614 1418 668 thesauro
1448 612 1625 667 cordis
1651 611 1732 666 sui

143 716 354 785 profert
397 713 625 777 bonum;
669 719 725 767 et
779 711 949 765 malus
988 710 1147 763 homo
1191 706 1261 762 de
1312 708 1451 762 malo
1479 708 1729 761 thesauro

141 804 358 877 profert
394 804 613 859 malum.
659 802 741 857 Ex
782 798 1104 856 abundantia
1152 797 1332 854 cordis
1372 812 1433 853 os
1470 797 1725 867 loquitur.

142 897 282 964 Quid
312 906 490 949 autem
522 893 722 947 vocatis
765 907 887 958 me,
935 890 1192 955 Domine,
1220 889 1485 957 Domine;
1525 897 1578 943 et
1625 901 1733 943 non

140 990 318 1045 facitis
370 1004 487 1058 qua:
515 986 672 1042 dico?
705 985 891 1041 Omnis
919 984 1010 1055 qui
1044 983 1191 1038 venit
1229 981 1297 1036 ad
1336 996 1451 1046 me,
1492 989 1548 1035 et
1585 980 1735 1035 audit

141 1096 426 1137 sermones
454 1095 600 1135 meos
623 1121 637 1145 ,
667 1078 857 1133 etfacit
888 1091 1010 1140 eos,
1042 1074 1320 1130 ostendam
1346 1072 1496 1127 vobis
1540 1072 1623 1127 eui
1668 1072 1732 1127 si-

140 1174 284 1229 milis
310 1172 405 1227 sit.
441 1170 640 1226 Similis
679 1178 764 1224 est
793 1167 996 1222 homini
1031 1165 1313 1221 aedificanti
1363 1163 1611 1226 domum,
1642 1162 1730 1233 qui

139 1264 274 1320 fodit
301 1264 353 1317 in
377 1263 542 1316 altum
562 1303 574 1325 ,
605 1270 658 1315 et
684 1261 857 1330 posuit
880 1258 1282 1313 fundamentum
1311 1271 1470 1327 supra
1498 1264 1725 1325 petram.

140 1355 498 1411 inundatione
533 1364 708 1408 autem
738 1351 910 1416 facta,
956 1350 1147 1404 illisum
1188 1357 1271 1404 est
1314 1347 1509 1402 flumen
1546 1345 1729 1401 domui

138 1448 245 1514 illi,
274 1456 332 1500 et
367 1461 476 1500 non
508 1446 677 1515 potuit
724 1458 843 1498 eam
893 1455 1142 1505 movere;
1186 1439 1399 1493 fundata
1446 1438 1589 1493 enim
1617 1445 1732 1491 erat

136 1554 299 1607 super
328 1546 560 1606 petram.
591 1535 690 1603 Qui
726 1542 902 1589 autem
932 1532 1111 1596 audit,
1144 1540 1200 1587 et
1225 1546 1328 1586 non
1359 1529 1513 1597 facit,
1542 1529 1730 1583 similis

133 1641 214 1687 est
237 1631 450 1685 homini
481 1627 763 1684 aedificanti
790 1627 1006 1681 domum
1028 1640 1179 1680 suam
1209 1640 1367 1694 supra
1391 1632 1586 1679 terram
1613 1622 1728 1677 sine

130 1721 490 1777 fundamento
515 1737 527 1773 :
552 1719 605 1773 in
632 1733 788 1788 quam
821 1717 987 1771 illisus
1014 1724 1096 1771 est
1134 1714 1325 1769 fluvius
1345 1755 1358 1778 ,
1389 1722 1443 1769 et
1471 1712 1728 1767 continuo

128 1812 350 1878 cecidit,
392 1823 447 1866 et
475 1811 606 1865 facta
630 1818 713 1864 est
738 1809 889 1863 ruina
915 1808 1105 1862 domus
1127 1807 1269 1861 illius
1297 1821 1509 1876 magna.

200 1902 269 1956 Et
316 1916 437 1972 post
483 1902 797 1971 aliquantum
828 1897 968 1971 [vu.]
994 1916 1007 1952 :
1031 1895 1126 1953 Cui
1165 1911 1295 1967 ergo
1320 1895 1528 1950 similes
1554 1894 1726 1948 dicam

134 1996 378 2049 homines
408 1991 776 2062 generationis
802 1989 995 2059 hujus?
1024 1996 1078 2043 et
1101 1988 1186 2044 cui
1215 1988 1418 2042 similes
1448 1986 1611 2041 sunt?
1639 1985 1725 2041 Si-

134 2088 287 2143 miles
309 2094 440 2141 sunt
476 2086 653 2155 pueris
696 2082 1006 2139 sedentibus
1038 2083 1089 2136 in
1122 2080 1267 2145 foro,
1308 2090 1362 2136 et
1386 2081 1726 2152 loquentibus

133 2178 197 2232 ad
225 2177 459 2231 invicem
478 2218 491 2240 ,
522 2184 575 2229 et
597 2174 893 2239 dicentibus
924 2191 935 2225 :
962 2170 1305 2227 Cantavimus
1333 2171 1481 2225 vobis
1512 2171 1652 2225 tibiis
1674 2172 1719 2236 ⁸,

137 2280 189 2326 et
222 2286 329 2325 non
358 2270 628 2333 saltastis;
656 2266 1059 2321 lamentavimus
1078 2306 1092 2331 ,
1116 2273 1293 2319 etnon
1316 2263 1581 2333 plorastis.
1616 2262 1725 2316 Ve-

134 2363 211 2416 nit
237 2363 382 2416 enim
413 2359 647 2415 Joannes
675 2359 909 2428 Baptista
949 2372 1122 2427 neque
1146 2355 1473 2411 manducans
1500 2370 1723 2425 panem,

136 2468 308 2522 neque
354 2453 546 2505 bibens
593 2451 805 2511 vinum;
838 2458 892 2503 et
922 2447 1136 2503 dicitis:
1164 2446 1494 2501 Daemonium
1540 2444 1720 2498 habet.

134 2542 292 2597 Venit
322 2543 491 2596 Filius
514 2540 743 2594 hominis
773 2538 1101 2593 manducans
1120 2579 1134 2603 ,
1164 2546 1217 2592 et
1256 2537 1477 2601 bibens;
1505 2544 1560 2590 et
1588 2533 1724 2589 dici-

134 2636 199 2688 tis
230 2652 242 2689 :
276 2634 422 2688 Ecce
457 2632 617 2687 homo
649 2631 954 2694 devorator,
987 2638 1042 2683 et
1067 2629 1252 2683 bibens
1277 2628 1456 2681 vinum
1477 2668 1493 2691 ,
1525 2627 1728 2680 amicus

134 2727 541 2797 publicanorum
584 2733 637 2778 et
691 2731 1048 2793 peccatorum.
1097 2721 1163 2775 Et
1201 2719 1485 2791 justificata
1524 2727 1608 2774 est
1637 2733 1725 2773 sa-

136 2818 331 2887 pientia
355 2818 427 2872 ab
454 2817 701 2871 omnibus
731 2816 851 2869 ﬁliis
881 2815 1011 2871 suis.

204 2911 335 2967 Item
364 2919 479 2982 post
518 2911 831 2979 aliquantum
867 2906 1029 2980 [vnn]
1062 2926 1073 2961 :
1106 2906 1199 2961 Est
1220 2916 1394 2961 autem
1426 2906 1542 2961 haec
1566 2919 1724 2976 para-

134 3001 251 3056 bola
275 3020 288 3055 :
312 3002 515 3057 Semen
540 3008 621 3054 est
650 2999 871 3054 verbum
899 2998 1011 3052 Dei.
1042 2997 1339 3064 Quiautem
1382 3011 1538 3051 secus
1584 2995 1722 3049 viam

135 3102 283 3157 sunt,
318 3093 355 3147 ii
398 3100 523 3146 sunt
559 3092 646 3160 qui
692 3089 951 3145 audiunt:
982 3087 1176 3143 deinde
1200 3088 1343 3142 venit
1372 3086 1638 3150 diabolus,
1671 3094 1726 3140 et

134 3185 268 3239 tollit
314 3184 536 3239 verbum
582 3182 649 3236 de
701 3182 862 3236 corde
893 3196 1113 3243 eorum,
1166 3195 1233 3234 ne
1274 3178 1556 3234 credentes
1592 3177 1723 3232 salvi

133 3277 282 3330 fiant.
314 3276 449 3330 Nam
471 3274 559 3344 qui
582 3289 739 3343 supra
768 3282 969 3342 petram
992 3313 1005 3335 ,
1031 3272 1121 3343 qui
1143 3288 1262 3326 cum
1284 3272 1548 3325 audierint
1564 3313 1576 3334 ,
1600 3287 1720 3325 cum

128 3367 325 3436 gaudio
353 3365 648 3432 suscipiunt
667 3363 917 3425 verbum;
953 3371 1006 3415 et
1032 3362 1084 3415 hi
1117 3360 1326 3415 radices
1356 3376 1460 3415 non
1489 3361 1719 3427 habent,

127 3458 249 3527 quia
279 3456 299 3486 ³
328 3454 397 3509 ad
441 3463 649 3523 tempus
689 3452 944 3516 credunt,
977 3458 1033 3505 et
1061 3451 1112 3504 in
1144 3459 1380 3520 tempore
1417 3449 1723 3506 tentationis

127 3548 411 3605 recedunt.
448 3545 598 3612 Quod
634 3553 807 3598 autem
845 3547 895 3598 in
927 3544 1109 3613 spinas
1148 3542 1367 3608 cecidit,
1396 3542 1429 3597 ii
1473 3550 1599 3597 sunt
1635 3543 1722 3612 qui

132 3639 444 3702 audierunt,
479 3645 531 3691 et
555 3651 583 3689 a
614 3633 1053 3690 sollicitudinibus
1080 3642 1134 3688 et
1159 3632 1355 3687 divitiis
1392 3641 1444 3687 et
1486 3633 1722 3700 volupta-

137 3730 275 3783 tibus
306 3727 430 3781 vita:
447 3734 633 3780 euntes
650 3726 996 3787 sullocantur,
1020 3732 1073 3779 et
1088 3735 1193 3777 non
1215 3721 1453 3777 referunt
1473 3721 1718 3777 fructum.

134 3820 286 3887 Quod
312 3828 493 3873 autem
524 3819 576 3871 in
622 3816 814 3870 bonam
844 3824 1035 3870 terram
1058 3857 1071 3881 ,
1108 3814 1144 3868 ii
1170 3822 1292 3868 sunt
1332 3814 1421 3883 qui
1482 3815 1533 3868 in
1562 3814 1722 3871 corde

137 3910 275 3965 bono
300 3919 355 3965 et
380 3910 584 3979 optimo
600 3907 875 3961 audientes
894 3906 1112 3961 verbum
1140 3904 1397 3971 retinent,
1420 3914 1473 3959 et
1488 3903 1720 3960 fructum

140 4002 371 4057 all‘emnt
411 4002 462 4056 in
504 4000 775 4071 patientia.
824 3997 992 4051 Nemo
1021 4006 1199 4050 autem
1226 3996 1495 4050 lucernam
1526 4010 1719 4050 accen-

143 4094 296 4159 dens,
332 4095 507 4163 opcrit
535 4108 651 4148 eam
682 4106 836 4156 vase,
866 4098 957 4143 aut
987 4089 1171 4144 subtus
1194 4090 1390 4143 lectum
1418 4090 1596 4159 ponit;
1620 4090 1713 4144 sed

145 4199 300 4253 supra
326 4183 703 4239 candelabrum
724 4181 889 4251 ponit,
915 4187 973 4234 ut
1002 4180 1259 4233 intrantes
1275 4178 1489 4233 videant
1514 4179 1716 4235 lumen.

141 4276 253 4331 Non
294 4278 437 4332 enim
468 4285 553 4330 est
581 4275 849 4330 occultum
880 4271 1019 4343 quod
1057 4286 1161 4326 non
1206 4271 1592 4338 manifestetur,
1623 4287 1721 4327 nec

142 4368 509 4423 absconditum
555 4365 695 4436 quod
724 4382 827 4419 nou
855 4372 1224 4433 cognoscatur,
1256 4370 1311 4416 et
1337 4361 1388 4415 in
1422 4363 1593 4433 palam
1625 4378 1718 4419 ve-

138 4460 261 4514 niat.
286 4460 479 4516 Videte
504 4474 630 4529 ergo
655 4456 920 4528 quomodo
937 4456 1160 4510 audistis
1185 4453 1229 4508 ⁸.
1263 4456 1361 4522 Qui
1388 4458 1528 4510 enim
1560 4456 1719 4512 habet

144 4550 350 4605 dabitur
380 4552 483 4615 illi;
529 4560 582 4604 et
626 4549 947 4619 quicumque
995 4562 1099 4601 non
1150 4546 1337 4613 habet,
1386 4546 1547 4603 etiam
1577 4549 1718 4618 quod

139 4651 282 4712 putat
310 4659 369 4699 se
393 4644 611 4704 habere,
648 4642 916 4696 auferetur
941 4639 1009 4694 ab
1040 4640 1150 4695 illo.

208 4733 271 4787 Et
294 4744 406 4803 post
431 4734 755 4803 aliquantum
789 4728 911 4803 [tx.]
938 4748 950 4784 :
980 4727 1296 4784 Convocatis
1312 4737 1485 4783 autem
1520 4730 1717 4787 duode-

136 4824 231 4878 cim
261 4824 552 4895 Apostolis,
583 4822 730 4877 dedit
758 4822 861 4876 illis
886 4821 1130 4875 virtutem
1149 4828 1203 4875 et
1223 4829 1535 4889 potestatem
1558 4836 1716 4891 super

136 4916 307 4970 omnia
324 4914 606 4981 dmmonia,
635 4922 691 4968 et
706 4921 761 4967 ut
782 4912 1061 4982 languores
1071 4918 1338 4965 curarent.
1359 4909 1426 4964 Et
1443 4910 1583 4965 misit
1600 4912 1716 4966 illos

138 5006 424 5071 praedicare
463 5021 684 5076 regnum
734 5004 846 5069 Dei,
877 5012 928 5059 et
956 5018 1142 5059 sanare
1171 5002 1427 5058 infirmos.
1460 5003 1526 5057 Et
1549 5004 1623 5057 ait
1647 5006 1712 5060 ad

138 5091 249 5148 illos
275 5114 287 5149 :
309 5097 447 5152 Nihil
467 5095 698 5152 tuleritis
711 5095 763 5149 in
781 5095 884 5160 via,
912 5110 1083 5165 neque
1100 5095 1299 5164 virgam
1320 5110 1493 5164 neque
1508 5110 1709 5165 peram,

194 5230 212 5303 ἶ
239 5234 609 5303 βθείυδῺοάθῙι
628 5234 811 5303 [Γυθείῳ
1232 5302 1237 5303 ,
1287 5301 1297 5303 _
1322 5289 1337 5303 .
1504 5290 1515 5302 .

195 5293 212 5321 ²
240 5299 287 5344 tn
301 5289 455 5354 itegio
480 5306 559 5347 Ms.
581 5289 725 5347 deest
748 5296 842 5354 hic,
875 5291 1001 5343 tibiis
1030 5304 1047 5342 :
1084 5302 1249 5354 neque
1279 5289 1469 5354 additur
1503 5290 1593 5340 ista
1615 5304 1711 5354 vox

141 5354 287 5418 ιιειψ.
344 5351 417 5416 η,
460 5360 623 5418 v.17;
669 5351 963 5408 cumtamen
1583 5353 1710 5418 quos!

140 5396 331 5492 γέιῖιῖιὶω
996 5396 1711 5478 Baa'aisﬁgiataﬁaaa‘.

139 5484 237 5526 υυιδ
250 5511 263 5534 ›
281 5480 381 5539 sed,
406 5479 661 5533 cecinimus
683 5479 827 5531 tibiis.

200 5539 220 5606 ᾗ
240 5546 289 5588 In
307 5553 459 5606 sacris
478 5544 656 5605 Bibliis,
680 5541 765 5605 qui
785 5543 855 5606 ad,

142 5598 504 5715 cuiqv'iiiiii.“
524 5598 736 5665 “ch
1005 5610 1054 5653 ¹¹¹
1077 5603 1283 5666 antiquis
1296 5607 1461 5652 autem
1475 5600 1611 5650 Corb.
1640 5602 1709 5652 ai-

206 5666 260 5721 is,
282 5666 470 5717 auditis.

1392 221 1482 278 DE
1518 220 1895 278 SCRIPTURA
1936 224 2183 285 SACRA.

3321 242 3426 302 986

1847 353 2022 409 neque
2049 355 2259 409 panem,
2291 357 2464 414 neque
2497 349 2798 417 pecuniam,
2840 346 3013 422 neque
3037 351 3170 409 duas
3214 357 3423 416 tunicas

1848 428 2111 486 habeatis.
2142 433 2207 488 Et
2236 433 2286 488 in
2313 450 2699 509 quamcumque
2719 432 2938 498 demum
2967 443 3309 513 intraveritis,
3352 450 3423 507 ibi

1845 530 2074 588 manete,
2105 532 2161 578 et
2184 523 2308 580 inde
2337 541 2402 581 ne
2425 530 2644 584 exeatis.
2682 530 2748 586 Et
2774 533 3093 607 quicumque
3131 552 3235 592 non
3271 555 3423 596 rece-

1846 615 2021 683 perint
2040 629 2158 680 vos,
2183 626 2437 673 exeuntes
2475 619 2542 674 de
2568 621 2781 677 civitate
2822 624 2931 690 illa,
2965 626 3125 681 etiam
3153 628 3422 697 pulverem

1846 706 2040 776 pedum
2067 718 2365 764 vestrorum
2387 714 2615 768 excutite
2633 714 2686 769 in
2712 715 3075 773 testimonium
3106 734 3266 790 super
3283 721 3422 779 illos.

1844 796 1973 852 Item
1994 810 2105 871 post
2142 802 2458 872 aliquantum
2482 820 2501 858 :
2530 805 2746 862 Dicebat
2789 816 2965 864 autem
3006 809 3073 865 ad
3119 826 3307 868 omnes
3331 832 3345 868 :
3369 814 3424 871 St

1844 891 1962 961 quis
1988 893 2100 947 vult
2141 903 2260 963 post
2306 911 2391 951 me
2438 897 2640 960 venire,
2684 898 2914 971 abneget
2954 902 3324 973 semetipsum.
3374 914 3431 962 et

1846 983 1993 1037 tollat
2035 1000 2251 1040 crucem
2300 1002 2449 1042 suam
2495 990 2770 1058 quotidie‘
2796 999 2851 1046 et
2890 1004 3146 1063 sequatur
3191 1012 3296 1052 me.
3326 998 3428 1064 Qui

1843 1076 1984 1130 enim
2028 1077 2257 1131 voluerit
2303 1080 2537 1135 animam
2571 1097 2722 1137 suam
2765 1084 2965 1140 salvam
3007 1086 3203 1153 facere,
3238 1091 3427 1159 perdet

1842 1167 2006 1222 illam.
2037 1168 2167 1223 Nam
2195 1172 2282 1241 qui
2313 1173 2607 1242 perdiderit
2634 1176 2867 1230 animam
2897 1192 3045 1231 suam
3066 1190 3285 1249 propter
3313 1199 3421 1249 me,

1842 1257 2043 1312 salvam
2074 1258 2230 1315 faciet
2267 1261 2433 1316 illam.
2464 1262 2600 1331 Quid
2642 1266 2784 1320 enim
2812 1267 3020 1336 prolicit
3045 1268 3223 1335 homo,
3256 1272 3300 1327 si
3345 1274 3429 1328 lu-

1841 1358 2021 1404 eretur
2055 1352 2355 1407 universum
2385 1355 2663 1418 mundum.
2697 1371 2754 1411 se
2783 1367 2959 1413 autem
2992 1360 3163 1430 ipsum
3212 1363 3422 1433 perdat,

1841 1450 1894 1493 et
1919 1438 2294 1497 detrimentum
2344 1444 2425 1499 sui
2472 1445 2561 1501 fiat
2586 1448 2605 1478 ³
2625 1447 2647 1499 ?
2668 1447 2798 1502 Nam
2826 1449 2914 1519 qui
2944 1466 3031 1505 me
3058 1453 3330 1507 erubuerit
3367 1463 3423 1510 et

1840 1547 1990 1587 meos
2016 1546 2313 1600 sermones,
2339 1535 2483 1591 hunc
2522 1536 2686 1592 Filius
2714 1538 2946 1595 hominis
2972 1542 3270 1607 erubescet,
3300 1560 3422 1602 cum

1840 1622 2043 1678 venerit
2064 1624 2116 1678 in
2150 1624 2432 1695 majestate
2463 1642 2578 1691 sua.
2611 1636 2666 1682 ct
2685 1628 2877 1694 Patris,
2905 1638 2960 1686 et
2984 1640 3291 1687 sanctorum
3315 1634 3427 1690 An-

1838 1713 2097 1782 gelorum.
2147 1712 2217 1768 Et
2261 1716 2360 1769 alio
2412 1716 2521 1770 loco
2549 1733 2567 1770 :
2594 1715 2814 1773 Intravit
2861 1727 3039 1775 autem
3082 1723 3333 1792 cogitatio
3368 1725 3422 1780 in

1838 1821 1953 1874 eos,
1981 1811 2099 1877 quis
2125 1824 2307 1863 eorum
2338 1811 2511 1879 major
2535 1819 2698 1865 esset.
2730 1813 2800 1866 At
2826 1811 2983 1868 Jesus
3009 1813 3196 1869 videns
3222 1818 3433 1887 cogita.

1840 1898 2011 1953 tiones
2049 1898 2227 1953 cordis
2259 1900 2493 1965 illorum,
2536 1902 2946 1973 apprehendens
2988 1919 3208 1974 puerum
3239 1910 3423 1963 statuit

1838 2004 1960 2045 eum
2009 2006 2163 2045 secus
2204 2008 2282 2057 se,
2328 2000 2382 2047 et
2430 1994 2504 2046 ait
2548 1994 2652 2049 illis
2683 2012 2695 2049 :
2725 1995 3095 2067 Quineumque
3122 2000 3421 2069 susceperit

1836 2095 2056 2150 puerum
2090 2082 2246 2137 istum
2266 2084 2319 2137 in
2344 2085 2558 2139 nomine
2584 2100 2726 2153 meo,
2752 2101 2836 2140 me
2860 2086 3078 2157 recipit;
3098 2097 3153 2144 et
3178 2088 3418 2160 quicum-

1836 2187 1938 2241 que
1983 2188 2067 2227 me
2114 2176 2417 2244 receperit,
2459 2176 2647 2247 recipit
2693 2192 2814 2231 eum
2858 2178 2948 2248 qui
2981 2194 3066 2234 me
3092 2181 3255 2235 misit.
3284 2181 3417 2239 Nam

1836 2263 1925 2332 qui
1963 2264 2137 2318 minor
2164 2274 2245 2319 est
2275 2265 2413 2321 inter
2436 2282 2625 2323 omnes
2652 2283 2766 2333 vos,
2796 2268 2880 2324 hic
2902 2271 3071 2339 major
3090 2280 3190 2326 est.
3216 2271 3281 2326 Et
3307 2284 3419 2343 post

1836 2354 2183 2424 aliquantum:
2210 2357 2297 2411 Ait
2334 2368 2508 2411 autem
2547 2358 2614 2412 ad
2640 2360 2887 2425 alterum,
2929 2359 3167 2432 Sequere
3196 2380 3301 2420 me.
3325 2365 3417 2420 Ille

1836 2453 2010 2500 autem
2042 2446 2171 2500 dixit
2203 2463 2216 2499 :
2254 2448 2493 2512 Domine,
2520 2450 2765 2518 permitte
2798 2452 2924 2506 mihi
2954 2454 3181 2521 primum
3224 2456 3319 2522 ire,
3344 2467 3399 2512 et

1836 2537 2065 2607 sepelire
2119 2548 2323 2608 patrem
2363 2556 2563 2595 meum.
2614 2543 2859 2614 Dixitque
2885 2546 2935 2599 ci
2964 2545 3121 2602 Jesus
3146 2566 3158 2601 :
3188 2548 3315 2604 Sine
3356 2559 3413 2605 ut

1834 2631 2029 2685 mortui
2076 2634 2332 2701 sepeliant
2358 2643 2595 2689 mortuos
2624 2650 2784 2701 suos;
2830 2646 2884 2690 tu
2929 2647 3106 2693 autem
3134 2640 3287 2707 vade,
3317 2656 3414 2697 an-

1835 2723 2017 2777 nuntia
2050 2739 2267 2795 regnum
2286 2726 2400 2781 Dei.
2429 2726 2497 2781 Et
2525 2728 2599 2782 ait
2627 2728 2760 2783 alter
2790 2746 2802 2781 :
2833 2728 3038 2801 Sequar
3068 2740 3138 2797 te,
3159 2732 3413 2800 Domine;

1834 2813 1927 2869 sed
1956 2814 2186 2885 primum
2220 2818 2465 2886 permitte
2508 2818 2639 2873 mihi
2680 2819 2988 2876 renuntiare
3027 2821 3091 2877 iis
3113 2823 3202 2893 qui
3227 2824 3246 2855 ³
3268 2824 3413 2881 domi

1834 2913 1976 2959 sunt.
2004 2906 2091 2960 Ait
2110 2906 2175 2960 ad
2206 2907 2351 2961 illum
2378 2907 2534 2964 Jesus
2558 2927 2571 2963 ε
2594 2909 2761 2965 Nemo
2782 2912 2998 2967 mittens
3018 2929 3231 2970 manum
3262 2932 3412 2973 suam

1834 2994 1887 3049 in
1916 3006 2171 3064 aratrum,
2200 3008 2253 3053 et
2288 3000 2577 3069 respiciens
2605 3010 2771 3068 retro,
2801 3012 2955 3071 aptus
2990 3013 3072 3059 est
3096 3021 3260 3075 regno
3294 3007 3410 3064 Dei.

1908 3085 1972 3139 Et
2006 3097 2117 3157 post
2166 3090 2427 3157 paululum
2470 3087 2569 3163 [x.]
2601 3108 2613 3143 :
2648 3090 2787 3146 Ecce
2837 3107 2936 3163 ego
2965 3093 3117 3150 mitto
3162 3110 3255 3152 vos
3277 3098 3414 3154 sicut

1832 3192 1997 3248 agnos
2039 3179 2175 3233 inter
2231 3181 2401 3250 lupos.
2448 3180 2620 3236 Nolite
2669 3192 2881 3252 portare
2921 3187 3211 3255 sacculum,
3242 3204 3413 3260 neque

1832 3283 2036 3338 peram,
2078 3286 2247 3339 neque
2276 3273 2653 3337 calceamenta,
2686 3282 2741 3328 et
2765 3276 3031 3330 neminem
3057 3293 3153 3348 per
3174 3280 3309 3335 viam
3335 3295 3394 3337 sa

1832 3359 2157 3425 lutaveritis,
2212 3361 2268 3413 lu
2320 3376 2703 3431 quamcumque
2757 3363 2973 3419 domum
3050 3369 3409 3435 intraveritis,

1832 3450 2061 3520 primum
2106 3452 2303 3516 dicite,
2364 3454 2470 3507 Pax
2535 3454 2656 3509 huic
2708 3456 2889 3511 domui
2918 3465 3008 3513 :et
3055 3459 3098 3513 si
3138 3461 3208 3515 ibi
3255 3461 3414 3518 fuerit

1833 3540 1974 3595 lilius
2026 3542 2204 3611 pacis,
2267 3544 2563 3612 requiescet
2627 3561 2787 3614 super
2840 3547 2987 3602 illum
3041 3564 3142 3620 pax
3201 3562 3409 3621 vestra;

1831 3632 1912 3686 sin
1942 3641 2137 3696 autem,
2166 3632 2231 3686 ad
2266 3648 2359 3687 vos
2388 3643 2701 3688 revertetur.
2744 3634 2800 3690 In
2828 3636 3012 3692 eadem
3046 3650 3223 3696 autem
3250 3641 3412 3699 domo

1830 3732 2041 3776 manete
2088 3722 2307 3777 edentes
2347 3732 2401 3777 et
2452 3724 2692 3779 bibentes
2739 3742 2855 3796 qua:
2904 3730 3041 3799 apud
3082 3732 3201 3786 illos
3251 3744 3408 3802 sunt;

1829 3811 2021 3882 dignus
2044 3814 2184 3866 enim
2209 3822 2289 3869 est
2314 3815 2589 3884 operarius
2614 3817 2861 3873 mercede
2889 3834 3004 3875 sua.
3029 3820 3202 3877 Nolite
3229 3833 3407 3880 trans-

1829 3902 1907 3957 ire
1934 3902 2000 3957 de
2053 3902 2212 3957 domo
2254 3904 2307 3958 in
2352 3904 2588 3958 domum.
2626 3905 2694 3959 Et
2732 3906 2783 3961 in
2808 3923 3196 3981 quamcumque
3216 3913 3410 3969 civita-

1830 4001 1936 4047 tem
1964 3993 2304 4060 intraveritis,
2337 3997 2741 4065 etsusceperint
2778 4014 2893 4064 vos,
2925 4002 3241 4058 manducate
3261 4022 3410 4076 quac-

1827 4102 2054 4156 cumque
2079 4098 2421 4157 apponuntur
2448 4089 2598 4143 vobis
2621 4106 2635 4155 ;
2664 4099 2716 4144 et
2740 4100 2923 4147 curate
2953 4093 3192 4148 infirmos
3217 4097 3303 4165 qui
3347 4098 3402 4155 in

1827 4178 1913 4232 illa
1935 4190 2077 4246 sunt,
2100 4190 2154 4235 et
2178 4180 2336 4236 dicite
2356 4181 2460 4236 illis
2486 4198 2499 4234 :
2526 4183 2983 4253 Appropinquavit
3002 4186 3053 4239 in
3075 4202 3169 4241 vos
3187 4204 3405 4258 regnum

1828 4272 1941 4328 Dei.
1977 4273 2032 4327 ln
2054 4288 2441 4343 quamcumque
2495 4274 2760 4329 civitatem
2815 4275 3158 4343 intraveritis,
3192 4290 3247 4333 et
3296 4295 3399 4335 non

1827 4365 2133 4433 receperint
2160 4379 2273 4430 vos,
2300 4374 2558 4419 exeuntes
2579 4364 2629 4417 in
2663 4364 2862 4435 plateas
2879 4366 2996 4434 ejus
3011 4367 3171 4421 dicite
3196 4387 3207 4420 :
3236 4370 3404 4425 Etiam

1827 4457 2098 4526 pulverem
2126 4458 2213 4527 qui
2245 4456 2466 4511 adhaesit
2496 4456 2649 4509 nobis
2666 4455 2733 4511 de
2757 4456 2970 4512 civitate
3001 4469 3198 4525 vestra,
3222 4469 3405 4516 exter-

1824 4550 1999 4619 gimus
2024 4548 2076 4602 in
2103 4563 2229 4613 vos;
2279 4559 2453 4602 tamen
2484 4547 2583 4600 hoc
2612 4546 2820 4612 scitote,
2861 4548 2982 4616 quia
3010 4551 3407 4623 appropinqua-

1824 4641 1901 4693 vit
1929 4655 2150 4709 regnum
2180 4638 2291 4694 Dei.
2322 4638 2449 4693 Dico
2478 4636 2649 4701 vobis,
2688 4639 2811 4708 quia
2839 4637 3094 4694 Sodomis
3121 4641 3282 4697 indie
3317 4642 3405 4700 illa

1824 4730 2100 4785 remissius
2128 4730 2230 4785 erit
2259 4745 2420 4800 quam
2460 4729 2535 4783 illi
2564 4729 2785 4783 civitati.
2835 4728 2901 4783 Et
2946 4739 3055 4798 post
3086 4733 3401 4801 paululum:

1824 4822 2199 4877 Verumtamen
2235 4822 2287 4875 in
2315 4822 2415 4875 hoc
2448 4820 2617 4875 nolite
2646 4820 2895 4892 gaudere,
2928 4822 3050 4891 quia
3069 4824 3284 4892 spiritus
3307 4840 3401 4879 vo-

1822 4914 1905 4969 bis
1929 4912 2277 4982 subjiciuntur
2305 4930 2317 4966 :
2346 4912 2573 4982 gaudete
2594 4923 2792 4979 autem,
2825 4912 2966 4982 quod
2989 4914 3199 4967 nomina
3228 4923 3401 4970 vestra

1821 5006 2015 5076 scripta
2046 5014 2170 5061 sunt
2216 5006 2265 5059 in
2318 5006 2487 5059 cmlis.
2522 5003 2587 5058 Et
2614 5014 2725 5075 post
2770 5004 3037 5075 paululum
3061 5020 3079 5057 :
3114 5005 3250 5060 Ecce
3279 5008 3399 5077 qui-

1823 5097 1945 5152 dam
1994 5096 2327 5167 legisperitus
2376 5097 2625 5162 surrexit,
2673 5103 2882 5150 tentans
2914 5095 3396 5159 illum,etdicens:

1820 5188 2084 5258 Magister,
2130 5188 2256 5258 quid
2299 5186 2536 5242 faciendo
2579 5187 2737 5240 vitam
2781 5196 3031 5241 atternam
3074 5187 3399 5255 possideho'.’

1821 5282 2003 5338 Atille
2046 5281 2178 5336 dixit
2214 5281 2279 5335 ad
2323 5295 2481 5336 eum:
2522 5279 2576 5334 In
2626 5280 2767 5349 Lege
2809 5279 2935 5350 quid
2988 5280 3242 5350 scriptum
3274 5284 3396 5337 est?

1882 5418 1899 5451 ί
1923 5422 1972 5466 tn
1988 5423 2093 5480 μεθ.
2116 5416 2263 5480 Regio
2286 5421 2338 5465 et
2352 5414 2631 5465 Carnutensi
2646 5427 2742 5464 non
2764 5413 2967 5475 additur,
2984 5415 3207 5480 quotidie.

1881 5480 1902 5511 ³
1923 5475 2138 5541 Vulgata,
2160 5475 2323 5541 faciat.

1881 5542 1902 5573 ³
1922 5541 1995 5590 sic
2012 5536 2170 5603 etiam
2182 5539 2234 5588 in
2269 5538 2406 5603 garb.
2448 5536 2849 5603 Bibliishabebat
2867 5539 3095 5603 Vulgata;
3120 5540 3234 5591 licet
3271 5554 3398 5592 nunc

1815 5603 1865 5652 in
1888 5601 2082 5674 excusis
2112 5599 2253 5662 ferat,
2273 5599 2348 5651 his
2370 5611 2478 5664 qua
2498 5598 2628 5652 domi
2648 5606 2795 5671 sunt;
2832 5598 3008 5654 neutro
3044 5598 3255 5667 genere,
3299 5616 3396 5657 nou
