3878 6302
478 249 582 313 987

476 379 740 451 quomodo
765 373 936 447 legis?
955 369 1049 430 ille
1091 365 1420 441 respondens
1443 364 1577 422 dixit
1605 383 1618 419 :
1648 363 1842 434 Diliges
1872 359 2056 416 Domi-

476 487 604 530 num
632 473 795 527 Deum
827 478 971 524 tuum
1003 479 1066 521 cx
1091 474 1203 520 toto
1231 460 1394 519 corde
1424 469 1533 527 tuo,
1561 468 1615 515 et
1647 473 1710 513 ex
1750 464 1857 510 tota
1883 453 2060 507 anima

476 575 588 634 tua,
613 574 667 621 et
701 578 768 619 cx
797 558 1044 614 omnibus
1070 556 1274 612 viribus
1319 556 1444 619 tuis,
1493 559 1550 608 et
1591 565 1656 606 ex
1695 548 1844 604 omni
1885 553 2062 601 mente

479 665 588 728 tua,
618 668 670 714 et
693 657 990 728 proximum
1021 661 1169 707 tuum
1195 651 1333 704 sicut
1363 647 1612 716 teipsum.
1642 639 1711 697 Et
1734 641 1883 712 paulo
1907 647 2019 710 post
2040 651 2061 692 :

477 747 610 821 Quis
642 753 828 806 borum
871 748 1032 802 trium
1084 744 1291 798 videtur
1317 739 1410 794 tibi
1452 737 1723 807 proximus
1753 733 1916 787 fuisse
1963 729 2058 792 illi,

483 845 574 918 q‘ui
605 843 786 898 incidit
816 841 866 894 in
909 834 1188 895 latrones?
1216 836 1285 890 At
1310 829 1401 889 ille
1428 831 1558 886 dixit
1588 847 1602 885 :
1629 829 1730 898 Qui
1753 826 1875 882 fecit
1903 824 2065 879 misea

480 915 764 995 ricdrdiarii
795 933 844 986 in
867 931 1034 986 illum.
1057 929 1125 983 Et
1148 928 1221 982 ait
1243 923 1314 980 illi
1333 924 1488 980 Jcsus
1513 937 1526 977 :
1555 922 1714 985 Vade,
1733 927 1784 975 et
1809 930 1863 972 tu
1891 916 1970 971 fac
1990 915 2060 969 si-

480 1028 695 1085 militer.
731 1025 797 1081 Et
828 1031 937 1093 post
963 1020 1272 1091 paululmn:
1301 1016 1539 1080 Martha,
1573 1005 1800 1077 Martha,
1832 1008 2062 1064 sollicita

479 1131 538 1175 es
558 1127 611 1174 et
639 1115 868 1172 turbaris
896 1123 1017 1184 erga
1046 1110 1270 1184 plurima
1298 1127 1311 1162 :
1343 1121 1506 1177 porro
1533 1117 1692 1158 unum
1710 1112 1790 1156 ρει
1815 1113 2064 1155 necessa-

479 1209 636 1266 rium.
669 1206 836 1262 Maria
867 1204 1122 1275 optimam
1163 1210 1365 1271 partem
1404 1196 1586 1265 elegit,
1633 1208 1752 1263 qua:
1782 1207 1886 1246 non
1919 1187 2063 1243 aufe-

480 1297 624 1356 retur
651 1299 718 1353 ab
744 1312 827 1352 ea.

552 1389 686 1446 Item
715 1395 825 1459 post
850 1385 1109 1458 paululum
1131 1381 1283 1457 [XL]:
1306 1379 1438 1436 Cum
1469 1377 1651 1439 oratis,
1675 1372 1856 1442 inquit,
1880 1370 2061 1435 dicite,

480 1485 658 1548 Pater,
701 1479 1058 1558 spnctilicetnr
1105 1487 1279 1530 uomet
1347 1480 1513 1526 tuum.
1544 1465 1804 1522 Adveniat
1843 1476 2062 1532 regnum

481 1582 650 1632 tuum.
677 1557 874 1628 Panem
907 1577 1148 1625 nostrum
1175 1565 1538 1638 quotidianum
1563 1561 1627 1616 da
1660 1559 1813 1615 nobis
1842 1557 1996 1612 hodie
2021 1558 2059 1611 ¹.

482 1661 549 1720 Et
574 1664 779 1719 dimitte
810 1661 970 1716 nobis
1001 1667 1214 1728 peccata
1252 1663 1454 1715 nostra,
1497 1652 1756 1723 siquidem
1784 1660 1836 1705 et
1864 1650 1959 1720 ipsi
1985 1648 2065 1702 di-

482 1757 740 1812 mittimus
769 1753 912 1808 omn‘i
948 1751 1156 1806 debenti
1189 1748 1358 1803 nobis.
1400 1747 1465 1800 Et
1507 1761 1571 1799 nc
1612 1757 1709 1798 nos
1752 1743 1968 1796 inducas
2011 1741 2064 1793 in

482 1843 849 1903 ientationem.
891 1845 954 1897 lit
992 1843 1065 1897 ait
1105 1841 1170 1895 ad
1216 1841 1338 1894 illos
1368 1857 1380 1891 :
1410 1836 1540 1906 Quis
1576 1844 1809 1890 vestrmn
1855 1832 2067 1887 habebit

481 1939 731 1998 amicum,
761 1943 814 1990 et
844 1934 937 1989 ibit
966 1925 1036 1987 ad
1064 1932 1208 1986 illum
1239 1929 1410 1983 media
1450 1936 1622 1989 nocte,
1665 1935 1717 1980 et
1758 1924 1900 1978 dicet
1946 1922 2017 1976 illi
2048 1939 2062 1976 :

484 2029 686 2094 Amice,
718 2025 996 2082 commoda
1028 2024 1156 2078 mihi
1198 2030 1306 2076 tres
1345 2034 1543 2090 panes,
1575 2018 1821 2086 quoniam
1863 2016 2066 2070 amicus

482 2139 632 2179 meus
658 2121 803 2176 venit
826 2118 894 2174 de
919 2119 1002 2172 via
1031 2115 1097 2186 ad
1131 2130 1246 2181 me,
1273 2121 1328 2168 et
1353 2127 1456 2166 non
1496 2109 1667 2164 habeo
1695 2108 1832 2177 quod
1874 2121 2064 2174 ponam

481 2223 603 2268 ante
642 2211 789 2266 illum
821 2227 833 2261 :
865 2219 918 2263 et
961 2208 1048 2261 ille
1085 2205 1153 2260 de
1190 2204 1329 2258 intus
1370 2198 1718 2269 respondens,
1747 2197 1924 2250 dicat:
1951 2196 2065 2250 Noli

484 2305 612 2358 inihi
642 2303 892 2357 molestus
919 2313 1037 2354 esse
1062 2315 1075 2348 :
1102 2299 1211 2366 jam
1237 2295 1430 2349 ostium
1456 2292 1694 2346 clausum
1717 2297 1818 2350 est,
1839 2297 1892 2342 et
1918 2287 2068 2356 pueri

483 2395 586 2451 mei
627 2409 832 2448 meeum
881 2401 1003 2445 sunt
1050 2389 1104 2444 in
1150 2386 1343 2448 cubili;
1373 2399 1480 2438 non
1524 2397 1736 2452 possum
1768 2393 1986 2447 surgere
2015 2386 2067 2433 et

483 2488 612 2542 dare
639 2485 752 2540 tibi.
779 2485 840 2539 Et
868 2483 955 2538 ille
975 2483 1018 2536 si
1043 2477 1462 2552 perseveraverit
1487 2476 1722 2546 pulsans.
1747 2473 1866 2527 dico
1892 2473 2064 2537 vobis,

482 2578 580 2634 ctsi
614 2591 716 2631 non
752 2575 900 2630 dabit
941 2573 1012 2627 illi
1055 2585 1299 2641 surgens,
1331 2583 1395 2624 eo
1425 2567 1565 2639 quod
1594 2567 1796 2619 amicus
1825 2564 1938 2633 ejus
1967 2564 2064 2628 sit;

483 2677 697 2740 propter
723 2665 1120 2735 improbitatem
1155 2672 1329 2716 tamen
1358 2659 1472 2729 ejus
1497 2665 1696 2724 surget.
1727 2665 1779 2709 et
1818 2653 1963 2708 dabit
1996 2653 2069 2708 illi

481 2767 739 2834 quotquot
761 2760 920 2816 habet
940 2755 1290 2812 necessarios.
1319 2751 1386 2806 Et
1412 2767 1509 2818 ego
1536 2750 1685 2802 vobis
1713 2747 1832 2801 dico
1858 2765 1869 2799 :
1901 2746 2070 2801 Petito

481 2863 533 2912 et
569 2855 781 2910 dabitur
816 2851 965 2906 vobis
995 2868 1009 2904 :
1037 2847 1259 2918 quaritc
1279 2887 1292 2910 ,
1320 2853 1374 2899 et
1413 2839 1690 2897 invenietis
1717 2857 1729 2892 :
1757 2839 1988 2908 pulsate,
2017 2844 2069 2891 et

482 2947 749 3018 aperietur
777 2943 946 2997 vobis.
972 2941 1159 2996 Om‘nis
1182 2939 1320 2992 enim
1348 2937 1435 3007 qui
1467 2935 1616 3002 petit,
1645 2931 1870 2999 accipit;
1902 2940 1955 2984 ct
1978 2927 2068 2998 qui

483 3038 694 3110 qixcrit,
725 3035 956 3096 invenit;
987 3037 1040 3084 et
1071 3029 1298 3098 pulsanti
1328 3026 1612 3095 aperietur.
1646 3022 1774 3086 Quis
1802 3028 1976 3074 autem
2004 3034 2071 3074 ex

486 3129 639 3184 vobis
686 3137 888 3197 patrem
941 3125 1070 3193 petit
1117 3135 1329 3192 panem,
1369 3114 1625 3184 nmnquid
1671 3112 1895 3180 lapidem
1926 3111 2072 3164 dabit

483 3221 599 3278 illi?
623 3221 714 3273 aut
744 3218 964 3288 piscem”,
997 3210 1248 3281 numquid
1283 3223 1375 3278 pro
1409 3209 1549 3276 pisce
1592 3213 1894 3273 serpentem
1926 3201 2073 3255 dabit

484 3311 598 3369 illi?
618 3320 710 3366 aut
744 3311 787 3365 si
816 3306 1028 3382 petierit
1053 3318 1234 3365 ovum,
1259 3299 1509 3368 ntunqnid
1543 3296 1772 3366 porriget
1808 3293 1878 3347 illi
1919 3307 2070 3346 scor-

483 3401 730 3480 piouem?
749 3402 802 3459 Si
827 3411 973 3473 ergo,
998 3403 1117 3454 eum
1140 3395 1258 3450 silis
1279 3392 1425 3456 mali,
1449 3391 1616 3445 uestis
1644 3389 1777 3442 bona
1800 3386 1918 3439 data
1942 3384 2070 3456 dare

483 3475 604 3554 liliis
631 3494 861 3557 vestris;
893 3499 1090 3562 quanto
1125 3486 1294 3557 magis
1324 3485 1477 3537 Pater
1506 3489 1684 3537 vester
1711 3479 1776 3532 de
1810 3476 1947 3533 (mlo
1976 3475 2073 3530 da-

483 3569 560 3646 bit
599 3587 845 3658 spiritum
891 3585 1087 3638 bonum
1137 3577 1441 3650 petentibus
1486 3589 1563 3629 se.
1609 3570 1676 3626 Et
1729 3571 1880 3641 paulo
1921 3577 2072 3638 post:

484 3667 706 3737 Factum
736 3686 818 3733 est
847 3686 1024 3731 autem
1051 3690 1168 3727 cum
1197 3671 1315 3726 hate
1338 3670 1567 3734 diceret,
1600 3667 1857 3720 extollens
1886 3677 2070 3718 vocem

484 3776 726 3850 quadam
751 3774 940 3828 mulier
959 3771 1026 3826 de
1062 3770 1238 3832 turba,
1265 3768 1398 3822 dixit
1425 3767 1496 3820 illi
1525 3785 1537 3820 :
1565 3767 1758 3820 Beatus
1781 3771 1964 3818 venter
1982 3762 2072 3833 qui

485 3881 537 3924 te
562 3867 810 3938 portavit,
841 3873 894 3918 et
931 3863 1094 3917 ubera
1138 3876 1258 3929 qua:
1284 3859 1492 3913 suxisti.
1523 3859 1591 3911 At
1635 3855 1724 3911 ille
1762 3854 1893 3908 dixit
1919 3872 1932 3908 :
1963 3853 2073 3906 lmo

486 3938 624 4013 beati
654 3955 744 4026 qui
775 3948 995 4006 audiunt
1017 3949 1235 4005 verbum
1265 3947 1378 4012 Dei,
1413 3945 1466 4001 et
1492 3946 1793 4002 custodiunt
1823 3944 1971 3999 illud.
2006 3943 2074 3998 Et

489 4047 646 4120 paulo
675 4055 785 4117 post
812 4061 828 4096 :
856 4041 1065 4098 Etcum
1092 4040 1418 4110 loqueretur,
1450 4037 1652 4108 rogavit
1684 4037 1828 4091 illum
1860 4035 2071 4106 quidam

487 4119 808 4200 l’harismus,
839 4144 897 4187 ut
925 4131 1207 4202 pranderet
1245 4119 1384 4199 apud
1412 4143 1470 4183 se
1504 4146 1516 4182 :
1547 4137 1601 4182 ct
1630 4128 1898 4198 ingressus
1923 4143 2075 4182 recu-

486 4229 621 4286 buit.
643 4227 942 4283 Pbarisaeus
964 4234 1138 4279 autem
1163 4223 1321 4293 cmpit
1351 4220 1486 4276 intra
1515 4235 1573 4275 se
1598 4230 1848 4292 reputans
1872 4221 2071 4285 dicere,
2110 4236 2116 4240 '

492 4315 659 4391 quare
693 4335 795 4372 non
825 4311 1119 4386 baptizatus
1140 4321 1283 4369 esset
1309 4322 1431 4367 ante
1457 4307 1753 4383 prandium.
1781 4311 1845 4365 Et
1871 4311 1944 4366 ait
1968 4311 2073 4365 [io-

487 4411 662 4468 minus
702 4403 768 4465 ad
813 4411 961 4464 illum
997 4429 1008 4462 :
1038 4403 1187 4462 Nunc
1211 4422 1340 4471 vos,
1368 4401 1643 4473 Pharisaa‘,
1674 4406 1812 4476 Quod
1851 4405 1917 4461 de
1945 4401 2074 4461 foris

485 4515 570 4562 est
608 4505 787 4561 calicis
825 4499 875 4558 et
906 4501 1093 4566 catini,
1121 4499 1419 4565 mundatis;
1447 4498 1587 4569 quod
1614 4501 1788 4552 autem
1820 4498 1963 4552 intus
1989 4507 2074 4552 est

488 4603 746 4661 vestrum,
774 4596 984 4668 plenum
1009 4601 1091 4648 est
1117 4592 1300 4662 rapina
1323 4601 1374 4645 ct
1397 4589 1881 4661 iniquitate.Stulti,
1901 4604 2076 4645 nonne

490 4683 577 4757 qui
612 4686 735 4739 fecit
758 4683 898 4754 quod
926 4683 992 4738 de
1022 4681 1149 4738 foris
1174 4691 1276 4747 est,
1304 4681 1462 4736 etiam
1487 4679 1626 4750 quod
1650 4683 1790 4734 intus
1815 4689 1896 4736 est
1920 4681 2074 4736 fecit?

491 4767 869 4837 Verumtamen
910 4765 1050 4847 quod
1094 4769 1366 4841 Superest,
1403 4773 1524 4827 date
1567 4772 1993 4844 cicemosyuam,
2024 4783 2078 4829 et

489 4888 614 4928 ecce
645 4870 821 4924 omnia
853 4863 1044 4922 munda
1092 4874 1215 4919 sunt
1239 4865 1408 4939 vobis.
1443 4863 1546 4920 Sed
1586 4880 1665 4918 v:e
1703 4865 1853 4919 vobis
1893 4849 2076 4919 Phari-

489 4966 632 5030 smis,
675 4963 795 5034 quia
839 4961 1114 5016 decimatis
1157 4957 1448 5026 meutham,
1492 4965 1545 5012 et
1583 4967 1778 5025 rutam,
1818 4967 1871 5014 et
1917 4974 2075 5034 omne

491 5055 635 5121 olus,
676 5031 730 5109 et
768 5050 1052 5125 prmteritis
1077 5039 1331 5119 judicium
1372 5058 1426 5102 et
1467 5041 1778 5103 charitatem
1806 5047 1920 5103 Dei.
1955 5031 2077 5104 ηιυο

491 5158 668 5202 autem
697 5145 931 5215 oportuit
964 5142 1158 5209 facere,
1179 5151 1231 5196 et
1259 5139 1344 5195 illa
1373 5155 1475 5194 non
1498 5140 1760 5195 omittere.
1788 5140 1878 5194 Vtc.
1905 5139 2073 5206 vobis,

491 5236 770 5299 Pharisaei,
803 5236 924 5306 quia
954 5229 1172 5306 diligitis
1215 5233 1412 5304 primas
1447 5229 1724 5287 cathedras
1757 5233 1806 5286 in
1849 5247 2076 5303 synago-

491 5328 593 5399 εἰς,
621 5335 676 5382 et
705 5325 1050 5379 salutationes
1079 5324 1130 5378 in
1177 5325 1310 5379 loro.
1341 5313 1433 5378 ναι
1461 5319 1629 5388 vobis,
1677 5321 1795 5390 quia
1846 5322 1973 5376 CSliS
2021 5330 2078 5376 ut

492 5414 840 5474 monumenta
865 5429 986 5487 quae
1012 5429 1117 5471 non
1145 5423 1358 5485 parcnt,
1389 5423 1443 5467 et
1473 5413 1714 5469 homines
1743 5413 2078 5469 ambulantes

491 5523 658 5580 supra.
675 5508 940 5566 nesciunt.
964 5507 1312 5581 Respondeas
1333 5515 1506 5561 autem
1535 5504 1745 5576 quidam
1767 5517 1833 5561 ex
1855 5505 2078 5576 legispe-

494 5666 886 5776 "Egistustis
899 5665 1038 5713 Corn.
1075 5663 1251 5723 Bibliis,
1269 5658 1663 5726 quotidieﬁuxta
1688 5675 1856 5726 graia,
1879 5662 1928 5713 to
1948 5643 2078 5714 ω’

1679 242 1738 298 s.
1779 236 2146 298 aususnon
2175 224 2537 296 sensuum
3638 243 3733 302 gs.

2166 357 2300 423 ritis,
2331 357 2407 412 ait
2434 356 2546 412 illi:
2575 354 2840 426 Hagister,
2862 353 2981 412 hcce
3007 354 3212 424 dicens,
3243 356 3400 412 etiam
3427 358 3591 413 nobis
3615 376 3732 416 con.

2168 451 2438 505 tumeliam
2460 449 2606 506 lacis.
2634 450 2806 504 Atille
2821 450 2893 504 ait
2908 468 2922 502 :
2939 449 3107 504 Etiam
3129 450 3280 504 vobis
3299 450 3619 521 lcgisperitis
3635 469 3730 519 ne;

2167 543 2288 613 quia
2313 542 2546 598 oneratis
2572 541 2816 598 homines
2838 542 3090 597 oneribus
3107 557 3226 612 quin
3244 554 3454 613 portare
3482 557 3592 598 non
3622 561 3728 614 pos-

2166 637 2352 703 sunt‘,
2382 639 2438 691 et
2456 634 2554 706 ipsi
2583 650 2691 690 uno
2717 634 2885 705 digito
2908 644 3089 689 vestro
3116 649 3222 690 non
3255 635 3466 706 tangitis
3481 639 3727 694 Sarcinas.

2238 726 2308 784 Et
2349 723 2450 781 alio
2493 728 2602 781 loco
2644 725 2828 801 [xm]:
2857 727 3128 782 Attendito
3171 741 3204 780 a
3247 725 3516 783 fomento
3562 729 3732 784 Phari-

2167 835 2418 883 smorum,
2443 821 2591 890 quod
2613 824 2692 874 est
2719 819 3036 889 hypocrisis.
3065 817 3130 873 Et
3155 821 3310 890 paulo
3331 830 3445 891 post
3462 836 3486 875 ε
3509 820 3640 876 Dico
3655 837 3737 876 au-

2171 920 2280 966 tem
2305 910 2457 964 vobis
2483 908 2671 964 amicis
2695 910 2852 974 meis,
2878 923 2948 963 ne
2976 909 3284 964 terrcamini
3307 911 3376 964 ab
3402 911 3466 965 iis
3491 910 3588 980 qui
3615 912 3737 967 oeci-

2168 1001 2302 1056 dum
2343 1009 2555 1070 cerpus,
2586 1008 2643 1053 et
2669 1009 2792 1069 post
2829 1001 2944 1054 luce
2983 1013 3090 1054 non
3133 999 3332 1054 habent
3367 1001 3606 1071 amplius
3626 1003 3738 1072 quid

2169 1090 2380 1146 faciant.
2406 1089 2693 1145 Ostendam
2719 1099 2896 1144 autem
2915 1089 3066 1145 vobis
3086 1103 3246 1160 quem
3272 1091 3523 1146 timearis.
3548 1091 3740 1147 Timete

2168 1200 2288 1240 eum
2319 1184 2410 1255 qui
2439 1192 2716 1253 postquam
2759 1181 3044 1247 occiderit,
3077 1181 3240 1236 habet
3271 1191 3592 1250 potestatem
3634 1185 3740 1238 mit-

2171 1286 2283 1331 tere
2310 1277 2360 1330 in
2388 1276 2682 1346 gehennam
2707 1291 2720 1328 :
2747 1274 2816 1328 ita
2844 1273 2964 1328 dico
2987 1273 3154 1336 vobis,
3178 1273 3318 1327 hunc
3345 1274 3551 1328 timete.
3571 1273 3741 1329 Noan

2168 1370 2398 1440 quinque
2440 1381 2684 1437 passeres
2724 1374 2957 1422 veneunt
3002 1365 3274 1434 dipondio,
3308 1376 3362 1420 et
3387 1381 3530 1419 unus
3557 1381 3621 1420 ex
3651 1367 3739 1421 illis

2171 1479 2274 1516 non
2304 1470 2387 1516 est
2416 1460 2466 1514 in
2497 1460 2764 1514 oblivione
2791 1473 2971 1512 coram
3000 1458 3142 1511 Deo?
3166 1456 3272 1512 Sed
3294 1466 3350 1512 et
3369 1459 3548 1526 capilli
3569 1459 3739 1526 capitis

2170 1556 2328 1610 vestri
2356 1568 2543 1608 omnes
2569 1551 2829 1606 numerati
2852 1559 2993 1604 sunt.
3017 1548 3188 1603 Nolite
3218 1563 3345 1618 ergo
3368 1549 3594 1609 timere;
3623 1550 3739 1602 mul-

2171 1647 2237 1701 tis
2265 1645 2570 1716 passeribus
2599 1643 2766 1712 pluris
2791 1643 2938 1696 estis.
2970 1642 3096 1694 Dico
3123 1649 3299 1694 autem
3339 1640 3497 1694 vobis
3525 1658 3537 1692 :
3574 1638 3742 1694 Omnis

2170 1742 2491 1810 quicumque
2515 1737 2791 1791 confessos
2825 1734 2984 1789 fuerit
3020 1749 3103 1788 me
3131 1748 3309 1787 coram
3337 1733 3667 1792 hominibus,
3694 1737 3741 1786 et

2171 1833 2334 1887 Filius
2360 1830 2589 1885 hominis
2616 1828 2953 1883 conﬁtebitur
2973 1827 3024 1880 in
3053 1827 3140 1880 illo
3156 1827 3176 1858 ³
3192 1840 3372 1880 coram
3390 1825 3614 1895 Angelis
3633 1824 3740 1887 Dei;

2171 1925 2259 1994 qui
2285 1933 2460 1978 autem
2489 1921 2757 1991 negaverit
2787 1935 2870 1973 me
2898 1933 3076 1973 roram
3107 1917 3427 1982 hominibus,
3461 1916 3734 1985 denegabi-

2171 2025 2257 2070 tur
2282 2030 2460 2070 coram
2499 2013 2715 2083 Angelis
2745 2012 2856 2065 Dei.
2890 2010 2954 2064 Et
2981 2011 3153 2064 oninis
3177 2009 3265 2078 qui
3291 2009 3419 2064 dicit
3450 2009 3668 2064 verbum
3696 2008 3738 2060 in

2174 2107 2362 2161 Filium
2397 2105 2648 2164 hominis.
2676 2106 2975 2158 remittetur
3004 2101 3076 2155 illi
3104 2119 3117 2154 :
3145 2101 3196 2155 ei
3225 2110 3400 2153 autem
3426 2100 3520 2168 qui
3555 2100 3603 2152 in
3632 2097 3736 2164 Spi-

2174 2199 2333 2254 ritum
2371 2206 2610 2252 sanctnm
2640 2193 3105 2262 blasphemaveri‘t,
3133 2206 3236 2245 non
3268 2191 3593 2244 remittetur.
3623 2189 3738 2241 Cum

2174 2298 2351 2343 autem
2385 2287 2637 2341 inducent
2665 2300 2756 2338 vos
2786 2285 2834 2336 in
2859 2297 3174 2354 synagogas,
3213 2291 3262 2335 et
3302 2280 3367 2333 ad
3397 2281 3734 2347 magistratus,

2173 2389 2227 2434 et
2257 2388 2577 2450 potestates,
2613 2376 2777 2429 nolite
2817 2375 3028 2428 solliciti
3077 2388 3194 2426 esse
3235 2371 3468 2442 qualiter
3506 2380 3598 2423 aut
3633 2369 3738 2438 quid

2174 2471 2565 2541 respondeatis,
2595 2480 2686 2522 aut
2714 2468 2842 2538 quid
2870 2467 3058 2521 dicatis
3088 2484 3100 2519 :
3129 2465 3356 2536 Spiritus
3376 2465 3524 2518 enim
3549 2473 3737 2517 sanctus

2173 2564 2388 2620 docebit
2424 2578 2517 2616 vos
2561 2561 2614 2616 in
2665 2561 2776 2625 ipsa
2829 2559 2978 2623 hora,
3008 2575 3125 2627 qua!
3154 2565 3397 2625 oporteat
3437 2556 3637 2612 dicere.
3668 2555 3738 2610 Ait

2173 2663 2348 2708 autem
2376 2654 2422 2708 ei
2455 2651 2670 2723 quidam
2699 2650 2768 2705 de
2805 2651 2955 2704 turba
2990 2667 3002 2701 :
3036 2649 3302 2719 Magister,
3341 2649 3430 2703 die
3464 2648 3609 2703 fratri
3637 2663 3734 2703 meo

2175 2755 2231 2799 ut
2250 2743 2450 2799 dividat
2473 2758 2680 2798 mecum
2705 2741 3088 2795 lmreditatem.
3119 2743 3184 2794 At
3211 2741 3296 2794 ille
3317 2740 3450 2794 dixit
3471 2742 3733 2802 ei:llomo.

2174 2833 2292 2904 quia
2319 2848 2403 2888 me
2427 2833 2703 2889 constituit
2727 2831 2982 2901 judicem,
3011 2839 3102 2884 ant
3126 2829 3412 2885 divisorem
3438 2847 3599 2902 supra
3625 2832 3734 2886 vos!

2177 2925 2423 2995 Dixitque
2446 2924 2512 2978 ad
2543 2925 2661 2978 illos
2686 2941 2698 2975 :
2728 2921 2932 2987 Videte,
2957 2931 3011 2977 et
3034 2931 3217 2975 cavete
3241 2922 3307 2974 ab
3331 2922 3479 2976 Omni
3508 2922 3732 2984 avaritia;

2176 3016 2296 3082 quia
2331 3031 2434 3067 non
2479 3015 2530 3068 in
2573 3013 2896 3066 abundantia
2931 3012 3241 3081 cujusquam
3281 3014 3386 3065 vita
3415 3012 3537 3081 ejus
3562 3022 3653 3072 est.
3681 3025 3733 3065 ex

2176 3105 2260 3159 his
2286 3121 2406 3175 quze
2432 3104 2687 3174 possidet.
2724 3104 2859 3157 Dixit
2889 3113 3063 3156 autem
3092 3103 3494 3158 similittnliizem
3524 3104 3586 3157 ad
3618 3104 3732 3168 illos,

2173 3195 2358 3251 dicens
2381 3213 2394 3249 :
2423 3194 2664 3249 llonunis
2685 3193 2960 3262 cujusdam
2981 3193 3159 3246 divitis
3185 3193 3379 3248 uberes
3408 3194 3610 3249 fructus
3629 3207 3734 3263 ager

2173 3288 2387 3350 attulit;
2437 3294 2491 3341 ct
2531 3285 2798 3354 cogitabat
2848 3285 2980 3337 intra
3025 3297 3102 3343 sc.
3145 3284 3346 3349 dicens,
3379 3286 3521 3351 Quid
3550 3286 3730 3347 faciam,

2175 3379 2295 3448 quia
2319 3392 2420 3431 non
2441 3376 2610 3430 habeo
2634 3391 2743 3445 quo
2760 3389 3074 3444 congregem
3099 3372 3297 3428 fructus
3318 3374 3503 3430 meos?
3522 3374 3583 3429 Et
3605 3374 3730 3438 dixit,

2176 3468 2288 3523 lloc
2310 3469 2492 3522 faciam
2515 3467 2815 3521 :dcstruam
2845 3464 3037 3519 horrea
3067 3479 3204 3528 mea,
3233 3473 3286 3518 et
3315 3465 3520 3533 majora
3551 3465 3730 3528 iaciam,

2175 3571 2229 3617 et
2250 3561 2372 3615 illuc
2393 3560 2729 3630 congregabo
2751 3557 2925 3614 omnia
2947 3573 3065 3629 qua:
3087 3567 3206 3612 nata
3234 3569 3356 3613 sunt
3375 3559 3534 3626 mihi,
3552 3568 3601 3612 ct
3621 3557 3733 3612 bona
3826 3601 3827 3628 η

2178 3669 2330 3718 mea;
2369 3661 2420 3707 et
2467 3651 2640 3706 dicam
2686 3650 2878 3705 anima:
2930 3666 3084 3718 mem,
3117 3651 3323 3714 Anima,
3382 3651 3550 3706 habes
3595 3650 3732 3705 multa

2177 3745 2315 3800 bona
2365 3744 2533 3812 posita
2581 3742 2632 3796 in
2675 3756 2844 3814 annos
2887 3742 3161 3812 plurimos,
3190 3743 3488 3812 requiesce,
3519 3740 3728 3803 comede,

2177 3837 2321 3903 bibe,
2369 3836 2608 3905 epulare.
2658 3834 2800 3888 Dixit
2848 3841 3024 3889 autem
3080 3834 3155 3888 illi
3197 3833 3376 3888 Deus:
3411 3833 3612 3900 Stulte,
3653 3831 3731 3885 hac

2180 3939 2337 3984 nocte
2382 3926 2612 3980 animam
2665 3935 2806 3979 tuam
2852 3935 3099 3995 repetunt
3136 3941 3165 3978 a
3201 3934 3284 3988 te;
3314 3941 3434 3994 qum
3461 3934 3632 3980 autem
3660 3937 3732 3992 pn-

2179 4021 2304 4075 rasti
2336 4018 2486 4087 cujus
2512 4017 2704 4073 erunt?
2727 4017 2816 4071 Sic
2843 4027 2923 4071 est
2952 4016 3127 4070 omnis
3154 4017 3239 4084 qui
3280 4017 3380 4071 sibi
3413 4018 3726 4077 thesaurizat,

2177 4120 2234 4167 et
2259 4126 2361 4164 non
2383 4118 2466 4164 cst
2486 4110 2535 4162 in
2559 4109 2721 4163 Demn
2745 4107 2910 4162 dives.
2938 4108 3178 4176 Dixitque
3204 4107 3268 4162 ad
3296 4108 3582 4178 discipulos
3598 4120 3728 4162 suos:

2181 4201 2306 4257 ideo
2347 4200 2468 4255 dico
2513 4200 2682 4265 vobis,-
2723 4199 2889 4254 nolite
2932 4198 3144 4253 solliciti
3184 4213 3304 4253 esse
3329 4201 3522 4254 anima:
3548 4209 3726 4259 vestrm,

2179 4292 2308 4364 quid
2356 4291 2720 4356 manducetis;
2767 4305 2939 4360 neque
2987 4289 3236 4359 corpori,
3272 4290 3400 4360 quid
3439 4288 3726 4346 vestiamini.

2179 4383 2368 4438 Anima
2393 4383 2508 4451 plus
2533 4389 2617 4436 est
2643 4396 2800 4450 quam
2832 4390 2973 4445 esca,
2997 4390 3051 4435 et
3077 4389 3269 4450 corpus
3293 4397 3450 4448 quam
3475 4383 3728 4438 vestimen-

2180 4483 2311 4529 tum.
2335 4473 2680 4538 Cousiderate
2707 4487 2917 4537 corvos,
2947 4473 3067 4542 quia
3104 4489 3210 4526 non
3247 4473 3544 4540 seminant,
3584 4483 3728 4540 neque

2179 4574 2413 4630 metunt;
2443 4565 2640 4633 quibus
2667 4578 2769 4618 non
2813 4573 2894 4618 est
2939 4563 3232 4626 cellarium,
3264 4578 3436 4634 neque
3473 4563 3724 4624 borremu;

2179 4667 2236 4715 et
2256 4659 2394 4713 Dens
2425 4657 2591 4728 pascit
2615 4657 2734 4711 illos
2759 4671 2774 4711 :
2802 4667 3000 4726 quanto
3027 4657 3196 4728 magis
3221 4673 3314 4708 vos
3339 4657 3508 4728 pluris
3537 4655 3654 4711 estis
3678 4653 3727 4706 il-

2182 4754 2278 4808 lis?
2302 4753 2429 4820 Quis
2459 4759 2634 4806 autem
2666 4760 2900 4804 vestrum
2928 4750 3209 4819 cogitando
3235 4758 3408 4821 potest
3433 4750 3650 4819 adjicere
3671 4743 3723 4798 ad

2181 4853 2442 4899 staturam
2483 4857 2634 4896 suam
2673 4842 2910 4897 cubitum
2956 4842 3153 4896 unum?
3176 4840 3232 4897 Si
3263 4857 3389 4912 ergo
3415 4857 3582 4912 neque
3607 4834 3723 4910 quod

2183 4936 2456 4988 minimmn
2487 4942 2576 4988 est
2599 4933 2837 5002 potestis,
2863 4933 2992 5002 quid
3014 4933 3082 4988 de
3107 4934 3316 4988 ereferis
3341 4933 3552 4988 solliciti
3583 4926 3720 4986 estis?

2181 5026 2524 5082 Considerate
2551 5025 2659 5081 lilia
2688 5025 2710 5058 ³
2736 5026 3005 5096 quomodo
3041 5034 3319 5090 crescunt;
3353 5041 3459 5081 non
3498 5027 3719 5082 laborant.

2184 5132 2358 5188 neque
2385 5123 2530 5172 nent.
2561 5117 2690 5171 Dico
2717 5129 2897 5174 autem
2921 5118 3092 5183 vobis,
3126 5133 3225 5173 nec
3251 5118 3501 5174 Salomon
3530 5121 3576 5172 in
3603 5110 3719 5171 oumi

3395 5237 3495 5294 κμι
3511 5233 3589 5294 sie
3605 5230 3721 5294 θείωιὲ

2244 5232 2464 5306 {negius
2498 5231 2657 5304 cedes.
2693 5231 2787 5289 hic,
2812 5243 2926 5295 (Iure
2952 5228 3143 5297 portari.
3158 5243 3249 5282 non
3285 5237 3495 5342 ﬁgunt.
3511 5233 3589 5294 ,εἰς
3605 5230 3721 5296 etiam

2244 5301 2378 5342 tum
2389 5294 2527 5342 oorb.
2547 5295 2709 5342 arena.
2733 5301 2922 5342 6m
2958 5306 3078 5342 vero
3103 5302 3290 5342 textus.
3543 5298 3610 5342 ctu
3641 5302 3660 5338 :
3686 5286 3721 5334 Id

3543 5302 3610 5343 ιω
3641 5302 3695 5338 .‘l

2181 5292 2527 5362 (norb.
2547 5292 2709 5342 sibila.
2733 5292 2922 5345 Graecia
2953 5292 3078 5345 vero
3103 5292 3290 5354 textus,"

2183 5363 2279 5415 est,
2299 5353 2508 5418 diﬁcilia
2529 5362 2735 5418 portatu.

2245 5408 2347 5488 "tta
2567 5428 2739 5486 omnes
2752 5414 2894 5477 hujus
2915 5415 3101 5478 Speculi
3116 5431 3130 5476 ;
3149 5416 3285 5479 juxta
3308 5411 3533 5478 meum,
3549 5408 3719 5526 20m010°

2245 5492 2308 5526 se:
2323 5491 2382 5526 en
2399 5483 2525 5526 aulo.
2545 5491 2628 5526 (un
2649 5479 2794 5526 etiam
2812 5479 3030 5526 proxime
3041 5487 3154 5526 ante
3177 5479 3350 5526 habet.
3372 5475 3529 5526 kosan
3579 5471 3719 5526 antelo-

2323 5491 2382 5528 θη
2399 5477 2525 5548 aute,
2545 5478 2628 5541 qui
2649 5479 2794 5528 etiam
2812 5471 3030 5540 proxime.
3041 5471 3350 5539 ante'habet',
3372 5471 3530 5530 [town
3549 5471 3719 5526 Itoniolo-

2215 5553 2290 5590 €88
2310 5554 2369 5591 cn
2390 5553 2527 5590 enim.

2181 5555 2290 5607 gese
2310 5555 2369 5591 cn
2390 5555 2527 5590 enim.
2976 5595 2980 5597 ,

2237 5605 2267 5673 f
2291 5603 2433 5673 editi,
2453 5600 2555 5653 lilia
2575 5599 2710 5673 agri._
2733 5601 2904 5659 Abest,
2927 5601 3053 5673 agri,
3076 5614 3105 5652 a
3120 5607 3274 5673 lieth
3295 5608 3378 5653 Ms.
3419 5614 3597 5673 necnon
3619 5611 3642 5646 ³
3659 5607 3718 5673 El:

2181 5653 2471 5776 agimus,
2490 5653 2796 5727 quae-eadem
2813 5653 2931 5714 voce
2950 5653 3096 5714 etiam
3119 5653 3166 5713 in
3521 5653 3718 5716 versa”

2265 5738 2366 5775 ent.
