3878 6298
552 279 646 338 991

550 396 776 463 minum,
807 400 1080 467 raptores,
1112 393 1295 468 injusti
1320 435 1336 460 ,
1364 391 1627 458 adulteri,
1659 391 1820 448 veluti
1863 390 2022 447 etiam
2050 389 2138 446 hic

547 487 866 545 Publicanus
921 504 933 540 :
982 485 1166 556 jejuno
1215 484 1296 540 bis
1358 483 1415 540 in
1465 483 1726 549 sabbato,
1781 483 2016 540 decimas
2070 482 2140 538 do

548 579 784 635 omnium
820 593 938 648 quae
964 575 1234 649 possideo.
1258 575 1328 631 Et
1365 575 1686 631 Publicanus
1712 591 1743 630 a
1772 576 1926 644 longe
1951 585 2100 630 stans
2121 617 2136 642 ,

546 673 760 728 nolebat
786 686 884 726 nec
913 671 1097 726 oculos
1121 670 1187 726 ad
1214 671 1409 726 etelum
1437 670 1649 732 levare;
1685 669 1778 724 scd
1807 670 2141 742 percutiebat

545 773 733 836 pectus
756 779 934 829 suum,
962 762 1148 818 dicens
1181 781 1195 818 :
1229 763 1391 828 Deus,
1417 761 1678 831 prepitius
1707 770 1824 816 esto
1847 760 1976 815 mihi
2016 777 2140 832 pec-

543 855 732 912 catori.
761 855 886 910 Dico
910 855 1083 919 vobis,
1107 853 1384 909 descendit
1404 852 1489 908 hic
1505 852 1824 924 justificatus
1846 854 1899 908 in
1920 853 2138 909 domum

543 965 694 1005 suam
738 949 806 1004 ab
833 948 946 1003 illo.
989 947 1121 1015 Quia
1161 947 1338 1002 omnis
1364 946 1453 1017 qui
1484 961 1544 1002 se
1571 946 1770 1002 exaltat
1793 987 1808 1010 ,
1840 945 2140 1001 humiliabi-

545 1050 657 1107 tur;
689 1051 742 1096 et
766 1041 860 1112 qui
882 1056 940 1095 se
969 1039 1234 1106 humiliat,
1259 1038 1600 1095 exaltabitur.
1632 1037 1941 1093 Alferebant
1961 1047 2138 1092 autem

543 1132 608 1187 ad
640 1132 784 1186 illum
815 1140 868 1186 et
889 1131 1140 1194 infantes,
1162 1137 1221 1185 ut
1251 1144 1346 1184 eos
1367 1137 1630 1199 tangeret.
1661 1127 1813 1195 Quod
1844 1143 1966 1184 cum
1995 1127 2139 1182 vide-

544 1233 664 1279 reut
689 1223 955 1292 discipuli,
985 1222 1333 1292 increpabant
1362 1222 1506 1276 illos.
1537 1222 1696 1277 Jesus
1736 1230 1913 1277 autem
1941 1236 2140 1276 convo-

543 1329 672 1369 cans
693 1313 830 1380 illos,
859 1312 992 1368 dixit
1027 1332 1038 1366 :
1068 1313 1239 1368 Sinite
1269 1329 1467 1384 pueros
1492 1314 1680 1369 venire
1709 1313 1777 1368 ad
1805 1329 1909 1380 me,
1949 1322 2006 1370 et
2041 1328 2140 1369 no-

544 1407 636 1462 lite
665 1422 758 1462 eos
785 1415 985 1462 vetare.
1017 1406 1225 1461 Talium
1263 1416 1346 1462 est
1389 1407 1530 1462 enim
1557 1423 1778 1479 regnum
1812 1407 1926 1462 Dei.
1967 1407 2138 1463 Amen

541 1499 663 1556 dico
693 1499 862 1564 vobis,
881 1500 1200 1570 quicumque
1223 1515 1328 1554 non
1358 1500 1629 1570 acceperit
1661 1515 1879 1571 regnum
1908 1498 2004 1555 Dei
2030 1500 2140 1557 sic-

548 1601 607 1649 ut
647 1608 780 1664 puer
803 1633 818 1658 ,
851 1608 955 1646 non
992 1591 1212 1646 intrabit
1263 1591 1316 1647 in
1355 1592 1502 1646 illud.
1537 1592 1606 1646 Et
1644 1591 1989 1664 interrogavit
2012 1608 2137 1649 eum

542 1683 755 1756 quidam
780 1683 1045 1754 princeps,
1073 1684 1256 1739 dicens
1285 1701 1298 1737 :
1327 1683 1577 1753 Magister
1601 1685 1759 1750 bone,
1785 1685 1909 1751 quid
1938 1684 2138 1742 faciens

542 1775 704 1830 vitam
733 1783 985 1829 aeternam
1015 1774 1340 1845 possidebo?
1373 1775 1516 1830 Dixit
1561 1785 1740 1830 autem
1777 1775 1930 1831 Jesus
1961 1794 1972 1828 :
2000 1777 2136 1849 Quid

544 1881 633 1922 me
669 1865 802 1921 dicis
829 1867 1025 1920 bonum
1048 1865 1071 1918 ?
1099 1865 1265 1920 Nemo
1285 1865 1476 1933 bonus,
1510 1865 1608 1921 nisi
1636 1866 1783 1923 solus
1804 1867 1966 1922 Deus.
1993 1867 2140 1923 Man-

542 1959 664 2016 data
697 1961 874 2016 nosti?
900 1961 1014 2017 Non
1046 1961 1281 2026 occides,
1311 1961 1428 2017 Non
1459 1961 1846 2028 mtechaberis,
1878 1961 1996 2018 Non
2024 1961 2136 2018 fur-

543 2061 652 2107 tum
695 2053 856 2109 facies
883 2095 897 2119 ,
935 2054 1049 2109 Non
1088 2054 1275 2110 falsum
1320 2054 1680 2109 testimonium
1711 2054 1891 2120 dices,
1923 2055 2134 2113 Honora

540 2155 744 2216 patrem
779 2155 924 2202 tuum
955 2158 1010 2203 et
1039 2156 1287 2203 matrem.
1313 2146 1415 2215 Qui
1443 2149 1518 2203 ait
1552 2166 1564 2202 :
1599 2148 1725 2204 llaec
1749 2149 1930 2205 omnia
1953 2159 2135 2205 custo-

540 2237 649 2292 divi
679 2255 706 2290 a
731 2237 1009 2307 juventute
1033 2255 1170 2296 mea.
1194 2241 1310 2309 Quo
1337 2241 1538 2309 audito,
1562 2241 1718 2298 Jesus
1737 2244 1819 2299 'ait
1844 2245 1914 2310 ei,
1945 2244 2136 2301 Adhuc

542 2329 633 2384 tibi
667 2345 825 2384 unum
849 2330 1001 2385 deest
1034 2349 1047 2384 :
1081 2332 1261 2387 omnia
1287 2349 1638 2404 quaecumque
1664 2333 1830 2390 habes
1857 2335 2052 2401 vende,
2083 2347 2137 2392 et

542 2420 608 2476 da
637 2423 972 2492 pauperibus,
997 2433 1050 2480 et
1067 2423 1289 2483 habebis
1311 2425 1619 2482 thesaurum
1645 2427 1695 2481 in
1719 2427 1891 2495 caelo;
1914 2439 1968 2486 et
1990 2430 2132 2498 veni,

541 2526 766 2584 sequere
786 2531 892 2570 me.
920 2516 1012 2572 His
1041 2517 1128 2573 ille
1152 2518 1364 2585 auditis,
1388 2521 1733 2576 contristatus
1758 2530 1837 2577 est
1864 2537 1878 2588 ;
1906 2523 2027 2594 quia
2055 2522 2136 2578 di-

539 2619 635 2659 vcs
663 2613 781 2660 erat
810 2606 982 2662 valde.
1017 2608 1214 2666 Videns
1242 2623 1418 2667 autem
1449 2611 1596 2666 illum
1627 2612 1784 2668 Iesus
1817 2612 2021 2669 tristem
2053 2614 2134 2669 fa-

537 2705 682 2752 ctum
703 2738 721 2765 ,
759 2698 891 2754 dixit
924 2718 937 2755 :
967 2700 1136 2768 Quam
1165 2701 1381 2760 difficile
1421 2705 1509 2776 qui
1536 2706 1792 2776 pecunias
1817 2705 2049 2773 habent,
2079 2707 2134 2762 in

539 2801 761 2859 regnum
811 2789 906 2845 Dei
949 2792 1253 2850 intrabunt!
1299 2794 1530 2852 Facilius
1569 2806 1653 2852 est
1692 2799 1834 2853 enim
1873 2799 2134 2854 camelum

537 2893 633 2950 per
669 2880 907 2938 foramen
933 2899 1061 2941 acus
1092 2887 1352 2956 transire,
1386 2905 1545 2958 quam
1576 2890 1794 2946 divitem
1827 2892 2026 2950 intrare
2075 2893 2131 2950 in

537 2986 758 3041 regnum
792 2974 907 3028 Dei.
935 2975 1002 3030 Et
1029 2975 1278 3034 dixerunt
1303 2981 1392 3050 qui
1423 2981 1709 3037 audiebant
1742 3002 1754 3036 :
1788 2984 1854 3038 Et
1881 2986 1998 3056 quis
2027 3002 2130 3058 po-

537 3071 643 3119 test
668 3064 848 3120 salvus
870 3065 982 3120 fieri
1002 3067 1026 3121 ?
1050 3069 1123 3122 ait
1149 3070 1255 3124 illis
1284 3088 1296 3122 :
1326 3071 1454 3138 Quae
1483 3074 1827 3142 impossibilia
1849 3085 1973 3133 sunt
1991 3079 2132 3150 apud

537 3155 802 3224 homines,
822 3159 1092 3229 possibilia
1111 3171 1234 3216 sunt
1248 3164 1383 3232 apud
1400 3165 1585 3220 Deum.
1602 3167 1688 3222 Ait
1707 3177 1884 3225 autem
1901 3171 2091 3230 Petrus
2117 3192 2131 3230 :

537 3248 679 3305 Ecce
711 3265 808 3306 nos
837 3251 1134 3310 dimisimus
1158 3256 1334 3311 omnia
1356 3297 1369 3321 ,
1401 3266 1456 3313 et
1499 3261 1668 3316 secuti
1697 3277 1880 3319 sumus
1915 3274 1986 3321 te.
2031 3267 2133 3336 Qui

537 3341 672 3398 dixit
699 3343 777 3398 eis
809 3361 822 3398 :
855 3343 1025 3400 Amen
1047 3345 1168 3402 dico
1190 3347 1360 3414 vobis,
1391 3365 1550 3405 nemo
1569 3361 1650 3407 est
1677 3353 1765 3422 qui
1795 3355 2006 3427 reliquit
2031 3359 2132 3414 do-

540 3448 708 3501 mum,
735 3430 831 3490 aut
861 3445 1109 3506 parentes
1132 3480 1146 3506 ,
1177 3448 1270 3494 aut
1299 3439 1510 3507 fratres,
1541 3454 1632 3498 aut
1660 3461 1907 3516 uxorem,
1948 3460 2039 3504 aut
2066 3453 2130 3506 li-

539 3523 660 3590 lios,
689 3535 907 3597 propter
931 3543 1150 3598 regnum
1179 3529 1308 3596 Dei,
1337 3541 1392 3587 et
1418 3547 1522 3588 non
1546 3535 1766 3605 recipiat
1788 3539 1955 3593 multo
1979 3541 2132 3610 plura

539 3615 592 3671 in
621 3615 724 3674 hoc
747 3627 1006 3688 tempore,
1034 3629 1088 3676 et
1114 3622 1162 3675 in
1193 3623 1388 3678 sarculo
1410 3637 1634 3683 venturo
1660 3629 1821 3684 vitam
1850 3641 2127 3689 aeternam.

610 3705 680 3763 Et
705 3708 828 3763 alibi
855 3707 1018 3785 [xm]
1051 3729 1062 3765 :
1096 3712 1252 3770 Stans
1279 3725 1454 3771 autem
1474 3716 1750 3786 Zachaeus,
1772 3721 1906 3777 dixit
1928 3724 1993 3778 ad
2023 3726 2130 3781 Do-

536 3800 738 3855 minum
774 3819 787 3854 :
818 3800 958 3858 Ecce
985 3803 1262 3860 dimidium
1292 3807 1554 3864 bonorum
1583 3827 1845 3877 meorum,
1882 3815 2123 3884 Domine,

536 3890 605 3945 do
638 3893 978 3962 pauperibus,
1009 3902 1064 3950 et
1088 3895 1133 3950 si
1172 3896 1298 3966 quid
1326 3898 1558 3970 aliquem
1583 3902 1891 3960 defraudavi
1912 3948 1926 3973 ,
1963 3908 2128 3965 reddo

535 3981 907 4052 quadruplum.
940 3984 1030 4039 Ait
1048 3984 1203 4042 Jesus
1228 3987 1296 4044 ad
1321 4003 1442 4044 eum
1471 4008 1484 4045 :
1515 3992 1646 4061 Quia
1679 3994 1837 4053 hodie
1861 3999 2005 4055 salus
2032 4000 2130 4058 do-

537 4070 647 4126 mui
675 4071 796 4128 huic
825 4073 959 4128 facta
990 4083 1093 4144 est,
1124 4092 1190 4132 eo
1218 4079 1360 4150 quod
1384 4091 1439 4136 et
1461 4082 1573 4154 ipse
1600 4084 1737 4142 filius
1766 4097 1849 4143 est
1875 4091 2123 4148 Abrahae.

537 4163 688 4218 Venit
736 4165 877 4221 enim
908 4165 1074 4224 Filius
1108 4167 1342 4226 hominis
1366 4187 1607 4244 quaerere
1632 4185 1686 4231 et
1714 4179 1920 4234 salvum
1947 4180 2124 4239 facere

532 4256 672 4327 quod
702 4259 951 4328 perierat.

607 4348 674 4402 Et
721 4359 831 4420 post
867 4351 1184 4423 aliquantum
1209 4350 1346 4428 [XL]
1378 4373 1390 4410 :
1420 4355 1648 4414 Reddite
1676 4374 1804 4431 ergo
1845 4379 1964 4433 quae
2001 4375 2126 4422 sunt

531 4437 778 4505 Ctesaris,
807 4439 1042 4508 Caesari;
1073 4454 1128 4500 et
1154 4460 1274 4515 qua:
1298 4454 1422 4502 sunt
1444 4447 1558 4516 Dei,
1592 4449 1723 4506 Deo.
1754 4450 1822 4506 Et
1849 4454 1951 4508 alio
1973 4454 2081 4512 loco
2103 4473 2123 4512 :

533 4529 797 4586 Audiente
839 4541 1018 4588 autem
1049 4535 1196 4590 omni
1232 4538 1464 4609 populo,
1496 4539 1632 4596 dixit
1661 4541 1935 4614 discipulis
1964 4549 2072 4604 suis
2105 4568 2120 4606 :

533 4621 803 4677 Attendite
831 4637 862 4677 a
892 4623 1114 4692 Scribis,
1143 4627 1232 4698 qui
1263 4629 1536 4686 ambulare
1565 4633 1750 4688 volunt
1780 4635 1831 4690 in
1872 4639 2040 4706 stolis,
2069 4649 2124 4696 et

531 4722 714 4768 amant
742 4712 1087 4773 salutationes
1129 4718 1182 4773 in
1223 4720 1380 4789 foro,
1427 4733 1481 4778 et
1521 4724 1720 4794 primas
1759 4729 2039 4786 cathedras
2069 4734 2122 4789 in

531 4808 849 4880 synagogis,
882 4817 936 4864 et
959 4810 1160 4880 primos
1184 4811 1477 4869 discubitus
1505 4816 1556 4871 in
1585 4818 1879 4886 conviviis;
1912 4824 2001 4893 qui
2029 4825 2121 4880 de-

531 4910 722 4958 vorant
758 4901 947 4958 domos
971 4903 1249 4960 viduarum
1275 4949 1291 4974 ,
1324 4907 1637 4967 simulantes
1667 4913 1876 4985 longam
1920 4919 2119 4973 oratio-

530 5008 654 5050 nem
685 5012 697 5047 :
730 4994 784 5049 hi
811 4995 1072 5066 accipient
1097 4996 1492 5056 damnationem
1519 5003 1800 5074 majorem.

603 5084 762 5161 []
789 5088 1103 5160 Respiciens
1121 5102 1298 5148 autem
1319 5093 1450 5148 vidit
1470 5110 1562 5151 cos
1588 5099 1675 5168 qui
1701 5101 1979 5158 mittebant
2005 5121 2121 5160 mu-

531 5193 660 5234 nera
703 5193 796 5234 sua
839 5179 891 5235 in
935 5182 1369 5256 gazophylacium
1413 5185 1648 5244 divites:
1679 5191 1811 5247 vidit
1850 5205 2025 5251 autem
2066 5208 2121 5253 et

528 5269 812 5340 quamdam
859 5271 1070 5329 viduam
1117 5277 1492 5346 pauperculam
1532 5281 1831 5339 mittentem
1869 5301 1974 5341 azra
2014 5288 2117 5343 mi-

528 5370 657 5418 nuta
685 5361 825 5430 duo;
859 5373 914 5421 et
940 5365 1108 5433 dixit,
1144 5365 1281 5425 Vere
1307 5368 1430 5426 dico
1454 5373 1602 5428 vobis
1626 5413 1642 5439 ,
1673 5375 1794 5445 quia
1822 5375 1974 5431 vidua
2005 5377 2118 5435 haec

526 5467 728 5524 pauper
759 5453 876 5525 plus
903 5471 1062 5527 quam
1089 5472 1276 5516 omnes
1307 5461 1474 5517 misit.
1503 5462 1634 5518 Nam
1660 5475 1717 5520 et
1752 5481 1939 5522 omnes
1969 5467 2021 5523 hi
2050 5485 2116 5527 ex

525 5541 815 5599 abundanti
843 5543 945 5600 sibi
983 5547 1243 5604 miserunt
1285 5549 1338 5604 in
1368 5566 1587 5608 munera
1624 5554 1718 5610 Dei
1748 5573 1762 5609 :
1794 5555 1909 5612 haec
1936 5567 2115 5616 autem

527 5647 596 5690 ex
620 5649 685 5691 eo
708 5635 852 5707 quod
874 5635 1028 5693 deest
1050 5639 1146 5708 illi,
1174 5655 1388 5698 omnem
1411 5643 1611 5700 victum
1637 5660 1790 5701 suum
1831 5663 1989 5720 quem
2017 5649 2112 5706 ha-

528 5722 642 5778 buit
663 5763 681 5788 ,
705 5725 868 5782 misit.
902 5725 1034 5783 Item
1067 5729 1172 5785 alia
1200 5729 1311 5786 loco
1340 5747 1361 5788 :
1381 5732 1570 5793 Ponite
1602 5751 1735 5809 ergo
1765 5737 1819 5796 in
1859 5739 2111 5802 cordibus

1759 273 2627 339 s.wcusr1msracuwu
3689 308 3755 370 9,,

2246 393 2473 459 vestris,
2501 411 2607 451 non
2639 399 2994 467 prtemeditari
3031 409 3482 477 quemadmodum
3505 427 3759 492 respondea.

2247 485 2336 540 tis.
2365 487 2478 558 Ego
2505 488 2647 545 enim
2692 490 2831 550 dabo
2871 495 3024 553 vobis
3051 515 3114 556 os
3153 512 3210 559 et
3236 507 3546 577 sapientiam
3566 485 3674 578 ,Icui
3693 538 3759 581 non

2247 590 2499 651 poterunt
2542 584 2793 642 resistere
2827 583 2882 643 et
2918 593 3284 653 contradicere
3319 615 3511 659 omnes
3544 606 3760 671 adversarii

2249 672 2434 728 vestri.
2465 673 2767 732 Trademini
2793 687 2972 736 autem
2993 698 3022 738 a
3051 689 3381 759 parentibus,
3411 702 3464 749 et
3490 695 3761 770 fratribus,

2248 773 2489 842 cognatis
2515 816 2531 841 ,
2572 785 2628 832 et
2658 779 2879 848 amicis,
2921 794 2976 838 et
3002 795 3173 844 morte
3198 789 3434 848 allicient
3467 811 3532 851 ex
3569 800 3763 867 vobis;et

2247 866 2397 922 eritis
2427 867 2552 924 odio
2577 873 2826 930 omnibus
2854 887 3072 949 propter
3096 896 3292 940 nomen
3334 901 3514 942 meum
3543 906 3556 941 :
3582 899 3630 946 et
3647 897 3760 965 capil-

2249 956 2332 1013 lus
2357 959 2424 1015 de
2462 964 2636 1033 capite
2676 976 2857 1024 vestro
2897 985 3003 1026 non
3035 974 3245 1043 peribit.
3287 976 3346 1031 ln
3381 980 3615 1047 patientia
3643 956 3762 1043 vestra

2247 1050 2589 1119 possidebitis
2618 1057 2824 1116 animas
2858 1071 3083 1119 vestras.
3121 1063 3185 1118 Et
3213 1077 3326 1136 post
3353 1069 3647 1144 aliquantae:
3668 1092 3683 1130 :
3701 1082 3763 1134 At-

2249 1142 2449 1200 tenditc
2473 1156 2650 1204 autem
2683 1151 2832 1208 vobis
2852 1194 2868 1220 ,
2901 1170 2970 1210 ne
2995 1154 3136 1215 forte
3160 1142 3452 1230 graventur
3473 1167 3621 1224 corda
3645 1181 3763 1229 vestra

2245 1247 2276 1287 a
2303 1238 2518 1306 crapula
2544 1249 2598 1294 et
2615 1240 2895 1312 ebrietate,
2917 1255 2972 1302 et
2993 1250 3136 1305 curis
3161 1249 3320 1321 hujus
3345 1254 3486 1323 vitae,
3506 1267 3558 1313 et
3577 1273 3763 1332 superve-

2244 1327 2355 1381 niat
2379 1327 2432 1382 in
2457 1343 2549 1386 vos
2571 1335 2849 1404 repentina
2869 1335 2984 1394 dies
3005 1339 3116 1395 illa.
3144 1341 3422 1415 Tanquam
3463 1349 3594 1405 enim
3609 1327 3763 1423 laqueis

2245 1423 2585 1491 superveniet
2609 1424 2664 1479 in
2690 1441 2877 1483 omnes
2905 1430 2993 1500 qui
3019 1431 3211 1488 sedent
3244 1449 3412 1506 super
3434 1436 3611 1496 faciem
3643 1446 3763 1501 omnis

2244 1521 2424 1570 terrm.
2461 1517 2683 1589 Vigilate
2702 1519 2882 1591 itaque
2907 1525 3052 1580 omni
3078 1533 3320 1598 tempore
3343 1540 3571 1600 orantes,
3596 1544 3645 1589 ut
3663 1536 3762 1607 digni

2245 1605 2548 1664 habeamiui
2585 1609 2768 1682 fugere
2817 1615 2992 1670 omnia
3039 1616 3138 1673 ista
3162 1660 3177 1687 ,
3210 1633 3334 1691 quae
3364 1622 3535 1679 futura
3569 1605 3763 1692 sunt,et

2243 1707 2387 1755 stare
2417 1710 2544 1758 aute
2574 1703 2764 1760 Filium
2797 1705 3048 1764 hominis.

2315 1791 2448 1849 Item
2470 1806 2582 1864 post
2601 1798 2915 1870 aliquantum
2946 1800 3128 1878 [nun]
3155 1822 3170 1858 :
3201 1805 3367 1863 Facta
3397 1817 3478 1865 est
3503 1819 3655 1868 autem
3674 1827 3762 1869 oon-

2244 1888 2410 1942 tcntio
2450 1887 2592 1944 inter
2629 1905 2756 1959 eos,
2790 1894 2908 1963 quis
2937 1912 3126 1952 eorum
3165 1899 3445 1958 videretur
3485 1918 3594 1960 esse
3627 1906 3758 1975 major.

2241 1979 2385 2036 Dixit
2413 1991 2589 2038 autem
2619 1985 2700 2041 eis
2735 2004 2747 2041 :
2778 1987 2951 2059 Reges
2975 1992 3213 2061 gentium
3241 1993 3580 2052 dominantur
3601 2012 3759 2060 eorum.

2241 2257 2377 2312 sicut
2392 2259 2575 2329 junior
2683 2273 2737 2320 et
2753 2267 2840 2336 qui
2869 2283 3165 2338 praecessor
3189 2281 3294 2342 est,
3325 2274 3464 2331 sicut
3487 2275 3758 2331 ministrator.

2240 2348 2372 2406 Nam
2401 2353 2522 2423 quis
2550 2355 2720 2426 major
2743 2367 2846 2428 est,
2877 2361 2966 2432 qui
2995 2364 3280 2432 recumbit,
3314 2382 3382 2423 an
3411 2368 3496 2439 qui
3525 2367 3761 2423 ministrat?

2241 2457 2420 2500 nonne
2463 2447 2556 2516 qui
2597 2452 2901 2507 recumbit?
2933 2454 3044 2524 Ego
3069 2465 3250 2513 autem
3293 2459 3348 2515 in
3395 2460 3559 2517 medio
3589 2470 3758 2517 vestrum

2240 2548 2358 2590 sum
2385 2537 2523 2592 sicut
2542 2540 2633 2609 qui
2659 2541 2942 2599 ministrat.
2975 2543 3044 2600 Et
3067 2547 3173 2602 alio
3197 2548 3253 2602 in
3277 2549 3394 2606 loco
3422 2567 3442 2606 :
3468 2549 3613 2608 Orate
3631 2565 3685 2606 ne
3704 2550 3759 2606 in-

2243 2629 2392 2683 tretis
2419 2628 2471 2683 in
2504 2633 2872 2691 tentationem.

2389 2721 2478 2776 DE
2519 2724 2911 2784 EVANGELIO
2946 2729 3322 2790 SECUNDUM
3353 2735 3654 2793 JOANNEM.

2311 2809 2465 2886 [Cap.
2497 2813 2576 2889 v.]
2607 2818 2884 2884 Quomodo
2925 2825 3146 2893 potestis
3185 2841 3280 2882 vos
3309 2828 3558 2896 credere,
3593 2829 3664 2901 qui
3680 2827 3758 2899 glo-

2239 2904 2374 2959 riam
2398 2906 2466 2960 ab
2491 2907 2715 2964 invicem
2743 2912 3001 2984 accipitis,
3031 2925 3087 2972 et
3122 2916 3351 2989 gloriam
3377 2937 3492 2992 quae
3516 2936 3546 2977 a
3569 2921 3666 2977 solo
3685 2921 3759 2975 Deo

2239 3006 2323 3053 est
2345 3014 2450 3054 non
2478 3002 2761 3069 quaeritis?

2309 3088 2379 3143 Et
2405 3100 2517 3162 post
2543 3092 2857 3162 aliquantum
2884 3095 3044 3174 [vut.]
3075 3117 3089 3156 :
3124 3101 3268 3158 Dixit
3293 3115 3471 3162 autem
3494 3105 3628 3162 Iesus
3645 3145 3658 3169 ,
3678 3103 3752 3160 Nec

2239 3196 2338 3252 ego
2365 3191 2417 3237 te
2441 3185 2828 3245 condemnabo.
2865 3190 3012 3249 Vade
3036 3235 3052 3261 ,
3083 3203 3139 3251 et
3163 3199 3397 3269 amplius
3421 3199 3525 3270 jam
3547 3199 3638 3254 noli
3669 3211 3754 3268 poc-

2237 3290 2383 3331 care.
2428 3276 2496 3331 Et
2522 3281 2676 3350 paulo
2715 3292 2826 3353 post
2864 3303 2878 3340 :
2911 3284 2965 3341 Si
3013 3303 3110 3350 vos
3158 3294 3460 3348 manseritis
3494 3293 3543 3348 in
3573 3305 3755 3348 sermone

2237 3382 2379 3436 meo,
2416 3384 2543 3426 vere
2570 3370 2815 3444 discipuli
2842 3375 2947 3430 mei
2977 3378 3157 3444 eritis,
3190 3390 3247 3436 et
3277 3383 3595 3454 cognoscetis
3617 3384 3755 3438 verita-

2239 3470 2378 3529 tem,
2432 3472 2486 3518 et
2543 3467 2741 3521 veritas
2793 3468 3038 3526 liberabit
3083 3487 3197 3529 vos.
3248 3474 3323 3530 Et
3368 3487 3477 3548 post
3514 3475 3754 3548 paululum:

2235 3555 2410 3613 Amen
2430 3599 2445 3624 ,
2472 3573 2628 3614 amen
2652 3559 2773 3615 dico
2801 3562 2952 3618 vobis
2975 3605 2989 3632 ,
3020 3565 3145 3636 quia
3174 3570 3355 3624 omnis
3381 3570 3466 3641 qui
3491 3569 3600 3625 facit
3620 3582 3753 3638 poca-

2237 3655 2371 3716 tum,
2398 3664 2585 3705 servus
2608 3661 2690 3707 est
2716 3656 2937 3722 peccati.
2969 3655 3038 3710 Et
3060 3658 3182 3712 alibi
3216 3676 3235 3715 :
3271 3663 3440 3718 Amen
3461 3704 3474 3727 ,
3512 3677 3646 3718 amen
3667 3659 3750 3714 dico

2234 3741 2410 3808 vobis,
2439 3745 2485 3797 si
2513 3744 2633 3814 quis
2664 3760 2968 3803 sermonem
2997 3765 3176 3806 meum
3205 3758 3509 3824 servaverit,
3535 3771 3624 3811 non
3647 3751 3751 3807 vide.

2235 3831 2312 3886 bit
2333 3842 2556 3889 mortem
2581 3836 2634 3890 in
2663 3846 2946 3894 aeternum.

2303 3923 2373 3978 Et
2401 3937 2514 3997 post
2537 3928 2854 4000 aliquantum
2881 3931 3026 4008 [xm]
3060 3952 3072 3989 :
3105 3935 3206 4005 Qui
3229 3947 3376 3994 amat
3399 3939 3607 3995 animam
3625 3949 3746 3998 suam,

2233 4016 2422 4088 perdet
2449 4032 2566 4074 eam
2591 4035 2606 4085 ;
2636 4030 2690 4076 et
2717 4021 2812 4093 qui
2840 4023 2952 4080 odit
2971 4026 3203 4082 animam
3228 4043 3378 4086 suam
3403 4034 3450 4086 iu
3476 4030 3566 4086 hoc
3587 4026 3748 4086 munda.

2232 4108 2288 4165 in
2318 4111 2478 4166 vitam
2519 4120 2774 4168 aeternam
2800 4116 3035 4171 custodit
3081 4133 3221 4174 eam.
3253 4119 3312 4176 Si
3350 4121 3464 4193 quis
3496 4120 3620 4176 mihi
3641 4115 3748 4174 mini-

2230 4211 2396 4271 strat,
2426 4219 2512 4261 me
2537 4217 2792 4277 sequatur
2816 4225 2831 4275 ;
2860 4217 2914 4265 et
2939 4210 3030 4267 ubi
3059 4226 3179 4268 sum
3215 4229 3336 4286 ego,
3365 4215 3466 4272 illic
3499 4224 3547 4270 et
3568 4211 3749 4270 minister

2229 4311 2383 4353 meus
2425 4297 2549 4354 erit.
2595 4299 2651 4355 Si
2681 4301 2798 4371 quis
2823 4302 2953 4358 mihi
3000 4304 3416 4374 ministraverit,
3452 4298 3747 4362 honorificaltit

2228 4403 2351 4444 eum
2393 4389 2550 4445 Pater
2573 4405 2743 4446 meus.
2775 4391 2846 4446 Et
2867 4395 2969 4449 alio
2997 4395 3108 4450 loco
3136 4412 3157 4451 :
3192 4397 3495 4454 Dilexerunt
3517 4395 3638 4452 enim
3664 4389 3745 4461 sior

2229 4479 2362 4534 riam
2392 4445 2679 4536 hominum,
2691 4485 2860 4556 magis
3819 4445 3821 4540 l

2300 4573 2369 4627 Et
2400 4574 2520 4628 alibi
2545 4572 2714 4650 [xnn]
2749 4594 2761 4630 :
2799 4577 2906 4634 Vos
2931 4581 3133 4635 vocatis
3161 4598 3249 4638 me
3271 4625 3288 4650 ,
3319 4581 3581 4654 Magister,
3603 4584 3648 4633 et
3670 4574 3742 4628 DO-

2229 4665 2403 4733 mine;
2433 4675 2486 4722 et
2514 4667 2652 4723 bene
2675 4669 2853 4725 dicitis
2872 4713 2887 4737 ,
2931 4686 3049 4726 sum
3085 4674 3284 4729 etenim
3320 4693 3334 4730 :
3363 4675 3406 4730 si
3435 4686 3551 4744 ergo
3569 4681 3651 4740 ego
3671 4660 3742 4718 illi

2229 4760 2394 4830 pedes
2412 4770 2621 4816 vestros
2648 4753 2906 4819 Dominus
2931 4774 2984 4819 et
3008 4766 3283 4838 magister,
3315 4777 3368 4824 et
3395 4782 3482 4822 vos
3503 4760 3675 4820 debetis
3690 4756 3744 4810 al-

3815 4007 3822 4390 l

2230 4861 2310 4905 ter
2335 4851 2554 4907 alterius
2579 4852 2758 4907 lavare
2779 4854 2962 4924 pedes.
2994 4855 3310 4928 Exemplum
3330 4858 3466 4915 enim
3485 4854 3590 4912 dedi
3615 4847 3739 4908 vobis.

2228 4951 2285 4996 ut
2309 4941 2758 5013 quemadmodum
2788 4961 2887 5016 ego
2915 4946 3014 5003 feci
3053 4949 3204 5006 vobis
3229 4990 3245 5018 ,
3279 4951 3346 5006 ita
3375 4957 3429 5006 et
3449 4963 3535 5003 vos
3567 4938 3737 4999 faciatis.

2229 5031 2295 5086 Et
2321 5033 2474 5102 paulo
2506 5043 2616 5101 post
2648 5051 2660 5087 :
2693 5035 2994 5093 Mandatum
3024 5054 3218 5096 novum
3245 5041 3312 5097 do
3336 5040 3499 5132 vobis,
3524 5043 3574 5132 ut
3819 5041 3821 5132 4

2228 5122 2294 5179 tis
2323 5123 2569 5191 invicem,
2589 5125 2726 5181 sicut
2741 5127 2899 5184 dilexi
2915 5144 3030 5197 vos,
3051 5138 3108 5186 ut
3127 5141 3181 5187 et
3198 5148 3293 5189 vos
3317 5130 3529 5202 diligatis
3548 5123 3734 5214 invicem.

2225 5212 2281 5268 ln
2312 5213 2414 5269 hoc
2443 5227 2764 5287 cognoscent
2804 5235 2993 5276 omnes
3022 5223 3143 5294 quia
3172 5225 3279 5280 mei
3306 5220 3533 5293 discipuli
3557 5213 3684 5277 estis,
3703 5212 3733 5261 5

2225 5305 2560 5362 dilectionem
2587 5308 2884 5368 habueritis
2903 5313 2970 5368 ad
2995 5313 3249 5372 invicem.

2295 5399 2363 5453 Et
2389 5401 2544 5470 paulo
2574 5411 2685 5473 post
2710 5400 2865 5480 [x1v.]
2898 5423 2910 5462 :
2937 5405 2993 5462 Si
3019 5407 3238 5481 diligitis
3266 5426 3350 5466 me
3375 5449 3389 5476 ,
3416 5401 3627 5464 mandata
3648 5403 3730 5449 mea

2223 5502 2450 5549 servate.
2489 5493 2557 5548 Et
2593 5505 2702 5566 post
2732 5499 2996 5568 paululum
3027 5516 3047 5555 :
3073 5500 3174 5570 Qui
3218 5502 3372 5559 habet
3408 5493 3725 5555 mandatama

2466 5632 2796 5708 cumyulgata
2869 5635 2994 5690 sicut
3211 5645 3409 5714 ..
3435 5631 3549 5686 sicut
3819 5635 3821 5722 l

2285 5704 2390 5736 una
2413 5701 2559 5736 etiam
2584 5708 2632 5736 m
2652 5702 2863 5736 anlmma
2891 5701 3025 5736 rmh,
3053 5702 3213 5736 nihl:
3228 5715 3241 5727 -
3415 5702 3617 5736 mm.

2219 5691 2560 5806 fatigatum
2583 5695 2634 5748 in
2652 5691 2863 5766 antiquis
2891 5701 3030 5754 ).
3053 5702 3241 5766 Bibliis;
