3878 6336
109 288 238 345 995

111 414 175 460 et
212 410 427 459 servat
449 414 534 467 ea,
565 395 656 455 ille
680 403 764 454 est
791 394 883 467 qui
910 392 1081 466 diligit
1104 408 1191 450 me
1220 411 1233 448 :
1267 392 1356 465 qui
1383 401 1560 449 autem
1585 392 1756 464 diligit

111 510 218 551 me
245 537 263 560 ,
300 494 568 566 diligetur
598 508 626 546 a
672 491 829 546 Patre
855 503 1005 553 meo;
1037 495 1093 542 et
1132 501 1232 557 ego
1260 485 1475 557 diligam
1511 501 1632 541 eum
1659 526 1673 550 ,
1701 494 1756 541 et

116 584 519 644 manifeslabo
538 584 586 639 ei
610 584 891 653 meipsum.
917 578 988 633 Et
1014 588 1123 651 post
1150 587 1249 632 tres
1268 594 1438 632 versus
1464 579 1481 609 ί
1512 593 1526 630 :
1559 576 1613 633 Si
1636 577 1755 647 quis

113 678 319 749 diligit
357 694 470 742 me,
499 690 802 732 sermonem
834 687 1012 729 meum
1038 669 1310 735 servabit;
1336 679 1390 726 et
1416 670 1574 725 Pater
1602 682 1757 724 meus

116 771 339 841 diliget
361 784 512 837 eum,
541 778 595 823 et
617 767 682 821 ad
710 781 831 821 eum
860 765 1153 829 veniemus,
1181 772 1236 818 et
1259 763 1589 817 mansionem
1615 760 1755 831 apud

117 878 263 918 eum
290 861 583 916 faciemus.
605 856 707 926 Qui
729 872 836 914 non
861 856 1031 928 diligit
1051 870 1161 923 me,
1182 868 1456 910 sermones
1476 868 1625 909 meos
1646 866 1753 908 non

120 962 356 1010 servat.

203 1044 283 1099 Et
302 1044 475 1116 paulo
498 1050 612 1116 post
633 1038 779 1115 [xv.]
804 1058 818 1094 :
842 1040 1049 1096 Manete
1074 1040 1126 1095 in
1155 1054 1272 1105 me,
1300 1047 1355 1095 et
1376 1051 1475 1109 ego
1499 1036 1552 1092 in
1580 1036 1752 1092 vobis.

123 1138 297 1195 Sicut
331 1136 549 1208 palmes
578 1150 684 1190 non
712 1142 886 1203 potem
909 1132 1087 1189 facere
1112 1130 1345 1186 fructum
1374 1145 1403 1183 a
1433 1130 1718 1199 semetipso
1736 1168 1751 1196 ,

122 1230 240 1289 nisi
273 1229 552 1285 manserit
579 1228 631 1283 in
657 1227 801 1293 vite;
828 1226 906 1281 sic
936 1240 1035 1281 nec
1060 1239 1178 1292 vos,
1207 1224 1311 1278 nisi
1350 1223 1404 1277 in
1435 1237 1521 1277 me
1545 1236 1757 1277 manse-

125 1324 280 1381 ritis.
314 1320 443 1393 Ego
467 1336 585 1376 sum
608 1320 751 1385 vitis,
777 1332 873 1373 vos
901 1316 1145 1387 palmites
1173 1333 1188 1369 :
1221 1315 1310 1386 qui
1339 1322 1518 1368 manet
1547 1312 1603 1367 in
1631 1326 1717 1367 me
1736 1352 1753 1379 ,

124 1425 185 1472 et
214 1430 331 1486 ego
365 1414 424 1469 in
455 1428 550 1477 eo,
585 1412 672 1467 hic
709 1411 809 1466 fert
838 1411 1063 1466 fructum
1092 1409 1337 1464 multum.
1369 1406 1499 1475 Quia
1530 1406 1644 1460 sine
1668 1419 1757 1459 me

124 1511 277 1568 nihil
308 1509 547 1581 potestis
569 1508 764 1563 facere.
787 1505 844 1562 Si
873 1506 992 1576 quis
1018 1505 1070 1559 in
1096 1519 1181 1558 me
1202 1517 1306 1556 non
1335 1498 1607 1566 manserit,
1634 1498 1759 1552 mit-

126 1614 287 1659 tetur
317 1601 494 1665 foras,
519 1599 655 1655 sicut
681 1598 904 1669 palmes,
930 1604 985 1651 et
1002 1602 1209 1650 arescet
1231 1609 1246 1659 ;
1270 1600 1324 1647 et
1342 1590 1590 1660 colligent
1609 1603 1753 1655 eum,

129 1704 187 1751 et
211 1695 271 1749 in
307 1694 501 1765 ignem
530 1691 783 1755 mittent,
813 1697 868 1744 et
905 1686 1076 1742 ardet.
1110 1685 1167 1740 Si
1210 1681 1511 1739 manseritis
1549 1680 1601 1735 in
1630 1694 1754 1747 me,

128 1797 187 1843 et
220 1786 406 1843 verba
436 1800 554 1840 mea
582 1784 633 1839 in
656 1783 806 1839 vobis
832 1780 1159 1844 manserint;
1183 1777 1554 1848 quodcumque
1578 1773 1761 1828 volue-

129 1880 261 1935 ritis
286 1877 523 1950 petetis,
551 1884 606 1930 et
625 1874 712 1930 ﬁet
742 1873 912 1928 vobis.
939 1872 995 1925 ln
1022 1870 1123 1924 hoc
1142 1867 1462 1923 clariﬁcatus
1490 1872 1572 1920 est
1601 1865 1760 1919 Pater

131 1984 299 2026 meus
327 2011 346 2033 ,
384 1978 450 2023 ut
476 1966 705 2022 fructum
736 1963 1022 2034 plurimum
1069 1958 1307 2015 offeratis
1329 2000 1345 2027 ,
1374 1969 1428 2013 et
1457 1954 1759 2013 elﬁciamini

133 2060 252 2117 mei
279 2058 566 2128 discipuli.
606 2056 754 2112 Sicut
787 2054 974 2109 dilexit
1007 2066 1093 2107 me
1132 2051 1290 2106 Pater
1312 2091 1328 2117 ,
1369 2056 1424 2104 et
1458 2062 1559 2118 ego
1597 2045 1762 2101 dilexi

135 2167 240 2209 vos
274 2170 289 2206 :
326 2159 553 2207 manete
580 2149 630 2203 in
658 2146 942 2201 dilectione
964 2159 1101 2198 mea.
1130 2141 1187 2198 Si
1214 2148 1474 2213 praecepta
1502 2154 1618 2195 mea
1644 2153 1760 2193 ser-

136 2244 458 2308 vaveritis,
492 2239 773 2295 mancbitis
814 2240 867 2291 in
898 2236 1186 2292 dilectione
1214 2248 1331 2288 mea
1367 2250 1381 2285 :
1412 2233 1548 2287 sicut
1584 2238 1639 2287 et
1661 2244 1761 2301 ego

138 2336 329 2392 Patris
362 2334 477 2390 mei
508 2339 773 2403 prart'epta
813 2328 1017 2385 servavi
1043 2368 1059 2394 ,
1087 2336 1143 2382 et
1182 2340 1376 2381 maneo
1403 2324 1453 2378 in
1484 2322 1600 2393 ejus
1625 2322 1761 2377 dile-

137 2429 358 2485 ctione.
392 2426 524 2482 "me
552 2425 760 2479 loeutus
786 2437 903 2477 sum
933 2420 1105 2483 vobis,
1138 2428 1193 2471 ut
1218 2417 1469 2488 gaudium
1501 2430 1677 2470 meum
1709 2414 1761 2468 in

140 2521 307 2577 vobis
332 2518 436 2584 sit,
462 2526 517 2571 et
537 2513 786 2588 gaudium
807 2521 1044 2567 vestrum
1065 2510 1364 2580 impleatur.
1394 2508 1506 2563 lloc
1523 2516 1604 2562 est
1628 2521 1764 2575 pra:-

140 2621 373 2684 ceptum
406 2624 620 2670 meum,
658 2617 716 2661 ut
738 2604 969 2673 diligatis
998 2602 1258 2667 invicem,
1289 2600 1428 2655 sicut
1458 2598 1618 2654 dilexi
1644 2612 1760 2653 vos.

144 2703 426 2774 Majorcm
450 2700 553 2755 liae
572 2698 914 2754 dilectionem
944 2708 1104 2750 nemo
1129 2691 1323 2759 liabet,
1353 2706 1512 2760 quam
1557 2700 1614 2744 ut
1642 2689 1764 2744 ani-

150 2808 304 2848 mam
330 2806 493 2847 suam
520 2788 641 2859 quis
672 2794 834 2857 ponat
857 2800 953 2856 pro
982 2783 1168 2838 amicis
1196 2782 1327 2837 suis.
1350 2779 1417 2835 Et
1438 2780 1592 2852 paulo
1614 2788 1764 2851 post:

150 2884 285 2940 Hac
315 2882 523 2938 mando
551 2878 718 2942 vobis,
750 2886 808 2931 ut
835 2875 1066 2946 diligatis
1093 2873 1341 2929 invicem.

225 2973 367 3029 lltec
396 2973 463 3026 de
485 2980 699 3043 quatuor
718 2966 1010 3038 Euangeliis
1031 2967 1084 3020 in
1110 2966 1204 3020 hoc
1225 2979 1377 3037 opere
1402 2961 1634 3033 ponenda
1658 2963 1768 3015 exi-

150 3067 366 3123 stimavi
394 3083 408 3119 :
434 3065 518 3118 ubi
538 3062 753 3133 intelligi
770 3070 951 3132 potest,
974 3070 1073 3113 tres
1090 3053 1767 3128 evangelistas,'Mattlueum

150 3158 358 3213 scilicet
387 3165 433 3209 et
464 3152 699 3208 Marcum
729 3162 777 3207 et
804 3150 1021 3216 Lucam,
1051 3148 1164 3202 ideo
1204 3147 1345 3201 trabis
1384 3144 1533 3215 plura
1571 3145 1769 3199 dedisse

153 3258 429 3323 praecepta
456 3246 687 3311 vivendi;
714 3245 832 3315 quia
850 3258 960 3296 eam
988 3242 1206 3295 maxime
1228 3240 1383 3293 secuti
1407 3248 1524 3292 sunt
1548 3249 1764 3309 portent,

150 3359 275 3415 quce
306 3342 478 3397 activa
506 3341 711 3394 dicitur.
759 3337 893 3402 Quia
931 3350 1047 3388 vero
1083 3332 1309 3387 Joannes
1335 3330 1770 3398 contemplativam

153 3436 333 3505 magis
364 3430 557 3494 tenuit,
598 3430 712 3484 ideo
767 3443 885 3481 cum
917 3426 1029 3496 ejus
1055 3422 1367 3494 evangelium
1404 3421 1769 3491 superemineat

154 3525 368 3583 ueteris
390 3565 405 3590 ,
436 3521 597 3576 multo
625 3519 868 3592 pauciora
906 3528 1074 3571 tamen
1112 3516 1165 3569 in
1199 3531 1259 3570 eo
1288 3529 1486 3568 morum
1517 3524 1771 3585 prtccepta

156 3616 535 3691 comperimus.
570 3613 706 3668 Hinc
724 3614 839 3686 jam
876 3610 940 3666 de
964 3610 1055 3665 illo
1081 3608 1210 3664 libro
1250 3608 1331 3662 cui
1374 3607 1574 3661 titulum
1612 3606 1771 3660 dede-

157 3720 310 3776 runt,
344 3709 500 3762 Actus
530 3705 906 3778 Apostolorum,
929 3700 1430 3757 commemorabimas
1449 3716 1562 3771 qua:
1582 3700 1773 3753 inveni-

161 3820 281 3857 mus
334 3801 543 3855 omnino
584 3798 911 3870 paucissima.
951 3794 1030 3851 Eo
1073 3795 1263 3866 quippe
1307 3810 1473 3847 rerum
1512 3801 1771 3864 gestarum

161 3895 461 3949 continetur
497 3892 726 3959 historia,
776 3889 954 3961 quibus
996 3888 1281 3958 auliﬁcatnr
1316 3885 1463 3955 fides,
1511 3888 1771 3957 magisque

161 3986 234 4040 ibi
262 3984 505 4055 exeMpla
532 3999 683 4053 quam
712 3991 963 4053 prwccpta
990 3980 1276 4052 conscripta
1304 3987 1440 4033 sunt.

372 4116 462 4171 DE
498 4114 702 4171 LIBRO
741 4113 1024 4171 ACTUUM
1064 4113 1589 4171 APOSTOLORUM.

241 4253 402 4326 [Cap.
424 4249 542 4325 xv.]
566 4249 789 4306 Iacobus
815 4266 934 4320 ergo
958 4249 1170 4320 loquens
1195 4266 1215 4304 :
1241 4249 1464 4319 Propter
1486 4249 1660 4321 quod,
1684 4250 1770 4304 in-

163 4349 315 4418 quit,
362 4361 465 4417 ego
488 4346 670 4416 judico
699 4359 804 4399 non
846 4343 1127 4414 inquietari
1167 4358 1262 4399 eos
1300 4344 1388 4413 qui
1419 4359 1482 4398 cx
1511 4342 1771 4401 Gentibus

165 4446 562 4496 convertuntur
599 4436 665 4492 ad
706 4436 1025 4502 Dominum;
1055 4436 1149 4491 sed
1197 4437 1431 4493 scribere
1473 4438 1540 4492 ad
1580 4453 1674 4494 eos
1712 4447 1772 4494 ut

165 4531 481 4586 abstineant
508 4542 566 4582 sc
593 4543 624 4582 a
657 4526 1195 4582 contaminationibus
1234 4527 1675 4595 simulacrorum,
1715 4535 1772 4584 et

167 4620 552 4689 fornicatione,
581 4629 636 4676 et
659 4620 950 4685 Sull'ocatis,
975 4629 1028 4674 et
1051 4619 1328 4689 sanguine.
1352 4617 1419 4674 Et
1444 4619 1598 4692 paulo
1620 4630 1768 4691 post:

167 4714 361 4771 Visum
397 4723 481 4771 est
513 4714 656 4769 enim
685 4711 903 4782 Spiritui
934 4719 1119 4766 saneto
1148 4719 1202 4765 et
1234 4710 1420 4776 nobis,
1462 4711 1593 4765 nihil
1632 4712 1769 4768 ultra

171 4806 454 4877 imponere
480 4802 631 4860 vobis
658 4802 858 4867 oneris,
876 4816 1033 4872 quam
1064 4800 1177 4856 haec
1205 4802 1534 4867 necessaria;
1567 4810 1619 4856 ut
1648 4803 1771 4858 abs-

174 4900 389 4955 tineatis
412 4913 510 4954 vos
534 4898 602 4954 ab
646 4897 930 4952 immolatis
962 4894 1389 4962 simulacrorum,
1420 4903 1473 4950 et
1492 4897 1765 4966 sanguine,

173 5000 227 5045 et
264 4991 561 5056 sullocato,
608 4998 664 5045 et
705 4987 1093 5055 fornicatione,
1124 5001 1155 5041 a
1186 4986 1378 5057 quibus
1410 4985 1769 5043 custodientes

174 5096 289 5147 vos,
321 5082 457 5137 bene
485 5081 674 5152 agetis.
711 5078 914 5134 Valete.

247 5172 315 5227 Et
342 5184 455 5244 post
484 5174 663 5237 multa,
691 5187 807 5225 cum
834 5168 1036 5225 Paulus
1061 5170 1320 5242 apostolus
1348 5171 1630 5243 prmpositis
1663 5170 1766 5225 Ec-

179 5264 342 5319 clesiae
361 5306 376 5331 ,
406 5282 528 5337 quos
553 5272 944 5336 congregaverat
975 5264 1018 5330 ³,
1051 5262 1337 5335 loqueretur
1364 5260 1503 5336 [xx.]
1535 5282 1546 5317 :
1582 5265 1769 5318 Atten-

183 5354 324 5422 dite,
354 5357 547 5429 inquit,
580 5357 767 5422 vobis,
814 5366 868 5412 et
912 5354 1163 5411 universo
1208 5355 1389 5427 gregi,
1436 5357 1489 5411 in
1528 5372 1633 5426 quo
1673 5372 1770 5412 vos

184 5444 412 5517 Spiritus
447 5462 665 5507 sanctus
701 5451 880 5523 posuit
906 5450 1222 5522 episcopos,
1250 5465 1438 5521 regere
1477 5451 1768 5506 Eeclesiam

187 5536 303 5609 Dei,
327 5558 485 5613 quam
510 5543 785 5615 acquisivit
812 5544 1068 5615 sanguine
1090 5557 1209 5599 suo.
1241 5540 1309 5598 Et
1333 5541 1488 5614 paulo
1507 5551 1620 5614 post
1637 5542 1769 5597 idem

246 5679 946 5744 {Regiuseodexzstpostnn
968 5694 1148 5733 vernis.

249 5740 273 5775 ³
292 5740 469 5808 Regius
487 5752 592 5806 Its.,
621 5755 738 5807 quos
755 5740 1130 5796 consecrauerat.

1374 274 1461 334 DE
1499 274 1879 335 SCBlPTURA
1918 272 2163 335 SACRA.

3346 282 3455 341 994

1860 393 1928 449 ad
1956 394 2155 448 eosdem
2178 410 2199 447 :
2224 392 2546 464 Argentum,
2580 403 2673 450 aut
2694 408 2881 452 aurum
2902 397 2941 463 ί,
2976 404 3068 451 aut
3098 372 3297 454 vestem
3328 399 3448 453 nul-

1862 484 1964 541 lius
1991 484 2270 554 concupivi
2288 525 2305 551 ,
2337 483 2438 554 ipsi
2465 484 2651 551 scitis;
2692 487 2942 557 quoniam
2984 486 3051 542 ad
3079 504 3142 543 ea
3170 504 3288 559 qua:
3316 489 3453 545 mihi

1860 590 1993 647 opus
2019 584 2205 644 erant,
2245 584 2300 630 et
2339 575 2405 630 iis
2445 577 2533 647 qui
2574 592 2785 634 mecum
2825 588 2984 648 sunt,
3014 579 3451 637 ministraverunt

1860 684 2049 724 manus
2076 670 2210 725 istm.
2239 666 2429 725 Omnia
2456 669 2666 726 ostendi
2695 671 2875 740 vobis,
2903 672 3153 743 quoniam
3194 675 3273 730 sic
3306 674 3452 729 labo-

1860 771 2040 819 rantes
2064 771 2272 834 oportet
2298 763 2569 833 suscipere
2592 763 2854 833 infirmos,
2883 779 2947 820 ac
2971 764 3279 821 meminisse
3300 766 3452 822 verbi

1861 852 2069 909 Domini
2098 854 2259 922 Jesu,
2300 856 2551 927 quoniam
2579 856 2694 927 ipse
2720 856 2886 925 dixit,
2918 857 3131 913 Beatius
3170 867 3253 914 est
3282 860 3453 929 magis

1861 945 1989 1001 dare
2012 962 2171 1017 quam
2199 948 2465 1018 accipere.

1932 1034 2004 1091 Et
2022 1036 2125 1091 alio
2148 1037 2278 1105 loco,
2305 1054 2419 1092 cum
2441 1038 2665 1094 Iacobus
2687 1050 2736 1094 et
2758 1040 2845 1111 qui
2869 1057 2985 1094 cum
3008 1057 3067 1096 eo
3088 1049 3253 1107 erant,
3284 1041 3452 1097 Paulo

1861 1129 2090 1199 apostolo
2116 1128 2457 1200 loquerentur,
2481 1131 2718 1185 dixerunt
2741 1131 2787 1186 ei
2811 1129 2980 1204 [xxn]
3009 1149 3021 1183 :
3051 1131 3232 1197 Vides,
3261 1131 3447 1199 frater,

1860 1233 1991 1293 quot
2018 1220 2183 1276 millia
2204 1230 2328 1277 sunt
2353 1222 2405 1277 in
2428 1221 2648 1289 Iudaeis,
2676 1223 2765 1293 qui
2791 1222 3161 1290 crediderunt;
3190 1235 3243 1280 et
3263 1240 3449 1281 omnes

1861 1313 2201 1369 aemulatores
2229 1322 2353 1369 sunt
2371 1313 2550 1384 Legis.
2581 1313 2877 1370 Audierant
2913 1323 3087 1370 autem
3116 1315 3183 1370 de
3212 1324 3295 1382 te,
3328 1317 3449 1387 quia

1862 1406 2243 1463 discessionem
2274 1406 2468 1463 doceas
2495 1421 2526 1460 a
2553 1406 2733 1477 Moyse
2761 1421 2945 1462 eorum
2964 1448 2978 1472 ,
3009 1407 3100 1477 qui
3130 1421 3225 1477 per
3254 1406 3452 1463 Gentes

1863 1509 2007 1567 sunt,
2035 1499 2358 1565 Judzeorum,
2390 1498 2576 1555 dicens
2601 1514 2708 1554 non
2735 1497 2932 1554 debere
2956 1512 3050 1554 eos
3071 1500 3453 1556 circumcidere

1862 1590 2001 1646 ﬁlios
2025 1606 2183 1656 suos,
2218 1605 2391 1662 neque
2419 1590 2711 1647 secundum
2746 1590 3185 1646 consuetudinem
3226 1591 3453 1661 ingredi.

1862 1681 1999 1750 Quid
2026 1697 2154 1754 ergo
2190 1682 2312 1739 est?
2354 1681 2548 1753 Utique
2591 1690 2803 1753 oportet
2837 1682 3122 1737 convenire
3164 1682 3457 1737 multitudi-

1864 1786 2022 1838 nem;
2068 1770 2287 1826 audient
2332 1774 2473 1826 enim
2521 1780 2574 1827 te
2616 1772 3029 1842 supervenisse:
3063 1770 3164 1826 hoc
3204 1787 3331 1843 ergo
3372 1772 3456 1829 fac

1863 1862 2004 1934 quod
2032 1863 2125 1918 tibi
2151 1862 2395 1918 dicimus.
2425 1863 2562 1918 Sunt
2586 1864 2739 1920 nobis
2776 1865 2874 1919 viri
2905 1873 3131 1934 quatuor
3154 1874 3332 1919 votum
3363 1865 3458 1920 ba-

1866 1955 2053 2011 bentes
2072 1970 2232 2026 super
2251 1971 2344 2022 se;
2374 1955 2457 2010 bis
2477 1954 2789 2026 assumptis,
2813 1956 3082 2011 sanetilica
3106 1964 3158 2012 te
3183 1971 3303 2011 cum
3327 1956 3451 2024 illis,

1865 2058 1919 2103 et
1945 2048 2193 2118 impende
2220 2048 2272 2103 in
2301 2047 2405 2104 illis
2434 2059 2493 2104 ut
2520 2048 2710 2103 radant
2734 2048 2908 2118 capita
2940 2066 2953 2103 :
2984 2059 3037 2105 et
3067 2049 3237 2105 scient
3268 2062 3457 2104 omnes

1865 2143 1989 2209 quia
2019 2156 2136 2210 qua:
2163 2139 2230 2194 de
2254 2149 2305 2195 te
2327 2139 2638 2208 audierunt,
2663 2139 2798 2195 falsa
2825 2148 2953 2197 sunt
2970 2182 2984 2207 ,
3016 2140 3112 2197 sed
3137 2141 3377 2196 ambulas
3402 2149 3459 2196 et

1866 2232 1979 2301 ipse
2008 2231 2313 2288 custodiens
2341 2232 2559 2303 Legem.
2595 2232 2671 2289 De
2696 2233 2762 2289 iis
2788 2242 2965 2288 autem
2993 2233 3084 2304 qui
3118 2233 3459 2289 crediderunt

1866 2339 1931 2379 ex
1958 2323 2239 2390 Gentibus,
2272 2341 2370 2380 nos
2396 2326 2727 2397 scripsimus,
2757 2325 3057 2395 iudicantes
3081 2333 3139 2381 ut
3160 2326 3461 2382 abstineant

1869 2432 1926 2473 se
1964 2418 2031 2472 ab
2070 2417 2225 2473 idolis
2266 2420 2571 2486 immolato,
2605 2428 2661 2476 et
2688 2420 2971 2491 sanguine,
3002 2428 3056 2476 et
3083 2419 3373 2486 sull’ocato,
3404 2427 3462 2475 et

1868 2505 2234 2563 fornicatione.

1943 2598 2068 2654 Haec
2093 2601 2155 2654 de
2180 2600 2305 2655 libro
2330 2601 2546 2655 Actuum
2570 2602 2951 2671 Apostolorum,
2977 2611 3149 2657 nostra
3177 2602 3296 2656 huic
3318 2602 3462 2672 operi

1868 2696 2215 2765 congruentia,
2243 2710 2357 2765 quw
2382 2694 2461 2748 hic
2486 2711 2801 2765 poneremus,
2828 2696 2949 2749 satis
2972 2710 3079 2749 esse
3101 2694 3463 2764 comperimus.

1874 2783 1971 2838 Ubi
1997 2784 2220 2839 videmus
2245 2785 2535 2855 Apostolos,
2563 2786 2634 2839 eis
2658 2786 2742 2849 qui
2767 2801 2830 2839 ea:
2854 2784 3094 2839 Gentibus
3119 2784 3458 2851 crediderunt,

1870 2875 2014 2929 nulla
2042 2876 2257 2929 voluisse
2300 2892 2454 2931 onera
2494 2877 2672 2931 ueteris
2710 2874 2859 2947 Legis
2893 2877 3183 2947 imponere,
3218 2887 3462 2947 quantum

1870 2966 2048 3020 attinet
2089 2968 2163 3020 ad
2195 2967 2474 3038 corporalis
2522 2966 2871 3021 abstinentiam
2906 2967 3226 3037 uoluptatis;
3271 2969 3370 3023 nisi
3404 2978 3463 3024 ut

1870 3058 2183 3113 observarent
2202 3058 2264 3113 ab
2285 3060 2363 3114 his
2383 3060 2539 3113 tribus
2554 3102 2568 3126 ,
2598 3060 2651 3113 id
2670 3068 2777 3125 est,
2804 3059 2866 3113 ab
2886 3060 2955 3113 eis
2979 3075 3093 3128 qua:
3109 3059 3259 3115 idolis
3284 3061 3464 3115 immo-

1871 3150 2118 3217 larentur,
2147 3160 2194 3205 et
2218 3168 2250 3204 a
2272 3152 2535 3222 sanguine,
2561 3161 2606 3205 et
2630 3168 2661 3204 a
2680 3151 3032 3223 fornicatione.
3066 3150 3213 3207 Unde
3233 3154 3464 3208 nonnulli

1871 3253 2051 3314 putant
2078 3244 2177 3296 tria
2204 3252 2399 3297 tantum
2421 3245 2633 3298 crimina
2657 3261 2761 3298 esse
2787 3245 3065 3314 mortifera,
3098 3245 3460 3312 idololatriam,

1872 3344 1918 3388 et
1954 3336 2311 3402 homicidium,
2343 3346 2390 3390 et
2424 3337 2843 3408 fornicationem;
2880 3336 2965 3390 ubi
2998 3337 3169 3407 utique
3195 3348 3239 3391 et
3268 3337 3467 3393 adulte-

1872 3429 2039 3495 rium,
2070 3439 2115 3483 et
2145 3431 2308 3483 omnis
2339 3439 2523 3500 pra’ter
2548 3446 2755 3483 uxorem
2795 3430 3084 3483 concubitus
3125 3432 3422 3509 intelligitur
3444 3472 3460 3486 .

1872 3519 2017 3591 quasi
2044 3536 2145 3573 non
2184 3520 2284 3573 sint
2326 3520 2586 3590 mortifera
2627 3520 2838 3573 crimina
2865 3535 3187 3590 quascumque
3212 3521 3315 3574 alia
3344 3531 3464 3576 sunt

1875 3620 2056 3681 praeter
2082 3611 2189 3664 lucc
2210 3610 2307 3663 tria
2325 3652 2339 3672 ,
2366 3626 2480 3683 quae
2500 3626 2533 3663 a
2556 3625 2709 3680 regno
2736 3608 2830 3662 Dei
2853 3618 3108 3681 separant,
3137 3618 3225 3663 aut
3249 3611 3464 3666 inaniter

1873 3711 1920 3755 et
1952 3701 2201 3772 fallaciter
2230 3701 2416 3754 dictum
2440 3702 2533 3768 sit,
2564 3700 2746 3770 Neque
2776 3700 2939 3767 fures,
2972 3716 3145 3771 neque
3171 3702 3335 3767 avari,
3368 3719 3463 3760 ne-

1873 3810 1977 3865 que
2003 3794 2218 3856 ebriosi,
2252 3808 2423 3863 neque
2450 3793 2690 3848 maledici
2712 3795 2755 3859 ³,
2790 3808 2962 3863 neque
2991 3808 3208 3863 rapaces
3238 3811 3464 3867 regnum

1876 3886 1967 3941 Dei
2008 3884 2353 3956 possidebunt
2382 3885 2435 3955 (Ι
2465 3883 2581 3939 Cor.
2617 3900 2694 3950 vr,
2729 3885 2840 3955 10).
2884 3885 2991 3940 Sed
3032 3896 3228 3956 oportet
3264 3903 3355 3942 nos
3384 3904 3466 3943 re-

1874 3997 2049 4054 pressa
2077 3980 2415 4049 disputatione
2439 3989 2630 4044 nostra,
2661 3979 2728 4032 ad
2749 3978 3008 4044 Epistolas
3034 3980 3336 4052 apostolicus
3357 3982 3464 4048 iam

1873 4073 2041 4128 uenire
2060 4114 2075 4139 ,
2106 4082 2154 4127 et
2194 4071 2363 4126 uidere
2400 4072 2550 4126 etiam
2584 4071 2637 4125 in
2674 4071 2798 4142 ipsis
2826 4072 2947 4142 quid
2975 4071 3091 4126 huic
3119 4074 3257 4144 aperi
3284 4090 3464 4129 conve-

1872 4166 2067 4219 nienter
2095 4175 2310 4235 aptetur.

1874 4257 1963 4313 DE
1987 4256 2312 4313 EPISTULA
2343 4256 2402 4311 Β.
2421 4254 2622 4312 PAULI
2644 4254 2863 4311 APOST
2866 4255 2977 4311 0L1
2996 4258 3083 4311 AD
3117 4258 3458 4316 ROMANOS.

1946 4348 2095 4423 [Cap.
2138 4347 2201 4422 1.]
2244 4348 2358 4403 Non
2402 4348 2543 4403 enim
2587 4347 2845 4402 erubesco
2883 4347 3251 4419 Evangelium.
3282 4349 3463 4407 Virtus

1874 4444 2017 4499 enim
2040 4443 2130 4497 Dei
2152 4451 2233 4497 est
2258 4442 2309 4495 in
2333 4441 2558 4495 salutem
2579 4441 2723 4495 omni
2746 4440 3003 4503 credenti.
3026 4440 3211 4497 ,ιιιάωο
3230 4442 3461 4514 primum

1874 4544 1928 4592 et
1956 4534 2165 4590 Graeco.
2192 4533 2402 4589 Iustitia
2429 4533 2571 4588 enim
2600 4532 2695 4587 Dei
2723 4538 2773 4587 in
2799 4548 2864 4588 eo
2888 4534 3155 4589 revelatur
3181 4550 3247 4590 ex
3274 4535 3377 4591 title
3407 4536 3463 4593 in

1874 4628 2054 4695 iidem,
2080 4626 2217 4683 sicut
2240 4627 2493 4696 scriptum
2515 4635 2617 4693 est,
2642 4625 2824 4681 Justus
2848 4636 3023 4682 autem
3050 4643 3112 4683 ex
3142 4630 3247 4684 lide
3270 4629 3397 4687 vivit
3418 4632 3460 4685 ³.

1874 4722 2159 4779 Revelatur
2186 4721 2327 4777 enim
2359 4721 2437 4775 ira
2469 4720 2560 4776 Dei
2592 4720 2659 4776 de
2683 4721 2820 4776 cmlo
2845 4736 3006 4792 super
3030 4737 3242 4780 omnem
3271 4725 3464 4797 impie-

1876 4826 2039 4873 tatem
2068 4827 2120 4872 et
2152 4816 2463 4887 iujustitiam
2494 4814 2766 4870 hominum
2790 4830 2996 4883 eorum,
3029 4817 3117 4887 qui
3144 4818 3419 4874 veritatem
3440 4818 3464 4852 ’⁵

1874 4913 1926 4968 in
1956 4911 2208 4982 injustitia
2237 4912 2481 4967 detinent
2509 4928 2522 4965 :
2552 4910 2675 4981 quia
2706 4909 2847 4981 quod
2879 4919 3061 4966 notum
3090 4921 3174 4966 est
3201 4912 3313 4978 Dei,
3346 4928 3462 4968 ma-

1875 5007 2124 5063 nifestum
2156 5016 2239 5061 est
2277 5007 2328 5060 in
2369 5005 2509 5070 illis;
2555 5004 2697 5060 Deus
2739 5006 2880 5061 enim
2927 5005 3033 5061 illis
3080 5004 3459 5061 manifestavit.

1876 5099 2157 5155 lnvisibilia
2187 5099 2330 5154 enim
2360 5097 2544 5168 ipsius,
2572 5112 2602 5152 a
2629 5106 2870 5153 creatura
2899 5096 3104 5164 mundi,
3133 5111 3229 5166 per
3254 5112 3317 5153 ea
3344 5114 3463 5170 quae

1873 5190 2007 5247 facta
2036 5200 2157 5248 sunt
2177 5231 2191 5257 ,
2222 5189 2490 5246 intellecta
2516 5187 2944 5259 conSpiciuntur,
2984 5189 3306 5257 sempiterna
3331 5205 3462 5260 quo-

1939 5369 1954 5399 ι
1980 5368 2053 5417 sic
2098 5367 2243 5416 etiam
2280 5368 2331 5415 in
2373 5365 2507 5414 Corb.
2550 5361 2709 5413 Bibliis
2740 5376 2753 5411 :
2792 5368 2843 5412 at
2880 5362 2931 5411 in
2974 5360 3132 5412 Bibliis
3156 5363 3382 5425 excusis,
3418 5369 3464 5414 et

1872 5441 2223 5563 au:.?[:.e_dilis,
2246 5486 2473 5553 maleﬁci.
2499 5494 2554 5537 At
2581 5488 2632 5536 in
2654 5487 2804 5551 Regio
2823 5493 2907 5536 Ms.
2943 5492 2999 5536 ut
3036 5487 3086 5536 in
3111 5487 3260 5537 sacris
3282 5487 3463 5549 Bibliis,

1872 5552 2142 5683 @ng
2167 5620 2243 5663 est
2253 5613 2342 5683 _htc
2365 5614 2605 5683 et
2631 5609 2807 5683 caput
2831 5626 2878 5661 v.
2904 5610 2952 5671 4,
2978 5610 3169 5671 ιέκιίτί,
3192 5610 3327 5683 tivet.

1936 5682 1958 5709 δ
1982 5678 2065 5726 Hic
2102 5678 2153 5727 in
2181 5675 2381 5740 vulgata
2411 5676 2618 5739 additur,
2660 5675 2777 5738 Dei;
2809 5687 2920 5740 quae
2956 5684 3117 5726 tatueu
3142 5688 3237 5725 vox
3259 5676 3401 5727 abest
3432 5686 3464 5727 ι

1876 5750 2057 5804 graeco.
