3878 6338
440 392 546 456 que
563 381 683 452 ejus
699 381 869 436 virtus
881 388 942 434 et
959 375 1236 442 divinitas;
1257 384 1318 430 ut
1336 374 1444 429 sint
1457 373 1844 431 humidius
1867 367 2026 443 :quia

441 467 561 531 eum
592 471 967 543 cognovissent
996 471 1192 535 lteum,
1238 481 1343 522 non
1385 466 1524 522 sicut
1554 459 1725 521 Deum
1763 465 2030 534 gloriﬁca-

440 577 664 631 verunt,
689 574 781 617 aut
807 563 1009 633 gratias
1035 569 1292 631 egotuut;
1319 557 1416 612 sed
1446 552 1775 612 evanuerunt
1797 556 1853 610 in
1875 556 2030 626 cogi.

440 658 733 715 lotionibus
752 656 884 716 suis,
901 664 957 708 et
975 653 1313 707 obscuratum
1335 659 1419 704 cst
1437 646 1690 718 insipiens
1709 663 1804 703 eor
1815 663 2025 703 eorum.

441 752 689 807 Dieentes
718 750 859 804 enim
892 763 951 802 se
976 761 1096 800 esse
1121 745 1391 814 sapientes
1409 785 1423 805 ,
1450 743 1600 796 stulti
1633 741 1752 796 facti
1779 749 1908 796 sunt
1935 757 1949 793 :
1975 749 2030 795 ot

441 853 772 903 mutaverunt
817 842 1039 912 gloriam
1079 836 1495 906 incorrttptibiiis
1531 834 1654 898 Dei,
1683 835 1739 888 in
1780 833 2031 887 similitu-

440 940 617 996 dinem
642 936 884 1006 imaginis
904 931 1266 1003 corruptibilis
1289 927 1540 992 hominis,
1571 934 1626 980 et
1647 926 1946 984 volucrum.
1975 931 2031 978 et

440 1028 839 1102 quadrupedum
860 1066 876 1091 ,
907 1033 957 1078 et
991 1017 1338 1091 Serpentium.
1380 1020 1605 1089 Propter
1628 1015 1771 1087 quod
1813 1014 2031 1070 tradidit

440 1123 562 1180 illos
586 1122 724 1175 Deus
745 1119 799 1172 in
819 1116 1086 1173 desideria
1109 1113 1287 1168 cordis
1307 1125 1514 1174 eorum,
1543 1109 1596 1162 in
1620 1106 2025 1168 immutuiitiam,

439 1226 496 1273 ut
519 1213 857 1271 contumeliis
883 1209 1118 1264 alliciant
1141 1220 1364 1275 corpora
1389 1219 1484 1260 sua
1507 1203 1563 1256 in
1585 1199 1906 1269 semetipsis.
1925 1199 2028 1266 Qui

438 1312 899 1362 commutarerunt
932 1299 1210 1354 veritatem
1247 1297 1339 1350 Dei
1371 1296 1422 1349 in
1453 1292 1826 1356 mendacium;
1853 1299 1907 1345 et
1929 1304 2029 1344 co-

438 1399 666 1461 luerunt,
692 1405 748 1453 et
769 1395 1071 1450 servierunt
1094 1399 1357 1447 creatura:
1383 1389 1558 1458 potius
1582 1401 1741 1458 quam
1767 1384 2027 1449 Creatori,

436 1492 524 1561 qui
552 1499 633 1544 est
657 1488 973 1544 benedictus
997 1485 1054 1539 in
1079 1483 1294 1538 saecula.
1325 1483 1516 1535 Amen.
1549 1478 1836 1547 Propterea
1867 1475 2032 1530 tradi-

437 1581 515 1636 dit
545 1581 664 1635 illos
706 1579 843 1633 Deus
882 1577 934 1630 in
975 1575 1250 1645 passiones
1290 1571 1614 1643 ignominia).
1653 1568 1784 1623 Nam
1822 1568 2030 1621 femina:

435 1689 618 1730 eorum
653 1675 1065 1728 immolaverunt
1092 1669 1384 1722 naturalem
1413 1681 1600 1731 nsum,
1633 1666 1685 1719 in
1705 1677 1831 1719 eum
1871 1677 2027 1718 usum

436 1769 526 1838 qui
569 1775 650 1822 cst
687 1775 874 1819 contra
915 1773 1179 1817 naturam.
1219 1760 1480 1815 Similiter
1517 1767 1699 1811 autem
1729 1766 1782 1809 et
1809 1755 2030 1809 masculi

437 1859 625 1915 relicto
655 1857 876 1911 naturali
907 1869 1004 1909 usu
1038 1853 1248 1909 (ciuium
1271 1894 1283 1915 ,
1312 1859 1630 1905 exarserunt
1669 1849 1721 1902 in
1747 1847 2030 1902 desideriis

436 1951 548 2007 suis
589 1951 641 2005 in
681 1948 946 2012 invicem,
977 1944 1201 2001 masculi
1247 1944 1298 1998 in
1341 1939 1606 1998 masculos
1645 1937 2027 2009 turpitudinem

434 2051 755 2112 operantes;
787 2047 841 2094 et
869 2035 1202 2103 mercedem,
1231 2045 1390 2106 quam
1421 2034 1689 2103 oportuit,
1719 2033 1919 2087 erroris
1945 2032 2028 2086 sui

435 2133 487 2189 in
517 2133 816 2203 semetipsis
853 2131 1194 2199 recipientes.
1234 2127 1304 2181 Et
1347 2127 1486 2180 sicut
1520 2139 1628 2179 non
1668 2124 2031 2195 probaverunt

434 2223 601 2280 Deum
630 2225 828 2278 habere
867 2224 920 2277 in
953 2222 1175 2286 notitia;
1203 2215 1418 2274 tradidit
1445 2232 1540 2274 eos
1571 2217 1712 2272 Deus
1750 2218 1804 2271 in
1842 2231 2029 2284 repro-

434 2315 559 2371 lium
582 2329 819 2380 sensum,
847 2323 901 2368 ut
925 2313 1117 2367 faciant
1135 2325 1255 2383 quas
1277 2325 1388 2364 non
1413 2309 1770 2371 conveniunt;
1797 2310 2029 2378 repletos

434 2408 578 2462 uittni
608 2406 886 2476 iniquitate
907 2446 922 2468 ,
959 2404 1154 2458 malitia
1177 2443 1192 2470 ,
1227 2401 1576 2457 fornicatione
1597 2443 1611 2465 ,
1643 2400 1894 2464 avaritia,
1929 2415 2027 2455 ne-

433 2499 634 2570 quitia;
667 2498 852 2568 plenos
879 2496 1073 2551 invidia
1095 2537 1110 2560 ,
1141 2494 1449 2558 homicidio,
1478 2496 1843 2552 contentione.
1877 2491 2024 2559 dolo,

431 2581 793 2663 malignitate;
825 2603 1181 2656 susurrones,
1219 2587 1588 2656 detractorcs,
1628 2587 1741 2641 Deo
1773 2585 2023 2652 odi-biles,

430 2683 866 2744 contumeliosos,
889 2681 1170 2750 superbos,
1197 2679 1385 2744 elatos,
1409 2677 1716 2733 inventores
1737 2677 2022 2740 malorum,

432 2775 742 2845 parentibus
770 2788 878 2828 non
901 2772 1236 2835 obedientes,
1260 2771 1588 2840 insipientes,
1621 2771 2023 2839 incompositos,

429 2869 545 2923 sine
569 2868 872 2932 achctione,
901 2867 1104 2936 absque
1132 2864 1350 2927 findere,
1379 2864 1496 2918 sine
1517 2863 1900 2917 misericordia.
1922 2861 2028 2929 Qui

429 2973 549 3014 cum
567 2959 830 3030 justitiam
851 2958 942 3011 Dei
961 2956 1360 3027 cognovissent,
1379 2970 1484 3008 non
1508 2954 1879 3008 intellexerunt
1899 2967 2028 3022 quo-

427 3054 571 3108 niam
615 3053 704 3122 qui
737 3051 860 3106 talia
892 3058 1089 3119 agunt,
1128 3047 1273 3118 digni
1304 3055 1429 3100 sunt
1456 3055 1663 3110 morte;
1706 3060 1810 3099 non
1848 3045 2022 3098 solum

429 3146 519 3216 qui
549 3159 610 3198 ea
637 3143 838 3196 faciunt
859 3181 874 3207 ,
906 3141 1001 3194 sed
1032 3148 1088 3194 et
1114 3140 1201 3207 qui
1232 3139 1572 3192 consentiunt
1604 3137 1934 3191 facientibus.

497 3232 604 3307 [ir]
631 3233 856 3304 Propter
884 3231 1027 3302 quod
1056 3229 1430 3284 inexcusabilis
1451 3243 1540 3288 es,
1574 3243 1607 3281 ο
1636 3227 1798 3282 homo
1823 3228 2020 3295 omnis,

426 3330 514 3398 qui
542 3325 769 3396 judicas.
813 3324 873 3379 lu
901 3337 1009 3394 quo
1047 3322 1189 3377 enim
1231 3320 1438 3390 judicas
1477 3321 1706 3375 alterum
1730 3361 1745 3385 ,
1793 3321 2020 3389 teipsum

426 3417 785 3482 condemnas;
817 3414 1006 3472 eadem
1031 3413 1176 3468 enim
1207 3413 1340 3484 agis,
1368 3427 1486 3482 qua:
1509 3412 1717 3482 judicas
1739 3413 1777 3464 ί.
1811 3413 2022 3467 Scimus

427 3509 568 3565 enim
598 3508 848 3578 quoniam
887 3505 1146 3575 judicium
1179 3505 1270 3560 Dei
1301 3512 1383 3558 est
1420 3503 1714 3559 secundum
1744 3503 2022 3558 veritatem

426 3603 480 3658 in
510 3617 603 3657 eos
632 3601 720 3672 qui
751 3601 876 3655 talia
906 3608 1092 3669 agunt.
1121 3597 1407 3652 Existimas
1433 3605 1608 3651 autem
1639 3598 1760 3665 hoc,
1780 3612 1816 3651 o
1837 3597 2020 3663 homo,

423 3696 513 3766 qui
539 3695 744 3765 judicas
774 3707 868 3748 eos
893 3694 986 3762 qui
1014 3692 1143 3746 talia
1175 3697 1366 3762 agunt,
1399 3698 1453 3746 ct
1493 3689 1622 3745 facis
1659 3706 1720 3744 ea
1743 3735 1756 3757 ,
1794 3692 1933 3762 quod
1967 3703 2022 3748 tu

423 3787 644 3857 eﬂ'u'gics
679 3786 938 3856 judicium
971 3783 1104 3838 Dei?
1143 3784 1226 3838 An
1268 3782 1482 3836 divitias
1526 3783 1776 3838 bonitatis
1813 3783 1929 3854 ejus
1970 3794 2022 3839 et

423 3881 690 3953 patiemize
716 3889 770 3935 et
793 3879 1210 3949 longanimitatis
1237 3877 1576 3931 contemnis?
1606 3877 1822 3946 ignoras
1842 3879 1866 3912 ⁸
1889 3893 2021 3947 quo.

424 3974 566 4027 niam
597 3971 900 4041 benignitas
927 3969 1025 4025 Dei
1054 3968 1120 4023 ad
1157 3968 1528 4038 pcenitentiam
1558 3977 1611 4024 te
1640 3969 1892 4024 adducit?
1919 3971 2019 4025 Sc-

423 4064 655 4118 cundum
701 4062 952 4117 duritiam
1001 4069 1181 4115 autem
1227 4070 1398 4129 tuam,
1447 4069 1502 4116 ct
1537 4061 1876 4132 impmniteus
1904 4077 2016 4127 cor,

424 4156 755 4212 tltesanrizas
783 4155 875 4211 tibi
908 4156 1039 4210 iram
1071 4155 1123 4208 in
1163 4153 1250 4209 die
1289 4155 1380 4209 inn
1423 4165 1478 4210 et
1517 4156 1854 4211 rerelationis
1889 4157 2016 4226 justi

419 4249 598 4322 judicii
651 4249 782 4314 Dei,
821 4246 911 4317 qui
952 4243 1142 4302 reddet
1185 4246 1470 4317 unicuique
1513 4247 1806 4302 secundum
1856 4263 2016 4313 opera

421 4345 538 4415 ejus
568 4362 581 4398 :
609 4342 696 4398 his
719 4341 957 4413 quidem,
983 4340 1074 4410 qui
1097 4339 1386 4394 secundum
1414 4339 1718 4408 patientiam
1745 4340 1869 4393 boni
1892 4355 2019 4408 ope-

421 4435 516 4500 ris,
548 4434 771 4504 gloriam
800 4443 854 4488 et
879 4433 1136 4488 honorem
1167 4443 1220 4486 et
1250 4432 1702 4502 incorruptionem
1727 4432 2018 4501 Διιιιτιιιτρηιίη

421 4524 541 4591 bus,
570 4526 730 4579 vitam
752 4533 1042 4590 mtcrnam;
1075 4522 1158 4578 his
1180 4533 1379 4589 autem,
1407 4525 1496 4593 qui
1523 4539 1585 4578 ex
1609 4523 1949 4578 contentione
1970 4523 2012 4592 ³,

420 4625 476 4672 et
500 4616 589 4686 qui
616 4632 720 4669 non
744 4616 1089 4684 acquiescant
1117 4615 1347 4680 veritati,
1371 4616 1593 4670 credunt
1613 4624 1788 4670 autem
1817 4616 2012 4686 iniqui-

421 4706 540 4774 tati,
562 4707 639 4762 ira
659 4715 713 4761 et
733 4707 1040 4777 indignatio.
1070 4706 1362 4760 ’l‘n’lmlatio
1384 4716 1433 4761 et
1456 4708 1696 4777 angustia
1724 4709 1778 4762 in
1797 4722 2010 4762 omnem

388 4798 653 4854 .animam
681 4799 908 4853 hominis
933 4797 1205 4868 operantis
1235 4797 1433 4852 malum
1459 4837 1475 4864 ,
1505 4797 1675 4853 Judaei
1703 4799 1930 4867 primum
1959 4807 2014 4854 ct

420 4890 615 4950 (ὗε-ποῖ.
645 4890 820 4947 Gloria
847 4899 1024 4945 autem
1047 4930 1062 4955 ,
1091 4899 1146 4944 et
1173 4889 1373 4954 honor,
1400 4897 1458 4944 ct
1480 4905 1576 4959 pax
1599 4891 1745 4946 omni
1772 4890 2012 4961 opera-nti

419 4985 618 5043 bonum
636 5027 652 5053 ,
680 4983 868 5040 Judaeo
889 4983 1122 5055 primum
1149 4990 1205 5037 et
1226 4980 1436 5037 Graeco.
1471 4979 1538 5036 Et
1566 4991 1677 5050 post
1703 4983 1968 5053 paululum
1988 4999 2009 5037 :

417 5077 535 5135 Non
558 5080 703 5136 enim
729 5077 1000 5134 auditores
1030 5075 1183 5147 Legio
1206 5075 1337 5145 justi
1369 5086 1495 5131 sunt
1519 5077 1655 5147 apud
1687 5077 1850 5131 Detrn
1869 5117 1884 5141 ,
1913 5077 2009 5131 sed

417 5169 648 5226 factores
685 5168 841 5241 chis
876 5168 1323 5239 justiﬁcabuutur.
1361 5165 1493 5222 Item
1523 5167 1675 5237 paulo
1711 5177 1820 5238 post
1855 5183 1875 5222 :
1910 5168 2010 5236 Qui

417 5278 549 5335 ergo
585 5263 748 5318 alium
786 5262 980 5330 doces,
1012 5261 1236 5332 teipsum
1268 5277 1373 5316 non
1401 5260 1561 5316 doces
1590 5277 1604 5314 :
1635 5261 1722 5332 qui
1754 5261 2010 5331 praedicas

543 5430 626 5470 am
670 5427 721 5470 et
741 5428 834 5479 Er.,
863 5417 946 5485 qui
956 5416 1170 5485 judiees.
1192 5426 1360 5479 Gneo,
1377 5419 1446 5485 llo
1467 5418 1656 5472 kn'nen.

471 5485 504 5558 ,ᾗ
525 5490 576 5532 tn
600 5481 967 5558 retususcorb.
986 5481 1147 5533 Bibliis
1169 5484 1469 5547 participium
1488 5493 1579 5546 est,
1605 5496 1830 5548 ignorans
1846 5486 2012 5550 :juxta

583 5559 627 5593 m
669 5559 698 5593 α
855 5582 869 5594 .

482 5558 1031 5680 ῗῗδιιιξξειιὲιῃῖᾒοὲκοιιδίε,
1054 5615 1276 5680 quorum
1299 5605 1442 5680 vitam
1463 5613 1723 5680 afterumn;
1745 5608 1821 5680 [iis
1852 5617 2013 5680 (uitem

415 5671 717 5741 statim;
747 5671 1037 5741 contentione
1062 5680 1162 5741 :_at
1205 5671 1290 5722 illa
1331 5672 1382 5721 in
1417 5672 1629 5734 antiquis
1654 5675 1794 5723 Corb.

557 5730 721 5778 dilicti
737 5732 802 5779 ab
822 5731 915 5780 hoc
933 5730 1154 5793 Speculo.

1621 257 1679 314 ὃ.
1720 251 2090 316 iocosam
2122 249 2497 318 SPECULU‘

2135 387 2240 429 non
2267 371 2582 439 furandum,
2607 373 2840 442 fut-aris,
2870 367 2965 446 qui
3006 367 3140 431 diuis
3170 386 3284 432 non
3309 378 3724 449 utrumnam,

2135 467 2453 534 mmelmris:
2481 468 2573 539 qui
2611 468 2939 524 abominaris
2970 468 3115 524 idola
3136 509 3152 536 ,
3196 467 3533 541 maiiegium
3563 467 3728 538 iacis:

2133 559 2222 628 qui
2239 559 2296 613 in
2313 559 2454 628 Lege
2472 559 2739 630 gloriaris.
2765 549 3365 631 pcrprairariea’timm
3384 562 3544 634 Legis
3565 561 3727 622 Mm

2135 651 2444 707 inhonorus.
2476 651 2677 705 Nomen
2703 653 2848 706 enim
2872 652 2962 706 Dei
2987 667 3086 721 per
3108 668 3200 708 ros
3215 653 3631 725 Mastvhomatur
3651 659 3727 711 in-

2138 751 2219 798 ter
2243 743 2459 807 Gentes,
2493 745 2629 798 sicut
2659 744 2916 813 scriptum
2945 754 3048 800 est.

2208 835 2272 890 Et
2297 838 2558 907 aliquanto
2583 837 2817 913 post
2843 855 2858 892 ξ
2887 829 3163 895 iustiﬁcati
3189 841 3436 911 igitur”
3459 843 3579 898 ﬁde
3600 887 3614 904 .
3637 857 3731 911 pa-

2133 943 2248 982 cem
2273 928 2563 983 habeamus
2584 931 2644 982 :ul
2673 931 2834 985 Deum
2861 946 2954 1002 per
2977 932 3254 986 Dominum
3280 947 3518 988 nosmun
3543 933 3726 991 J’esttiu

2134 1019 2402 1075 Christum
2437 1039 2452 1076 ε
2483 1037 2582 1093 per
2619 1038 2776 1094 quem
2820 1033 2877 1078 ct
2918 1033 3191 1080 acerssmu
3235 1013 3495 1082 {urbanus
3530 1027 3652 1084 ﬁde
3675 1029 3728 1084 in

2133 1113 2300 1180 gratia
2324 1113 2421 1166 ista
2447 1113 2483 1178 ',
2511 1114 2565 1167 in
2589 1127 2693 1183 qua
2715 1122 2939 1181 stamus,
2963 1125 3021 1170 ct
3039 1115 3331 1186 gloriamur
3352 1118 3401 1170 in
3424 1125 3525 1186 Spe
3543 1119 3730 1189 βιοτὴ

2136 1202 2360 1256 ﬁliorum
2395 1204 2511 1258 Dei.
2551 1190 2667 1259 Non
2703 1207 2874 1260 solum
2903 1215 3082 1262 autem
3102 1249 3118 1273 ,
3153 1208 3252 1263 sed
3276 1215 3332 1262 ct
3355 1200 3726 1278 giiu'iom‘uriu

2138 1295 2596 1363 trilmlationiluts,
2645 1298 2876 1353 scientes
2917 1299 3044 1369 quia
3089 1299 3368 1355 tribulatio
3413 1301 3726 1369 patientiam

2135 1396 2404 1456 operatur,
2441 1389 2688 1458 patientia
2712 1397 2890 1444 autem
2918 1391 3306 1459 probationem,
3333 1393 3584 1462 probatio
3603 1394 3728 1450 vero

2135 1492 2282 1548 spem
2304 1518 2319 1540 ,
2349 1489 2478 1547 spes
2505 1489 2682 1533 autem
2725 1495 2829 1534 non
2863 1479 3144 1536 confundit
3169 1497 3185 1534 :
3208 1483 3334 1552 quia
3360 1479 3605 1540 claritas
3635 1483 3724 1541 Dei

2133 1567 2321 1622 dili‘usa
2345 1578 2433 1624 est
2468 1569 2521 1623 in
2545 1569 2798 1624 cordibus
2825 1573 3024 1626 nostris
3051 1585 3144 1642 por
3163 1568 3422 1643 Spiritum
3447 1573 3723 1644 meum,

2133 1661 2220 1730 qui
2247 1660 2404 1714 datus
2429 1670 2513 1715 est
2539 1661 2712 1716 nobis.

2205 1751 2271 1805 E4
2301 1754 2402 1807 alio
2439 1754 2549 1808 loco
2587 1750 2710 1828 [ra]
2748 1771 2762 1808 :
2800 1755 2915 1810 Non
2953 1767 3085 1826 ergo
3123 1766 3311 1827 regnet
3355 1769 3640 1828 meatum
3678 1760 3726 1814 in

2135 1855 2310 1900 vestro
2349 1847 2563 1900 mortali
2603 1861 2860 1917 corpore,
2901 1857 2956 1901 ut
2991 1849 3249 1903 ohediatis
3273 1851 3727 1920 wncupiscentiis

2133 1929 2267 2005 ejus.
2297 1935 2404 1992 Sed
2433 1953 2608 2007 neque
2637 1938 2935 1994 esitilieatis
2967 1943 3206 1996 membra
3243 1950 3419 1997 vestra
3449 1957 3604 1996 arma
3631 1944 3727 1996 ini-

2134 2031 2349 2099 quitatis
2377 2043 2594 2099 peccato
2622 2049 2635 2086 :
2665 2033 2757 2087 sed
2800 2032 3046 2087 exhibete
3079 2049 3172 2088 ros
3199 2035 3342 2101 Deo,
3379 2042 3723 2107 tanquamex

2135 2129 2358 2182 mortuis
2375 2129 2635 2194 viventes,
2654 2139 2709 2183 et
2729 2129 2966 2183 membra
2988 2138 3162 2183 vestra
3185 2145 3332 2184 arma
3350 2130 3579 2199 justitiac
3599 2131 3721 2186 Deo.

2135 2220 2204 2274 Et
2239 2230 2346 2292 post
2377 2221 2687 2293 paululum:
2715 2221 3010 2275 Humanum
3042 2221 3162 2275 dico
3189 2231 3414 2292 propter
3443 2222 3726 2276 inﬁrmita-

2135 2323 2242 2368 tem
2269 2315 2446 2367 earuis
2466 2323 2676 2367 vestrae.
2701 2312 2852 2368 Sicut
2870 2314 3010 2367 enim
3036 2312 3354 2368 exhibitis-tis
3371 2315 3620 2368 meinbra
3640 2328 3725 2369 re-

2134 2411 2242 2459 stra
2269 2405 2470 2459 servire
2499 2403 2847 2458 immunditiae
2877 2415 2929 2458 et
2957 2403 3219 2474 iniquitati
3248 2404 3316 2459 ad
3355 2405 3720 2475 iniquitatem;

2133 2497 2202 2552 ita
2235 2513 2374 2551 nunc
2402 2495 2650 2552 exhibete
2689 2496 2932 2553 membra
2961 2506 3140 2553 vestra
3175 2499 3379 2554 servire
3411 2497 3639 2570 justitizn
3671 2498 3721 2553 in

2133 2584 2624 2643 sanctiﬁcationcm.

2207 2679 2272 2732 Et
2297 2679 2400 2733 alio
2425 2679 2534 2733 loco
2561 2675 2723 2753 [tum]
2753 2697 2768 2732 :
2799 2680 2964 2750 Ergo,
2995 2677 3210 2746 iratius,
3241 2680 3515 2737 debitores
3544 2696 3721 2738 sumus

2133 2785 2238 2825 non
2268 2771 2450 2836 eunti,
2491 2779 2545 2825 ut
2580 2771 2872 2824 secundum
2916 2785 3133 2826 carnem
3174 2774 3434 2826 vivamus.
3481 2773 3543 2828 Si
3589 2774 3720 2828 enim

2133 2863 2424 2919 secnndmu
2452 2877 2666 2919 carnem
2696 2865 2952 2931 rixeritis,
2982 2866 3276 2919 moriemini
3305 2867 3386 2920 :si
3413 2876 3599 2922 autem
3623 2867 3717 2938 spio

2132 2956 2235 3010 ritu
2277 2955 2410 3010 facta
2446 2957 2622 3010 carnis
2653 2956 3126 3022 ntortiiicarcritis,
3156 2958 3363 3012 riretis.
3393 2957 3720 3029 Quicumque

2132 3047 2272 3101 enim
2315 3047 2511 3116 Spiritu
2555 3047 2646 3101 Dei
2685 3059 2942 3118 aguntur,
2985 3047 3039 3102 hi
3073 3048 3163 3104 lilii
3187 3059 3316 3104 Sunt
3345 3049 3459 3105 Dei.
3505 3048 3582 3104 Et
3618 3059 3716 3122 post

2132 3141 2397 3210 paululum
2439 3155 2458 3194 :
2500 3141 2748 3195 "zel'edes
2790 3142 3004 3212 quidem
3049 3143 3174 3205 Dei.
3207 3143 3517 3200 cohaeredes
3548 3155 3715 3200 autem

2131 3231 2324 3287 Cluisti
2347 3248 2360 3296 ;
2387 3232 2432 3287 si
2452 3241 2628 3286 tamen
2653 3235 3060 3302 compatiamur,
3081 3245 3142 3288 ut
3168 3244 3222 3288 et
3236 3233 3712 3305 congl'oriiicemur.

2133 3321 2198 3377 Ει
2227 3334 2337 3393 post
2370 3323 2631 3393 paululum
2659 3321 2679 3378 ἐ
2708 3322 2763 3378 Si
2789 3334 2964 3379 autem
2993 3325 3134 3394 quod
3165 3341 3270 3379 non
3301 3326 3568 3393 ridemus,
3601 3333 3715 3395 spe.

2130 3431 2344 3482 ramus;
2377 3431 2472 3488 per
2511 3418 2814 3487 patientiam
2842 3427 3231 3486 exspectamus.
3271 3416 3340 3472 Et
3379 3410 3491 3488 post
3521 3431 3711 3489 paucos

2131 3519 2302 3562 vmu‘s
2399 3509 2610 3563 Seinms
2654 3517 2829 3561 autem
2874 3507 3126 3578 quoniam
3165 3508 3510 3577 diligentibus
3553 3508 3713 3563 Deum

2132 3599 2309 3656 Omnia
2334 3609 2688 3669 cooperantur
2709 3600 2762 3653 in
2781 3593 3004 3654 bimum.
3030 3598 3093 3653 Et
3115 3601 3266 3668 paulo
3289 3610 3401 3669 post
3425 3611 3446 3654 :
3469 3599 3607 3668 Quis
3626 3613 3711 3654 nos

2130 3693 2397 3762 separabit
2424 3707 2452 3746 a
2475 3692 2736 3746 cliaritatc
2752 3691 2990 3745 Christi?
3013 3691 3327 3746 tribulatio!
3349 3707 3415 3745 an
3438 3688 3712 3762 angustia!

2127 3799 2195 3839 an
2223 3785 2563 3854 persecutio?
2591 3801 2657 3837 an
2685 3783 2895 3838 funes?
2920 3800 2986 3837 an
3017 3783 3264 3838 nudilas’?
3289 3799 3358 3838 an
3387 3782 3711 3854 periculum!

2127 3890 2194 3930 an
2218 3874 2460 3945 gladius?
2485 3874 2633 3930 Sicut
2656 3875 2910 3942 scriptum
2936 3885 3037 3940 cst,
3059 3874 3194 3941 Quia
3213 3886 3432 3945 propter
3457 3885 3510 3932 te
3529 3876 3709 3933 morti-

2128 3966 2349 4020 ﬁcamur
2378 3976 2485 4021 tota
2513 3966 2628 4031 die,
2660 3967 2905 4020 :cstimati
2935 3981 3117 4022 sumus
3144 3964 3213 4021 "ut
3245 3981 3374 4023 ores
3410 3969 3703 4025 occisionis.

2127 4057 2232 4114 Sed
2263 4059 2313 4113 in
2349 4058 2433 4114 his
2467 4059 2716 4114 omnibus
2743 4074 3084 4132 superamus,
3112 4069 3334 4132 propter
3367 4077 3490 4116 cum
3519 4063 3610 4134 qui
3637 4061 3706 4116 di-

2125 4152 2255 4208 lexit
2282 4167 2399 4207 nos.
2430 4153 2620 4208 Certus
2645 4168 2760 4206 sum
2801 4153 2942 4207 enim
2981 4152 3102 4224 quia
3134 4169 3308 4223 neque
3339 4170 3514 4220 mons,
3545 4168 3704 4226 neque

2126 4245 2250 4310 vita,
2282 4259 2454 4316 neque
2477 4239 2668 4315 angeli,
2701 4254 2870 4316 neque
2893 4245 3224 4315 principatus
3244 4250 3289 4314 ',
3323 4259 3494 4323 neque
3516 4250 3704 4305 instan-

2127 4338 2226 4404 tia,
2269 4351 2446 4409 neque
2487 4337 2659 4392 futura
2679 4379 2693 4403 ,
2731 4352 2907 4407 neque
2940 4337 3188 4394 fortitudo
3209 4382 3224 4406 ,
3255 4352 3430 4410 neque
3465 4337 3697 4406 altitudo,

2123 4443 2296 4498 neque
2337 4428 2686 4498 profundum,
2734 4444 2907 4500 neque
2949 4441 3188 4485 creatura
3228 4427 3329 4486 alia
3373 4427 3571 4502 poterit
3611 4445 3699 4489 nos

2122 4536 2371 4590 separare
2397 4537 2426 4575 a
2453 4521 2712 4577 charitate
2739 4522 2854 4592 Dei,
2885 4539 3003 4594 qute
3029 4533 3111 4579 ρει
3138 4524 3193 4580 in
3215 4523 3429 4581 Christo
3448 4526 3577 4584 Jcsu
3601 4519 3695 4584 Do-

2120 4615 2266 4669 mino
2299 4627 2502 4670 nostro.

2193 4707 2260 4762 Et
2281 4710 2382 4763 alio
2405 4711 2513 4764 loco
2533 4705 2639 4785 [x.]
2665 4726 2679 4764 :
2705 4703 2880 4766 Corde
2903 4710 3046 4766 enim
3071 4707 3306 4768 creditur
3323 4703 3396 4780 ad
3415 4714 3692 4786 justitiam:

2120 4817 2214 4858 ore
2243 4814 2419 4858 autem
2450 4792 2714 4859 confessio
2743 4801 2801 4858 ﬁt
2830 4802 2895 4858 ad
2925 4802 3171 4859 salutem.
3211 4797 3345 4862 Dicit
3382 4793 3524 4864 enim
3560 4807 3691 4866 Scri-

2121 4904 2270 4964 ptura
2294 4937 2308 4959 ,
2337 4895 2522 4950 Omnis
2550 4896 2638 4966 qui
2668 4897 2836 4951 credit
2874 4897 2925 4950 in
2973 4895 3118 4952 illum
3138 4939 3152 4962 ,
3187 4911 3294 4954 non
3334 4901 3686 4958 eon'l'undctur.

2119 4986 2233 5041 Non
2275 4988 2414 5042 enim
2457 4997 2538 5042 est
2568 4988 2834 5044 distinctio
2861 4987 3028 5044 ,ἰυόωί
3067 4999 3122 5046 et
3156 4984 3347 5046 Crxci.
3388 4981 3522 5048 Nam
3567 4993 3690 5058 idem

2119 5079 2373 5134 Dominus
2394 5079 2654 5147 omnium,
2683 5080 2832 5136 dives
2860 5082 2912 5136 in
2942 5097 3128 5137 omnes
3153 5087 3238 5153 qui
3266 5083 3512 5140 invocant
3534 5085 3685 5141 illum.

2117 5173 2304 5228 Omnis
2344 5175 2484 5229 enim
2527 5175 2845 5247 quicumque
2882 5172 3207 5233 lnroca‘vcri't
3249 5165 3442 5234 nomen
3472 5175 3686 5244 Domini,
3741 5219 3746 5224 .

2118 5268 2296 5326 salvus
2324 5272 2440 5324 crit.

2193 5362 2257 5417 Et
2277 5363 2379 5417 alia
2401 5363 2509 5417 loco
2531 5357 2659 5438 in]
2685 5372 2702 5416 ξ
2733 5361 2810 5418 Tu
2838 5374 3014 5419 autem
3054 5363 3155 5420 [ide
3183 5375 3263 5420 Sta
3291 5357 3313 5397 ³
3345 5384 3360 5441 ς
3403 5365 3510 5420 noli
3539 5367 3684 5421 altum

2119 5462 2326 5526 sapere,
2360 5455 2453 5510 sed
2479 5441 2622 5510 time.
2643 5447 2704 5521 Si
2726 5454 2867 5512 enim
2885 5445 3025 5512 Deus
3050 5441 3382 5519 naturalibus
3407 5454 3570 5515 ramis
3592 5455 3686 5514 non

2183 5613 2199 5678 ξ
2227 5618 2275 5678 ιη
2298 5613 2448 5661 sacris
2463 5608 2642 5678 uiuus.
2664 5623 2752 5678 per
2772 5608 2922 5678 ﬁdem
2941 5608 2993 5676 εις
3011 5579 3221 5678 quam
3239 5607 3404 5674 am

2181 5675 2203 5739 ξ
2226 5675 2312 5739 llic
2326 5686 2463 5723 sacra
2484 5665 2846 5736 Biblia'adduit't,
2863 5665 3245 5739 medim

2183 5735 2994 5800 “amatamamatam.

3740 5261 3750 5296 ι
