3878 6308
83 275 196 335 987

88 392 357 465 pepercit,
386 404 457 445 ne
470 386 609 444 forte
627 400 730 443 nec
751 385 848 443 tibi
865 394 1070 460 parcat.
1092 384 1229 442 Vide
1242 400 1373 455 ergo
1392 383 1687 440 bonitatem

88 496 143 539 et
170 483 523 539 severitatem
553 479 647 537 Dei
674 498 687 534 :
716 480 773 535 in
796 490 895 537 Leos
921 478 1132 549 quidem
1149 477 1236 548 qui
1257 475 1581 541 occiderunt,
1598 489 1687 530 se-

88 578 411 641 veritatem;
436 572 491 629 in
522 582 573 630 te
591 581 769 629 autem
794 571 1083 627 bonitatem
1112 571 1154 638 ³,
1176 570 1224 625 si
1254 568 1607 640 permanseris
1626 566 1687 622 in

86 670 359 724 bonitate.

163 760 230 814 Et
274 758 435 831 paulo
478 766 588 828 post
626 755 775 830 [ne]
807 775 820 811 :
852 755 1090 812 Obsecro
1118 755 1294 824 itaque
1318 769 1434 819 vos,
1476 753 1685 818 fratres,

90 870 185 923 per
214 851 638 907 misericordiam
666 850 761 905 Dei
788 892 803 912 ,
846 860 905 903 ut
944 848 1237 904 exliiheatis
1261 862 1484 916 corpora
1514 857 1689 901 vestra

92 948 324 1002 busdam
356 946 643 1007 viventem,
673 951 933 1008 sanctam,
968 942 1077 996 Deo
1106 941 1424 1011 placentem,
1457 939 1691 994 rationa-

90 1040 194 1096 bile
222 1039 545 1109 obsequium
575 1047 826 1092 vestrum.
880 1036 945 1089 Et
975 1034 1138 1089 nolite
1188 1031 1511 1087 conformari
1564 1031 1686 1085 huic

92 1132 329 1195 saeculo;
361 1131 455 1186 sed
483 1128 845 1185 reformaniiui
876 1128 928 1182 in
943 1127 1173 1181 novitate
1192 1140 1382 1181 sensus
1404 1124 1561 1177 vestri
1592 1141 1605 1176 :
1632 1134 1689 1177 ut

92 1224 335 1293 probetis
368 1237 487 1293 quae
538 1222 610 1276 sit
652 1221 894 1273 voluntas
948 1219 1041 1272 Dei
1090 1218 1247 1280 bona,
1282 1227 1334 1269 et
1362 1216 1597 1285 placens.
1632 1224 1690 1269 et

92 1315 354 1386 perfecta.
386 1313 515 1367 Dico
539 1313 680 1366 enim
705 1327 798 1379 per
818 1310 1039 1380 gratiam
1070 1324 1188 1377 qua:
1219 1307 1340 1361 data
1381 1315 1463 1360 est
1512 1305 1645 1360 mihi
1673 1345 1687 1369 ,

93 1406 345 1461 omnibus
393 1404 482 1474 qui
534 1412 657 1457 sunt
702 1402 839 1456 inter
864 1415 978 1461 vos,
1008 1416 1114 1453 non
1143 1402 1260 1470 plus
1287 1414 1498 1467 sapere
1526 1412 1687 1467 quam

95 1508 306 1567 oportet
328 1511 544 1565 sapere.
570 1496 662 1551 sed
683 1510 873 1562 sapere
901 1493 967 1548 ad
999 1493 1362 1557 sobrietatem,
1403 1490 1690 1559 unicuique

92 1591 227 1646 sicut
258 1590 410 1644 Deus
437 1589 617 1643 divisit
644 1600 949 1642 mensuram
979 1585 1119 1638 fidei.
1154 1584 1304 1639 Sicut
1331 1583 1473 1638 enim
1503 1582 1555 1636 in
1585 1595 1691 1635 uno

92 1698 317 1753 corpore
340 1682 510 1736 multa
543 1680 780 1734 membra
813 1678 1091 1739 habemus,
1116 1676 1294 1730 omnia
1320 1685 1496 1729 autem
1516 1688 1689 1729 mem-

93 1777 185 1831 bra
220 1791 326 1829 non
381 1772 632 1829 enindem
684 1781 859 1824 actum
909 1769 1107 1823 habent
1149 1786 1162 1822 :
1207 1769 1278 1821 ita
1326 1767 1475 1820 multi
1526 1780 1689 1818 uinum

92 1882 287 1937 corpus
316 1881 510 1921 sumus
538 1865 588 1917 in
619 1862 854 1925 Christo,
882 1860 1073 1931 singuli
1109 1869 1285 1913 autem
1311 1858 1448 1913 alter
1473 1857 1691 1917 alterius

94 1960 357 2014 membra.
408 1956 675 2011 Habentes
700 1964 877 2009 autem
904 1954 1220 2007 donationes
1250 1950 1542 2006 secundum
1568 1964 1691 2019 gra-

94 2051 240 2111 tiam,
265 2067 395 2121 qua:
425 2050 546 2102 data
567 2056 649 2101 est
675 2047 849 2109 nobis,
866 2045 1205 2108 differentes;
1228 2044 1340 2097 sive
1360 2042 1689 2112 prophetiam

94 2145 395 2199 secundum
443 2143 704 2196 rationem
752 2140 910 2204 fidei;
957 2139 1070 2194 sive
1112 2138 1485 2201 ministerium,
1512 2137 1561 2189 in
1592 2137 1691 2190 mi—

93 2236 409 2299 nistrando;
442 2235 553 2287 sive
579 2234 667 2303 qui
695 2232 868 2297 docet,
915 2231 966 2285 in
1013 2230 1399 2297 doctrina;qui
1442 2228 1692 2282 exhorta-

96 2336 197 2392 tur,
230 2329 280 2381 in
312 2326 685 2389 exlim'tando;
729 2326 816 2394 qui
849 2324 1051 2387 trilmit,
1102 2323 1153 2377 iu
1195 2322 1562 2391 simplicitate;
1601 2321 1692 2390 qui

94 2431 305 2491 pm'cst,
339 2422 395 2473 in
421 2417 814 2476 sollicitudine;
845 2417 930 2484 qni
960 2416 1271 2477 miseretur,
1303 2414 1354 2468 in
1385 2413 1689 2467 hilaritate:

94 2511 309 2567 dilectio
351 2511 471 2564 sine
502 2510 869 2570 simulatione,
898 2507 1136 2561 odieutcs
1165 2506 1384 2571 malum,
1413 2505 1693 2559 adharrcu-

96 2611 175 2657 tes
197 2603 374 2667 bono;
403 2602 716 2655 charitatcm
736 2600 756 2630 ²
775 2599 1117 2651 fraternitatis
1140 2599 1361 2651 invicem
1384 2597 1686 2668 diligentes,

99 2693 301 2749 honore
320 2694 552 2747 invicem
582 2691 997 2761 przevenientes;
1020 2690 1375 2745 sollicitudine
1406 2708 1508 2743 non
1533 2689 1688 2757 pigri,

97 2787 283 2856 spiritu
316 2786 608 2849 ferventes,
628 2784 858 2836 Domino
899 2782 1189 2836 servientes
1208 2822 1224 2847 ,
1251 2797 1346 2851 spe
1374 2782 1689 2852 gaudentes,

98 2878 509 2934 intribulatiouc
529 2877 810 2945 patientes,
837 2875 1063 2929 orationi
1094 2876 1372 2936 instantes,
1403 2875 1692 2929 necessita-

101 2973 239 3027 tibus
278 2982 589 3027 sanctorum
628 2970 1119 3034 communicantes,
1166 2968 1576 3037 hospitalitatem
1608 2982 1692 3022 se.

101 3075 329 3120 stantes.
367 3064 669 3118 Benedicitc
698 3063 1135 3133 persequentibus
1159 3076 1273 3126 vos,
1304 3060 1619 3123 benedieite,
1640 3068 1695 3113 et

102 3156 263 3210 nolite
311 3155 655 3211 maledicere.
705 3154 949 3208 Gaudere
985 3170 1105 3208 cum
1138 3152 1510 3223 gaudentibus,
1564 3154 1693 3206 flere

102 3262 224 3301 cum
254 3246 529 3301 flentibus.
566 3246 796 3314 Idipsmn
829 3246 1050 3298 inviCem
1083 3245 1389 3298 Sentientcs.
1445 3244 1556 3299 Non
1586 3247 1689 3299 alta

99 3343 392 3411 sapit-Mes,
451 3339 542 3392 scd
602 3337 887 3389 humilibus
917 3337 1329 3390 consi-iitientes.
1358 3336 1534 3389 Nolite
1573 3352 1691 3389 esse

98 3434 392 3503 prudentes
422 3429 557 3499 ame
586 3430 958 3496 vosmetipsos.
1009 3426 1145 3481 Nulli
1179 3426 1376 3479 malum
1425 3442 1523 3495 pro
1554 3428 1693 3480 man

98 3526 420 3581 reddeutcs:
450 3522 784 3591 providentes
812 3520 968 3581 bona,
999 3533 1102 3571 non
1128 3529 1328 3571 tantum
1356 3532 1535 3571 coram
1562 3518 1689 3584 Deo,

99 3618 188 3671 scd
224 3619 389 3672 etiam
420 3631 598 3668 coram
628 3612 874 3667 omnibus
902 3610 1220 3665 hominibus.
1254 3608 1308 3666 Si
1351 3612 1462 3665 fieri
1498 3620 1690 3680 potest,

99 3710 238 3778 quod
271 3726 336 3762 ex
374 3708 523 3762 vobis
547 3717 661 3770 est,
708 3720 828 3759 cum
869 3705 1117 3757 oumibus
1162 3704 1462 3757 hominibus
1509 3720 1691 3774 pacem

102 3798 381 3855 habentes.
410 3799 523 3853 Non
574 3799 929 3866 vosmetipsos
957 3795 1322 3861 defendentes,
1356 3798 1688 3864 charissimi;

100 3891 191 3945 sed
219 3893 343 3946 date
373 3893 548 3945 locum
592 3892 701 3945 it‘:t‘.
729 3892 994 3959 Scriptum
1037 3900 1118 3945 est
1162 3892 1303 3945 enim
1326 3933 1338 3948 .
1372 3890 1495 3944 ΜιΙιί
1524 3891 1693 3945 vindi-

103 3990 261 4049 ctam,
290 4000 390 4053 ego
432 3984 742 4048 retribuam,
772 3983 895 4037 dicit
927 3983 1199 4036 Dominus.
1233 3984 1336 4037 Sed
1375 3984 1417 4036 si
1446 3984 1692 4037 csuricrit

106 4072 354 4127 inimicus
385 4085 520 4139 tuus,
553 4074 667 4128 ciba
697 4076 870 4137 illttm;
902 4075 946 4127 si
973 4074 1104 4137 sitit,
1147 4085 1325 4142 potum
1355 4076 1416 4126 da
1445 4077 1514 4128 illi
1546 4093 1556 4127 :
1594 4075 1693 4129 hoc

102 4167 241 4219 cnim
286 4166 520 4226 fat-iens,
572 4166 831 4219 carbones
864 4167 997 4235 ignis
1029 4182 1286 4234 congeres
1325 4181 1486 4234 sapcr
1532 4177 1693 4237 caput

103 4259 234 4329 ejus.
258 4260 378 4313 Noli
406 4260 542 4313 vinci
571 4277 597 4311 a
630 4260 789 4323 malo,
823 4260 915 4312 sed
947 4260 1011 4311 vii
1035 4274 1097 4313 ce
1128 4261 1177 4312 in
1209 4261 1346 4311 bono
1376 4260 1595 4315 malum.

171 4348 342 4422 [iuri
372 4352 557 4403 Omnis
579 4352 753 4403 anima
780 4353 1124 4418 potestatibus
1145 4351 1542 4406 Suldimioribus
1559 4352 1689 4405 sub-

102 4442 205 4497 dita
234 4449 321 4498 slt.
356 4444 468 4498 Non
499 4454 573 4496 cst
605 4444 745 4496 enim
778 4454 1015 4511 potestas
1037 4445 1133 4497 nisi
1156 4462 1183 4497 τι
1216 4445 1489 4510 Deo.Qu;c
1514 4457 1691 4501 autem

104 4549 223 4591 sunt
252 4556 279 4589 a
317 4539 445 4593 Deo.
471 4537 713 4591 ordinata
735 4548 857 4591 sunt
886 4537 924 4589 ³.
948 4538 1127 4607 Itaque
1156 4539 1245 4607 qui
1274 4541 1470 4593 resistit
1512 4552 1690 4607 petes-

106 4632 213 4697 tati,
249 4632 340 4685 Dei
366 4630 680 4683 ordinationi
713 4632 932 4685 resistit.
961 4632 1059 4698 Qui
1087 4642 1262 4687 autem
1296 4634 1571 4695 resistunt,
1594 4634 1691 4701 ipsi

106 4720 202 4775 sibi
217 4723 613 4775 dmmiationem
638 4723 938 4791 acquirunt.
970 4723 1099 4777 Nam
1148 4726 1409 4792 principes
1441 4741 1543 4778 non
1570 4734 1694 4781 sunt

110 4810 277 4867 timori
310 4816 431 4867 boui
482 4816 682 4884 nperis,
716 4817 808 4869 sed
857 4816 1001 4869 mali.
1040 4816 1127 4869 Vis
1152 4828 1328 4869 animo
1361 4832 1464 4871 noa
1506 4819 1693 4874 timere

108 4908 677 4971 potestatcmHIounm
711 4907 810 4970 fac,
836 4919 887 4962 et
912 4909 1129 4963 habebis
1151 4909 1357 4963 laudem
1373 4926 1439 4964 ex
1470 4911 1573 4964 illa.
1599 4912 1691 4966 Dei

110 4997 245 5050 enim
269 5001 511 5057 minister
538 5010 618 5054 cst
646 5002 736 5054 tibi
762 5002 810 5054 in
838 5001 1058 5055 bonum.
1088 5002 1142 5057 Si
1169 5013 1344 5056 autem
1383 4999 1575 5057 malum
1610 5001 1691 5058 [θα

111 5092 263 5157 ceris,
293 5094 417 5147 time
442 5112 453 5147 :
490 5109 594 5146 non
625 5094 765 5147 enim
795 5095 909 5149 sine
936 5110 1095 5150 causa
1118 5096 1347 5164 gladium
1374 5106 1566 5164 portat.
1597 5096 1688 5149 Dei

114 5182 248 5234 enin:
272 5186 511 5240 minister
536 5196 638 5250 cst,
663 5186 854 5242 vindex
888 5188 938 5240 in
982 5189 1110 5241 iram
1141 5189 1190 5242 ci
1220 5188 1307 5257 qui
1342 5191 1533 5242 malum
1559 5189 1687 5258 agit.

113 5267 231 5327 Ideo
267 5280 579 5334 necessitate
610 5282 834 5349 subjecti
862 5291 1066 5345 estote,
1109 5296 1211 5335 non
1248 5284 1422 5337 soluat
1475 5290 1695 5353 promer

114 5452 263 5565 ab23s!!!)
286 5456 499 5521 vulgata,
669 5456 938 5521 bomtatem,
959 5458 1167 5517 mittitur,
1194 5456 1284 5509 Dei
1303 5470 1322 5509 .'
1339 5460 1468 5523 quod
1489 5472 1517 5510 a
1535 5472 1695 5523 mo

181 5551 417 5647 Tsie‘olim
438 5581 609 5647 habuit
630 5583 827 5647 vulgata
852 5599 863 5634 :
891 5590 941 5647 at
956 5583 1422 5647 nunccmendatins,
1439 5582 1691 5636 clmritate.

114 5640 493 5750 ξειῧειίιιωιιιιο
516 5645 658 5707 intra,
676 5640 803 5707 loco,
826 5646 944 5699 mihi
962 5646 1238 5709 madidam,
1264 5640 1431 5708 habet,
1454 5647 1573 5699 mihi
1596 5647 1696 5702 viu-

176 5740 271 5815 Γιιὶ
286 5770 439 5821 mis
661 5769 1056 5826 ordinatcsmt:
1080 5772 1290 5827 ωιιωιιιὶ
1308 5781 1599 5837 puteum

1330 262 2127 328 eummissum.

3279 267 3389 330 998

1800 376 1962 445 iram,
1994 376 2090 434 sed
2116 386 2171 434 et
2196 386 2418 448 propter
2437 380 2844 439 conscientiam.
2879 381 3010 447 Ideo
3048 384 3267 453 enimet
3294 386 3390 453 tri-

1796 466 1922 526 buta
1951 470 2235 540 praestatis.
2277 469 2659 526 Ministricuim
2684 473 2777 529 Dei
2817 482 2961 535 sunt,
2998 474 3051 529 ia
3081 475 3180 529 hoc
3205 456 3382 547 ipsum

1797 560 2110 618 servientes.
2153 560 2380 617 Reddite
2425 562 2675 618 omnibus
2700 564 2917 632 debita;
2951 565 3035 633 cui
3086 567 3338 622 tributum
3366 612 3383 638 ,

1800 655 2087 719 tributum;
2118 655 2203 709 cui
2234 656 2475 724 vectigal,
2505 656 2769 727 vectigal;
2795 658 2877 712 cui
2928 659 3196 726 timorem,
3231 662 3386 717 timo-

1797 762 1946 811 rem;
1977 747 2059 800 cui
2091 745 2371 813 honorem,
2417 747 2698 805 honorem.
2725 748 2931 809 Nemini
2963 750 3248 821 quidquam
3290 753 3387 807 de-

1797 837 1987 904 licatis,
2008 838 2107 892 nisi
2130 848 2187 892 ut
2208 839 2432 893 invicem
2460 840 2711 910 diligatis.
2735 841 2833 908 Qui
2861 843 3002 901 enim
3025 843 3195 911 diligit
3220 845 3389 909 proxi-

1798 944 1965 990 mum,
2005 928 2198 998 Legem
2251 930 2509 997 implevit.
2552 929 2716 996 Nam,
2741 920 2851 984 Non
2897 933 3240 996 adullcrahis,
3273 931 3387 989 Non

1798 1020 2027 1085 occides,
2048 1020 2161 1075 Non
2183 1019 2465 1088 furaberis,
2485 1020 2598 1075 Non
2627 1021 2812 1075 falsum
2835 1025 3190 1077 testimonium
3221 1026 3385 1086 dices.

1798 1111 1911 1166 Non
1938 1115 2304 1182 cencopisces,
2337 1123 2389 1167 ct
2416 1116 2459 1167 si
2510 1114 2649 1183 quod
2690 1116 2936 1169 estaliud
2966 1119 3292 1180 mandatum,
3329 1120 3379 1174 in

1800 1202 1900 1256 hoc
1927 1206 2089 1259 verbo
2120 1205 2465 1267 instauratur,
2516 1205 2713 1275 Diliges
2747 1209 3047 1278 proximum
3076 1219 3220 1263 tuum
3252 1212 3388 1266 sicut

1801 1294 2045 1363 tcipsum.
2079 1296 2300 1349 Dilectio
2348 1296 2572 1363 proximi
2613 1298 2807 1350 malmn
2842 1316 2945 1352 non
2973 1312 3242 1367 operatur.
3268 1302 3386 1356 Plc-

1798 1386 1983 1439 nilndo
2012 1403 2137 1456 ergo
2157 1387 2309 1456 chis
2330 1398 2412 1441 est
2440 1388 2671 1442 dilectio.
2697 1389 2757 1443 Et
2777 1390 2876 1443 hoc
2898 1390 3127 1446 scientes
3154 1402 3383 1462 lClIIpUS,

1797 1476 1919 1544 quia
1950 1476 2079 1529 hora
2105 1486 2187 1531 est
2208 1483 2318 1545 jam
2350 1493 2449 1533 nos
2494 1478 2562 1533 de
2594 1494 2782 1533 somno
2803 1495 3041 1549 surgere.
3077 1481 3223 1536 None
3244 1484 3385 1537 enim

1799 1570 2012 1637 pr0pior
2036 1580 2115 1623 est
2140 1580 2319 1623 nostra
2345 1570 2508 1634 salus,
2546 1586 2709 1639 quam
2744 1585 2864 1626 eum
2896 1574 3238 1627 credidimus.
3273 1574 3386 1631 Nox

1800 1664 2091 1731 praecessit,
2108 1663 2409 1717 dicsautem
2429 1665 2890 1733 apprOpioqnavit.
2914 1665 3241 1733 Ahjiciamus
3260 1683 3388 1737 ergo

1798 1768 1957 1823 opera
1993 1754 2364 1815 tenebrarum,
2387 1765 2441 1809 ct
2473 1754 2753 1815 induantur
2788 1770 2936 1810 arma
2965 1757 3096 1810 locis
3127 1775 3139 1809 :
3169 1757 3303 1812 sicut
3337 1759 3387 1813 in

1797 1845 1903 1911 die,
1948 1832 2171 1900 honeste
2213 1846 2566 1911 ambulemus,
2599 1863 2700 1899 non
2734 1847 2783 1900 in
2813 1848 3290 1904 comessationibas
3333 1857 3421 1905 et.

1797 1938 2165 2001 ebrietatibus,
2200 1955 2302 1991 non
2334 1940 2384 1992 in
2419 1938 2680 1992 cubilibus
2710 1948 2763 1993 et
2790 1939 3148 2008 impudicitiis,
3187 1957 3291 1996 non
3332 1941 3384 1995 in

1798 2031 2137 2084 Contentione
2164 2039 2219 2084 et
2263 2031 2632 2095 :emulatione;
2664 2029 2755 2084 sed
2802 2031 3075 2083 induimini
3106 2032 3387 2087 Dominum

1797 2121 1977 2176 .Iesum
2007 2122 2299 2176 Christum.
2330 2121 2397 2175 Et
2426 2124 2603 2177 carnis
2627 2136 2808 2176 curam
2848 2138 2915 2176 ne
2941 2120 3172 2177 feceritis
3196 2121 3250 2177 in
3289 2122 3387 2179 de-

1798 2213 2026 2268 sidcriis.

1872 2304 2027 2380 [xm]
2070 2306 2339 2361 Inlirmum
2370 2314 2543 2360 autem
2584 2304 2637 2360 in
2667 2304 2767 2361 fide
2799 2305 2816 2339 ¹
2867 2306 3153 2370 assumite,
3186 2321 3289 2361 non
3329 2308 3381 2371 in

1799 2400 2273 2468 disceptationibus
2290 2401 2689 2469 cogitationum.
2722 2400 2869 2455 Alius
2886 2399 3026 2454 enim
3047 2401 3215 2456 credit
3244 2418 3391 2455 man-

1799 2490 1999 2545 ducare
2026 2492 2203 2544 omnia
2236 2509 2249 2545 :
2280 2490 2367 2560 qui
2398 2500 2571 2544 autem
2606 2489 2845 2545 infirmus
2864 2502 2965 2556 cst,
2987 2490 3131 2545 olera
3165 2492 3391 2547 mandu-

1799 2592 1904 2637 cet.
1930 2583 1974 2636 Is
1997 2584 2084 2653 qni
2119 2582 2421 2650 manducat,
2440 2599 2543 2638 non
2572 2583 2976 2639 manducantem
3006 2601 3108 2637 non
3136 2596 3387 2656 spernat:

1800 2686 1853 2729 et
1877 2675 1964 2745 qni
1986 2690 2088 2727 non
2118 2672 2842 2739 manducat,manducantem
2872 2674 3223 2744 nonjudicet;
3254 2677 3391 2732 Dcus

1800 2766 1941 2820 enim
1975 2765 2121 2819 illum
2153 2765 2555 2835 assutnpsiI.Ttt
2584 2767 2704 2835 quis
2724 2782 2782 2820 es
2811 2766 2897 2835 qui
2920 2765 3127 2836 judices
3157 2768 3389 2825 alienum

1800 2860 2049 2913 servum?
2077 2860 2185 2913 Suo
2223 2857 2442 2912 demino
2470 2866 2593 2924 stat,
2624 2868 2717 2911 aut
2756 2857 2899 2912 cadit
2927 2876 2939 2910 :
2983 2859 3143 2913 stabit
3172 2872 3385 2927 autem;

1802 2960 1989 3020 potens
2021 2959 2103 3004 est
2123 2950 2260 3003 enim
2278 2950 2415 3003 Deus
2432 2959 2665 3004 statuere
2692 2950 2860 3004 illum.
2879 2949 3009 3005 Nam
3038 2952 3171 3005 alius
3195 2952 3392 3021 indicat

1800 3041 1939 3095 diem
1977 3041 2113 3094 inter
2140 3040 2278 3094 diem
2301 3083 2314 3103 ,
2364 3042 2502 3094 alius
2532 3039 2737 3110 judicat
2776 3056 2988 3096 omnem
3020 3042 3182 3097 diem.
3218 3042 3393 3099 Unus-

1799 3134 2022 3202 quisque
2046 3133 2096 3185 in
2124 3146 2222 3185 suo
2243 3147 2401 3185 sensu
2427 3131 2679 3186 abundet.
2704 3131 2955 3201 Quisapit
2980 3132 3143 3197 diem,
3166 3134 3390 3188 Domino

1800 3225 1937 3292 sapit
1972 3242 1984 3276 :
2030 3233 2082 3277 ct
2114 3224 2203 3291 qui
2256 3224 2560 3290 manducat,
2590 3223 2817 3281 Domino
2854 3225 3133 3278 matiducat
3156 3244 3169 3291 ;
3195 3228 3390 3298 gratias

1801 3315 1941 3370 enim
1980 3316 2085 3384 agit
2120 3315 2247 3368 Deo.
2280 3314 2344 3367 Et
2386 3316 2471 3384 qui
2520 3330 2624 3368 non
2666 3316 2979 3382 manduCat,
3010 3317 3241 3379 Domino
3282 3333 3387 3375 non

1802 3406 2105 3471 manducat,
2139 3416 2192 3459 et
2230 3406 2425 3475 gratias
2453 3408 2558 3477 agit
2582 3408 2712 3461 Deo.
2741 3407 2911 3463 Nemo
2954 3411 3097 3465 enim
3146 3423 3388 3467 nostrum

1800 3497 1900 3551 sibi
1929 3498 2069 3563 vivit,
2102 3508 2152 3552 ct
2182 3512 2340 3552 nemo
2367 3496 2466 3550 sibi
2502 3499 2743 3552 moritur.
2796 3499 2919 3555 Sive
2961 3503 3102 3556 enim
3133 3502 3379 3570 vivimus,

1802 3588 2029 3643 Domino
2074 3576 2299 3641 vivimus
2329 3605 2341 3640 :
2378 3588 2489 3642 sive
2521 3588 2803 3653 morimur,
2836 3590 3066 3646 Domino
3104 3596 3385 3651 morimur.

1803 3681 1925 3734 Sive
1955 3696 2083 3750 ergo
2110 3681 2354 3744 vivimus,
2385 3681 2496 3735 sive
2527 3682 2819 3750 morimur,
2850 3684 3055 3738 Domini
3077 3700 3281 3742 sumus.
3330 3687 3388 3743 In

1802 3772 1905 3827 hoc
1934 3772 2074 3826 enim
2098 3772 2339 3828 Christus
2365 3783 2417 3825 et
2445 3784 2684 3827 mortuus
2713 3785 2812 3836 est,
2846 3786 2899 3829 et
2927 3777 3234 3841 reSurrexit,
3257 3789 3379 3835 utet

1802 3874 2199 3918 mortunrumet
2228 3866 2466 3917 vivorum
2496 3865 2816 3921 dominetur.
2837 3864 2916 3922 Tu
2940 3877 3137 3936 autem,
3163 3871 3390 3943 quidjtt-

1802 3958 1948 4011 dicas
1990 3960 2203 4012 fratrem
2258 3960 2440 4011 timui?
2482 3968 2571 4012 aut
2622 3966 2675 4013 tu
2720 3976 2881 4030 quare
2920 3964 3129 4031 Spernis
3177 3962 3389 4021 fratrem

1804 4053 1988 4106 tuum?
2017 4054 2221 4107 Omnes
2270 4054 2409 4107 enim
2460 4053 2716 4106 stabimus
2767 4062 2889 4108 ante
2936 4056 3163 4110 tribunal
3211 4056 3298 4111 Dei
3330 4061 3389 4113 ².

1802 4143 2066 4216 S:-rip:um
2095 4158 2169 4200 e5!
2205 4148 2366 4212 enim,
2398 4145 2528 4198 Vivo
2558 4161 2676 4215 ego,
2696 4145 2822 4200 dicit
2852 4146 3121 4211 Dominus,
3143 4152 3390 4218 quoniam

1804 4239 1931 4292 ιιιίιει
1966 4238 2209 4292 flecti-tur
2233 4253 2390 4290 onmc
2412 4250 2633 4306 genu,ct
2663 4236 3024 4309 omnislingua
3055 4241 3389 4295 COillilClIllUl

1802 4330 1931 4384 Deo.
1968 4329 2149 4398 Itaque
2202 4330 2565 4397 tnmsquisquc
2606 4338 2845 4382 nostrum
2897 4344 2994 4398 pro
3041 4344 3099 4384 se
3129 4330 3387 4385 rationem

1800 4421 1986 4477 reddet
2019 4422 2147 4474 Deo.
2198 4420 2310 4474 Non
2362 4435 2491 4489 ergo
2528 4419 2757 4489 amplius
2806 4421 3027 4475 invicem
3065 4422 3385 4490 jndiccmus.

1800 4515 1902 4570 Sed
1928 4515 2027 4567 huc
2055 4512 2222 4581 magis
2247 4512 2503 4581 indicate,
2534 4528 2600 4565 ne
2640 4512 2851 4581 ponatis
2878 4512 3253 4568 offendiculqu
3284 4516 3387 4570 fra-

1802 4607 1973 4662 tribus
2002 4608 2083 4661 vel
2113 4607 2439 4660 scandalum.
2460 4605 2657 4659 Seiuct
2680 4604 2890 4659 confido
2919 4607 2969 4659 in
2998 4606 3220 4661 Domino
3241 4607 3389 4678 Jesu,

1802 4704 1925 4773 quia
1956 4702 2085 4755 nihil
2117 4716 2400 4756 commune
2432 4714 2526 4769 per
2553 4700 2746 4769 ipsum,
2797 4699 2896 4752 nisi
2920 4700 2969 4754 ei
2996 4702 3084 4769 qui
3123 4702 3392 4759 existimat

1802 4796 1926 4865 quid
1953 4810 2233 4849 commune
2263 4808 2400 4858 esse,
2428 4792 2509 4848 illi
2548 4807 2835 4848 commune
2859 4801 2961 4848 est.
2995 4794 3050 4849 Si
3094 4797 3234 4850 enim
3268 4812 3391 4865 pro-

1802 4897 1921 4958 pter
1946 4886 2120 4941 cibum
2146 4886 2437 4939 fratertuus
2460 4885 2824 4952 contristatur,
2843 4885 2950 4956 iam
2972 4902 3074 4940 non
3097 4889 3390 4943 secundum

1802 4978 2116 5033 charitatcm
2142 4978 2400 5032 ambulas.
2433 4977 2547 5031 Noli
2574 4976 2700 5032 cibo
2728 4986 2817 5031 tuo
2845 4979 2992 5031 illum
3024 4979 3264 5047 perdere.
3292 4996 3386 5047 pro

1800 5084 1907 5141 quo
1953 5070 2195 5125 Christus
2240 5079 2481 5123 mortuus
2518 5080 2621 5125 est.
2662 5069 2783 5125 Non
2818 5085 2947 5139 ergo
2996 5070 3392 5139 blasphcmetur

1802 5163 2001 5220 bonum
2050 5174 2310 5218 nostrum.
2343 5162 2458 5218 Non
2505 5165 2648 5219 enim
2677 5174 2761 5219 cst
2788 5180 3008 5234 regnum
3051 5166 3141 5219 Dei
3170 5181 3289 5219 esca
3339 5179 3391 5223 et

1802 5264 1996 5326 potus,
2047 5256 2140 5310 scd
2188 5254 2389 5326 justitia
2429 5265 2484 5309 et.
2538 5271 2640 5324 pax
2699 5264 2753 5308 et.
2804 5254 3054 5325 gaudium
3097 5257 3148 5311 in
3189 5259 3392 5327 Spiritu

1802 5348 2129 5415 sancto.Qui
2157 5348 2298 5403 enim
2332 5348 2381 5399 in
2428 5346 2530 5401 hoc
2577 5348 2741 5402 servit
2768 5346 2999 5414 Christo,
3035 5350 3207 5418 placet
3260 5352 3389 5419 Dco,

1868 5462 2021 5529 fEditi
2050 5461 2311 5517 habebant,
2339 5457 2577 5529 inﬁdcm.
2624 5467 2680 5510 AI.
2717 5469 2823 5513 Mss.
2863 5463 3005 5525 juxta
3031 5466 3297 5529 \‘ulgatam,
3341 5476 3393 5518 nt

1800 5519 1917 5588 ﬁde.
1947 5532 2237 5588 t‘raqaisnio,
2261 5536 2329 5579 tu,
2353 5519 2492 5588 abest
2516 5536 2542 5569 a
2566 5537 2744 5588 διηθεῖς).

1862 5588 1884 5618 ²
1911 5586 2105 5648 Vulgata
2145 5588 2190 5633 in
2235 5586 2443 5641 excusis,
2481 5585 2590 5637 wttc
2626 5585 2835 5637 ttibunal
2856 5586 3034 5638 Christi
3054 5602 3071 5638 .'
3094 5596 3144 5639 at
3180 5590 3259 5639 Ilia
3283 5594 3393 5643 eum

1802 5646 1893 5698 hoc
1915 5646 2115 5717 speculo
2137 5650 2393 5717 concordat
2425 5648 2471 5717 ia
2504 5649 2713 5717 antiquis
2740 5652 2887 5717 Cor_h._
2920 5650 3109 5717 ijibliis;
3136 5654 3184 5703 in
3216 5656 3396 5717 quibus

1800 5718 1953 5760 etum
1971 5714 2188 5777 subseqtt
2196 5712 2556 5781 entiversiculo
2572 5712 2747 5775 habet,
2766 5710 2890 5766 mild
2905 5712 3069 5777 ﬂectet.
3078 5728 3099 5780 ,‘
3116 5710 3257 5779 λιιιιὲ
3267 5730 3399 5781 grta.

1802 5782 1934 5837 etuti,
1954 5773 2330 5837 ωωίεαειιμιεὶ.
