3878 6296
548 266 656 332 999

548 401 604 449 et
645 389 898 462 probatus
936 391 1020 441 est
1058 375 1385 436 hominibus.
1435 370 1618 444 Itaque
1656 385 1776 442 qute
1801 367 1948 439 pacis
1988 372 2132 462 sunt,

548 454 838 547 sectemur,
864 487 920 534 et
944 491 1064 548 qua:
1088 469 1454 529 :cdiftcationis
1481 464 1672 522 suntin
1691 461 1915 517 invicem
1948 460 1987 510 ί.
2013 454 2134 512 Noli

547 589 769 650 propter
798 586 976 629 escam
1008 567 1287 624 destruere
1342 575 1477 633 opus
1531 559 1643 614 Dei.
1675 554 1866 612 Omnia
1916 551 2134 624 quidem

547 641 744 727 munda
775 673 932 730 sunt;
983 659 1077 717 sed
1104 657 1301 714 malum
1331 663 1414 710 est
1439 649 1643 708 homini
1673 648 1761 720 qui
1787 662 1884 718 per
1906 641 2134 700 olfeudi-

544 761 722 817 culum
754 752 1280 812 mantlucat.Bonum
1307 756 1389 803 est
1413 761 1517 801 non
1544 739 1867 798 manducare
1894 749 2130 800 carnem,

545 864 602 912 et
630 869 734 908 non
762 849 945 906 bibere
969 846 1150 901 vinum
1185 861 1198 897 :
1229 855 1400 912 neque
1427 838 1483 893 in
1511 850 1619 907 quo
1642 832 1807 888 frater
1831 839 1952 884 tuus
1967 827 2137 882 offen-

547 947 690 1002 ditur
715 946 759 1008 ³,
786 949 878 997 aut
925 936 1330 998 scandalizatur,
1377 939 1470 984 aut
1512 927 1831 984 infirmatur.
1863 922 1944 977 Tu
1972 920 2133 976 ﬁdem

549 1037 712 1092 habes
738 1034 759 1066 ³
785 1047 947 1104 penes
979 1024 1356 1096 temetipsum?
1384 1021 1521 1077 habe
1552 1034 1730 1074 coram
1762 1017 1889 1071 Deo.
1939 1013 2133 1069 Beatus

546 1129 636 1199 qui
665 1100 996 1194 nonvjudicat
1041 1118 1385 1188 semetipsum
1437 1113 1490 1167 in
1517 1127 1582 1166 eo
1612 1108 1752 1180 quod
1793 1105 2001 1176 probat.
2030 1100 2133 1199 Qui

546 1193 723 1276 autem
748 1193 1022 1279 discernit,
1048 1213 1091 1268 si
1123 1205 1542 1268 manducavcrit,
1565 1201 1852 1257 damnatus
1871 1204 1983 1260 est;
2011 1193 2130 1264 quia

545 1327 649 1368 non
669 1326 735 1366 ex
765 1308 890 1365 ﬁtle.
908 1307 1079 1363 Omne
1109 1311 1288 1358 autem
1308 1297 1448 1370 quod
1474 1311 1578 1350 non
1599 1302 1682 1348 est
1709 1306 1773 1346 ex
1803 1287 1926 1355 ﬁde,
1946 1299 2132 1358 pecca-

544 1414 654 1460 tum
681 1409 782 1458 est.

616 1490 758 1566 [xm]
772 1490 1037 1546 Debemus
1048 1494 1224 1540 autem
1241 1496 1340 1546 nos
1358 1478 1622 1536 ﬁrmiores
1637 1474 2026 1531 imbecillitates
2048 1471 2130 1524 in-

542 1563 818 1642 ﬁrmarunt
848 1581 1129 1643 sustinere,
1160 1586 1214 1632 et
1235 1590 1340 1630 non
1372 1571 1527 1627 nobis
1556 1569 1786 1641 placere.
1829 1563 2128 1633 Unusquis-

541 1694 646 1751 que
671 1686 911 1732 nostrum
938 1672 960 1704 ⁸
990 1672 1233 1743 proximo
1257 1681 1354 1722 suo
1386 1665 1588 1737 placeat
1610 1662 1661 1716 in
1679 1662 1876 1716 bonum
1903 1655 1970 1710 ad
1994 1655 2127 1710 mdi-

540 1749 865 1827 ﬁcationcm.
887 1765 1098 1822 Etenim
1125 1761 1366 1818 Christus
1384 1773 1488 1813 non
1506 1756 1604 1812 sibi
1624 1753 1839 1826 placuit,
1857 1751 1973 1818 sed,
1992 1749 2130 1804 sicut

538 1863 796 1932 scriptum
825 1869 926 1926 est,
951 1853 1272 1927 lmproperia
1295 1847 1769 1922 improperantium
1792 1843 1886 1898 tibi
1916 1840 2126 1897 cecide-

541 1966 666 2014 runt
690 1970 853 2026 super
877 1968 982 2008 me.
1011 1951 1370 2018 Quacumque
1409 1951 1588 2000 autem
1633 1940 1830 2008 scripta
1882 1944 2025 2000 sunt,
2059 1932 2124 1988 ad

541 2059 775 2109 nostram
803 2047 1099 2104 doctrinam
1131 2041 1328 2112 scripta
1358 2047 1501 2101 sunt,
1535 2044 1594 2091 ut
1623 2049 1721 2106 per
1751 2029 2058 2103 patientiam
2074 2035 2128 2082 et

539 2143 962 2202 consolationem
996 2137 1388 2204 Scriptttrarutn
1446 2144 1598 2201 spem
1629 2127 1938 2182 habeamus.
1986 2123 2125 2177 Deus

538 2247 716 2294 autem
747 2232 1012 2306 patientia:
1031 2240 1086 2286 et
1112 2227 1286 2284 solatii
1311 2227 1402 2281 det
1430 2223 1580 2278 vobis
1606 2221 1832 2290 idipsum
1856 2231 2044 2288 sapere
2072 2214 2127 2268 in

539 2328 852 2384 alterutrum
879 2321 1172 2380 secundum
1204 2319 1386 2376 Jcsum
1441 2315 1734 2380 Christum,
1761 2323 1820 2368 ut
1847 2311 2124 2366 unanimes

541 2436 647 2477 uno
671 2434 764 2475 ore
803 2414 1160 2473 honoriﬁcetis
1187 2411 1355 2467 Deum
1381 2420 1434 2466 et
1476 2408 1686 2462 Patrem
1719 2402 1924 2459 Domini
1957 2399 2125 2456 nostri

538 2511 664 2568 Jesu
691 2509 906 2565 Christi.
938 2507 1164 2577 Propter
1206 2501 1348 2574 quod
1393 2497 1648 2566 suscipite
1691 2496 1939 2558 invicem,
1988 2493 2124 2546 sicut

537 2615 591 2660 et
617 2601 862 2658 Christus
881 2597 1115 2668 suscepit
1141 2611 1236 2651 vos
1267 2596 1320 2648 in
1351 2593 1607 2647 honorem
1629 2588 1742 2644 Dei.
1776 2586 1840 2640 Et
1865 2587 2126 2655 aliquanto

538 2705 688 2766 post:
734 2691 1100 2748 Probaverunt
1129 2689 1270 2744 enim
1309 2683 1618 2740 Macedonia
1645 2687 1700 2736 et
1735 2678 1930 2734 Achaia
1962 2677 2127 2732 colla-

538 2789 735 2842 tionem
779 2783 1008 2853 aliquam
1052 2779 1226 2834 facere
1266 2777 1318 2831 in
1352 2787 1612 2847 pauperes
1651 2779 1990 2834 sanctorum,
2037 2767 2125 2835 qui

536 2889 662 2938 sunt
689 2881 742 2935 in
765 2877 1082 2934 Jerusalem.
1111 2872 1317 2928 Placuit
1348 2869 1491 2924 enim
1521 2867 1620 2932 eis,
1639 2874 1694 2919 et
1712 2864 1984 2920 debitores
2003 2868 2128 2914 sunt

535 2989 742 3030 eorum.
790 2969 922 3025 Nam
953 2967 1001 3022 si
1049 2964 1404 3036 spiritualium
1450 2974 1634 3015 eorum
1684 2956 1966 3028 participes
2002 2951 2126 3007 facti

535 3074 660 3121 Sunt
685 3061 946 3125 Gentiles,
977 3056 1174 3111 debent
1199 3069 1246 3108 et
1280 3053 1330 3106 itt
1361 3049 1663 3106 carnalibus
1699 3046 2000 3100 ministrare
2024 3043 2122 3097 eis.

537 3155 606 3211 Et
637 3163 746 3227 post
773 3167 961 3223 paucos
990 3165 1156 3204 versus
1177 3164 1196 3202 :
1221 3146 1454 3202 Obsecro
1481 3142 1639 3214 igitur
1655 3155 1770 3206 vos,
1805 3140 2011 3204 fratres,
2031 3152 2128 3208 per

538 3246 820 3304 Dominum
853 3252 1094 3298 nostrum
1124 3239 1304 3296 Jesum
1339 3236 1611 3293 Christum
1632 3276 1646 3300 ,
1688 3244 1740 3289 et
1769 3247 1866 3304 per
1893 3230 2126 3286 Charita-

537 3350 643 3395 tem
667 3337 894 3407 Spiritus
919 3335 964 3402 ⁸,
994 3343 1052 3389 ut
1069 3332 1134 3388 ad
1155 3331 1349 3403 juvetis
1376 3345 1462 3384 me
1480 3328 1530 3382 in
1555 3326 1884 3383 orationibus
1914 3339 2008 3394 pro
2038 3336 2126 3377 me

534 3431 603 3488 ad
627 3432 815 3489 Deum.

609 3523 675 3579 Et
702 3523 854 3596 paulo
889 3529 1001 3592 post
1026 3516 1186 3593 [ενι]
1218 3536 1230 3571 :
1260 3517 1411 3588 Rogo
1452 3523 1629 3570 autem
1658 3527 1752 3567 vos
1771 3554 1786 3579 ,
1816 3510 2038 3576 fratres,
2070 3518 2128 3564 ut

537 3614 836 3673 observetis
864 3627 960 3669 eos
987 3611 1076 3683 qui
1107 3608 1473 3664 dissensiones
1497 3615 1551 3662 et
1575 3603 1908 3670 offendicula,
1933 3613 2129 3674 praeter

536 3709 834 3766 doctrinam
858 3721 1015 3777 quam
1033 3719 1127 3758 vos
1151 3701 1431 3766 didicistis,
1449 3698 1679 3761 faciunt;
1707 3705 1762 3752 et
1778 3695 2040 3752 declinate
2061 3693 2128 3748 ab

539 3801 640 3858 eis.
689 3795 1006 3868 Hujusmodi
1062 3794 1206 3850 enim
1250 3789 1467 3846 Christo
1508 3789 1732 3844 Domino
1785 3795 1966 3842 nostro
2020 3799 2128 3840 non

541 3890 802 3952 serviunt,
842 3885 937 3942 sed
967 3900 1065 3940 suo
1098 3883 1296 3947 ventri,
1332 3891 1388 3936 et
1421 3897 1515 3951 per
1540 3880 1729 3935 dulces
1755 3893 2030 3934 sermones
2074 3885 2130 3932 ct

541 3979 942 4037 benedictioncs
983 3975 1247 4032 seducunt
1294 3972 1458 4028 corda
1505 3971 1889 4027 innocentium.
1935 3967 2127 4024 Vestra

539 4072 680 4129 enim
711 4069 1010 4126 obcdientia
1033 4069 1088 4122 in
1123 4081 1336 4122 omnem
1360 4064 1533 4119 locum
1560 4062 1825 4133 divulgata
1852 4071 1950 4118 est.
1983 4060 2130 4117 Gau-

539 4165 642 4223 deo
671 4164 827 4237 igitur
870 4162 922 4218 in
957 4161 1108 4216 vobis
1145 4177 1158 4214 :
1195 4157 1292 4215 sed
1320 4159 1444 4214 volo
1480 4172 1577 4214 vos
1619 4158 1887 4227 sapientes
1929 4154 2127 4211 essein

540 4258 703 4323 bono,
729 4266 784 4312 et
801 4254 1072 4326 simplices
1091 4253 1143 4308 in
1175 4251 1338 4309 malo.

663 4371 752 4428 DE
792 4369 1118 4427 EPISTOLA
1156 4367 1216 4422 Β.
1249 4364 1455 4423 PAULI
1479 4365 1570 4421 AD
1593 4359 2019 4421 CORINTHIOS.

613 4485 765 4559 [Cap.
785 4502 821 4540 t.
842 4483 862 4558 ]
888 4483 1124 4540 Obsecro
1146 4490 1320 4537 autem
1338 4495 1454 4547 vos,
1479 4478 1691 4547 fratres,
1707 4493 1802 4549 per
1816 4491 2005 4533 nomen
2019 4474 2129 4531 Do-

546 4581 678 4636 mini
699 4578 823 4635 Jesu
864 4577 1088 4639 Christi,
1119 4584 1179 4630 ut
1204 4575 1432 4645 idipsum
1460 4574 1647 4630 dicatis
1686 4587 1892 4637 omnes,
1921 4579 1976 4626 et
2020 4584 2129 4625 non

544 4671 647 4726 sint
671 4671 722 4725 in
754 4669 906 4726 vobis
932 4668 1238 4724 schismata.
1256 4667 1383 4722 Sitis
1413 4677 1591 4722 autem
1615 4664 1835 4736 perfec1i
1861 4666 1912 4718 in
1940 4662 2129 4719 eodem

546 4779 733 4832 sensu,
761 4772 815 4820 et
859 4763 914 4818 in
944 4763 1131 4818 cadem
1162 4761 1448 4816 sententia.
1488 4760 1851 4831 Significatum
1881 4769 1962 4813 est
1985 4756 2129 4813 enim

541 4859 674 4916 mihi
701 4858 767 4914 de
793 4856 964 4920 vobis,
995 4853 1190 4910 fratres
1241 4853 1368 4922 mei,
1396 4852 1464 4908 ab
1490 4853 1573 4908 his
1611 4853 1700 4922 qui
1745 4859 1869 4906 sunt
1890 4849 2088 4906 Chloes
2111 4893 2128 4918 ,

543 4954 665 5025 quia
691 4951 1062 5008 contentiones
1102 4948 1241 5002 inter
1288 4961 1384 5001 vos
1412 4954 1554 5000 sunt.
1605 4945 1715 5000 Hoc
1767 4953 1941 4999 autem
1977 4944 2128 5012 dico,

543 5044 686 5120 quod
725 5044 1088 5117 unusquisque
1132 5050 1367 5097 vestrum
1407 5040 1564 5108 dicit,
1599 5039 1712 5110 Ego
1755 5037 1968 5110 quidem
2013 5054 2132 5094 sum

611 5185 629 5217 ⁸
660 5188 711 5233 In
735 5181 879 5234 editis
901 5187 953 5231 et
981 5182 1033 5230 in
1052 5176 1255 5242 Vulgata
1278 5186 1405 5242 post,
1427 5176 1645 5239 bwicem,
1662 5177 1867 5239 additur,
1891 5177 2134 5229 custodia-

541 5259 650 5298 mus
674 5258 692 5296 :
715 5245 843 5309 quod
867 5245 1071 5294 verbum
1091 5243 1235 5292 abest
1253 5255 1283 5292 a
1309 5249 1417 5293 Mss.
1444 5248 1495 5292 et
1512 5242 1574 5291 ab
1593 5242 1804 5306 antiquis
1822 5242 1960 5291 Corb.
1995 5242 2133 5306 Blbl.,

541 5320 638 5360 nec
659 5314 738 5358 est
756 5309 804 5358 iu
827 5318 1005 5370 graeco.

606 5371 627 5402 ¹
651 5378 699 5421 In
721 5366 999 5420 wnutcnsi
1021 5367 1212 5432 Speculi
1234 5367 1398 5419 codice
1417 5375 1469 5419 et
1489 5368 1540 5418 in
1559 5368 1698 5419 Oorb.
1724 5366 1902 5430 Bibliis,
1919 5367 2132 5432 oﬂ’endil.

542 5441 594 5486 tn
611 5445 790 5499 meo,
817 5430 1082 5499 proscoptéi
1103 5443 1120 5482 :
1145 5431 1192 5481 id
1203 5441 1310 5499 _est,
1337 5432 1574 5499 impingit.

651 5501 726 5570 Er.
751 5490 899 5570 Lugd.
925 5490 1044 5570 gen.
1066 5500 1178 5570 inv.
1198 5492 1363 5570 ferunt
1392 5490 1417 5544 ε’
1438 5490 1673 5570 ﬁdi?!
1689 5490 2008 5570 quam/talus:
2043 5499 2102 5544 Μ.

545 5553 961 5673 “ng-speculi
991 5555 1200 5619 codices,
1234 5557 1376 5620 juxta
1419 5553 1588 5620 grece,
1611 5553 1798 5606 Ιιέηἰὸη.
1823 5562 1880 5606 At
1915 5555 2136 5621 Vulgata,

606 5681 1041 5796 ἑ
1072 5680 1295 5746 Spiritus.
1318 5680 1482 5744 Abest,
1508 5683 1678 5741 mea,
1700 5691 1729 5731 a
1750 5678 1940 5744 Speculi
1961 5680 2129 5733 codici-

2304 5746 2323 5777 ⁸
2349 5751 2452 5796 un.
2473 5748 2552 5796 Br.
2577 5747 2729 5795 etis.
2752 5740 2930 5796 [lenius
2949 5739 3382 5795 οωὶιιιωιηαιωω

544 5749 656 5806 bis,
684 5752 736 5796 ct
756 5757 786 5794 a
813 5756 993 5808 graec.

1748 253 1804 307 S.
1847 245 2129 307 AUGUSTT

2245 240 2608 304 SPECULUM
3657 254 3742 312 {om

2244 361 2414 428 Pauli,
2447 379 2546 435 ego
2569 371 2746 418 autem
2775 361 2982 434 Apollo,
3010 377 3109 435 ego
3132 378 3262 420 vero
3286 362 3501 436 Cepbzn,
3515 380 3601 438 ego
3623 381 3740 428 autem
3797 361 3799 402 Ὺ

2243 454 2458 512 Christi.
2490 458 2699 514 Divisus
2728 467 2812 514 est
2833 457 3111 514 Christus?
3137 458 3410 530 Numquid
3431 458 3607 516 Paulus
3625 469 3740 520 cruci-

2243 549 2380 605 fixus
2415 559 2499 606 est
2537 566 2634 622 pro
2662 550 2850 605 vobis?
2886 557 2974 605 aut
3001 551 3056 605 in
3095 537 3330 606 nomine
3380 550 3523 606 Pauli
3565 552 3742 623 baptizati

2241 643 2403 702 estis?
2455 643 2523 698 Et
2556 652 2666 715 post
2689 643 2950 715 paululum
2972 660 2992 698 :
3022 643 3102 699 Ex
3131 643 3248 715 ipso
3286 651 3464 700 autem
3491 658 3578 699 vos
3599 648 3695 702 estis
3714 650 3743 703 in

2242 734 2456 792 Christo
2480 736 2628 804 Jesu,
2655 737 2743 807 qui
2767 737 2932 790 factus
2960 744 3043 792 est
3063 736 3326 806 sapientia
3351 735 3506 792 nobis
3526 752 3555 791 a
3589 737 3687 805 Deo,
3713 749 3744 794 et

2235 827 2461 899 justitia,
2487 839 2540 883 et
2565 827 2931 893 sanctiﬁcatio,
2955 836 3009 884 et
3029 828 3365 900 redemptio:
3397 837 3456 883 ut
3480 830 3746 900 quemadmo-

2241 919 2368 975 dum
2386 919 2641 989 scriptum
2672 928 2774 984 est,
2792 918 2892 986 Qtti
2919 918 3193 989 gloriatur,
3214 919 3272 973 in
3300 919 3521 974 Domino
3542 919 3745 990 glorietur.

2313 1011 2382 1066 Et
2427 1013 2529 1067 alio
2582 1013 2691 1067 loco
2722 1010 2848 1087 [111.]
2880 1030 2893 1064 :
2929 1012 3064 1068 Cum
3117 1011 3264 1068 enim
3296 1013 3370 1067 sit
3395 1011 3529 1067 inter
3556 1027 3636 1067 vos
3653 1014 3748 1068 zelus

2240 1112 2295 1159 et
2318 1103 2609 1171 contentio,
2659 1119 2836 1159 nonne
2861 1104 3285 1172 carnalesestis,
3321 1113 3376 1159 et
3413 1103 3665 1158 secundum
3684 1104 3748 1159 lio-

2238 1196 2439 1254 minem
2460 1195 2778 1251 ambulatis‘l
2806 1196 2938 1252 Cum
2965 1195 3108 1250 enim
3135 1197 3258 1267 quis
3293 1195 3444 1260 dicit,
3470 1195 3570 1265 Ego
3588 1196 3745 1265 quidem

2237 1304 2355 1344 sum
2382 1288 2528 1343 Pauli
2551 1306 2566 1356 ;
2589 1289 2724 1344 alius
2751 1299 2950 1354 autem,
2979 1289 3091 1359 Ego
3116 1288 3310 1358 Apollo
3341 1307 3355 1343 :
3399 1289 3745 1344 nonnehomines

2237 1379 2406 1434 estis?
2433 1379 2500 1434 Et
2539 1388 2650 1450 post
2679 1379 2945 1452 paululum
2977 1397 2994 1435 :
3021 1379 3252 1436 Nescitis
3297 1381 3422 1451 quia
3447 1381 3665 1450 templum
3689 1382 3746 1436 Dei

2237 1471 2388 1534 estis,
2425 1479 2479 1525 ct
2502 1469 2732 1540 Spiritus
2759 1469 2854 1525 Dei
2881 1471 3082 1526 habitat
3109 1472 3161 1526 in
3183 1471 3373 1527 vobis?
3399 1471 3454 1526 Si
3482 1472 3587 1542 quis
3624 1481 3744 1526 autem

2239 1559 2494 1632 templum
2521 1561 2614 1616 Dei
2638 1561 2938 1628 violaverit,
2983 1561 3256 1632 disperdet
3284 1562 3434 1617 illum
3462 1561 3603 1616 Deus.
3635 1561 3746 1616 Tem-

2236 1652 2380 1723 plum
2407 1653 2551 1708 enim
2581 1653 2677 1708 Dei
2708 1662 2950 1709 sanctum
2981 1664 3063 1709 est
3090 1653 3232 1725 quod
3260 1654 3392 1709 estis
3421 1668 3526 1708 vos.
3563 1651 3744 1708 Nemost:

2235 1743 2454 1799 scducat
2484 1761 2498 1798 :
2527 1743 2573 1798 si
2593 1745 2712 1815 quis
2736 1743 2944 1799 videtur
2967 1743 3108 1800 inter
3127 1759 3223 1799 vos
3249 1745 3464 1815 sapiens
3491 1757 3596 1798 esse
3618 1743 3658 1797 in
3681 1745 3745 1797 hoc

2234 1835 2447 1900 saeculo,
2480 1835 2673 1890 stultus
2698 1835 2790 1891 ﬁat
2812 1844 2870 1890 ut
2889 1837 2960 1892 sit
2978 1837 3211 1908 sapiens.
3248 1836 3518 1908 Sapientia
3548 1836 3662 1891 enim
3682 1834 3745 1888 ltu-

2228 1924 2316 1996 jus
2332 1927 2512 1981 mundi
2541 1927 2762 1983 stultitia
2787 1936 2871 1984 est
2894 1928 3035 2000 apud
3062 1929 3252 1984 Deum.

2304 2016 2372 2070 Et
2398 2026 2508 2088 post
2536 2033 2725 2088 paucos
2746 2034 2915 2073 versus
2940 2016 3064 2092 [tv.]
3090 2036 3103 2073 :
3137 2019 3324 2091 Itaque
3351 2019 3510 2075 nolite
3531 2028 3636 2074 ante
3653 2028 3742 2073 tem-

2234 2124 2330 2180 pus
2351 2109 2611 2179 judicare,
2635 2110 2980 2182 quoadusque
3008 2111 3186 2166 veniat
3213 2111 3486 2178 Dominus,
3511 2111 3589 2180 qui
3608 2109 3745 2164 etillu-

2233 2203 2454 2258 minabit
2477 2203 2785 2259 abscondita
2817 2205 3154 2260 tenebrarum
3179 2248 3193 2272 ,
3231 2215 3288 2260 et
3317 2203 3639 2259 manifestabit
3660 2216 3745 2255 cono

2231 2295 2348 2350 silia
2379 2295 2653 2361 cordium;
2684 2304 2738 2351 et
2765 2305 2888 2351 tunc
2904 2295 3020 2351 laus
3039 2296 3140 2351 erit
3167 2297 3452 2366 unicuique
3477 2310 3504 2348 a
3530 2293 3638 2348 Deo.
3660 2290 3744 2345 Hac

2231 2397 2428 2453 autem,
2463 2389 2650 2443 fratres
2670 2430 2684 2451 ,
2716 2389 3082 2460 transfiguravi
3112 2389 3164 2443 in
3192 2405 3282 2444 me
3309 2399 3364 2444 et
3393 2387 3566 2458 Apollo
3589 2392 3744 2455 propter

2231 2495 2356 2544 vos;
2399 2488 2454 2534 ut
2499 2479 2550 2533 in
2594 2480 2745 2534 nobis
2782 2480 2998 2536 discatis
3022 2523 3037 2547 ,
3082 2496 3151 2534 ne
3191 2496 3352 2550 supra
3382 2493 3529 2550 quam
3555 2476 3741 2544 scriptum

2231 2581 2334 2638 est,
2363 2586 2500 2626 unus
2523 2571 2778 2626 adversus
2797 2573 3019 2627 alterum
3043 2571 3258 2626 inﬁetur
3278 2587 3374 2642 pro
3392 2570 3507 2624 alio.
3525 2567 3632 2633 Quis
3648 2565 3742 2619 enim

2233 2674 2284 2718 te
2321 2663 2612 2719 discernit?
2655 2664 2792 2731 Quid
2822 2673 2998 2720 autem
3036 2663 3200 2719 habes
3229 2663 3372 2734 quod
3402 2677 3498 2718 non
3525 2654 3742 2728 accepisti?

2232 2753 2290 2810 Si
2319 2765 2495 2809 autem
2535 2756 2819 2825 accepisti,
2847 2754 2972 2826 quid
3014 2755 3264 2826 gloriaris
3293 2754 3439 2826 quasi
3473 2765 3567 2807 non
3586 2760 3743 2815 accepe-

2233 2847 2343 2902 ris?
2373 2845 2441 2900 Et
2472 2857 2583 2918 post
2608 2848 2874 2920 paululum
2900 2863 2917 2900 :
2941 2845 3120 2918 Usque
3146 2848 3198 2902 in
3233 2847 3371 2902 hanc
3395 2847 3561 2901 horam
3594 2851 3639 2898 et
3657 2853 3740 2894 esu-

2231 2939 2418 3003 rimus,
2442 2949 2498 2994 et
2515 2939 2744 3006 sitimus,
2767 2948 2822 2995 et
2842 2940 2968 2995 nudi
2989 2955 3191 3007 sumus,
3217 2951 3274 2996 et
3293 2938 3521 3010 colaphis
3538 2934 3741 2993 «edimur.

2231 3040 2286 3085 et
2315 3031 2586 3086 instabiles
2614 3045 2830 3103 sumus,
2861 3042 2916 3087 et
2941 3031 3251 3087 laboramus
3275 3040 3541 3102 operantes
3566 3022 3740 3081 manibus

2232 3125 2448 3179 nostris.
2473 3123 2852 3191 Maledicimur,
2883 3135 2936 3180 et
2956 3125 3328 3181 benedicimus
3357 3143 3368 3178 :
3403 3118 3742 3194 persecutionem

2231 3215 2466 3287 patimur
2489 3256 2502 3280 ,
2537 3224 2592 3270 et
2637 3217 2965 3272 sustinemus
2995 3233 3010 3271 :
3048 3217 3506 3288 blasphetnamur,
3549 3221 3595 3266 et
3632 3208 3740 3262 obse-

2230 3321 2460 3362 cramus.
2491 3307 2766 3379 Tanquam
2804 3320 3149 3380 purgamenta
3182 3309 3342 3380 hujus
3370 3304 3540 3363 mundi
3566 3299 3663 3356 facti
3681 3311 3741 3350 su-

2230 3413 2351 3454 mus
2372 3399 2607 3454 omnium
2635 3400 2934 3470 peripsema
2959 3416 3125 3471 usque
3155 3400 3351 3456 adhuc.
3378 3397 3486 3454 Non
3512 3405 3562 3449 ut
3579 3387 3740 3450 contum
3798 3415 3799 3440 ι

2231 3492 2353 3548 dam
2392 3509 2488 3550 vos
2521 3493 2636 3549 hanc
2663 3494 2872 3561 scribo,
2901 3494 2995 3550 sed
3031 3505 3087 3550 ut
3116 3495 3259 3550 filios
3295 3507 3438 3550 meos
3473 3485 3740 3546 charissimos
3798 3473 3799 3532 ξ

2233 3601 2448 3642 moneo.
3798 3583 3799 3600 ἦ

2291 3679 2423 3735 Item
2444 3691 2556 3752 post
2569 3681 2832 3752 paululum
2849 3678 2950 3754 [v.]
2966 3699 2979 3733 :
2994 3681 3223 3737 Omnino
3245 3678 3581 3749 auditnrjinter
3592 3667 3739 3725 vosfor'

2233 3775 2446 3842 nicatio,
2468 3774 2653 3830 ettalis
2669 3774 2968 3842 fornicatio,
2988 3776 3160 3845 qualis
3175 3791 3278 3831 nec
3295 3777 3426 3828 inter
3440 3771 3624 3828 Gentes,
3641 3762 3738 3816 itaut

2233 3887 2452 3926 uxorem
2467 3870 2633 3942 patris
2659 3871 2850 3940 aliquis
2868 3870 3078 3926 habeat.
3099 3870 3163 3925 Et
3178 3886 3276 3925 vos
3294 3866 3449 3924 inﬂati
3466 3862 3596 3925 estis,
3611 3865 3735 3912 etnon

2234 3963 2403 4034 magis
2424 3963 2621 4019 luctum
2651 3961 2929 4026 habuistis,
2959 3972 3014 4016 ut.
3037 3962 3253 4016 tollatur
3274 3960 3340 4016 de
3365 3956 3524 4013 medio
3545 3958 3733 4005 vestrum.

2233 4055 2324 4127 qui
2340 4057 2440 4110 hoc
2453 4069 2587 4124 opus
2601 4054 2742 4110 fecit.
2763 4053 2874 4125 Ego
2884 4053 3097 4124 quidem
3115 4053 3308 4108 absens
3324 4060 3549 4120 corpore,
3564 4045 3736 4112 praesens

2232 4123 2410 4202 autem
2449 4123 2656 4216 spiritu,
2684 4144 2796 4215 jam
2813 4123 3052 4213 iudicavi
3081 4152 3141 4198 ut
3181 4155 3433 4212 prmsens,
3461 4150 3568 4192 eum
3594 4127 3663 4199 qui
3685 4123 3736 4216 sic

2233 4247 2486 4308 Operatus
2512 4246 2595 4292 est
2619 4278 2632 4299 ,
2678 4235 2728 4289 in
2775 4210 2989 4290 nomine
3028 4210 3233 4289 Domini
3267 4231 3424 4289 nostri
3463 4228 3572 4282 Jesu
3599 4210 3737 4308 Christi

2233 4329 2566 4401 congregatis
2593 4327 2745 4382 vobis
2773 4336 2828 4382 et
2854 4343 2974 4382 meo
3002 4327 3212 4397 spiritu,
3243 4342 3364 4381 cum
3394 4325 3566 4375 virtute
3588 4299 3734 4401 Domini

2232 4420 2381 4490 Jesu,
2412 4419 2623 4476 tradere
2652 4418 2950 4488 hujusmodi
2982 4427 3181 4472 satana:
3204 4419 3219 4449 ¹
3243 4416 3298 4472 in
3327 4411 3570 4468 interitum
3596 4393 3735 4490 carnis

2234 4522 2291 4568 ttt
2311 4513 2528 4583 Spiritus
2558 4511 2736 4567 salvus
2761 4512 2828 4565 sit
2852 4510 2904 4565 in
2927 4511 3014 4565 die
3039 4509 3248 4564 Domini
3273 4504 3432 4563 nostri
3450 4502 3561 4558 Jesu
3575 4483 3731 4583 Chrile

2233 4604 2349 4662 Non
2376 4614 2459 4661 est
2483 4605 2620 4660 bona
2645 4603 2889 4674 gloriatio
2915 4613 3110 4656 vestra.
3149 4600 3373 4657 Nescitis
3400 4593 3512 4666 quia
3535 4580 3734 4643 modicum

2234 4699 2554 4757 fermentum
2573 4708 2737 4754 totam
2760 4712 2986 4752 massam
3007 4693 3335 4766 corrumpit?
3353 4690 3614 4759 Expurgate
3630 4678 3734 4766 vellis

2238 4792 2582 4857 fermentum,
2614 4799 2672 4846 ut
2694 4790 2808 4845 sitis
2831 4805 2961 4844 nova
2979 4790 3308 4860 conspersio,
3329 4785 3456 4842 sicut
3470 4775 3580 4834 estis
3595 4759 3730 4860 azyoli.

2237 4885 2446 4941 Etenim
2474 4883 2676 4939 Pascha
2705 4893 2942 4938 nostrum
2973 4881 3278 4937 immolatus
3314 4886 3392 4934 cst
3414 4870 3636 4928 Christus.
3663 4854 3732 4908 Ιι³⁶

2236 4993 2339 5049 que
2363 4979 2640 5048 cpulemur
2680 4992 2786 5031 non
2827 4977 2879 5031 in
2920 4977 3180 5032 fermento
3219 4972 3398 5036 veteri,
3429 4973 3579 5033 neque
3600 4955 3640 5008 in
3663 4945 3732 5044 fet-

2239 5080 2422 5128 mento
2449 5070 2664 5125 malitia:
2689 5079 2743 5126 et
2768 5070 3036 5141 nequitiae,
3066 5069 3159 5126 sed
3201 5069 3252 5124 in
3280 5061 3465 5137 azymis
3487 5044 3730 5110 sinceritatis

2237 5174 2292 5220 et
2319 5163 2578 5219 veritatis.
2609 5163 2810 5236 Scripsi
2841 5163 2990 5219 vobis
3016 5163 3066 5217 in
3094 5161 3315 5233 epistola
3336 5201 3349 5222 ,
3377 5170 3436 5210 ne
3459 5139 3728 5236 comitiiscca-

2239 5258 2367 5314 mini
2391 5257 2724 5312 fornicariis:
2751 5272 2854 5311 non
2897 5257 3077 5326 utique
3103 5251 3392 5310 fornicariis
3415 5240 3550 5312 hujus
3581 5219 3727 5326 mundi,

2239 5359 2329 5405 aut
2364 5348 2561 5415 avaris,
2606 5357 2697 5404 aut
2745 5347 3057 5418 rapacibus,
3106 5357 3195 5401 aut
3235 5343 3383 5400 idolis
3423 5317 3726 5418 servientibus“;

2240 5443 2472 5514 alioquin
2494 5439 2796 5498 debueratis
2812 5439 2880 5495 de
2908 5438 3008 5493 hoc
3027 5437 3224 5493 mundo
3244 5435 3442 5493 exiisse.
3463 5421 3588 5478 Nunc
3603 5408 3726 5514 ntuetr!

2241 5535 2428 5606 scripsi
2455 5532 2629 5601 vobis,
2658 5548 2763 5588 non
2802 5530 3171 5598 commisceri,
3202 5530 3244 5586 si
3271 5528 3312 5582 is
3339 5521 3418 5594 qui
3442 5516 3582 5572 frater

2241 5639 2417 5695 natur,
2445 5637 2527 5684 est
2552 5625 2859 5695 fornicator,
2888 5635 2978 5680 aut
3007 5639 3219 5692 avarus,
3248 5627 3335 5676 aut
3362 5609 3499 5670 idolis
3531 5591 3723 5691 θρῖπεπῆ
