3878 6308
176 230 329 291 1001

173 360 280 404 aut
309 345 633 409 maledicus,
655 354 746 400 aut
763 343 1026 412 ebriosus,
1056 349 1350 414 autrapax,
1376 357 1496 397 cum
1526 342 1787 413 ejusmodi

175 456 289 496 nec
320 440 508 496 cibum
546 454 775 494 sumere.
817 437 950 505 Quid
981 436 1122 492 enim
1155 435 1283 489 mihi
1322 434 1389 490 de
1424 435 1488 489 iis
1530 434 1617 505 qui
1662 434 1790 488 foris

177 542 311 587 sunt
344 530 630 601 judicare?
646 529 830 585 Nonne
844 528 911 584 de
937 526 1001 582 iis
1027 527 1118 598 qui
1145 527 1285 581 intus
1311 537 1454 593 sunt,
1475 525 1789 593 vosjudica-

180 628 253 679 tis
275 624 302 679 ἲ
330 624 473 679 Nam
503 640 597 679 eos
620 623 710 694 qui
736 622 864 677 foris
898 631 1023 677 sunt
1044 662 1058 687 ,
1095 620 1236 677 Deus
1257 618 1533 691 judicabit.
1570 618 1791 674 Auferte

178 716 403 772 malum
436 733 500 772 ex
529 716 679 771 vobis
704 717 849 785 ipsis.

261 808 400 885 [γι]
434 809 605 864 Audet
624 808 812 879 aliquis
833 815 1069 862 vestrum
1097 806 1299 861 habens
1315 804 1581 875 negotium
1604 801 1791 858 adver-

180 918 283 957 sus
306 902 547 957 alterum
568 942 583 959 .
601 900 827 970 judicari
852 899 992 969 apud
1018 898 1229 968 iniquos
1248 938 1263 962 ,
1286 905 1340 951 et
1368 910 1473 951 non
1499 893 1639 964 apud
1664 907 1791 947 san-

180 995 349 1073 ctus?
372 996 458 1049 An
492 993 705 1048 nescitis
730 990 977 1063 quoniam
1006 990 1173 1046 sancti
1199 988 1266 1045 de
1295 989 1397 1044 hoc
1423 985 1621 1042 mundo
1645 983 1790 1055 judi-

180 1087 438 1145 c-abunt?
481 1088 548 1143 Et
583 1087 629 1142 si
670 1086 722 1140 in
765 1083 914 1139 vobis
949 1082 1271 1153 iudicabitur
1307 1080 1559 1145 mundus,
1592 1075 1792 1148 indigni

184 1182 328 1237 estis
360 1178 457 1251 qui
501 1177 569 1233 de
598 1176 829 1233 minimis
850 1173 1135 1245 judicetis?
1160 1171 1387 1229 Nescitis
1414 1170 1662 1242 quoniam
1698 1182 1793 1221 an-

182 1274 344 1344 gelos
360 1269 758 1341 judicabimus?
777 1276 972 1339 quanto
989 1267 1155 1337 magis
1175 1263 1486 1321 saecularia?
1506 1259 1791 1319 Sazcularia

182 1364 357 1432 igitur
382 1362 582 1432 judicia
610 1361 654 1415 si
682 1359 992 1425 habueritis,
1020 1356 1447 1427 contemptibiles
1468 1354 1559 1425 qui
1589 1360 1713 1407 sunt
1738 1351 1791 1406 in

182 1452 466 1519 Ecclesia,
492 1452 613 1505 illos
633 1449 937 1506 constituite
956 1447 1020 1502 ad
1037 1446 1401 1518 judicandum.
1431 1443 1510 1500 Ad
1530 1459 1791 1500 verecun-

181 1545 333 1601 diam
377 1554 614 1600 vestram
653 1543 794 1600 dico.
840 1542 926 1598 Sic
970 1556 1077 1596 non
1120 1549 1203 1596 est
1248 1540 1387 1594 inter
1433 1553 1527 1594 vos
1579 1539 1792 1608 sapiens

183 1638 483 1715 qujsqttam
506 1677 520 1702 ,
567 1636 656 1707 qui
704 1634 872 1705 possit
892 1632 1134 1704 judicare
1176 1631 1315 1686 inter
1344 1626 1569 1685 fratrem
1598 1627 1792 1683 suum?

183 1729 281 1785 sed
310 1728 489 1783 frater
529 1742 650 1783 cum
689 1724 854 1781 fratre
877 1722 1079 1795 judicio
1105 1721 1379 1778 contendit
1401 1762 1416 1786 ,
1443 1729 1499 1776 et
1524 1721 1623 1775 hoc
1651 1720 1791 1791 apud

182 1819 487 1877 inﬁdeles?
512 1818 627 1873 Jam
656 1816 871 1887 quidem
900 1814 1117 1870 omnino
1147 1812 1395 1869 delictum
1422 1821 1504 1867 est
1536 1812 1587 1867 in
1621 1808 1785 1875 vobis,

182 1911 335 1983 quod
366 1909 576 1981 judicia
612 1907 816 1963 habetis
845 1907 981 1961 inter
1008 1920 1120 1961 vos.
1148 1904 1322 1973 Quare
1351 1919 1457 1958 non
1500 1902 1668 1972 magis
1706 1901 1790 1956 in-

180 2004 390 2074 juriam
420 1999 699 2070 accipitis?
729 2014 892 2069 quare
923 2012 1028 2053 non
1059 1996 1225 2066 magis
1255 1993 1492 2049 fraudem
1521 1991 1793 2063 patimini?

185 2095 297 2151 Sed
342 2110 447 2149 vos
491 2092 734 2161 injuriam
778 2090 966 2152 facitis,
1007 2097 1060 2144 et
1093 2086 1368 2153 fraudatis,
1390 2095 1447 2142 et
1482 2084 1583 2140 hoc
1610 2085 1791 2140 fratri-

184 2189 309 2244 bus.
341 2189 430 2242 An
462 2186 676 2242 nescitis
702 2185 822 2255 quia
852 2183 1013 2253 iniqui
1040 2197 1260 2251 regnum
1289 2179 1383 2236 Dei
1413 2195 1520 2234 non
1550 2177 1793 2249 posside-

188 2280 364 2336 bunt?
395 2278 573 2334 Nolite
618 2292 798 2334 errare
835 2295 847 2329 :
881 2290 1054 2346 neque
1089 2272 1353 2328 fornicarii
1377 2313 1391 2338 ,
1430 2286 1602 2341 neque
1640 2268 1793 2326 idolis

185 2374 538 2434 servientes,
588 2385 759 2439 neque
806 2367 1075 2432 adulteri,
1131 2379 1303 2435 neque
1354 2362 1572 2428 molles,
1623 2376 1795 2431 neque

192 2465 569 2522 masculorum
598 2460 998 2523 concubitores,
1032 2472 1207 2528 neque
1241 2456 1405 2517 fures.
1434 2467 1604 2524 neque
1626 2451 1791 2518 avari,

189 2574 375 2628 neque
400 2554 624 2621 ebriosi,
658 2567 827 2623 neque
849 2548 1114 2616 maledici,
1143 2562 1314 2618 neque
1339 2560 1554 2616 rapaces
1572 2558 1795 2615 regnum

192 2652 289 2708 Dei
320 2648 691 2722 possidebunt.
725 2643 794 2700 Et
822 2653 933 2716 post
963 2641 1227 2714 paululum
1249 2656 1268 2694 :
1291 2638 1517 2694 Nescitis
1546 2636 1795 2708 quoniam

191 2757 431 2811 corpora
479 2749 653 2794 vestra
699 2736 937 2792 membra
979 2732 1176 2789 Christi
1218 2731 1374 2786 sunt?
1411 2728 1625 2784 Tollens
1670 2740 1798 2797 ergo

194 2835 447 2890 membra
487 2830 717 2894 Christi,
762 2827 949 2883 faciam
985 2823 1226 2882 membra
1265 2820 1595 2877 meretricis?
1622 2818 1794 2873 Absit.

196 2927 283 2980 An
315 2923 542 2980 nescitis
583 2921 832 2992 quoniam
876 2918 968 2990 qui
1014 2917 1252 2972 adhaeret
1297 2912 1592 2978 meretrici,
1636 2925 1798 2965 unum

195 3034 401 3090 corpus
431 3016 694 3072 cllicitur?
745 3015 911 3069 Erunt
956 3012 1119 3078 enim,
1169 3008 1356 3080 inquit,
1405 3005 1512 3061 duo
1548 3005 1602 3060 in
1638 3019 1799 3059 carne

198 3127 329 3167 una.
362 3109 467 3179 Qui
511 3118 689 3164 autem
732 3105 969 3162 adhreret
998 3102 1219 3159 Domino
1238 3142 1252 3167 ,
1281 3115 1418 3156 unus
1447 3098 1665 3170 spiritus
1691 3106 1794 3154 est.

197 3201 399 3273 Fugite
448 3199 867 3254 fornicationem.
909 3194 1081 3252 Omne
1123 3202 1399 3265 peccatum
1430 3190 1800 3260 quodcumque

198 3294 398 3349 fecerit
426 3290 587 3345 homo
616 3299 764 3344 extra
790 3301 986 3357 corpus
1015 3293 1133 3340 est:
1164 3284 1254 3353 qui
1280 3292 1457 3337 autem
1487 3281 1796 3347 fornicatur,

198 3374 488 3453 in'corpus
516 3397 669 3437 suum
703 3388 903 3449 peccat.
934 3379 1015 3432 An
1046 3375 1262 3430 nescitis
1286 3373 1532 3445 quoniam
1558 3372 1799 3428 membra

200 3486 388 3533 vestra
418 3473 668 3543 templum
706 3480 790 3526 est
812 3468 1042 3541 Spiritus
1067 3467 1266 3532 sancti,
1307 3464 1398 3535 qui
1442 3464 1493 3517 in
1518 3462 1668 3518 vobis
1695 3471 1796 3528 est,

199 3584 369 3640 quem
403 3566 606 3621 habetis
634 3581 662 3618 a
693 3564 833 3628 Deo;
862 3569 915 3617 et
945 3577 1048 3615 non
1074 3558 1202 3615 estis
1225 3556 1421 3613 vestri?
1450 3556 1627 3627 Empti
1657 3555 1798 3610 enim

201 3660 337 3715 estis
367 3657 539 3729 pretio
568 3670 758 3725 magno
782 3671 795 3708 ε
823 3652 1113 3725 gloriﬁcate
1136 3658 1189 3706 et
1216 3656 1422 3722 portate
1445 3647 1726 3703 Dominum
1745 3647 1796 3702 in

202 3765 439 3822 corpore
467 3759 663 3804 vestro.

281 3838 431 3914 [γη]
461 3841 535 3895 De
560 3839 750 3911 quibus
777 3846 952 3892 autem
986 3834 1273 3906 scripsistis
1300 3833 1451 3899 mihi,
1492 3832 1689 3888 bonum
1714 3841 1800 3886 est

206 3931 418 3987 homini
440 3931 712 3987 mulierem
738 3944 842 3983 non
866 3937 1109 3997 tangere:
1130 3933 1343 3996 prepter
1365 3923 1763 3979 fornicationem
1778 3924 1795 3955 ³

205 4035 389 4082 autem
414 4026 772 4095 unusquisque
799 4036 948 4076 suam
983 4034 1201 4073 uxorem
1230 4016 1440 4082 habeat,
1471 4025 1523 4072 et
1551 4030 1800 4086 unaqum-

204 4134 313 4189 que
358 4132 512 4172 suum
553 4116 722 4170 virum
757 4113 966 4167 habeat.
999 4108 1161 4166 Uxori
1194 4108 1272 4162 vir
1309 4107 1551 4163 debitum
1576 4106 1795 4173 reddat;

206 4208 461 4263 similiter
497 4218 672 4262 autem
700 4212 753 4260 ct
778 4219 912 4258 uxor
938 4202 1069 4256 viro.
1101 4199 1289 4254 Mulier
1317 4199 1398 4254 sui
1425 4198 1662 4268 corporis
1705 4212 1800 4268 po-

206 4308 461 4356 testatem
507 4315 609 4352 non
643 4295 803 4350 habet
823 4335 839 4359 ,
869 4293 963 4349 sed
1008 4293 1106 4347 vir.
1146 4291 1399 4347 Similiter
1425 4300 1602 4345 autem
1632 4298 1687 4345 et
1716 4289 1799 4344 vir

206 4393 291 4447 sui
322 4391 566 4459 corporis
595 4395 908 4460 potestatem
936 4401 1039 4440 nou
1068 4384 1246 4448 habet,
1275 4382 1369 4438 sed
1395 4382 1601 4438 mulier.
1624 4381 1797 4437 Nolite

206 4485 463 4541 fraudare
489 4484 712 4537 invicem
738 4521 753 4543 ,
786 4480 884 4534 nisi
915 4479 1048 4532 forte
1076 4492 1139 4533 cx
1170 4491 1434 4531 consensu
1458 4474 1523 4530 ad
1552 4486 1760 4546 tempus
1778 4515 1793 4540 ,

208 4587 269 4633 ut
292 4577 494 4631 vacetis
522 4573 779 4638 orationi;
807 4581 862 4628 et
896 4572 1088 4627 iterum
1113 4569 1435 4625 revertimini
1463 4568 1519 4623 in
1544 4568 1792 4638 idipsum,

206 4686 276 4725 ne
299 4676 471 4725 tentet
497 4682 591 4721 vos
613 4675 826 4722 satanas
853 4671 1067 4734 propter
1086 4659 1516 4717 incontinentiam
1541 4668 1792 4715 vestram.

209 4761 324 4817 lloc
351 4769 531 4815 autem
559 4758 678 4813 dico
703 4754 991 4813 secundum
1028 4750 1403 4821 indulgentiam
1422 4791 1435 4815 ,
1468 4764 1573 4804 non
1602 4765 1795 4805 secun-

209 4854 336 4909 dum
369 4851 672 4923 imperium.
719 4848 850 4904 Volo
894 4855 1070 4902 autem
1122 4860 1307 4901 omnes
1352 4843 1639 4900 homines’
1677 4858 1796 4899 esse

212 4946 342 4999 sicut
376 4945 637 5015 meipsum
662 4958 676 4994 ε
709 4939 805 4996 sed
835 4939 1192 5010 unusquisque
1216 4936 1486 5009 preprium
1512 4934 1671 4992 habet
1694 4934 1795 4991 do-

213 5050 339 5090 num
370 5051 435 5091 ex
470 5034 611 5098 Deo;
642 5032 780 5088 alius
804 5030 1017 5103 quidem
1059 5030 1173 5097 sic,
1207 5029 1340 5083 alius
1375 5041 1504 5083 vero
1537 5026 1634 5083 sic.
1668 5026 1794 5083 Dico

213 5137 392 5183 autem
420 5144 525 5182 non
552 5127 729 5198 nuptis
748 5133 803 5180 et
828 5124 1018 5189 viduis,
1048 5123 1242 5178 bonum
1271 5131 1355 5177 est
1374 5121 1476 5177 illis
1495 5122 1539 5176 si
1568 5121 1647 5176 sic
1675 5135 1791 5175 ma-

213 5230 392 5286 neant,
414 5224 554 5277 sicut
576 5230 627 5276 et
652 5235 770 5291 ego.
791 5216 942 5288 Quod
968 5217 1011 5272 si
1035 5232 1139 5272 non
1163 5230 1223 5272 se
1249 5214 1539 5277 continent,
1571 5212 1789 5268 nubant.

216 5311 401 5370 Melius
440 5324 519 5371 est
564 5315 705 5369 enim
741 5311 975 5376 nubere,
1020 5323 1177 5381 quam
1224 5306 1326 5362 uri.
1368 5306 1460 5362 llis
1495 5314 1672 5360 autem
1702 5303 1792 5374 qui

217 5406 549 5462 matrimonio
570 5403 740 5476 juncti
766 5413 908 5468 sunt,
941 5400 1209 5473 praecipio,
1242 5413 1347 5454 non
1375 5411 1473 5468 ego
1496 5436 1513 5463 ,
1557 5394 1650 5451 sed
1683 5394 1787 5449 Do~

278 5564 293 5593 ¹
320 5562 496 5624 Rosius
514 5560 691 5624 eodem
712 5564 908 5624 ww
1306 5556 1447 5615 ium
1467 5563 1695 5624 Mill“:

277 5624 298 5654 ι
320 5611 557 5676 saeuam
582 5623 629 5670 in
648 5611 871 5683 antiquis
889 5611 1025 5683 Cbrl).
1051 5618 1228 5679 Bibliis,
1245 5611 1386 5682 jukia
1406 5611 1554 5678 graec.
1583 5620 1642 5664 At
1677 5611 1787 5663 Vul-

218 5692 325 5747 gata
345 5698 469 5735 nunc
491 5683 613 5743 loco,
637 5681 865 5741 Imminet,
889 5682 1029 5730 habet
1074 5689 1180 5738 pos.

448 5768 672 5831 Saacr.
714 5766 993 5824 Auens'r.
1026 5762 1135 5823 lii.

1452 226 1541 283 DE
1580 216 1959 284 SCRIPTURA
1997 220 2240 282 SACRA.

3336 224 3492 283 {003'

1892 340 2088 407 minus,
2117 354 2336 395 uxorem
2362 353 2391 393 a
2417 338 2531 393 viro
2558 355 2665 396 non
2693 338 3005 398 discedere:
3031 341 3170 412 quod
3201 342 3245 399 si
3276 342 3467 399 disces

1894 433 2039 499 serit,
2069 446 2286 487 manere
2314 430 2586 500 innuptam
2606 474 2621 494 ,
2650 443 2738 487 aut
2763 434 2877 489 viro
2902 448 2999 489 suo
3030 437 3379 491 reconciliari.
3410 437 3476 491 Et

1893 527 1974 580 vir
2003 541 2223 581 uxorem
2255 540 2359 579 non
2402 524 2650 580 dimittat.
2680 525 2811 581 Nam
2841 527 3049 583 caeteris
3073 543 3171 598 ego
3196 528 3336 595 dico,
3369 544 3475 584 non

1894 618 2151 674 Dominus
2172 660 2188 686 ,
2229 617 2274 673 si
2300 617 2419 687 quis
2443 617 2605 672 frater
2629 633 2846 673 uxorem
2891 618 3048 673 habet
3080 619 3345 675 infidelem
3371 662 3385 685 ,
3419 629 3477 676 et

1894 709 2011 766 haec
2036 710 2302 766 consentit
2340 709 2578 764 habitare
2603 725 2724 765 cum
2752 710 2843 765 illo
2862 752 2877 773 ,
2906 725 3012 765 non
3037 710 3266 766 dimittat
3305 712 3472 766 illam.

1895 803 1963 858 Et
1983 802 2027 857 si
2053 818 2154 873 qua
2183 802 2374 858 mulier
2397 803 2412 833 ¹
2444 801 2603 857 habet
2623 802 2795 856 virum
2828 801 3092 857 infidelem
3112 843 3128 866 ,
3154 810 3208 859 et
3233 802 3317 858 hic
3346 820 3476 859 con-

1895 894 2059 951 sentit
2082 893 2320 949 habitare
2344 907 2463 949 cum
2490 893 2600 959 illa,
2623 908 2728 948 non
2754 892 2983 948 dimittat
3009 894 3197 949 virum.
3226 893 3475 950 Sanctifi-

1895 995 2045 1041 catus
2071 995 2155 1041 est
2175 985 2316 1040 enim
2346 986 2427 1041 vir
2465 984 2692 1040 infidelis
2720 984 2771 1039 in
2812 985 3032 1041 muliere
3064 985 3240 1052 fideli;
3268 997 3321 1042 et
3346 1002 3473 1043 sau-

1895 1076 2121 1132 ctificata
2140 1084 2221 1132 est
2243 1076 2432 1131 mulier
2458 1075 2683 1131 infidelis
2709 1075 2761 1130 in
2785 1076 2897 1130 viro
2918 1076 3079 1133 fideli.
3107 1078 3354 1149 Alioquin
3383 1078 3475 1135 filii

1893 1169 2055 1224 vestri
2080 1167 2333 1223 immundi
2358 1178 2539 1224 essent
2565 1187 2578 1223 :
2607 1184 2746 1225 nunc
2764 1178 2941 1225 autem
2966 1172 3132 1226 sancti
3156 1181 3299 1228 sunt.
3322 1172 3475 1241 Quod

1896 1258 1939 1312 si
1968 1258 2195 1314 infidelis
2222 1258 2467 1325 discedit,
2498 1258 2755 1316 discedat.
2784 1260 2899 1317 Non
2939 1270 3022 1317 est
3054 1262 3196 1319 enim
3234 1265 3477 1321 servituti

1895 1347 2166 1417 subjectus
2194 1347 2357 1404 frater
2384 1359 2474 1404 aut
2496 1363 2650 1404 soror
2671 1350 2721 1404 in
2746 1350 3041 1422 ejusmodi:
3070 1352 3121 1407 in
3149 1369 3277 1424 pace
3295 1366 3475 1410 autem

1896 1440 2101 1495 vocavit
2131 1455 2228 1495 nos
2260 1440 2418 1496 Deus.
2450 1440 2598 1497 Unde
2625 1442 2766 1497 enim
2796 1444 2931 1509 scis,
2960 1444 3185 1511 mulier,
3214 1446 3259 1501 si
3306 1447 3475 1503 virum

1894 1530 2098 1586 salvum
2128 1530 2324 1587 facies?
2350 1541 2443 1587 aut
2468 1533 2606 1588 unde
2629 1535 2755 1598 scis,
2777 1535 2873 1600 vir,
2905 1534 2952 1589 si
2978 1536 3255 1593 mulierem
3276 1540 3475 1595 salvam

1894 1618 2092 1677 facies?
2121 1621 2221 1677 nisi
2251 1622 2535 1693 unicuique
2564 1622 2703 1677 sicut
2731 1623 2916 1679 divisit
2958 1624 3233 1681 Dominus.
3276 1627 3479 1685 Unum-

1894 1728 2158 1785 quemquc
2200 1714 2339 1770 sicut
2386 1716 2591 1770 vocavit
2635 1715 2774 1771 Deus
2812 1716 2882 1771 ita
2930 1717 3192 1783 ambulet;
3241 1718 3374 1774 sicut
3425 1721 3478 1775 in

1894 1805 2141 1861 omnibus
2166 1805 2423 1862 Ecclesiis
2448 1807 2636 1861 doceo.
2666 1805 3022 1864 Circumcisus
3048 1809 3238 1880 aliquis
3262 1821 3479 1867 vocatus

1895 1897 2010 1952 est?
2032 1912 2138 1952 non
2166 1897 2395 1954 adducat
2422 1900 2758 1971 prreputium.
2794 1899 2851 1955 In
2880 1902 3139 1971 praeputio
3166 1902 3358 1973 aliquis
3387 1920 3482 1959 vo-

1895 2000 2046 2046 catus
2069 1990 2190 2046 est?
2224 2006 2329 2045 non
2368 1991 2794 2047 circumcidatur.
2824 1989 3169 2049 Circumcisio
3198 1994 3330 2050 nihil
3355 2005 3435 2050 est
3460 2038 3478 2064 ,

1896 2094 1951 2140 ct
1977 2085 2289 2155 prchutium
2332 2084 2461 2139 nihil
2489 2094 2573 2140 est
2604 2102 2618 2141 :
2648 2085 2741 2140 sed
2778 2085 3078 2141 observatio
3112 2088 3482 2143 mandatorum

1897 2177 2012 2233 Dei.
2042 2176 2413 2249 Unusquisque
2442 2178 2493 2232 in
2524 2194 2626 2249 qua
2652 2179 2928 2234 vocatione
2954 2190 3170 2235 vocatus
3194 2189 3308 2247 est,
3339 2182 3391 2236 in
3417 2197 3483 2237 ea

1896 2276 2224 2337 permaneat.
2255 2268 2453 2325 Servus
2473 2278 2693 2325 vocatus
2715 2269 2807 2324 es?
2836 2286 2940 2324 non
2962 2271 3030 2325 sit
3055 2270 3154 2325 sibi
3179 2287 3322 2327 cum
3346 2289 3361 2327 :
3386 2270 3483 2328 sed

1896 2367 1952 2413 et
1976 2359 2019 2413 si
2045 2369 2197 2430 potes
2216 2360 2352 2416 liber
2373 2361 2511 2428 fieri,
2532 2361 2697 2431 magis
2712 2370 2880 2417 utere.
2900 2362 3002 2430 Qui
3024 2365 3164 2419 enim
3190 2366 3242 2419 iu
3261 2366 3484 2419 Domino

1899 2459 2117 2506 vocatus
2144 2459 2229 2506 est
2255 2468 2463 2519 servus,
2484 2454 2705 2509 libertus
2726 2465 2809 2510 est
2841 2455 3049 2511 Domini
3078 2475 3091 2510 :
3123 2457 3370 2514 similiter
3392 2458 3480 2529 qui

1899 2540 2035 2596 liber
2047 2551 2266 2597 vocatus
2285 2552 2386 2611 est,
2410 2558 2595 2600 servus
2615 2552 2697 2600 est
2713 2545 2928 2601 Christi.
2949 2548 3124 2603 Pretio
3138 2551 3300 2619 empti
3322 2552 3481 2616 estis;

1900 2631 2064 2687 nolite
2081 2633 2194 2687 fieri
2210 2633 2347 2688 servi
2363 2632 2659 2692 hominum.
2677 2635 3047 2707 Unusquisque
3069 2639 3118 2693 in
3142 2656 3248 2710 quo
3268 2651 3485 2698 vocatus

1899 2722 2225 2790 est,frater',
2241 2725 2291 2779 in
2311 2724 2411 2780 hoc
2426 2736 2731 2796 permaneat
2747 2728 2885 2798 apud
2905 2729 3089 2785 Deum.
3108 2731 3181 2786 De
3196 2732 3487 2802 virginibus

1901 2826 2075 2872 autem
2130 2827 2452 2888 prmceptum
2509 2819 2717 2874 Domini
2773 2835 2879 2876 non
2937 2821 3138 2890 habeo;
3201 2825 3483 2880 consilium

1901 2921 2076 2968 autem
2136 2913 2236 2981 do,
2306 2923 2553 2985 tanquam
2613 2916 3029 2971 miscricordiam
3081 2929 3399 2975 consecutus
3452 2935 3485 2975 a

1903 3006 2164 3073 Domino,
2214 3016 2273 3061 ut
2310 3006 2411 3062 sim
2457 3006 2646 3063 fidelis.
2687 3007 2946 3064 Existimo
2982 3024 3110 3079 ergo
3142 3010 3244 3067 hoc
3283 3012 3483 3069 bonum

1902 3112 2021 3153 esse
2072 3104 2288 3168 propter
2328 3097 2611 3153 instantem
2653 3100 3023 3155 necessitatem
3046 3141 3062 3168 ,
3102 3102 3351 3172 quoniam
3382 3103 3482 3158 bo-

1903 3205 2029 3245 num
2076 3199 2158 3245 est
2203 3189 2403 3245 homini
2452 3190 2530 3245 sic
2571 3203 2711 3246 esse.
2754 3192 3012 3264 Alligatus
3054 3208 3114 3249 es
3156 3195 3347 3249 uxori?
3373 3196 3483 3250 noli

1902 3295 2144 3352 qurerere
2170 3281 2509 3335 solutionem.
2538 3280 2756 3339 Solutus
2778 3297 2837 3337 es
2874 3282 2942 3338 ab
2975 3285 3175 3340 uxore?
3204 3286 3310 3339 noli
3338 3302 3485 3355 quie-

1904 3387 2024 3427 rere
2062 3386 2305 3427 uxorem.
2341 3372 2397 3427 Si
2428 3382 2606 3427 autem
2635 3375 2903 3444 acceperis
2933 3390 3151 3430 uxorem
3173 3416 3186 3438 ,
3219 3392 3324 3431 non
3361 3392 3486 3448 pec-

1903 3463 2035 3518 casti
2073 3480 2086 3518 :
2127 3471 2181 3519 et
2223 3463 2267 3517 si
2314 3465 2556 3533 nupserit
2595 3464 2781 3533 virgo,
2814 3480 2920 3519 non
2948 3466 3219 3535 peccavit;
3262 3467 3485 3523 tribula-

1904 3553 2099 3609 tionem
2129 3562 2303 3607 tamen
2325 3553 2501 3607 carnis
2526 3552 2794 3607 habebunt
2824 3552 3142 3622 hujusmodi.
3168 3554 3281 3626 Ego
3306 3565 3484 3614 autem

1901 3645 2052 3701 vobis
2078 3660 2255 3716 parco.
2288 3644 2399 3700 Hoc
2439 3646 2613 3715 itaque
2648 3644 2799 3713 dico,
2845 3648 3068 3702 fratres:
3095 3658 3301 3721 tempus
3324 3650 3484 3708 breve

1902 3745 2012 3802 est;
2065 3736 2329 3807 reliquum
2385 3745 2487 3803 est,
2537 3746 2592 3792 ut
2639 3747 2691 3792 et
2731 3738 2820 3808 qui
2864 3738 3059 3795 habent
3105 3757 3316 3808 uxores,
3369 3752 3487 3799 tan-

1903 3843 2061 3899 quam
2092 3843 2196 3882 non
2229 3827 2485 3883 habentes
2513 3828 2647 3892 sint;
2682 3837 2737 3884 et
2764 3830 2851 3901 qui
2893 3829 3021 3885 flent
3044 3872 3059 3897 ,
3095 3842 3343 3905 tauquam
3375 3852 3485 3893 non

1902 3919 2123 3980 flentes:
2151 3928 2205 3975 et
2228 3919 2317 3991 qui
2345 3919 2593 3991 gaudent,
2624 3929 2871 3991 tanquam
2902 3938 3006 3977 non
3034 3924 3327 3994 gaudentes
3349 3926 3404 3993 ³;
3429 3939 3485 3983 et

1902 4010 1989 4081 qui
2012 4020 2230 4064 utuntur
2247 4009 2347 4066 hoc
2368 4010 2586 4072 mundo,
2602 4022 2846 4081 tauquam
2866 4028 2969 4068 non
2989 4024 3220 4069 utantur.
3240 4016 3485 4073 Prtelerit

1901 4103 2043 4158 enim
2062 4102 2225 4172 ﬁgura
2247 4102 2403 4173 hujus
2416 4100 2621 4157 mundi.
2645 4102 2775 4158 Volo
2784 4114 2964 4160 autem
2986 4121 3081 4162 vos
3096 4106 3212 4162 sine
3228 4108 3485 4163 sollicitu-

1901 4196 2025 4252 dine
2039 4211 2177 4252 esse.
2199 4196 2297 4263 Qui
2318 4196 2435 4251 sine
2458 4212 2623 4253 uxore
2648 4206 2749 4263 est,
2772 4198 3026 4254 sollicitus
3038 4208 3119 4254 est
3135 4215 3255 4269 quae
3275 4201 3483 4256 Domini

1901 4299 2044 4355 sunt,
2066 4286 2331 4359 quomodo
2350 4288 2554 4357 placeat
2580 4286 2707 4341 Deo.
2732 4287 2831 4354 Qui
2856 4298 3033 4344 autem
3053 4305 3173 4344 cum
3196 4305 3358 4346 uxore
3378 4301 3480 4359 est,

1902 4381 2159 4437 sollicitus
2186 4389 2267 4436 est
2292 4395 2409 4449 qua:
2434 4388 2556 4434 sunt
2574 4378 2731 4449 hujus
2756 4380 2959 4447 mundi,
2979 4381 3247 4451 quomodo
3276 4382 3480 4451 placeat

1903 4473 2085 4535 uxori;
2109 4481 2164 4527 et
2180 4470 2382 4525 divisus
2401 4480 2503 4525 est.
2520 4470 2584 4525 Et
2603 4469 2793 4524 mulier
2809 4470 3027 4541 innupta
3049 4480 3103 4527 et
3123 4472 3269 4543 virgo
3285 4476 3483 4545 cogitat

1901 4581 2019 4635 qua:
2043 4563 2251 4619 Domini
2278 4570 2423 4629 sunt,
2450 4572 2507 4617 ut
2538 4563 2605 4617 sit
2639 4570 2821 4618 sancta
2858 4572 2912 4619 et
2945 4579 3169 4635 corpore
3192 4575 3243 4621 et
3271 4568 3479 4636 spiritu.

1900 4656 2031 4724 Qure
2054 4664 2230 4711 autem
2252 4664 2413 4725 nupta
2428 4663 2531 4720 est,
2545 4654 2742 4725 cogitat
2761 4671 2878 4726 quxe
2893 4665 3018 4710 sunt
3039 4656 3240 4725 mundi,
3260 4675 3483 4729 quomo-

1901 4746 1970 4800 do
1986 4745 2188 4816 placeat
2207 4744 2337 4800 viro.
2360 4743 2526 4800 Porro
2550 4743 2652 4798 hoc
2676 4744 2742 4800 ad
2763 4745 3041 4801 utilitatem
3071 4757 3299 4803 vestram
3330 4750 3480 4805 dico:

1901 4853 2006 4892 non
2033 4845 2090 4891 ut
2114 4837 2360 4907 laqueum
2387 4836 2537 4892 vobis
2565 4836 2825 4907 injiciam,
2852 4838 2946 4894 sed
2972 4838 3039 4894 ad
3066 4839 3116 4894 id
3146 4841 3285 4910 quod
3314 4841 3481 4898 hone-

1898 4941 2039 4984 stum
2058 4938 2157 4992 est,
2177 4937 2230 4983 et
2248 4927 2387 4999 quod
2402 4928 2702 4985 facultatem
2722 4929 2948 4999 prrebcat
2966 4931 3083 4985 sine
3104 4931 3482 5001 impedimento

1900 5021 2182 5077 Dominum
2211 5021 2579 5078 obsecrandi‘.
2612 5020 2669 5079 Si
2708 5024 2826 5093 quis
2854 5035 3033 5079 autem
3075 5033 3281 5094 turpem
3311 5041 3370 5081 se
3400 5028 3477 5081 vi-

1962 5179 1979 5211 ί
2004 5180 2083 5251 hic
2111 5177 2176 5251 in
2194 5176 2409 5251 fuga-ta
2449 5176 2654 5251 additur,
2686 5174 2846 5240 ﬁdelia
2883 5188 2901 5226 :
2933 5176 3061 5240 quod
3086 5182 3247 5229 tamen
3279 5181 3482 5230 verbum

1895 5239 2038 5291 abest
2059 5252 2087 5289 a
2107 5238 2243 5288 Cori).
2270 5238 2425 5301 Bihltis
2447 5245 2499 5301 et
2532 5250 2560 5287 a
2582 5238 2758 5301 grwco.

1958 5304 1978 5334 ³
2002 5311 2052 5352 tn
2072 5301 2221 5351 sacris
2242 5300 2416 5357 Bibliis,
2442 5299 2633 5361 fratres.

1958 5364 1981 5396 ³
2004 5372 2099 5414 Hoc
2121 5362 2225 5412 loco
2247 5360 2585 5432 desiderantur
2603 5360 2771 5411 isthmc
2791 5361 2961 5423 verba,
2979 5367 3026 5413 et
3060 5363 3143 5428 qui
3173 5372 3351 5427 emunt,
3381 5372 3484 5417 tan-

1894 5438 2039 5489 quam
2063 5437 2156 5474 non
2171 5422 2477 5489 possidentes.

1958 5487 1979 5518 δ
2002 5494 2053 5555 tu
2078 5482 2223 5555 Regio
2250 5482 2443 5555 §peculi
2481 5482 2667 5555 codice,
2694 5482 2981 5555 observandi
2998 5500 3022 5555 ί
3045 5488 3174 5555 quod
3201 5489 3405 5539 verbum
3429 5492 3480 5540 in

1893 5544 2325 5621 plerjsqu§8ifliis
2345 5546 2601 5621 antesixti
2621 5547 2973 5621 correctionem
2996 5544 3265 5621 habebatur
3291 5565 3303 5601 :
3330 5565 3475 5613 porro

1893 5606 1943 5660 in
1979 5606 2347 5679 oorheiensious
2386 5606 2579 5678 legitur.
2612 5607 2808 5659 Domino
2849 5608 3162 5672 observanti;
3203 5606 3464 5677 l'orte'pro,

1894 5679 2094 5722 Danum
2122 5668 2431 5722 observteudt.
2459 5676 2508 5720 In
2537 5682 2698 5733 grtceo
2715 5678 2809 5732 est,
2837 5670 2933 5721 ulla
2954 5676 3065 5736 prus
3094 5676 3142 5726 to
3169 5674 3464 5736 ettscltémbu.

2420 5706 2431 5717 .
2459 5688 2508 5720 ω
2537 5688 2698 5733 grauat)
2715 5688 2809 5732 eSt,
2837 5688 2933 5721 uua
2954 5688 3065 5736 pros
3094 5688 3142 5726 to
3169 5688 3467 5737 αιεοξιειηοης

2526 5754 3046 5831 {Tremo—deum.)
