3878 6318
194 204 363 271 1005

180 319 370 395 etiam
401 323 732 391 proventuttt,
752 322 807 368 ιιι
834 312 1048 391 possitis
1072 312 1357 367 sustinere.
1382 311 1607 386 Propter
1630 314 1794 385 quod,

179 407 505 461 cizai'isslmi
540 405 667 461 mihi
694 449 707 467 ,
739 404 898 475 fugite
920 404 987 456 ab
1015 404 1272 458 idolorum
1301 403 1526 458 cultum.
1561 403 1621 458 Et
1645 407 1798 473 paulo

176 492 313 573 post
348 517 367 553 :
389 500 489 553 Sed
514 516 631 569 «pne
662 500 936 551 innuolant
962 496 1177 557 Gentes.
1199 498 1477 550 diemoniis
1500 497 1794 559 immolant,

182 571 244 659 ἓι
281 610 394 649 ιιιιιι
426 592 552 645 Deo.
586 589 716 644 Nolo
738 600 913 644 autetn
937 604 1031 643 vos
1052 590 1225 643 socios
1253 588 1364 642 ﬁeri
1388 588 1793 643 daemoniorum.

181 683 316 749 Non
354 684 571 753 potestis
600 682 815 736 caiicem
848 682 1052 734 Domini
1087 682 1299 745 bibere,
1347 690 1401 736 et
1434 682 1655 735 raliretn
1683 681 1797 735 dm-

183 760 534 830 tnottiormn.
596 773 709 828 Non
763 775 984 845 potestis
1030 788 1227 828 mensa!
1258 773 1462 827 Domini
1514 774 1798 849 participes

182 883 355 929 esse,
391 880 441 919 et
476 883 676 922 mensa:
719 848 1125 921 tia-nuntiorum.
1168 868 1249 920 An
1278 848 1591 919 :rnmianinr
1623 865 1799 919 Domi-

185 976 329 1017 niun
355 964 377 1012 ?
407 958 670 1028 Numquid
705 960 948 1011 fortiores
982 958 1073 1011 illo
1102 959 1325 1012 sumus?
1355 956 1542 1013 Omnia
1573 958 1698 1011 mihi
1732 958 1797 1011 li-

183 1032 326 1123 ecnt
354 1091 369 1114 ,
401 1050 493 1103 sed
539 1066 641 1103 non
673 1050 848 1105 omnia
881 1048 1183 1118 expediunt.
1219 1048 1408 1103 Oainia
1440 1049 1567 1103 mihi
1601 1049 1793 1114 licent,

184 1132 288 1211 scd
322 1159 430 1197 non
480 1141 656 1195 omnia
688 1139 972 1193 :l‘diiicattl.
1007 1138 1170 1194 Nemo
1198 1140 1336 1210 quod
1362 1156 1515 1193 suam
1545 1150 1626 1194 est
1654 1155 1798 1211 quae-

186 1218 278 1289 rat
301 1277 316 1293 ,
356 1234 450 1288 St‘ti
484 1235 621 1309 quod
652 1234 891 1288 alterius.
924 1234 1094 1287 Otune
1124 1234 1262 1304 quod
1291 1236 1340 1286 in
1376 1235 1600 1288 macello
1630 1234 1794 1296 venit,

185 1327 549 1390 mandat-ate,
577 1324 703 1379 nihil
741 1328 1126 1396 interrogantes
1149 1334 1364 1394 propter
1393 1325 1793 1380 conscientiam.

186 1414 260 1470 Et
293 1419 457 1487 paulo
482 1428 591 1485 post
616 1433 633 1469 :
661 1418 713 1471 Si
738 1416 853 1486 quis
875 1426 1049 1470 autem
1078 1417 1291 1478 dixerit,
1319 1416 1428 1469 lloe
1461 1416 1792 1470 immolatum

188 1504 279 1566 est
317 1510 514 1573 iololi-;
548 1511 706 1564 nolite
738 1513 1058 1565 manducare
1082 1554 1095 1575 ,
1129 1522 1343 1581 propter
1373 1512 1518 1566 illum
1548 1512 1634 1581 qtti
1664 1511 1798 1585 iudi-

186 1605 343 1658 Cavit
365 1645 379 1661 .
424 1615 471 1657 et
507 1614 721 1673 propter
748 1603 1153 1657 conscientiam.
1188 1603 1578 1660 Conscientiain
1619 1614 1795 1655 autem

188 1693 321 1748 dico
356 1710 464 1747 non
498 1705 673 1756 tuam,
717 1695 807 1749 sed
838 1695 1075 1749 alterius.
1133 1693 1327 1771 thnid
1378 1695 1520 1749 enim
1579 1694 1799 1747 libertas

188 1802 316 1840 mea
350 1786 622 1852 jndicatnr
645 1787 712 1837 ab
738 1787 839 1841 alia
871 1787 1225 1841 conscientia?
1269 1787 1321 1840 Si
1354 1802 1452 1855 ego
1480 1804 1599 1840 cum
1630 1786 1796 1855 gratia

186 1876 470 1951 participe
490 1918 503 1937 ,
535 1878 658 1947 quid
692 1878 1029 1947 blasphcmor
1061 1894 1155 1947 pro
1183 1894 1247 1931 eo
1273 1877 1412 1949 quod
1445 1876 1639 1947 gratias
1663 1877 1799 1947 ago?

188 1969 325 2025 Sive
355 1985 489 2039 et‘go
520 1970 877 2036 mamloeatis,
929 1972 1039 2025 sive
1094 1971 1305 2035 bibitis,
1351 1971 1430 2026 vel
1476 1970 1619 2024 aliud
1671 1970 1796 2041 quid

188 2058 382 2116 facilis
405 2101 420 2122 ,
464 2062 639 2114 omnia
668 2063 718 2115 i.i
743 2064 963 2131 gloriam
1000 2062 1088 2116 Dei
1118 2063 1289 2116 facite.
1340 2062 1466 2117 Sine.
1504 2062 1797 2116 oll'ensione

187 2160 375 2207 estote
402 2150 630 2213 .ludmis,
656 2164 707 2206 et
737 2153 992 2207 Gentibus
1012 2196 1026 2220 ,
1059 2163 1108 2207 ct
1140 2153 1389 2208 Ecclesia:
1422 2154 1509 2208 Dei
1541 2171 1553 2205 ε
1582 2156 1714 2207 sicut
1745 2164 1798 2208 et

188 2258 298 2313 ego
342 2259 444 2310 per
483 2244 658 2297 omnia
699 2245 946 2298 omnibus
988 2246 1200 2314 placeo,
1239 2262 1341 2299 non
1374 2260 1620 2315 quasrens
1659 2245 1798 2313 quod

188 2317 329 2397 mihi
365 2335 499 2390 mile
526 2346 625 2397 est,
659 2335 752 2389 sed
775 2337 914 2405 quod
944 2336 1140 2395 multis,
1173 2346 1229 2389 ιιι
1258 2336 1389 2389 salvi
1422 2336 1565 2388 liant.
1676 2322 1679 2325 ἰ
1750 2318 1753 2321 1

269 2423 410 2498 [xu]
442 2426 735 2480 lmitatores
764 2428 863 2481 mei
893 2436 1087 2488 estote,
1116 2428 1252 2480 sicut
1276 2437 1327 2480 et
1356 2442 1453 2496 ego
1474 2426 1689 2480 Christi.
1730 2424 1798 2479 Et

188 2528 309 2593 post
335 2520 607 2585 paululum
630 2534 648 2570 :
668 2518 851 2571 Omnis
876 2519 956 2571 vir
984 2533 1144 2571 orans
1173 2527 1265 2570 aut
1287 2520 1604 2586 prophetans
1626 2517 1799 2572 velato

190 2609 418 2678 capite,
470 2609 714 2678 deturpat
758 2618 915 2679 caput
957 2625 1134 2662 suum.
1180 2608 1364 2663 Omnis
1407 2619 1581 2663 autem
1612 2610 1799 2664 mulier

191 2718 363 2759 Orans
400 2712 490 2756 aut
516 2707 841 2773 prophetans
867 2718 972 2757 non
997 2704 1169 2755 velan
1199 2704 1373 2770 Capite
1395 2744 1409 2763 ,
1434 2701 1678 2771 detttrpat
1704 2718 1793 2756 ca-

192 2805 291 2865 put
324 2810 505 2848 suum.
559 2792 622 2847 Et
653 2804 765 2866 post
804 2795 1117 2863 aliquantum
1147 2809 1166 2846 :
1208 2793 1318 2847 lloe
1345 2802 1521 2848 autem
1550 2794 1798 2862 pra‘cipio

195 2900 307 2947 non
354 2886 612 2949 laudans,
660 2885 800 2954 quod
847 2901 948 2937 non
994 2884 1045 2937 in
1089 2884 1312 2946 melius,
1364 2884 1455 2937 sed
1488 2883 1537 2936 in
1566 2882 1799 2939 detezius

196 2977 525 3031 cenvcnilis.
565 2976 796 3029 l‘rimmn
832 2974 1046 3045 qn'detu
1087 2976 1521 3029 convenientibus
1570 2975 1716 3027 vobis
1748 2976 1797 3029 in

200 3056 516 3130 ecclesiam,
546 3069 704 3124 audio
734 3070 992 3123 scissuras
1020 3070 1156 3123 inter
1186 3083 1279 3122 vos
1309 3084 1458 3131 esse,
1483 3077 1535 3121 et
1557 3085 1621 3121 ex
1653 3078 1798 3136 parte

202 3161 394 3215 credo.
422 3159 551 3214 Nam
577 3172 781 3228 oportet
813 3172 863 3214 ct
896 3163 1125 3214 luct'escs
1142 3174 1280 3221 esse,
1313 3169 1367 3212 ttt
1396 3168 1450 3213 el.
1475 3159 1563 3230 qui
1593 3158 1799 3230 probati

200 3240 328 3306 sunt
354 3295 371 3318 ,
425 3252 685 3306 manifesti
724 3252 851 3306 fiant
892 3252 943 3305 in
986 3252 1153 3305 vobis.
1185 3251 1631 3305 Convenientibos
1673 3265 1799 3319 ergo

201 3344 364 3397 Vobis
392 3342 443 3396 in
478 3358 636 3393 unttm
655 3383 671 3407 ,
694 3343 799 3409 jam
826 3357 927 3394 non
960 3351 1041 3395 est
1062 3340 1379 3392 dominicam
1408 3354 1617 3393 cmnam
1650 3354 1801 3392 man-

200 3433 432 3489 ducam.
463 3432 833 3500 UnnSquisque
861 3432 1002 3484 enim
1033 3445 1180 3483 suam
1208 3444 1415 3484 (mnam
1442 3430 1714 3499 pra-sumit
1734 3430 1800 3485 ad

202 3525 642 3581 niamlucamlom
669 3542 683 3589 ;
734 3534 786 3577 et
815 3525 949 3576 alius
975 3518 1183 3591 quidem
1206 3521 1372 3575 esurit
1394 3564 1409 3584 ,
1457 3522 1594 3575 alios
1623 3531 1799 3575 autem

203 3619 395 3673 ebrius
424 3626 524 3671 est.
572 3615 832 3689 Numquid
871 3614 1058 3668 domos
1099 3629 1203 3667 non
1234 3613 1438 3667 habetis
1469 3612 1533 3666 ad
1576 3614 1798 3667 mandu-

204 3698 443 3775 candum
476 3717 527 3761 et
559 3707 877 3761 bibendum?
904 3715 992 3759 ant
1017 3705 1305 3759 Ecclesiam
1329 3705 1417 3759 Dei
1442 3705 1800 3771 conteumitis,

206 3815 265 3856 et
292 3799 621 3855 confunditis
638 3816 728 3852 eos
745 3802 831 3869 qui
852 3815 955 3852 non
984 3797 1213 3852 habent?
1241 3797 1375 3864 Quid
1408 3796 1579 3852 dicam
1611 3799 1802 3853 vobis?

208 3893 376 3947 laudo
406 3892 534 3946 vos?
584 3892 635 3944 lit
661 3891 760 3945 hoc
791 3909 893 3944 non
926 3888 1099 3943 laudo.
1137 3888 1198 3943 Et
1228 3899 1337 3959 post
1366 3890 1563 3957 aliquos
1594 3906 1759 3942 versus
1783 3905 1803 3943 :

210 3980 400 4050 itaque
425 3983 742 4053 quicmnqne
771 3981 1165 4034 tnaodncaverit
1212 3994 1398 4048 panem
1434 3980 1467 4043 ',
1504 3979 1583 4033 vel
1614 3979 1804 4033 biberit

209 4075 438 4129 calicem
468 4075 669 4129 Domini
700 4075 931 4143 indigne,
964 4089 1086 4126 reus
1110 4072 1211 4125 erit
1243 4071 1480 4139 corporis
1508 4080 1560 4125 ct
1585 4072 1799 4140 sangui-

211 4162 298 4221 nis
321 4166 550 4219 Domini.
586 4166 777 4218 Probet
804 4175 978 4217 autem
1007 4163 1239 4231 scipsnm
1275 4162 1466 4224 homo,
1512 4171 1566 4215 et
1611 4161 1689 4215 sic
1735 4162 1803 4217 de

214 4246 353 4326 pane
383 4256 471 4309 illo
497 4256 617 4310 edat
638 4298 650 4317 ,
682 4265 733 4308 et
757 4256 822 4308 de
842 4255 1007 4309 calice
1029 4255 1188 4307 bibat.
1221 4253 1320 4321 Qui
1352 4254 1491 4307 enim
1523 4256 1805 4309 manducat.

212 4358 265 4402 et
299 4348 433 4400 bibit
462 4348 694 4415 indigne,
719 4346 973 4414 judicium
998 4346 1095 4398 sibi
1128 4344 1409 4398 mandueat
1434 4354 1485 4399 et
1513 4345 1662 4409 bibit,
1696 4362 1801 4400 nott

210 4437 518 4506 dijudieans
546 4451 738 4503 Corpus
772 4436 998 4490 Domini.
1043 4436 1165 4489 Ideo
1196 4438 1333 4488 inter
1357 4451 1448 4489 vos
1478 4437 1623 4490 inuiti
1655 4437 1801 4495 inlir-

210 4529 310 4591 mi,
340 4538 393 4580 et
426 4527 733 4586 imbecilles,
762 4536 815 4581 et
842 4527 1111 4580 dormiunt
1133 4526 1301 4579 multi.
1326 4525 1477 4593 Quod
1497 4529 1538 4581 si
1562 4538 1800 4583 nosmet-

212 4620 364 4689 ipsos
389 4618 798 4686 dijudicarcmns
823 4662 838 4683 ,
884 4634 989 4672 non
1022 4619 1205 4687 utique
1239 4618 1618 4685 iudicaremur.
1670 4622 1801 4677 Dum

210 4708 516 4779 iudicamur
541 4718 715 4764 autem
739 4751 754 4775 ,
782 4725 809 4762 a
845 4709 1065 4762 Doznino
1093 4710 1410 4777 eorripintur
1435 4750 1449 4772 ,
1479 4719 1531 4762 tit
1556 4726 1657 4763 non
1680 4728 1801 4767 emit

217 4799 319 4855 hoc
349 4801 546 4854 mundo
572 4801 903 4855 danmemnr.
930 4800 1129 4871 Itaque,
1155 4800 1346 4856 fratres
1377 4802 1499 4861 mei.
1524 4819 1643 4857 eum
1675 4820 1804 4859 eon-

210 4882 410 4947 rv’enitis
437 4892 499 4947 ad
532 4892 976 4955 manducandum,
1007 4892 1231 4945 invict-nt
1258 4900 1581 4959 e.\'speetale.
1605 4895 1657 4948 Si
1682 4895 1802 4963 quis

218 4985 406 5051 esurit,
436 4984 576 5038 domi
607 4984 909 5050 manducet,
942 4994 1001 5038 ιιι
1029 5000 1131 5037 tnui
1164 4984 1213 5035 io
1233 4983 1490 5051 judicium
1512 4987 1802 5041 convenia-

221 5079 305 5132 tis.
325 5080 525 5135 Cain-ra
554 5088 730 5133 autem
752 5094 870 5132 eum
903 5094 1119 5141 venero,
1143 5078 1444 5146 disponam.

292 5170 359 5225 Et
383 5174 486 5226 alio
512 5173 620 5227 loro
640 5170 785 5246 lxii]
819 5192 831 5227 :
864 5171 969 5227 Sed
1000 5171 1139 5227 Deus
1161 5173 1471 5241 temperavit
1497 5185 1707 5241 corpus,
1728 5174 1799 5237 ei,

222 5263 544 5329 cuidt-erat,
594 5264 1033 5319 abundantiorem
1074 5263 1350 5318 tribuendo
1396 5262 1689 5328 honorem;
1746 5273 1805 5318 ut

223 5368 328 5409 neu
363 5358 431 5411 sit
460 5358 686 5413 schisnta
718 5358 767 5411 in
794 5372 1019 5430 θυι-νινε
1040 5399 1055 5423 ,
1088 5358 1179 5412 sed
1206 5357 1256 5411 in
1286 5355 1510 5425 idipsunt
1542 5372 1635 5425 pro
1664 5357 1800 5411 invi-

224 5462 338 5505 cem
366 5452 587 5507 sollicita
623 5453 727 5507 sint
766 5453 1021 5507 membra.
1068 5452 1134 5506 Et
1172 5451 1214 5505 si
1262 5451 1385 5521 quid
1420 5452 1613 5518 patitur
1641 5466 1801 5505 unum

218 5544 554 5619 membrum,
598 5546 987 5617 compatiuntur
1012 5543 1189 5597 omnia
1222 5542 1460 5599 membra
1493 5558 1508 5598 :
1540 5542 1654 5598 sive
1690 5543 1803 5614 glo-

286 5653 309 5687 ι
328 5654 547 5719 Vulgata,
563 5656 699 5717 juxta
721 5670 951 5717 grzecum.
974 5669 1148 5711 panem
1167 5656 1312 5707 hunc.

1445 199 1535 265 DE
1573 198 1953 287 SCR‘PTUﬁ:i
1995 198 2241 269 SAcM-

3346 212 3486 283 tono

1902 313 2068 369 riatur
2092 315 2105 346 ι
2137 330 2297 369 unum
2320 315 2639 382 membrum,
2661 319 2993 388 congaudent
3018 324 3192 379 omnia
3224 327 3483 382 membra.

1906 403 2012 458 Vos
2032 414 2209 459 atttcnt
2241 407 2367 459 estis
2393 423 2586 491 corpus
2611 409 2807 464 Christi
2830 452 2844 476 ,
2886 421 2939 466 et
2964 415 3198 471 membra
3222 417 3287 471 de
3318 435 3487 474 mem-

1904 494 2021 551 ιω.
2074 497 2136 550 Et
2179 497 2433 566 quosdam
2487 500 2701 573 quidem
2748 504 2921 572 posuit
2965 506 3099 559 Dens
3130 510 3182 561 in
3214 508 3483 576 Eri-cinia,

1904 588 2130 658 primunt
2149 576 2434 656 apostolos,
2457 591 2689 645 secunde
2710 594 3011 663 prophetas,
3042 600 3195 652 tertio
3221 601 3483 669 doctores,

1903 678 2095 734 deinde
2118 680 2366 743 virtutes,
2394 682 2585 738 exinde
2617 687 2811 748 gratias
2838 690 3169 742 curationum
3193 732 3206 754 ,
3230 694 3490 762 guberna-

1906 772 2075 827 tiones
2097 815 2109 833 ,
2134 773 2508 841 Opilulatiottes
2529 819 2542 837 ,
2576 792 2765 845 genera
2800 779 3127 848 linguarum,
3171 784 3489 854 interpreta-

1902 865 2078 920 tiones
2100 882 2424 919 sermonum.
2450 866 2711 938 Numquid
2730 885 2916 927 O.tl:lC$
2937 877 3203 944 apostoli?
3226 883 3480 950 nunrptid

1903 972 2093 1014 Omnes
2124 962 2437 1031 prophelze?
2492 967 2741 1034 numquid
2787 973 3285 1031 onmesdortores?
3338 998 3485 1036 mun-

1902 1052 2027 1133 qoid
2052 1070 2238 1108 omnes
2270 1056 2529 1110 virtutes?
2550 1060 2800 1128 nutuquid
2824 1078 3011 1116 mones
3035 1066 3255 1136 gratiam
3285 1073 3480 1130 habent

1902 1145 2273 1198 curationum?
2299 1148 2549 1218 numquid
2572 1168 2757 1204 omnes
2783 1154 2970 1222 linguis
2990 1156 3271 1234 loquuntur
3290 1164 3311 1215 ἶ)
3333 1182 3482 1220 ninn-

1902 1235 2027 1313 quid
2056 1250 2241 1292 omnes
2271 1239 2723 1308 interpretantur1'
2762 1242 3107 1315 Aiuntlamini
3143 1266 3321 1308 autem
3359 1258 3484 1316 cha-

1902 1325 2117 1381 rismata
2148 1330 2368 1384 meliora
2395 1348 2409 1386 :
2436 1342 2487 1386 ct
2516 1332 2691 1388 adhuc
2713 1337 3142 1409 caccllentiorent
3175 1347 3324 1403 vobis
3346 1316 3484 1406 viain

1902 1414 2232 1479 detttuttslt'n.

1974 1508 2141 1584 [vnn]
2181 1513 2235 1565 Si
2262 1513 2452 1583 linguis
2483 1514 2753 1572 hominum
2784 1518 2998 1591 loquar,
3036 1534 3090 1578 et
3122 1528 3445 1599 Angelorum
3466 1578 3482 1601 ,

1902 1600 2215 1655 cbaritatem
2244 1616 2417 1657 autem
2452 1622 2553 1659 non
2580 1609 2798 1663 habeant
2818 1652 2831 1671 ,
2861 1614 3024 1667 iitt'llls
3050 1634 3166 1670 sunt
3193 1622 3326 1673 velut
3354 1600 3483 1679 a-ras

1902 1705 2140 1757 mentum
2160 1701 2775 1769 sonansautcymbalum
2797 1705 3045 1762 tinnit-ns.
3082 1708 3142 1771 lit
3176 1714 3216 1763 si
3250 1712 3486 1775 habuero

1902 1786 2265 1853 prophetiam,
2315 1801 2366 1842 et
2406 1794 2641 1844 noverim
2685 1797 2934 1863 mysteria
2960 1792 3139 1853 ontnia
3179 1812 3229 1857 et
3271 1822 3483 1863 omnem

1902 1876 2211 1944 scientiam;
2243 1890 2297 1934 et
2326 1880 2368 1933 si
2402 1881 2633 1936 habuero
2655 1900 2864 1939 onmem
2893 1890 3071 1955 tidem,
3106 1893 3173 1945 ita
3198 1905 3253 1948 nt
3277 1908 3486 1952 montes

1904 1960 2236 2049 transferam,
2261 1972 2571 2027 cbaritatem
2591 1986 2766 2029 autem
2790 1995 2891 2030 non
2915 1978 3169 2049 habuero,
3192 1985 3321 2041 nihil
3342 2004 3483 2045 sunt.

1902 2060 1969 2114 Et
1993 2063 2035 2115 si
2063 2062 2383 2117 distrilmero
2414 2063 2463 2118 iit
2487 2066 2637 2121 cibos
2672 2082 2957 2138 pauperum
2990 2088 3177 2129 omnes
3215 2080 3487 2137 lat-uitales

1900 2168 2068 2241 meas,
2094 2164 2146 2207 et
2172 2155 2216 2208 si
2241 2156 2507 2210 tradidero
2534 2174 2727 2228 corpus
2751 2178 2925 2216 meum
2955 2175 3009 2217 ot
3034 2168 3280 2237 ardeant,
3311 2172 3485 2235 eliar-i

1903 2254 2062 2300 tatem
2086 2260 2258 2302 autem
2287 2267 2389 2303 non
2414 2251 2669 2321 habuero,
2702 2255 2827 2309 nihil
2862 2259 2985 2311 mihi
3020 2261 3255 2329 prodest.
3296 2267 3484 2331 Chari-

1903 2344 1981 2391 tas
2012 2342 2216 2405 patiens
2247 2352 2323 2395 est
2350 2383 2366 2407 ,
2398 2342 2621 2414 benigna
2652 2356 2752 2401 est.
2783 2345 3027 2404 Charitas
3058 2368 3159 2407 non
3184 2359 3483 2429 a-mnlatur,

1900 2444 2008 2489 non
2031 2430 2133 2497 agi!
2164 2449 2473 2499 perperam,
2512 2451 2616 2488 tton
2642 2436 2857 2501 inﬂatur
2878 2482 2894 2505 ,
2927 2457 3033 2495 nott
3056 2454 3134 2499 est
3160 2447 3440 2505 ambitiosa
3465 2494 3483 2520 ,

1903 2534 2008 2581 non
2037 2525 2223 2592 quarrit
2252 2541 2368 2593 qua:
2400 2542 2491 2579 sua
2522 2538 2643 2583 sunt
2667 2570 2682 2593 ,
2724 2547 2827 2586 non
2852 2532 3113 2602 inritatur,
3159 2556 3262 2594 non
3290 2544 3486 2615 Cogitat

1903 2614 2123 2680 malum,
2157 2632 2258 2669 tton
2283 2618 2472 2685 gaudet
2497 2634 2656 2689 super
2676 2621 2970 2693 iniquitate,
2993 2631 3288 2701 congatnlet
3306 2645 3483 2691 autem

1902 2705 2131 2759 veritati.
2166 2708 2353 2761 Omnia
2382 2710 2596 2775 sollert,
2627 2714 2801 2768 omnia
2832 2719 3038 2784 credit,
3067 2724 3242 2777 omnia
3276 2737 3475 2794 Sperat,

1902 2798 2080 2850 omnia
2126 2800 2367 2853 sustinet.
2419 2802 2660 2857 Charitas
2704 2821 2970 2876 nunquam
3019 2812 3231 2865 exi-idit.
3284 2813 3347 2868 Et
3376 2829 3486 2886 post
3568 2847 3579 2854 ~

1902 2886 2098 2957 aliquos
2122 2905 2289 2941 versus
2319 2906 2335 2943 :
2362 2890 2512 2945 None
2542 2905 2717 2947 autem
2743 2909 2954 2951 ttt:tttcttt
2987 2900 3143 2964 lidcs,
3174 2918 3330 2972 spes,
3358 2907 3484 2961 cha-

1902 2980 2052 3059 ritas,
2082 2982 2178 3033 tria
2208 2983 2318 3036 bare
2346 3000 2360 3036 :
2394 2984 2561 3053 major
2581 2996 2755 3043 autem
2781 2986 2862 3042 his
2883 2998 2963 3043 est
2989 2991 3244 3049 Charitas.

1914 3068 1915 3071 “
1969 3070 2135 3149 [sua]
2176 3077 2461 3130 Sectamini
2488 3086 2662 3131 autem
2694 3079 3029 3139 cbaritatem.
3065 3082 3306 3161 lftpualo
3332 3102 3486 3159 post:

1902 3163 2160 3230 thaiam
2188 3166 2524 3223 a-nmiatores
2555 3170 2682 3224 CSliS
2705 3172 2982 3241 spirituum
3010 3219 3025 3243 ,
3067 3177 3133 3232 ad
3174 3181 3485 3238 :editieatio-

1904 3270 2023 3333 nent
2055 3255 2304 3312 Eeelesia-
2333 3261 2555 3329 quairite
2581 3270 2639 3315 ut
2665 3248 2963 3320 abnndctis.
3008 3266 3139 3323 Item
3166 3284 3275 3342 post
3301 3277 3487 3343 paulu-

1904 3346 2007 3400 lum
2032 3363 2049 3400 :
2075 3347 2307 3414 Fratres,
2332 3354 2497 3409 nolite
2526 3357 2671 3422 pueri
2703 3358 2836 3412 efﬁci
2865 3363 3132 3429 sensibus,
3164 3367 3256 3421 sed
3285 3371 3485 3427 malitia

1906 3439 2108 3509 parvuli
2138 3452 2342 3510 estote,
2367 3447 2612 3501 sensibus
2633 3458 2805 3513 autent
2835 3452 3052 3519 perfecti
3078 3465 3266 3513 estote.
3296 3458 3363 3513 Et
3384 3464 3487 3517 alio

1906 3531 2015 3585 loco
2040 3547 2057 3585 :
2085 3531 2219 3600 Quid
2252 3550 2377 3613 ergo
2407 3546 2517 3603 est,
2544 3539 2767 3594 fratres?
2796 3541 2928 3596 Cum
2958 3549 3280 3619 convenitis,
3315 3568 3481 3609 unus—

1905 3622 2127 3703 quisque
2155 3632 2385 3677 vestrum
2434 3628 2691 3694 psalmum
2738 3629 2927 3695 habet,
2971 3635 3262 3691 doctrinam
3294 3642 3485 3712 habet,

1905 3716 2261 3789 apocaiypsim
2288 3716 2476 3781 habet,
2520 3718 2746 3790 linguam
2782 3722 2965 3787 habet,
2996 3725 3486 3800 interpretationem

1907 3806 2100 3860 habet?
2134 3808 2310 3861 omnia
2347 3808 2412 3862 ad
2444 3810 2844 3868 :cdilicationem
2890 3818 3035 3872 liant.
3067 3816 3132 3872 Et
3164 3831 3273 3890 post
3296 3825 3489 3897 aliqua:

1905 3916 2116 3955 versus:
2149 3902 2392 3958 Mulieres
2430 3906 2481 3958 in
2521 3907 2761 3961 ccclesiis
2791 3916 2996 3965 laci-ant
3024 3930 3036 3966 :
3073 3929 3173 3967 non
3199 3918 3336 3971 enim
3366 3937 3485 3987 per-

1907 3994 2133 4048 mittitur
2161 3994 2263 4051 illis
2295 3996 2456 4066 loqui,
2485 3998 2577 4053 sed
2610 3999 2850 4055 subditas
2876 4018 3013 4075 esse,
3046 4005 3179 4060 sicut
3206 4017 3255 4061 et
3281 4009 3384 4064 Lex
3408 4010 3489 4065 di-

1905 4085 1994 4140 cit.
2027 4086 2081 4141 Si
2127 4087 2251 4157 quid
2293 4097 2471 4143 autem
2514 4090 2695 4143 volunt
2732 4091 2967 4160 discere,
3011 4095 3153 4151 do:ni
3183 4099 3321 4153 viros
3362 4116 3488 4159 suos

1907 4178 2253 4250 interrogent.
2276 4180 2452 4249 'I'urpe
2478 4191 2557 4235 est
2584 4183 2724 4237 enim
2755 4184 2959 4241 mulieri
2993 4187 3133 4257 loqui
3158 4189 3206 4243 in
3228 4190 3485 4249 Ecclesia.

1906 4269 1988 4324 An
2018 4286 2045 4324 τι
2079 4272 2227 4328 vobis
2254 4271 2471 4327 verbum
2492 4273 2582 4328 Dei
2609 4278 2886 4344 processit,
2914 4288 3004 4331 aut
3032 4279 3083 4333 in
3101 4295 3196 4334 vos
3214 4281 3365 4343 solos
3389 4281 3489 4343 de-

1906 4362 2089 4418 venit?
2142 4400 2145 4409 ς

1976 4450 2046 4507 Et
2095 4462 2206 4522 post
2244 4452 2507 4521 paululum
2537 4450 2722 4528 [xv]:
2772 4455 2944 4515 Nolite
2984 4459 3202 4516 seduci:
3248 4477 3490 4522 corrum-

1907 4553 2037 4615 pttnt
2066 4560 2238 4599 mores
2268 4545 2434 4599 bonos
2459 4546 2717 4627 colioqaia
2762 4551 2916 4603 mala.
2966 4550 3250 4620 Ev‘iigilate,
3277 4557 3404 4625 justi
3428 4559 3484 4626 ',

1907 4647 1961 4694 et
1987 4638 2149 4692 nolite
2181 4654 2419 4709 peccare.
2469 4637 2819 4710 Ignorantiant
2863 4644 3003 4697 enim
3036 4644 3124 4698 Dei
3154 4647 3365 4715 quidam
3394 4647 3489 4703 ha-

1907 4730 2067 4785 bent:
2100 4730 2163 4783 ad
2190 4730 2535 4785 reverentiun
2561 4732 2708 4784 vobis
2729 4733 2933 4803 loquor.
2970 4732 3033 4788 Et
3054 4747 3165 4806 post
3186 4738 3488 4808 paululmu:

1907 4822 2121 4893 Itaque,
2155 4823 2346 4879 fratres
2388 4826 2488 4878 ntei
2529 4824 2737 4889 dilecti,
2767 4837 2937 4883 estote
2974 4831 3189 4884 stabiles
3216 4843 3269 4886 et
3295 4833 3487 4888 immo-

1906 4916 2073 4981 biles,
2104 4916 2434 4972 abundantes
2469 4918 2518 4971 in
2546 4934 2708 4988 opere
2748 4921 2953 4976 Domini
2994 4939 3225 4994 semper,
3255 4927 3489 4984 scientes

1906 5009 2046 5079 quod
2078 5009 2227 5065 labor
2254 5021 2428 5071 vester
2456 5026 2558 5067 non
2588 5024 2667 5066 est
2697 5012 2869 5070 inanis
2900 5016 2949 5068 in
2976 5017 3224 5077 Domino.

1978 5098 2137 5174 [ενι]
2170 5101 2243 5165 De
2266 5104 2505 5157 colli-etis
2529 5115 2703 5159 autem
2733 5122 2850 5176 quae
2873 5108 3000 5160 tiunt
3020 5108 3074 5161 in
3099 5121 3332 5173 sanctos,
3356 5112 3493 5167 sicut

1907 5192 2145 5247 ordinari
2177 5196 2226 5247 in
2262 5194 2511 5261 Ecclesiis
2539 5196 2787 5261 Calatiae,
2833 5198 2905 5261 in
2944 5212 2995 5254 et
3037 5217 3129 5256 vos
3174 5200 3350 5267 facile.
3386 5204 3493 5267 Per

1910 5303 2066 5341 unam
2097 5289 2300 5343 sabbati
2345 5290 2705 5359 nmisqniSque
2738 5302 2974 5345 vestrum
3014 5295 3150 5363 apud
3194 5312 3252 5351 so
3291 5311 3489 5368 ponat,

1909 5378 2205 5447 recondens
2240 5380 2381 5451 quod
2424 5380 2473 5435 ei
2509 5379 2649 5443 bene
2689 5382 2986 5451 piacucrit:
3026 5395 3087 5453 tu
3115 5402 3218 5449 non
3248 5402 3371 5453 eoin
3404 5405 3486 5449 .ve-

1966 5536 1989 5605 ,
2015 5532 2549 5605 ςπρμιοῃςῑςρᾳιρξλ
2578 5530 2909 5605 gloriﬁcatur”
2919 5548 2939 5597 ;
2949 5537 3089 5600 juxta
3123 5552 3294 5603 grano,
3319 5538 3491 5603 docea-

1909 5594 2031 5648 ποιαί
2057 5632 2067 5644 .
2099 5596 2263 5655 idest,
2296 5594 2447 5657 gloria
2470 5594 2690 5657 adiicitur.

1964 5661 2196 5715 iam,
2210 5654 2465 5719 εειιὲρδαιε
2490 5654 2675 5709 dii-aias
2711 5657 2931 5721 evigilata
2942 5659 3093 5721 iuste.
