3878 6310
440 254 578 312 1007

438 382 570 422 nero
589 407 604 431 ,
634 374 758 419 tunc
777 360 1015 418 collecta:
1043 353 1191 412 liant.
1222 353 1357 410 Cum
1380 361 1556 409 autem
1581 364 1816 422 praesens
1841 348 2021 415 fuero,

437 471 575 528 quos
603 451 953 528 prohaveritis
973 492 986 514 ,
1014 464 1109 520 per
1137 447 1390 517 epistulas
1419 445 1519 500 bos
1551 444 1756 498 mittam
1790 439 2026 513 perferre

438 548 661 620 gratiam
693 553 928 601 vestram
949 541 1001 596 in
1026 540 1344 596 Jerusalem.
1374 536 1527 606 Quod
1555 535 1597 591 si
1622 533 1839 604 dignum
1871 530 2032 586 fuerit

438 652 501 698 ut
543 651 596 697 et
636 653 737 709 ego
772 652 890 694 eam
910 677 927 702 ,
955 649 1164 690 mecum
1194 632 1360 686 ibunt.
1393 628 1613 685 Veniam
1641 636 1818 682 autem
1843 624 1910 680 ad
1934 637 2030 679 vos

439 750 562 792 cum
591 729 952 787 Macedoniam
976 725 1352 798 pertransiero.
1379 721 1511 777 Nam
1532 719 1890 776 Macedoniam
1911 730 2033 787 per-

443 825 701 883 transibo.
754 820 908 893 Apud
957 834 1052 873 vos
1092 826 1269 873 autem
1316 816 1534 870 forsitan
1581 811 1896 876 remanebo,
1945 807 2031 865 vel

441 918 603 974 etiam
625 913 873 970 hiemabo
889 953 906 978 ,
929 921 987 966 ut
1006 925 1100 965 vos
1129 925 1216 964 me
1243 906 1518 963 deducatis
1540 917 1876 976 quocumque
1897 902 2031 957 iero.

441 1007 580 1064 Nolo
603 1005 746 1062 enim
776 1018 872 1058 vos
894 1001 1054 1058 modo
1080 999 1134 1056 in
1165 999 1391 1055 transitu
1419 996 1639 1054 videre:
1667 1009 1827 1067 spero
1851 1001 2028 1048 autem

445 1118 532 1158 me
557 1101 888 1169 aliquantum
928 1093 1182 1165 temporis
1210 1106 1429 1147 manere
1455 1089 1593 1161 apud
1622 1104 1748 1155 vos,
1777 1088 1820 1143 si
1853 1083 2036 1142 Domi-

444 1210 546 1251 nus
572 1190 890 1266 permiserit.
932 1186 1265 1244 Permanebo
1302 1192 1482 1239 autem
1528 1181 1728 1252 Ephesi
1773 1193 1941 1249 usque
1969 1175 2038 1231 ad

443 1287 820 1346 Pentecosten.
846 1280 1054 1340 Ostium
1083 1279 1227 1336 enim
1257 1277 1386 1332 mihi
1411 1285 1654 1347 apertum
1684 1280 1768 1328 est
1788 1283 2038 1341 magnum

443 1390 498 1438 et
522 1378 773 1446 evidens,
801 1383 858 1432 et
884 1370 1174 1430 adversarii
1209 1368 1382 1424 multi.
1425 1367 1483 1423 Si
1511 1375 1690 1420 autem
1715 1360 1920 1418 venerit
1944 1358 2040 1413 Ti-

446 1471 733 1537 motheus,
759 1467 935 1522 videte
960 1473 1016 1520 ut
1039 1464 1156 1520 sine
1183 1461 1374 1516 timore
1409 1458 1480 1514 sit
1511 1455 1652 1527 apud
1683 1469 1798 1510 vos.
1837 1448 1902 1506 Et
1931 1457 2042 1520 post

446 1565 755 1638 paululum:
784 1559 1039 1630 Vigilate,
1080 1561 1218 1611 state
1249 1554 1302 1608 in
1347 1551 1479 1618 (ide,
1523 1548 1749 1606 viriliter
1792 1544 1962 1616 agite,
1989 1549 2046 1598 et

449 1651 844 1714 confortatnini.
873 1649 1062 1705 Omnia
1089 1655 1263 1702 vestra
1290 1646 1343 1698 in
1375 1642 1635 1698 charitate
1666 1640 1814 1694 (iant.

520 1747 611 1803 DE
651 1740 984 1801 EPISTOLA
1022 1739 1067 1795 ll
1099 1739 1158 1794 Β.
1183 1735 1385 1794 PAULI
1417 1736 1508 1790 AD
1545 1727 1972 1789 CORINTHIOS.

521 1837 677 1913 [Cap.
704 1833 769 1910 t.]
806 1833 938 1890 Nam
975 1831 1144 1904 gloria
1172 1835 1352 1884 nostra
1383 1825 1499 1880 haec
1522 1833 1636 1888 est,
1681 1821 2046 1878 testimonium

451 1911 794 1991 conscientiae
821 1934 1022 1982 nostrae
1041 1963 1059 1988 ,
1090 1919 1234 1992 quod
1256 1919 1310 1975 in
1335 1917 1675 1989 simplicitate
1699 1915 1716 1947 ⁸
1744 1923 1800 1969 et
1823 1911 2049 1968 sinceri-

455 2034 565 2084 tate
595 2023 719 2089 Dei,
745 2031 802 2078 et
823 2034 932 2076 non
952 2018 1006 2074 in
1027 2013 1288 2087 sapientia
1307 2011 1510 2070 carnali
1525 2051 1542 2078 ,
1570 2007 1668 2065 sed
1688 2009 1742 2063 in
1761 2005 1930 2080 gratia
1952 2003 2049 2060 Dei

455 2115 757 2178 conversati
783 2127 970 2171 sumus
995 2111 1050 2166 in
1079 2106 1298 2163 mundo.

528 2207 598 2264 Et
628 2214 739 2280 post
767 2201 1033 2277 paululum
1060 2196 1209 2273 [n.l:
1254 2195 1311 2252 Si
1339 2194 1460 2266 quis
1501 2201 1677 2248 autem
1717 2186 2055 2246 contristavit

458 2317 548 2360 me
566 2303 588 2334 '
605 2341 622 2368 ,
656 2313 764 2354 nou
787 2311 876 2352 me
904 2290 1270 2356 contristavit;
1299 2286 1393 2343 sed
1416 2303 1480 2342 ex
1505 2295 1652 2356 parte
1671 2326 1688 2352 ,
1711 2293 1768 2339 ut
1797 2298 1903 2337 non
1924 2295 2054 2337 one-

459 2408 576 2451 rem
596 2433 612 2458 ,
641 2403 830 2447 omnes
859 2401 976 2441 vos.
1003 2381 1212 2440 Sufﬁcit
1230 2379 1304 2435 illi
1327 2379 1415 2450 qui
1442 2375 1703 2449 ejusmodi
1729 2384 1846 2441 est,
1869 2372 2055 2442 objur-

462 2485 606 2559 gatio
632 2482 750 2538 lucc
769 2495 890 2552 qua:
917 2477 975 2532 fit
995 2491 1025 2531 a
1051 2473 1328 2548 pluribus;
1359 2471 1430 2525 ita
1457 2478 1516 2524 ut
1543 2485 1574 2524 e
1599 2466 1871 2524 contrario
1892 2463 2058 2534 magis

462 2553 674 2632 donetis
692 2580 746 2628 et
763 2564 1116 2626 consoletnini
1136 2606 1152 2629 ,
1177 2579 1244 2619 ne
1273 2560 1412 2617 forte
1435 2557 1822 2616 abundantiore
1844 2553 2058 2611 tristitia

466 2654 833 2726 absorbeatur,
863 2661 953 2732 qui
979 2656 1241 2730 ejusmodi
1263 2662 1366 2711 est.
1396 2653 1623 2723 PrOpter
1660 2648 1804 2721 quod
1834 2647 2060 2703 obsecro

468 2775 597 2824 vos,
640 2766 700 2812 ut
737 2751 1065 2812 confirmetis
1105 2749 1158 2804 in
1199 2747 1348 2802 illum
1390 2743 1725 2800 charitatem.
1771 2738 1896 2794 Ideo
1919 2737 2063 2793 enim

469 2848 694 2918 scripsi,
722 2853 781 2902 ut
805 2855 1124 2911 cognoscam
1156 2836 1581 2908 experimentum
1607 2839 1881 2896 vestrum,
1912 2843 1979 2881 an
2011 2827 2065 2880 in

471 2941 719 2999 omnibus
740 2936 1054 2994 obedientes
1079 2931 1215 2987 sitis.
1243 2928 1341 2984 Cui
1361 2937 1539 2982 antem
1570 2921 1769 2993 aliquid
1791 2919 2061 2986 donastis,

473 3043 529 3089 et
547 3047 668 3103 ego.
688 3029 822 3086 Nam
844 3035 898 3082 et
924 3040 1025 3094 ego
1043 3019 1186 3093 quod
1210 3016 1434 3083 donavi,
1461 3016 1505 3070 si
1525 3013 1653 3085 quid
1683 3011 1910 3076 donavi,
1937 3025 2067 3080 pro-

475 3100 602 3194 pter
623 3134 719 3176 vos
747 3118 803 3173 in
834 3128 1062 3186 persona
1094 3109 1323 3170 Christi;
1361 3115 1420 3161 ut
1458 3119 1564 3160 non
1586 3100 2071 3159 circumveniamur

477 3193 508 3269 ξι
537 3222 758 3269 satana:
787 3221 895 3263 non
919 3205 1061 3261 enim
1089 3201 1396 3274 ignoramus
1421 3194 1770 3268 cogitationes
1789 3193 1926 3263 ejus.

555 3303 620 3358 Et
647 3301 749 3357 alio
778 3297 889 3355 loco
915 3294 1039 3372 [tv.]
1064 3313 1078 3352 :
1120 3293 1246 3350 Ideo
1281 3290 1540 3346 habentes
1563 3287 1704 3342 hanc
1730 3285 2071 3340 administra-

482 3400 682 3455 tionem
704 3394 755 3460 ³,
781 3391 931 3464 juxta
958 3387 1100 3462 quod
1128 3381 1546 3442 misericordiam
1575 3378 1846 3435 consecuti
1867 3390 2072 3442 sumus,

481 3507 592 3547 non
610 3487 924 3551 deficimus;
953 3481 1048 3539 sed
1073 3478 1384 3536 abdicamus
1407 3473 1614 3530 occulta
1640 3470 1943 3534 dedecoris,
1968 3483 2075 3522 non

482 3580 820 3638 ambulantes
857 3577 912 3631 in
956 3573 1186 3637 astutia,
1234 3582 1411 3640 neque
1452 3565 1814 3621 adulterantes
1855 3559 2075 3616 verbum

485 3674 615 3738 Dei,
660 3670 752 3728 sed
794 3669 847 3724 in
892 3663 1321 3722 manifestatione
1363 3657 1602 3714 veritatis
1639 3651 2077 3710 commendantes

487 3763 845 3833 nosmetipsos
867 3758 936 3814 ad
953 3772 1167 3814 omnem
1190 3751 1572 3810 conscientiam
1600 3747 1874 3801 hominum
1897 3759 2079 3799 coram

486 3860 618 3914 Deo.
666 3853 734 3910 Et
758 3860 869 3925 post
897 3865 1084 3922 paucos
1115 3863 1287 3902 versus
1320 3861 1340 3899 :
1382 3843 1497 3898 Non
1541 3840 1685 3896 enim
1725 3838 2082 3908 nosmetipsos

487 3945 868 4020 praedicamus,
893 3939 988 3996 sed
1006 3939 1190 3996 Jesum
1215 3935 1485 3992 Christum
1512 3932 1792 3986 Dominum
1817 3938 2078 3993 nostrum,

490 4054 591 4095 nos
615 4043 792 4092 autem
827 4046 1013 4089 servos
1048 4036 1260 4086 vestros
1283 4042 1378 4097 per
1405 4025 1608 4080 Jesum.
1659 4021 1724 4075 Et
1753 4021 1906 4092 paulo
1930 4029 2040 4090 post
2063 4035 2083 4074 :

490 4130 762 4188 Habemus
788 4131 966 4181 autem
994 4123 1306 4196 thesaurum
1335 4119 1494 4174 istum
1535 4117 1589 4170 in
1629 4115 1769 4169 vasis
1796 4113 2077 4177 fictilibus,

492 4233 551 4279 ut
571 4217 869 4276 sublimitas
887 4216 958 4271 sit
978 4213 1192 4270 virtutis
1219 4210 1334 4277 Dei,
1348 4217 1402 4265 et
1418 4223 1525 4263 non
1547 4221 1615 4262 ex
1636 4205 1806 4259 nobis.
1838 4204 1892 4258 In
1912 4203 2084 4259 omni-

489 4313 592 4369 bus
631 4307 1026 4366 tribulationem
1079 4303 1347 4376 patimur,
1392 4299 1488 4357 sed
1528 4312 1634 4353 non
1689 4297 2081 4366 angustiamur;

492 4402 816 4474 aporiamur,
842 4397 937 4456 sed
966 4413 1072 4453 non
1109 4393 1477 4456 destituimur;
1522 4386 1946 4460 persecutionem
1988 4401 2084 4456 pa-

495 4498 677 4559 timur.
707 4493 801 4550 sed
835 4508 943 4548 non
979 4489 1400 4558 derelinquimur
1422 4485 1474 4553 ‘;
1522 4487 1826 4557 dejicimur,
1857 4482 1952 4539 sed
1979 4496 2085 4537 non

496 4586 778 4659 perimus:
828 4599 1043 4653 semper
1089 4578 1548 4638 mortiﬁcationem
1595 4578 1722 4634 Jesu
1765 4577 1819 4631 in
1860 4588 2087 4644 corpore

497 4687 683 4736 nostro
720 4674 1184 4738 circumferentes,
1213 4681 1274 4727 ut
1314 4681 1371 4728 et
1400 4671 1508 4725 vita
1531 4669 1658 4726 Jesu
1694 4670 1745 4723 in
1774 4666 2088 4736 corporibus

497 4768 697 4826 nostris
740 4764 1126 4824 manifestetur.
1162 4762 1386 4834 Semper
1425 4763 1568 4818 enim
1594 4777 1692 4816 nos
1716 4759 1807 4830 qui
1825 4758 2084 4823 vivimus,

565 4903 582 4934 ί
595 4907 659 4972 _ln
680 4898 841 4949 Bthlns
860 4898 978 4969 sixti
1002 4904 1033 4947 v
1052 4898 1192 5004 jltltssu
1211 4895 1504 5004 recogpitis,
1526 4900 1653 5004 post,
1676 4890 1726 4943 in
1752 4889 2085 4964 simplicitate,

565 4962 709 5004 dlllll'-
735 4959 896 5004 cardus
916 4972 933 5004 :
955 4959 1045 5004 sed
1103 4971 1172 5004 me
1193 4971 1287 5004 vox
1311 4969 1340 5004 a
1377 4963 1483 5004 erat
1499 4969 1528 5004 a
1582 4956 1793 5004 antiquis
1812 4954 1950 5002 Corb.
1987 4959 2039 5002 et
2062 4963 2085 5001 a

499 4961 710 5023 additur,
735 4958 933 5012 cordis:
954 4954 1172 5028 sed'hage
1193 4971 1287 5007 vox
1311 4954 1483 5028 aberat
1499 4954 1562 5028 ab
1581 4954 1793 5028 antiquis
1812 4954 1950 5028 qorb.
1987 4959 2039 5002 et
2062 4963 2092 5002 a

501 5036 682 5088 graeco,
696 5015 896 5088 necnon
925 5023 986 5073 ab
1004 5021 1230 5088 omnibus
1249 5017 1493 5088 codicibus
1513 5017 1658 5088 hujus
1677 5015 1883 5088 sjeenli.

568 5087 589 5118 ²
612 5077 708 5136 Hoc
725 5085 846 5146 Ιοα),
865 5097 957 5143 me,
984 5097 1081 5133 non
1106 5091 1182 5132 est
1205 5083 1252 5131 in
1293 5079 1438 5146 Regio
1470 5077 1656 5137 codice,
1680 5089 1793 5146 nec
1812 5077 1860 5146 in
1903 5088 2090 5146 grteco;

503 5137 1247 5222 ﬁgitque‘dem'utnexpunctim.
1260 5155 1290 5191 e
1308 5137 1656 5222 vulgataqu
1679 5137 1796 5187 illud
1818 5138 1867 5187 iu
1885 5137 2093 5187 vetustis

501 5201 668 5260 Iibliis
685 5210 822 5258 Corb.
846 5217 898 5259 et
926 5210 973 5257 in
997 5201 1103 5256 aliis
1125 5205 1374 5266 plerisque
1389 5201 1612 5266 addebat.

570 5270 593 5303 ³
611 5269 807 5335 vulgata
821 5284 947 5335 nunc
969 5270 1019 5318 iu
1033 5261 1194 5335 editis,
1211 5261 1436 5335 habentes
1454 5261 1952 5335 αμιιῲήξςςᾳιζοηεῃιί
1969 5272 2092 5335 prae-

504 5320 734 5383 termissa
757 5320 895 5389 rutae,
920 5329 1060 5380 hanc.
1088 5336 1143 5378 Al.
1167 5320 1215 5376 in
1238 5326 1450 5389 antiquis
1470 5327 1608 5374 Corb.
1637 5320 1980 5389 Bibl.‘l'erehat,'
2004 5320 2093 5389 I_:a-

505 5392 669 5508 guns;
690 5393 814 5444 hanc
835 5383 1228 5444 miMstratwnem
1246 5401 1264 5452 ;
1282 5383 1423 5451 juita
1445 5399 1684 5451 g'mcum,
1720 5384 1796 5436 ten
1836 5383 2094 5434 diaconiau

571 5493 748 5582 rspud
770 5523 879 5582 l_._cv.
904 5516 1241 5582 interpositum
1263 5513 1345 5582 hic
1359 5511 1517 5582 fuerat
1555 5523 1619 5560 ex
1654 5507 2094 5582 Gernblacensieo-

507 5571 986 5638 dice,"humt'liumur,
1009 5571 1094 5628 sed
1113 5589 1206 5626 non
1227 5572 1605 5638 confundimur;
1635 5573 1761 5638 quod
1796 5571 1962 5638 necis
1986 5578 2092 5638 Mss.

508 5631 687 5712 gastris
705 5641 874 5712 aliisve
898 5631 1414 5712 adgnontuqsspec'utt,
1436 5649 1529 5712 nec
1561 5631 1606 5712 to
1809 5632 1970 5685 Bibliis
2000 5631 2094 5682 nisi

508 5700 635 5754 forte
652 5704 941 5764 quibusdam
957 5697 1276 5760 interpolatis,
1299 5697 1658 5755 reperiebatur.

1633 237 1690 293 S.
1731 226 2098 293 AUGUSTINI
2131 227 2495 292 SPECULUM

3588 222 3706 286 1008

2137 349 2192 404 in
2234 356 2462 403 mortem
2505 343 2764 399 tradimur
2802 348 3018 412 propter
3060 338 3277 406 Jesum,
3302 345 3369 395 ut
3393 347 3453 394 et
3471 347 3578 394 vna
3599 338 3704 397 Iesu

2137 440 2504 496 manifestetur
2546 438 2599 491 in
2639 451 2801 491 carne
2839 444 3022 490 nostra
3053 433 3284 488 mortali.
3332 432 3480 502 Ergo
3507 449 3642 488 mors
3665 435 3706 490 in

2138 534 2292 588 nobis
2319 541 2588 603 operatur,
2620 529 2724 582 vita
2755 535 2930 582 autem
2958 526 3010 581 in
3039 525 3206 580 vobis.
3256 524 3530 580 Habentes
3554 533 3704 580 autem

2140 622 2387 680 eumdem
2423 620 2669 691 spiritum
2712 618 2864 681 fidei,
2914 618 3051 672 sicut
3075 617 3329 688 scriptum
3362 625 3483 680 est,
3522 613 3706 670 Credidi

2140 724 2360 787 propter
2395 713 2536 783 quod
2569 713 2773 766 locutus
2798 724 2947 775 sum,
2989 716 3045 764 et
3085 724 3180 762 nos
3224 707 3497 762 credimus
3523 715 3708 777 propter

2139 808 2279 878 quod
2307 814 2362 861 et
2393 805 2680 876 loquimur.
2727 801 2793 855 Et
2822 811 2935 872 post
2973 816 3060 855 sea:
3083 816 3253 854 versus
3278 815 3295 852 :
3340 799 3569 868 Propter
3590 799 3706 868 quod

2141 913 2246 952 non
2271 895 2580 956 deficimus;
2603 893 2698 948 sed
2724 893 2847 947 licet
2887 891 2934 947 is
2971 890 3059 962 qui
3102 889 3231 945 foris
3253 897 3342 945 est
3367 888 3533 944 homo
3555 897 3708 943 noster

2141 996 2532 1057 corrumpatur,
2563 995 2740 1042 tamen
2769 985 2813 1038 is
2837 985 2925 1054 qui
2958 984 3100 1038 intus
3132 991 3216 1038 est
3241 990 3533 1037 renovatur
3553 980 3616 1036 de
3637 981 3707 1036 die

2143 1081 2196 1138 in
2223 1081 2387 1137 diem.
2417 1081 2471 1134 Id
2497 1080 2640 1134 enim
2662 1077 2805 1149 quod
2831 1080 2883 1132 in
2914 1076 3164 1148 prmsenti
3191 1084 3276 1130 est
3296 1084 3703 1129 momentaneum

2143 1182 2200 1229 et
2223 1171 2340 1227 leve
2366 1169 2724 1224 tribulationis
2747 1176 2945 1223 nostra:
2965 1209 2981 1230 ,
3003 1182 3164 1237 supra
3183 1165 3406 1221 modum
3430 1165 3482 1219 in
3502 1164 3709 1219 sublimi-

2146 1272 2253 1319 tate
2273 1264 2291 1295 ¹
2321 1272 2579 1318 aeternum
2602 1261 2788 1332 gloria:
2815 1258 3021 1330 pondus
3054 1268 3307 1330 operatur
3333 1259 3388 1313 in
3415 1257 3598 1312 nobis:
3625 1273 3708 1313 non

2144 1351 2632 1422 contemplantibus
2660 1351 2816 1406 nobis
2840 1366 2960 1422 qum
2983 1349 3244 1414 videntur,
3266 1349 3365 1404 sed
3397 1365 3519 1420 quae
3539 1365 3634 1404 non
3649 1349 3709 1404 vi-

2145 1443 2358 1500 dentur.
2398 1443 2528 1510 Qua:
2567 1443 2709 1498 enim
2754 1443 3020 1510 videntur,
3065 1441 3379 1512 temporalia
3422 1451 3546 1497 sunt
3578 1455 3709 1511 :qute

2146 1546 2324 1591 autem
2352 1551 2456 1590 non
2490 1535 2759 1600 videntur,
2789 1545 2989 1590 mterna
3017 1541 3159 1590 sunt.

2221 1627 2287 1683 Et
2315 1637 2427 1699 post
2456 1628 2721 1698 paululum
2747 1625 2871 1699 [vt.]
2898 1645 2912 1682 :
2945 1625 3271 1695 Adjuvantes
3291 1625 3313 1658 ²
3342 1634 3522 1679 autem
3546 1622 3709 1677 adhor-

2151 1729 2347 1788 tamur,
2377 1736 2442 1776 ne
2466 1721 2518 1774 in
2542 1718 3006 1789 vacuum‘gratiam
3035 1717 3128 1772 Dei
3150 1717 3444 1786 recipiatis.
3468 1716 3553 1770 Ait
3574 1714 3710 1782 enim,

2150 1813 2416 1883 Tempore
2439 1821 2661 1882 accepto
2687 1810 2931 1866 exandivi
2959 1820 3011 1866 te
3031 1852 3046 1876 ,
3078 1818 3133 1865 et
3161 1809 3214 1863 in
3234 1807 3323 1863 die
3354 1808 3541 1861 salutis
3563 1805 3708 1874 adjuvi

2154 1915 2225 1962 te.
2254 1906 2395 1962 Ecce
2422 1921 2561 1960 nunc
2583 1917 2792 1974 tempus
2817 1901 3169 1973 acceptabile,
3196 1915 3323 1955 ecce
3352 1913 3494 1954 nunc
3522 1898 3626 1953 dies
3647 1911 3710 1952 sa-

2152 2001 2298 2056 lutis.
2330 1997 2540 2054 Nemini
2567 1997 2755 2052 dantes
2786 1995 2946 2051 ullam
2977 1993 3325 2048 olTensionem
3348 2032 3364 2056 ,
3393 2000 3452 2045 ut
3477 2005 3575 2045 non
3598 1988 3710 2042 vitu-

2155 2100 2370 2165 peretur
2392 2091 2744 2147 ministerium
2791 2097 3030 2144 nostrum
3069 2105 3082 2141 :
3116 2085 3209 2142 sed
3241 2085 3293 2139 in
3315 2084 3561 2139 omnibus
3582 2081 3705 2138 exhi-

2156 2186 2376 2242 beamns
2403 2183 2760 2252 nosmetipsos
2781 2181 2918 2237 sicut
2940 2179 3031 2234 Dei
3055 2179 3328 2234 ministros
3348 2217 3366 2243 ,
3400 2177 3454 2231 in
3478 2176 3626 2231 inulta
3643 2189 3714 2246 pao
3812 2176 3813 2250 ξ

2158 2279 2375 2346 tientia,
2418 2278 2469 2332 in
2501 2275 2961 2341 tribulationibus,
3008 2273 3060 2328 in
3098 2271 3534 2334 necessitatibus,
3571 2271 3617 2325 in
3635 2284 3712 2324 an-

2158 2370 2376 2442 gustiis,
2407 2369 2459 2423 in
2487 2367 2681 2439 plagis,
2721 2367 2774 2420 in
2813 2363 3156 2428 carceribus,
3199 2366 3251 2416 in
3288 2360 3649 2425 seditionibus,
3675 2358 3715 2411 in

2161 2465 2470 2530 laboribus,
2517 2463 2571 2518 in
2616 2462 2844 2532 vigiliis,
2894 2462 2947 2516 in
2992 2460 3243 2531 jejuniis,
3290 2459 3346 2513 in
3391 2456 3642 2515 castitate,
3675 2450 3714 2503 in

2163 2559 2414 2622 scientia,
2455 2559 2505 2612 in
2550 2556 2983 2626 longanimitate,
3028 2555 3081 2608 in
3131 2553 3433 2617 suavitate,
3473 2550 3523 2603 in
3554 2545 3717 2616 Spiritu

2165 2659 2378 2716 sancto,
2408 2649 2458 2703 in
2485 2647 2743 2704 charitate
2787 2662 2891 2701 non
2933 2645 3052 2700 ﬂeta
3074 2687 3089 2710 ,
3128 2645 3180 2699 in
3209 2643 3378 2698 verbo
3405 2639 3649 2701 veritatis,
3675 2635 3715 2689 in

2167 2742 2359 2796 virtute
2386 2740 2509 2805 Dei;
2541 2756 2634 2809 per
2659 2756 2803 2794 arma
2821 2738 3041 2807 justitim
3060 2779 3075 2802 ,
3102 2752 3133 2791 a
3161 2736 3367 2790 dextris
3390 2743 3486 2788 eta
3507 2727 3716 2789 sinistris.

2169 2848 2265 2904 per
2291 2833 2512 2903 gloriam
2537 2841 2591 2886 et
2619 2831 3003 2901 ignobilitatem
3024 2869 3040 2896 ,
3069 2844 3162 2898 per
3191 2825 3467 2882 infamiam
3489 2835 3538 2879 et
3563 2822 3716 2876 bonan

2171 2924 2397 2990 famam;
2440 2933 2497 2979 ut
2535 2923 2843 2978 sednetores
2877 2931 2933 2977 et
2959 2935 3210 2985 veraces,
3234 2919 3377 2974 sicut
3401 2917 3489 2988 qni
3516 2913 3657 2986 ignoti
3678 2921 3720 2966 et

2172 3016 2399 3085 cogniti;
2443 3015 2592 3085 quasi
2635 3013 2922 3069 morientes
2944 3053 2960 3078 ,
2989 3021 3045 3066 et
3068 3026 3193 3067 ecce
3223 3009 3481 3072 vivimus;
3521 3017 3571 3062 ut
3589 3004 3718 3061 casti-

2172 3109 2280 3180 gati
2307 3117 2489 3162 etnon
2517 3105 2849 3165 mortilicati;
2891 3105 3041 3175 quasi
3082 3105 3297 3169 tristes,
3339 3116 3550 3172 semper
3579 3105 3719 3152 autem

2173 3198 2505 3271 gaudentes;
2547 3198 2682 3252 sicut
2720 3207 2970 3268 egentes,
2999 3195 3196 3250 multos
3216 3205 3403 3250 autem
3445 3191 3720 3261 locupletan-

2176 3299 2288 3355 tes;
2327 3300 2573 3360 tanquam
2603 3289 2732 3343 nihil
2759 3288 3050 3351 habentes,
3093 3295 3148 3341 et
3183 3285 3365 3341 omnia
3413 3284 3719 3355 possidentes.

2178 3381 2258 3437 Er
2274 3393 2384 3454 post
2408 3398 2593 3454 paucos
2614 3397 2784 3436 versus
2806 3397 2825 3434 :
2856 3378 3155 3433 Dilatamiui
3174 3386 3228 3434 et
3248 3393 3368 3434 vos.
3399 3376 3561 3430 Nolite
3574 3374 3721 3440 jugllm

2179 3475 2372 3530 ducere
2392 3490 2511 3530 cum
2534 3473 2850 3528 infidelibus.
2873 3470 3004 3538 Quae
3029 3471 3170 3526 enim
3199 3469 3530 3540 participatio
3542 3462 3722 3535 justitize

2180 3584 2301 3624 cum
2328 3565 2638 3638 iniquitate?
2674 3575 2765 3619 aut
2800 3581 2920 3635 qua:
2967 3563 3194 3618 societas
3237 3562 3337 3615 luci
3386 3560 3450 3616 ad
3489 3551 3722 3614 tenemus?

2181 3663 2310 3727 Quae
2339 3670 2517 3716 autem
2546 3659 2827 3714 conventio
2852 3657 3046 3713 Christi
3077 3655 3141 3710 ad
3169 3654 3376 3710 Belial?
3403 3662 3612 3722 antqua:
3629 3659 3722 3718 pars

2186 3753 2324 3808 fideli
2357 3767 2477 3807 enm
2507 3751 2744 3805 infideli?
2781 3749 2881 3817 Qui
2912 3759 3086 3803 autem
3124 3761 3422 3801 consensus
3447 3741 3627 3812 templo
3653 3734 3722 3792 Dei

2184 3863 2302 3901 cum
2332 3845 2522 3900 idolis?
2545 3843 2655 3898 Vos
2679 3844 2821 3898 enim
2864 3842 2994 3897 estis
3035 3841 3292 3912 templum
3335 3839 3429 3894 Dei
3469 3837 3592 3894 vivi,
3619 3832 3721 3886 sicut

2184 3938 2311 3992 dicit
2337 3935 2591 3991 Dominus
2616 3953 2630 3989 :
2661 3934 2921 4001 Quoniam
2945 3931 3250 3986 inhabitabo
3277 3930 3329 3984 in
3361 3930 3491 3993 illis,
3520 3936 3568 3981 et
3592 3925 3722 3978 inam-

2187 4031 2379 4086 bulabo
2415 4030 2553 4085 inter
2587 4043 2711 4093 eos,
2739 4036 2793 4082 et
2821 4040 2915 4081 ero
2943 4025 3150 4079 illorum
3197 4022 3340 4077 Deus
3358 4062 3377 4088 ,
3408 4031 3461 4076 et
3489 4017 3577 4088 ipsi
3601 4018 3720 4068 erunt

2187 4122 2316 4178 mihi
2357 4122 2600 4192 populus.
2633 4120 2857 4189 Propter
2884 4115 3024 4187 quod
3047 4115 3188 4170 exite
3228 4112 3296 4169 de
3343 4111 3519 4168 medio
3549 4117 3718 4164 comm.

2189 4229 2242 4275 et
2268 4217 2583 4289 separamini
2600 4257 2614 4282 ,
2641 4213 2768 4269 dicit
2796 4210 3050 4266 Dominus
3070 4252 3085 4276 ,
3117 4217 3171 4263 et
3194 4206 3521 4262 immundum
3548 4217 3605 4256 ne
3628 4194 3720 4251 teli-

2189 4312 2403 4382 geritis;
2435 4320 2488 4366 et
2511 4322 2609 4379 ego
2637 4306 2890 4375 recipiam
2920 4318 3015 4358 vos
3033 4343 3050 4368 ,
3079 4310 3134 4357 et
3161 4315 3254 4355 ero
3283 4297 3434 4353 vobis
3454 4297 3503 4350 in
3531 4301 3718 4364 patrem,
3812 4359 3813 4382 ἦ

2189 4381 2245 4460 et
2274 4417 2371 4456 vos
2407 4400 2552 4454 eritis
2604 4396 2733 4452 mihi
2777 4397 2834 4451 in
2874 4395 3010 4450 filios
3034 4405 3088 4449 et
3136 4391 3302 4455 filias,
3336 4390 3463 4445 dicit
3514 4381 3719 4440 Dominus

2191 4494 2548 4564 omnipotens.

2265 4563 2407 4658 [νὴ]
2436 4583 2540 4637 Has
2570 4580 2727 4651 igitur
2745 4578 3002 4634 habentes
3027 4577 3426 4650 promissiones,
3450 4563 3718 4629 charissimi,
3812 4563 3813 4592 ῖ

2194 4675 2510 4733 mundemus
2539 4687 2636 4727 nos
2661 4671 2730 4726 ab
2757 4672 2902 4726 omni
2932 4669 3330 4740 inquinamento
3360 4665 3533 4722 carnis
3563 4670 3609 4716 et
3635 4654 3718 4727 spi-

2194 4771 2358 4830 ritus,
2391 4764 2730 4837 perficientes
2757 4759 3233 4817 sanetilicationem
3277 4759 3331 4813 in
3357 4759 3538 4811 timore
3558 4749 3653 4806 Dei.
3671 4740 3720 4837 ξέι

2196 4869 2305 4931 post
2335 4831 2601 4929 paululum
2630 4869 2648 4907 :
2673 4852 2933 4918 Quoniam
2959 4848 3084 4905 etsi
3108 4847 3416 4904 contristavi
3441 4857 3530 4899 vos
3557 4842 3602 4896 in
3633 4831 3717 4931 etii:

2197 4921 2360 5014 stola,
2401 4962 2506 5001 non
2531 4960 2616 4999 me
2644 4943 2865 5013 panitet
2896 4959 2908 4995 :
2939 4950 2994 4998 et
3017 4941 3060 4995 si
3093 4941 3402 5011 paeniteret,
3429 4936 3599 4991 videns
3618 4921 3720 4996 quod

2196 5039 2421 5110 epistola
2451 5038 2538 5092 illa
2569 5036 2670 5091 etsi
2701 5035 2767 5089 ad
2796 5035 2978 5089 horam
3002 5048 3096 5087 vos
3115 5031 3470 5094 contristavit,
3493 5037 3614 5081 nunc
3629 5031 3719 5088 gzul-

2197 5134 2326 5198 deo,
2375 5145 2478 5184 non
2520 5127 2639 5198 quia
2681 5126 2978 5182 contristati
3018 5125 3183 5191 estis,
3213 5123 3307 5179 sed
3339 5123 3456 5193 quia
3481 5103 3719 5174 contristati

2197 5226 2328 5281 estis
2346 5222 2411 5278 ad
2441 5220 2826 5292 paenitentiam.
2849 5215 3158 5272 Contristati
3181 5217 3320 5273 enim
3342 5214 3468 5271 estis
3487 5200 3719 5264 secundum

2202 5319 2365 5374 Deum
2389 5358 2404 5382 ,
2437 5331 2491 5368 ltt
2524 5314 2577 5368 in
2604 5312 2751 5366 nullo
2775 5310 3153 5366 detrimentum
3191 5304 3456 5379 patiamini
3495 5316 3551 5355 ex
3588 5291 3722 5350 nobis.

2199 5411 2328 5480 Qua:
2355 5409 2499 5464 enim
2523 5404 2815 5462 secundum
2846 5404 3013 5460 Deum
3041 5402 3249 5458 tristitia
3275 5410 3388 5470 est,
3408 5387 3716 5470 paenitentiam

2264 5570 2281 5600 ι
2309 5567 2486 5630 Regius
2503 5563 2657 5615 codex
2683 5569 2735 5612 et
2754 5559 3254 5630 Corb._t_tililia,_supra
3273 5555 3464 5630 ptodtmt
3491 5556 3564 5630 {IL
3557 5541 3716 5600 811W
3812 5585 3813 5604 ι

2200 5614 2539 5690 ταιίνήιξυῇυὲω
2561 5637 2793 5690 (meum.
2814 5622 2946 5674 καυιο
3239 5621 3309 5674 eis
3329 5614 3580 5686 «putatas

2266 5693 2288 5723 ί
2317 5685 2494 5752 tteg'ius
2513 5685 2688 5748 codex,
