3878 6312
226 362 376 420 1009

224 477 286 531 in
344 474 563 531 salutem
594 469 834 527 stabilem
860 478 1129 539 operatur.
1162 465 1353 522 Saeculi
1384 473 1561 519 autem
1603 464 1812 518 tristitia

224 576 461 623 mortem
500 573 770 634 operatur.
820 562 957 617 Ecce
994 560 1137 615 enim
1175 558 1274 613 hoc
1313 558 1481 626 ipsum
1524 555 1815 610 secundum

226 661 404 715 Deum
428 655 728 712 contristari
760 668 887 721 vos,
915 662 1164 723 quantam
1191 651 1245 705 iu
1266 650 1416 704 vobis
1441 658 1691 719 operatur
1710 646 1817 701 sol-

225 750 599 807 licitudiuem?

304 841 378 897 Et
420 851 530 912 post
569 857 756 913 paucas
790 854 961 893 versus
999 833 1159 912 [vim]
1188 853 1201 891 :
1238 833 1430 889 Notam
1464 841 1640 887 autem
1666 830 1821 886 vobis

228 937 459 992 facimus
476 976 492 1001 ,
516 934 737 1001 fratres,
758 934 979 1004 gratiam
1008 931 1130 996 Dei,
1154 945 1271 998 quze
1296 929 1417 983 data
1442 936 1524 983 est
1549 929 1600 982 in
1631 926 1820 982 Eccle-

226 1030 332 1083 siis
358 1027 676 1083 Macedoniae
694 1068 710 1091 ,
739 1024 879 1096 quod
920 1022 974 1079 in
1016 1022 1182 1077 multo
1207 1020 1572 1091 experimento
1599 1016 1821 1072 tribula-

230 1120 398 1175 tionis
423 1117 743 1173 abundantia
770 1114 942 1186 gaudii
984 1114 1221 1184 ipsorum
1244 1112 1260 1143 ⁸
1281 1151 1297 1177 ,
1324 1119 1377 1165 et
1401 1109 1657 1164 altissima
1691 1123 1824 1179 pau-

230 1222 420 1282 pertas
439 1226 621 1263 eorum
642 1207 927 1262 abundavit
948 1208 999 1260 in
1021 1205 1233 1259 divitias
1249 1202 1603 1272 simplicitatis
1616 1216 1821 1256 eorum.

228 1303 371 1371 Quia
398 1301 688 1358 secundum
716 1299 963 1353 virtutem
992 1295 1374 1368 (testimonium
1406 1295 1507 1348 illis
1529 1292 1745 1363 reddo),
1772 1299 1827 1347 et

227 1410 399 1465 supra
440 1393 685 1447 virtutem
716 1389 997 1445 voluntarii
1030 1387 1273 1453 fuerunt,
1300 1402 1420 1449 cum
1444 1385 1605 1439 multa
1634 1384 1828 1438 exhor-

227 1487 442 1540 tatione
485 1484 827 1538 obsecrantes
870 1495 967 1535 nos
1012 1479 1272 1550 gratiam,
1301 1488 1355 1533 et
1383 1474 1826 1533 communicatio-

228 1590 360 1632 nem
388 1572 666 1629 miuisterii
706 1571 844 1643 quod
876 1570 931 1624 fit
957 1570 1008 1627 in
1039 1578 1254 1626 sanctos
1281 1586 1297 1622 :
1329 1576 1383 1623 et
1414 1584 1515 1621 non
1545 1567 1676 1622 sicut
1704 1580 1828 1634 spe-

226 1668 474 1724 ravimus
492 1708 508 1732 ,
534 1665 626 1720 sed
653 1664 967 1733 semetipsos
995 1662 1286 1725 dederunt,
1316 1662 1539 1729 primum
1573 1658 1824 1723 Domino,

228 1759 439 1816 deinde
476 1758 630 1812 nobis
670 1774 765 1827 per
798 1757 1120 1811 voluntatem
1153 1755 1282 1819 Dei;
1331 1754 1401 1808 ita
1436 1761 1494 1806 ut
1522 1764 1830 1821 rogaremus

228 1850 455 1915 Titum,
488 1857 544 1904 ut
572 1846 1018 1919 quemadmodum
1059 1845 1254 1915 cmpit,
1302 1844 1371 1899 ita
1408 1852 1463 1897 et
1498 1842 1738 1913 perliciat
1775 1840 1827 1895 in

228 1943 441 1998 vobis’
470 1941 629 1997 etiam
676 1939 899 2011 gratiam
942 1938 1116 1992 istam.
1163 1934 1271 1992 Sed
1309 1936 1446 1989 sicut
1486 1934 1538 1987 in
1582 1934 1831 1988 omnibus

229 2034 524 2089 abundatis
552 2032 656 2087 tide
673 2072 689 2098 ,
718 2038 773 2086 et
797 2044 1043 2085 sermone
1061 2067 1078 2095 ,
1109 2038 1163 2083 et
1189 2027 1407 2081 scientia
1428 2067 1443 2091 ,
1469 2034 1523 2079 et
1544 2024 1690 2078 oomi
1717 2022 1829 2077 sol-

230 2124 549 2190 licitudine,
594 2124 811 2193 insuper
854 2128 910 2176 et
946 2120 1204 2175 cbaritate
1242 2127 1415 2173 vestra
1444 2118 1497 2171 in
1525 2131 1656 2181 nos,
1696 2124 1753 2169 ut
1776 2122 1831 2168 et

229 2218 291 2272 in
341 2216 448 2270 hac
492 2214 658 2284 gratia
703 2212 986 2267 abundetis
1017 2226 1030 2263 :
1065 2226 1169 2266 nou
1200 2210 1351 2279 quasi
1392 2210 1660 2278 imperans
1688 2206 1827 2271 dico,

230 2308 333 2366 sed
364 2324 463 2378 per
482 2307 705 2362 aliorum
732 2304 1139 2361 sollicitudinem
1166 2304 1324 2357 etiam
1346 2310 1535 2354 vestrm
1559 2298 1833 2354 charitatis

233 2398 514 2470 ingenium
554 2398 750 2452 bonum
779 2396 1132 2465 comprobans
1151 2392 1192 2445 ³.
1237 2392 1396 2447 Scitis
1427 2391 1567 2446 enim
1611 2389 1831 2460 gratiam

235 2489 457 2546 Domini
485 2489 650 2543 nostri
680 2486 807 2543 Jesu
838 2484 1053 2546 Christi,
1082 2484 1330 2555 quoniam
1362 2491 1579 2553 propter
1597 2497 1690 2533 vos
1712 2495 1835 2549 ege-

238 2596 344 2637 nus
378 2579 554 2634 factus
576 2587 693 2643 est,
734 2592 856 2632 eum
881 2586 1024 2632 esset
1052 2577 1204 2630 dives
1223 2617 1239 2639 ,
1277 2584 1331 2628 ut
1360 2573 1533 2640 inopia
1576 2571 1716 2626 illius
1742 2585 1835 2625 vos

235 2674 439 2730 divites
458 2672 666 2727 essetis.
693 2670 759 2724 Et
776 2669 1054 2725 consilium
1079 2668 1130 2723 in
1153 2668 1254 2722 hoc
1273 2667 1359 2721 do.
1391 2666 1504 2721 lloc
1522 2664 1662 2720 enim
1686 2664 1836 2719 vobis

237 2765 376 2820 utile
405 2774 514 2827 est,
543 2761 633 2831 qui
661 2776 765 2815 non
794 2761 963 2815 solum
995 2757 1173 2814 facere
1192 2799 1209 2821 ,
1238 2759 1332 2814 sed
1357 2766 1412 2812 et
1436 2757 1571 2812 velle
1598 2755 1836 2823 cmpistis

239 2855 311 2910 ab
332 2870 478 2909 almo
506 2853 691 2924 priori.
722 2850 873 2907 Nunc
888 2865 1016 2905 vero
1044 2859 1098 2906 et
1124 2849 1263 2903 facto
1294 2848 1555 2919 perlicite,
1576 2859 1634 2902 ut
1652 2862 1839 2918 quem-

240 2945 535 3002 admodum
571 2953 848 3015 promptus
875 2952 957 2997 est
979 2943 1189 2997 animus
1215 2942 1530 3003 voluntatis,
1572 2940 1642 2994 ita
1691 2940 1757 2992 sit
1785 2945 1840 2994 et

242 3036 560 3108 perficiendi
608 3053 669 3091 ex
718 3050 785 3091 eo
834 3034 976 3105 quod
1027 3035 1250 3090 habetis.
1298 3032 1354 3089 Si
1402 3033 1543 3088 enim
1595 3032 1839 3087 voluntas

243 3142 496 3201 prompta
534 3136 647 3193 est,
692 3127 982 3183 secundum
1021 3127 1074 3181 id
1116 3126 1256 3197 quod
1297 3126 1455 3181 habet
1478 3136 1690 3196 accepta
1719 3132 1836 3191 est,

246 3239 358 3278 non
386 3221 675 3276 secundum
703 3220 754 3275 id
783 3220 923 3289 quod
964 3234 1068 3273 non
1110 3219 1285 3274 habet.
1330 3218 1446 3273 Non
1474 3218 1615 3272 enim
1643 3228 1699 3270 ut
1723 3217 1840 3270 aliis

247 3316 321 3369 sit
347 3313 623 3375 remissio,
664 3312 814 3366 vobis
848 3320 1025 3365 autem
1054 3311 1347 3375 tribulatio;
1390 3311 1484 3365 sed
1523 3326 1585 3364 ex
1627 3310 1842 3378 arquali-

247 3414 393 3467 tate,
423 3404 474 3457 iu
504 3402 752 3471 praesenti
794 3410 1034 3469 tempore
1077 3414 1247 3455 vestra
1276 3400 1598 3453 abundantia
1628 3401 1840 3455 illorum

250 3493 490 3561 inopiam
534 3492 805 3562 suppleat,
853 3500 908 3546 ut
946 3499 1000 3546 et
1043 3491 1249 3545 illorum
1289 3490 1607 3545 abundantia
1652 3500 1842 3545 vestrae

251 3586 451 3655 inopiae
496 3586 567 3639 sit
612 3584 1064 3654 supplementum,
1113 3594 1171 3637 ut
1215 3582 1305 3637 ﬁat
1349 3582 1657 3652 :rqualitas,
1707 3581 1844 3636 sicut

253 3677 514 3746 seriptum
557 3684 682 3730 est:
716 3674 814 3741 Qui
862 3675 1116 3735 multum,
1158 3689 1261 3728 non
1306 3674 1623 3737 abundavit;
1666 3684 1717 3728 et
1752 3675 1842 3743 qui

255 3768 558 3829 modicum,
612 3782 714 3821 non
765 3766 1063 3821 minoravit.
1114 3763 1323 3822 Gratias
1366 3775 1541 3818 autem
1588 3765 1843 3833 Deo,qui

256 3862 407 3917 dedit
435 3861 675 3915 eamdem
704 3859 1110 3913 sollicitudinem
1142 3873 1237 3926 pro
1258 3857 1406 3911 vobis
1436 3856 1489 3911 in
1514 3856 1674 3911 corde
1698 3855 1803 3910 Titi
1827 3874 1840 3909 :

257 3955 509 4024 quoniam
552 3952 970 4007 exhortationem
1026 3950 1238 4021 quidem
1280 3949 1541 4018 suscepit,
1588 3949 1681 4003 sed
1724 3963 1842 4004 cum

259 4045 538 4100 sollicitior
565 4052 735 4108 eSSet,
778 4058 870 4096 sua
917 4042 1187 4095 voluntate
1233 4040 1502 4110 profectus
1526 4040 1698 4094 estad
1729 4055 1841 4094 vos.

260 4136 500 4191 Misimus
528 4143 703 4189 autem
744 4150 863 4188 cum
910 4132 998 4185 illo
1038 4132 1285 4197 fratrem,
1326 4131 1478 4197 cujus
1520 4130 1634 4184 laus
1671 4139 1753 4184 est
1794 4132 1846 4186 in

262 4226 553 4296 Evangelio
595 4240 685 4295 per
721 4239 907 4278 omnes
934 4223 1218 4279 Ecclesias.
1266 4222 1380 4275 Non
1422 4221 1593 4275 solum
1632 4235 1845 4290 autem,

260 4317 361 4373 sed
405 4327 458 4371 et
497 4316 770 4372 ordinatus
810 4314 876 4367 ab
917 4315 1166 4370 Eeclesiis
1207 4328 1387 4368 eomes
1415 4314 1850 4384 peregrinationis

263 4419 495 4472 nostrae,
535 4409 584 4461 in
625 4407 723 4461 hac
759 4404 995 4476 gratia‘,
1032 4420 1150 4475 qua:
1190 4404 1517 4458 ministratur
1545 4419 1573 4456 a
1605 4404 1756 4459 nobis
1782 4404 1848 4458 ad

265 4499 477 4554 Domini
522 4499 742 4568 gloriam
767 4508 821 4553 et
849 4497 1163 4552 destinatam
1207 4495 1529 4550 voluntatem
1573 4504 1845 4549 nostram:

266 4593 565 4648 devitantes
604 4592 703 4645 hoc
721 4630 738 4656 ,
769 4605 835 4645 ne
864 4591 983 4661 quis
1006 4604 1103 4645 nos
1130 4589 1391 4658 vituperet
1416 4589 1466 4641 in
1498 4588 1596 4641 hac
1624 4588 1851 4658 plenitu-

266 4685 423 4750 dine,
469 4698 586 4752 qme
632 4680 962 4736 ministratur
1001 4695 1031 4735 a
1076 4680 1229 4734 nobis
1252 4680 1294 4731 ⁸.
1338 4678 1683 4733 Providemus
1709 4680 1850 4733 enim

267 4775 408 4830 bona
436 4789 539 4827 non
572 4772 742 4826 solum
772 4786 952 4825 coram
984 4771 1125 4836 Deo,
1155 4769 1248 4823 sed
1286 4767 1444 4823 etiam
1470 4783 1650 4823 coram
1680 4769 1853 4823 homi-

268 4866 445 4919 nibus.

335 5020 351 5050 ι
388 5016 747 5080 vulgata__nunc
767 5015 950 5080 habet,
980 5015 1193 5079 ipsorum
1210 5013 1333 5080 fuit;
1363 5014 1683 5080 sedgcarebat
1703 5050 1717 5074 ,
1744 5016 1853 5080 (itit,

270 5076 659 5188 algoru'ttibliis
681 5084 733 5126 et
765 5077 815 5125 in
837 5076 1013 5139 graeco,
1037 5076 1226 5127 necnon
1245 5077 1294 5125 in
1321 5076 1566 5126 codicibus
1587 5077 1729 5138 hujus
1744 5076 1857 5143 Spe-

351 5156 382 5188 I.

270 5154 382 5191 CIIII.

336 5204 355 5231 ²
380 5203 555 5264 Regius
574 5200 749 5264 codex,
774 5198 1057 5264 perficiatin
1073 5213 1151 5250 vos
1180 5212 1198 5249 :
1222 5198 1461 5264 pauloque
1480 5205 1607 5264 post,
1626 5198 1855 5253 sollicitu-

273 5260 688 5327 dineet'charitate
710 5260 931 5327 vcs'tra'in
948 5261 1114 5324 nobis;
1136 5260 1699 5325 ριυιιὲιθιιωίξδοίὶηειιρθν
1717 5275 1734 5312 .'
1751 5266 1856 5327 qui-

272 5322 363 5373 bus
384 5325 502 5375 locis
520 5324 580 5374 ad
602 5336 748 5387 graec.
773 5324 993 5387 quadrat.

338 5387 358 5417 ³
380 5397 478 5436 Am.
516 5393 567 5457 et
585 5384 641 5435 E'r
685 5384 1070 5457 hi_c{ingenuun_z
1091 5384 1264 5456 bonum
1280 5384 1605 5457 comprobatus.
1626 5392 1672 5457 tu
1698 5398 1857 5457 grmco

276 5458 422 5518 unum
439 5445 950 5518 tantumverbtun'est
969 5445 1160 5510 gnésiou
1189 5459 1207 5495 :
1230 5447 1358 5510 quod
1380 5445 1732 5510 ingemcitateni,
1751 5448 1856 5499 sive

277 5508 592 5561 sinceritatem
610 5508 862 5571 signiﬁcat.

338 5572 360 5646 5
385 5573 465 5644 sie
479 5572 626 5646 etiam
812 5569 959 5646 ttiblia
982 5569 1225 5646 ferebant.
1249 5576 1466 5646 Atnnupc
1488 5570 1539 5646 in
1560 5568 1762 5646 fulgata
1784 5569 1857 5623 le-

278 5632 497 5703 είίξλεκίτε
521 5630 883 5703 gratiae
905 5638 955 5703 ,ιιι
1184 5632 1276 5703 site
1293 5632 1347 5703 ιε.
1361 5627 1539 5702 cervi
1559 5627 1702 5703 ιααέέ-

340 5696 360 5727 ⁵
384 5697 465 5746 ttie
486 5697 533 5745 in
559 5691 703 5756 editis
715 5691 999 5752 addebatur;
1023 5691 1075 5756 in
1296 5691 1532 5756 gloriam;
1548 5693 1677 5756 quod
1699 5706 1729 5745 a
1750 5702 1855 5747 Mss.

281 5757 552 5825 etasacris
569 5753 1253 5825 Bibliis.abest._Paulo_infra,
1296 5753 1381 5818 pro
1407 5760 1495 5804 εει
1534 5753 1636 5818 post
1673 5756 1859 5823 aliqua:

277 5828 453 5881 uersus,
479 5818 628 5869 habet
648 5815 825 5878 Regius
842 5815 1025 5865 uidex:
1048 5821 1104 5867 η
1123 5824 1229 5879 post
1246 5815 1412 5868 novem
1431 5815 1612 5869 renus.

1480 353 1566 408 DE
1614 345 1995 408 SCRIPTURA
2035 349 2280 406 SACRA.

3378 348 3517 410 1010

1998 460 2065 516 Et
2086 470 2196 533 ροα
2216 462 2411 532 aliquos
2434 478 2604 517 versus
2627 461 2753 536 [IL]
2775 479 2789 517 :
2814 460 2947 519 Nam
2972 460 3040 517 de
3060 462 3355 519 ministerio
3371 462 3517 535 quod

1923 551 1983 606 ﬁt
2015 554 2065 607 in
2098 563 2309 607 sanctos
2332 595 2347 619 ,
2380 569 2443 608 ex
2474 553 2765 608 abundanti
2801 562 2885 609 est
2925 551 3055 622 mihi
3081 552 3318 609 scribere
3342 553 3514 610 vobis.

1923 641 2044 698 Scio
2074 644 2216 698 enim
2260 655 2563 713 promptum
2610 644 2845 697 animum
2890 654 3163 709 vestrum,
3192 658 3291 713 pro
3314 658 3420 714 quo
3449 642 3518 700 de

1926 735 2078 789 vobis
2103 736 2301 806 glorior
2332 735 2469 806 apud
2503 733 2854 800 Macedones;
2898 734 3147 805 quoniam
3175 734 3375 791 Achaia
3417 750 3517 805 pa.

1926 839 2039 886 rata
2068 844 2149 887 est
2181 833 2248 887 ab
2273 848 2416 886 anno
2448 832 2735 902 prmterito,
2758 839 2812 886 et
2831 839 3009 886 vestra
3033 829 3301 886 :emulatio
3325 846 3520 902 provo-

1928 928 2065 980 cavit
2098 926 2371 995 plurimos.
2400 924 2514 979 Misi
2541 936 2719 980 autem
2747 922 2957 990 fratres,
2977 931 3036 979 ut
3060 939 3128 979 ne
3154 923 3294 994 quod
3324 924 3519 993 gloria-

1930 1034 2051 1072 mur
2077 1016 2144 1072 de
2170 1018 2352 1085 vobis,
2381 1024 2669 1073 evacuetur
2694 1018 2744 1071 in
2776 1015 2875 1071 hac
2910 1026 3061 1086 parte
3086 1033 3100 1070 :
3129 1024 3215 1080 ut,
3256 1016 3517 1087 quemad-

1931 1110 2144 1164 modum
2176 1109 2313 1176 dixi,
2359 1109 2527 1180 parati
2555 1111 2705 1176 sitis;
2748 1124 2815 1165 ne
2850 1125 2973 1165 eum
3019 1109 3263 1166 venerint
3308 1125 3518 1164 mecum

1928 1202 2272 1265 Macedones,
2306 1212 2359 1257 et
2390 1202 2691 1257 invenerint
2733 1215 2829 1256 vos
2874 1200 3194 1270 imparatos,
3235 1202 3522 1257 erubesca-

1931 1308 2052 1348 mus
2094 1309 2191 1348 nos
2232 1296 2315 1363 (ut
2343 1309 2445 1349 non
2477 1294 2647 1349 dicam
2678 1293 2793 1367 vos)
2828 1294 2879 1348 in
2924 1293 3024 1348 bac
3066 1294 3377 1350 subStantia.
3408 1293 3518 1351 Ne-

1930 1388 2218 1442 cessarium
2250 1402 2377 1457 ergo
2403 1388 2699 1443 existimavi
2738 1402 2927 1458 rogare
2965 1386 3155 1442 fratres
3175 1428 3190 1449 ,
3220 1397 3278 1441 ut
3309 1401 3519 1457 prieve-

1932 1479 2079 1533 niaut
2103 1478 2168 1532 ad
2195 1492 2323 1543 vos,
2356 1487 2411 1534 et
2436 1489 2735 1549 praeparent
2777 1477 3150 1548 repromissam
3191 1477 3521 1533 benedictio—

1932 1587 2053 1626 nem
2083 1572 2217 1626 bane
2241 1580 2475 1643 paratam
2496 1586 2637 1636 esse,
2661 1572 2738 1626 sic
2758 1569 2909 1639 quasi
2940 1569 3384 1634 benedictionem,
3414 1585 3521 1625 non

1933 1665 2082 1735 quasi
2110 1665 2407 1719 avaritiam.
2440 1665 2549 1718 Iloc
2573 1673 2751 1719 autem
2777 1663 2897 1718 dico
2927 1681 2941 1718 :
2973 1662 3062 1733 qui
3086 1678 3243 1732 parce
3269 1662 3519 1728 seminat,

1934 1771 2093 1827 parce
2120 1764 2175 1812 et
2202 1765 2393 1823 metet;
2416 1766 2469 1811 et
2492 1756 2579 1826 qui
2609 1756 2836 1811 seminat
2866 1756 2916 1810 in
2949 1754 3429 1819 benedictionibus,
3452 1755 3520 1811 de

1933 1846 2389 1902 benedictionibus
2417 1858 2469 1902 et
2498 1856 2674 1902 metet.
2708 1848 3076 1918 Unusquisque
3107 1856 3261 1917 prout
3286 1848 3521 1902 destina-

1931 1938 2008 1991 vit
2034 1939 2088 1991 in
2117 1938 2276 1993 corde
2301 1954 2428 2004 suo,
2458 1954 2562 1993 non
2594 1955 2660 1993 ex
2688 1939 2901 1993 tristitia
2924 1979 2937 2001 ,
2968 1947 3058 1991 aut
3082 1953 3148 1993 ex
3178 1938 3520 1995 necessitate.

1936 2029 2169 2087 Hilarem
2193 2032 2333 2087 enim
2355 2032 2592 2087 datorem
2617 2032 2782 2100 diligit
2812 2031 2969 2086 Deus.
3019 2030 3213 2085 Potens
3236 2040 3318 2084 est
3342 2040 3520 2087 autem

1937 2126 2078 2181 Deus
2098 2142 2308 2179 omnem
2338 2126 2559 2195 gratiam
2585 2122 2858 2179 abundare
2885 2121 3059 2177 facere
3091 2125 3142 2175 in
3172 2120 3356 2189 vobis,
3384 2131 3442 2176 ut
3467 2121 3519 2177 in

1936 2220 2181 2274 omnibus
2202 2232 2414 2288 semper
2439 2232 2651 2271 omnem
2674 2213 3045 2269 sufﬁcientiam
3066 2212 3342 2277 habentes,
3359 2212 3526 2267 abun-

1936 2310 2073 2364 detis
2099 2310 2152 2363 in
2181 2325 2338 2364 omne
2381 2322 2517 2378 opus
2559 2307 2789 2369 bonum,
2823 2306 2961 2361 sicut
2997 2304 3251 2375 scriptum
3282 2313 3364 2359 est
3392 2321 3407 2357 :
3436 2302 3527 2359 Di-

1937 2402 2151 2471 spersit,
2181 2401 2325 2455 dedit
2356 2399 2695 2469 pauperibus,
2718 2398 2919 2468 justitia
2948 2396 3066 2467 ejus
3088 2405 3267 2452 manet
3293 2396 3344 2450 in
3365 2404 3524 2452 teter-

1940 2510 2064 2548 num
2089 2493 2129 2545 ¹.
2178 2493 2276 2559 Qui
2307 2501 2482 2546 autem
2523 2491 2859 2545 administrat
2898 2503 3082 2543 semen
3128 2487 3444 2550 seminanti,
3473 2497 3528 2543 et

1940 2600 2128 2655 panem
2160 2584 2224 2638 ad
2254 2582 2677 2637 manducandum
2713 2581 3014 2652 praestabit,
3059 2589 3113 2635 et
3158 2578 3530 2649 multiplicabit

1940 2692 2121 2731 semen
2153 2684 2387 2730 vestrum
2407 2715 2425 2741 ,
2452 2683 2506 2729 et
2529 2673 2743 2744 augebit
2784 2672 3108 2727 incrementa
3140 2670 3349 2741 frugum
3374 2670 3528 2739 justi-

1943 2768 2028 2821 ti:e
2056 2775 2279 2829 vestrm;
2325 2772 2383 2818 ut
2424 2765 2476 2818 in
2518 2763 2767 2817 omnibus
2812 2760 3117 2831 locupletati
3157 2759 3434 2815 abundetis
3473 2759 3527 2814 in

1942 2872 2156 2912 onmem
2202 2856 2593 2926 simplicitatem
2616 2896 2629 2916 ,
2656 2870 2775 2925 qua:
2801 2860 3055 2921 operatur
3078 2868 3174 2924 per
3202 2867 3299 2906 nos
3327 2850 3527 2922 gratia-

1943 2964 2060 3004 rum
2088 2951 2349 3004 actionem
2384 2948 2490 3003 Deo
2522 2965 2535 2998 :
2567 2947 2814 3017 quoniam
2839 2945 3192 3001 ministerium
3224 2945 3383 3014 hujus
3408 2943 3530 2998 offla

1944 3043 2046 3104 cii.
2080 3058 2184 3097 non
2213 3043 2385 3096 solum
2428 3041 2637 3113 supplet
2677 3055 2739 3096 ea
2778 3056 2896 3110 quae
2938 3038 3132 3094 desunt
3172 3038 3401 3101 sanctis,
3434 3036 3529 3092 sed

1944 3135 2105 3191 etiam
2148 3133 2381 3188 abundat
2410 3148 2504 3203 per
2531 3132 2723 3186 multas
2764 3130 3050 3202 gratiarum
3078 3129 3316 3186 actiones
3345 3129 3394 3183 in
3424 3129 3530 3183 Do-

1944 3227 2111 3286 mino,
2142 3242 2237 3295 per
2258 3226 2621 3294 probationem
2648 3223 2929 3279 ministerii
2956 3221 3146 3293 hujus;
3172 3222 3530 3293 gloriﬁcantes

1946 3320 2110 3373 Deum
2137 3318 2188 3372 in
2210 3318 2511 3373 obcdientia
2538 3316 2890 3372 confessionis
2910 3326 3100 3370 vestra:
3119 3316 3162 3378 ⁸,
3192 3322 3245 3369 et
3272 3314 3529 3383 simplici—

1946 3417 2054 3463 tate
2074 3408 2569 3462 cnnnnunicationis
2594 3406 2646 3460 in
2670 3407 2790 3460 illos
2816 3414 2869 3459 et
2896 3406 2949 3459 in
2976 3419 3189 3467 omnes;
3212 3413 3266 3458 et
3294 3404 3528 3473 ipsiirum

1947 3498 2315 3553 obsecratione
2357 3512 2455 3569 pro
2500 3497 2684 3561 vobis,
2733 3496 3146 3549 desiderantium
3189 3507 3280 3548 vos
3314 3504 3533 3563 propter

1947 3591 2267 3645 eminentem
2295 3589 2515 3658 gratiam
2547 3587 2637 3641 Dei
2684 3587 2733 3639 in
2765 3586 2935 3640 vobis.
2980 3583 3190 3640 Gratias
3230 3599 3330 3654 ago
3357 3584 3466 3639 Deo
3486 3584 3532 3635 ³.

1948 3695 2107 3751 super
2138 3677 2471 3732 inenarrabili
2502 3677 2643 3731 dono
2668 3677 2800 3743 ejus.
3444 3744 3447 3745 ν

2021 3772 2086 3828 Et
2115 3772 2216 3825 alio
2259 3772 2367 3824 loco
2398 3768 2538 3842 [x.]:
2568 3770 2665 3836 Qui
2697 3778 2871 3823 autem
2906 3768 3193 3839 gloriatur,
3226 3766 3276 3820 iu
3308 3766 3532 3820 Domina

1949 3864 2223 3935 glorietur.
2268 3862 2383 3917 Non
2428 3862 2568 3916 enim
2624 3861 2711 3931 qui
2756 3861 2988 3928 seipsum
3033 3856 3400 3923 commendat,
3443 3857 3532 3911 ille

1953 3955 2202 4025 probatus
2226 3963 2344 4017 est;
2376 3953 2469 4007 sed
2500 3968 2656 4022 quem
2688 3953 2824 4006 Deus
2852 3950 3210 4005 commendat.

2023 4046 2091 4101 Et
2130 4054 2241 4116 post
2282 4046 2593 4115 aliquantum
2624 4041 2787 4115 [XL]:
2829 4042 3048 4097 Miuistri
3076 4040 3273 4096 Christi
3296 4038 3455 4095 sunt?
3482 4049 3537 4094 et

1952 4154 2051 4210 ego
2081 4136 2104 4168 “
2132 4156 2146 4192 :
2178 4148 2236 4191 ut
2266 4136 2439 4190 minus
2464 4136 2677 4202 sapiens
2699 4134 2846 4195 dico,
2883 4134 2998 4202 plus
3025 4148 3142 4203 ego.
3180 4133 3234 4186 lu
3266 4132 3535 4185 laboribus

1952 4229 2228 4301 plu'imis,
2261 4228 2311 4281 in
2343 4227 2646 4282 carceribus
2678 4220 3060 4285 abundantius,
3092 4223 3144 4276 in
3177 4222 3342 4291 plagis
3371 4235 3531 4290 supra

1953 4322 2192 4387 modum,
2220 4320 2273 4374 in
2303 4318 2565 4373 mortibus
2596 4315 2902 4385 frequenter
2927 4334 2939 4368 :
2975 4330 3004 4367 a
3029 4314 3227 4369 Judzeis
3254 4313 3535 4384 quinquies

1953 4414 2349 4483 quadragenas,
2392 4424 2493 4463 una
2526 4407 2733 4473 minus,
2773 4406 2975 4476 accepi.
3007 4405 3112 4461 Ter
3153 4405 3313 4475 virgis
3359 4418 3531 4458 caesus

1954 4519 2092 4569 simu,
2123 4504 2285 4559 semel
2311 4500 2572 4570 lapidatus
2598 4514 2735 4561 sum,
2762 4508 2844 4554 ter
2870 4499 3196 4569 naufragium
3226 4497 3355 4564 feci;
3380 4509 3535 4553 nocte

1954 4604 2007 4651 et
2035 4595 2123 4649 die
2167 4595 2218 4647 in
2261 4592 2522 4662 profundo
2562 4591 2725 4645 maris
2780 4590 2893 4644 fui:
2938 4590 2989 4643 in
3034 4588 3313 4644 itineribus
3350 4604 3533 4658 saepe,

1954 4688 2206 4760 periculis
2239 4686 2513 4740 ﬂuminum
2535 4727 2551 4751 ,
2582 4684 2828 4755 periculis
2856 4684 3121 4738 latronum
3146 4723 3162 4749 ,
3191 4683 3440 4753 periculis
3468 4697 3535 4737 ex

1955 4794 2184 4853 genere,
2215 4777 2462 4849 periculis
2500 4792 2565 4832 ex
2593 4775 2880 4842 Gentibus,
2911 4776 3160 4846 periculis
3202 4775 3253 4828 in
3283 4776 3530 4838 civitate,

1956 4870 2206 4942 periculis
2231 4869 2282 4923 in
2307 4868 2591 4923 solitudine
2610 4907 2625 4933 ,
2657 4868 2904 4937 periculis
2931 4868 2985 4920 in
3010 4867 3172 4933 mari,
3202 4865 3451 4935 periculis
3475 4864 3528 4917 in

1958 4963 2103 5018 falsis
2150 4961 2447 5016 fratribus:
2486 4960 2540 5014 in
2584 4960 2764 5015 labore
2812 4968 2867 5014 et
2920 4972 3189 5021 aerumna,
3240 4956 3293 5010 in
3345 4955 3541 5025 vigiliis

1959 5055 2139 5111 multis
2161 5094 2175 5119 ,
2204 5055 2255 5108 in
2283 5051 2424 5108 fame
2449 5059 2504 5107 et
2527 5052 2646 5118 siti,
2680 5051 2731 5105 in
2753 5050 2968 5120 jejuniis
3006 5047 3215 5115 multis,
3258 5047 3311 5102 in
3338 5045 3537 5116 frigore.

1959 5159 2009 5203 et
2038 5146 2310 5202 nuditate:
2340 5153 2534 5213 przeter
2556 5142 2641 5197 illa
2667 5157 2786 5212 quae
2811 5142 3145 5195 extrinsecus
3167 5148 3321 5205 sunt,
3346 5138 3539 5193 instan-

2024 5326 2039 5356 ⁸
2066 5324 2140 5374 sic
2160 5332 2265 5374 Mss.
2290 5334 2400 5373 eum
2428 5319 2639 5382 antiquis
2670 5317 2807 5382 Corb.
2842 5315 3019 5382 Bibliis,
3057 5322 3114 5366 At
3145 5314 3264 5382 editi
3294 5314 3543 5382 habebant

1958 5387 2099 5452 sicuti
2130 5399 2259 5435 nunc
2277 5376 2569 5452 vulgata,_iit
2590 5377 2821 5430 saeculum
2841 5376 3008 5429 siccati
3034 5390 3052 5429 :
3075 5379 3295 5441 quamvis
3315 5378 3365 5426 in
3381 5390 3543 5441 graeco

1958 5449 2021 5498 sit
2043 5454 2244 5507 tantum,
2266 5444 2335 5495 eis
2351 5442 2601 5507 ιόηᾼαῆᾲῃα.

2022 5513 2042 5542 ³
2061 5510 2141 5558 uie
2164 5509 2213 5557 in
2230 5500 2383 5557 sacris
2404 5504 2565 5553 Bibliis
2580 5502 2782 5560 additur,
2797 5501 2850 5553 in
2870 5501 3173 5566 Evangelium
3193 5500 3385 5553 Christi.

2024 5572 2044 5603 ³
2067 5569 2283 5631 vulgata,
2304 5566 2489 5631 Gratias
2512 5573 2611 5615 Deo
2637 5576 2655 5615 :
2678 5566 3020 5628 prastermisso,
3051 5577 3158 5630 ago.
3184 5572 3331 5616 Grato.
3351 5569 3537 5625 autem,

1958 5630 2129 5684 charis
2156 5627 2221 5681 He
2241 5627 2290 5681 td
2314 5627 2450 5680 Tha}.

2022 5696 2045 5727 δ
2076 5692 2336 5763 nedundat,
2361 5695 2415 5763 et_
2446 5699 2575 5763 ego;
2597 5688 2725 5755 quod
2744 5688 2953 5763 quidem
2986 5688 3038 5741 in
3062 5688 3262 5763 vulgata
3289 5691 3433 5741 etiam
3462 5688 3543 5741 bic

1959 5756 2306 5820 repetehatur;
2328 5753 2416 5820 sed
2439 5752 2723 5816 nierito'jer
2743 5752 2997 5820 Bibliorum
3010 5752 3333 5820 castigatores
3355 5766 3543 5817 expun-

1960 5813 2094 5870 ctum
2112 5816 2219 5879 fuit,
2240 5813 2351 5868 cum
2367 5816 2412 5867 id
2436 5823 2603 5869 textus
2625 5813 2814 5880 meus
2835 5827 2933 5864 non
2948 5813 3141 5866 habeat.
