3878 6336
475 292 610 349 1015

469 402 748 475 vigilantes
767 399 819 457 in
843 399 989 458 omni
1014 398 1261 456 instantia
1283 406 1337 456 et
1359 397 1733 459 obsecratione
1769 412 1868 470 pro
1888 395 2054 452 omni-

470 496 572 553 bus
597 495 834 562 sanctis;
863 504 919 551 et
947 510 1043 565 pro
1068 509 1173 558 me,
1200 502 1256 549 ut
1278 492 1433 549 detur
1456 492 1585 548 mihi
1613 505 1793 548 sermo
1818 491 1870 546 iu
1894 504 2054 560 aper-

471 572 621 645 tione
664 588 774 643 oris
820 587 924 641 mei
972 601 1093 641 cum
1145 584 1338 641 ﬁducia
1392 594 1573 641 notum
1623 583 1797 640 facere
1847 595 2050 654 myste-

469 679 608 736 rium
655 676 959 750 Evangelii,
1013 688 1229 749 propter
1274 677 1415 749 quod
1465 676 1727 749 legatione
1772 674 1961 746 fungar
1996 674 2050 730 in

469 779 657 828 catena
688 770 706 803 ¹
730 810 747 836 ,
794 770 864 825 ita
907 778 964 824 ut
1004 768 1057 825 in
1104 769 1221 841 ipso
1258 768 1483 825 audeam
1525 776 1678 840 prout
1716 776 1926 839 oportet
1963 781 2052 823 me

468 865 633 937 loqui.

516 958 607 1015 DE
646 955 971 1016 EPISTOLA
1010 956 1073 1013 Β.
1128 954 1333 1014 PAULI
1374 957 1464 1012 AD
1501 955 1999 1015 PHILIPPENSES.

538 1046 692 1121 [Cap.
722 1046 787 1123 1.]
833 1049 967 1118 Quia
1014 1048 1067 1103 in
1113 1048 1262 1106 nullo
1304 1046 1633 1113 confundar,
1677 1049 1772 1104 sed
1813 1050 1865 1105 in
1904 1050 2050 1106 omni

468 1140 658 1196 ﬁducia
682 1181 699 1206 ,
740 1142 877 1197 sicut
903 1154 1147 1211 semper,
1192 1150 1248 1195 et
1284 1154 1427 1196 nunc
1455 1139 1875 1211 magniﬁcabitur
1899 1139 2051 1197 Cbri-

465 1242 581 1289 stus
606 1232 660 1288 in
687 1246 912 1303 corpore
926 1246 1068 1298 meo,
1090 1231 1204 1287 sive
1232 1247 1327 1302 per
1339 1232 1523 1300 vitam,
1546 1233 1659 1288 sive
1682 1247 1778 1302 per
1798 1241 2045 1289 mortem.

466 1322 591 1379 Mihi
622 1324 767 1380 enim
787 1323 966 1380 vivere
995 1323 1240 1378 Christus
1261 1332 1363 1389 est,
1393 1334 1449 1380 et
1479 1322 1615 1378 mori
1640 1322 1869 1379 lucrum.
1893 1323 2048 1393 Quod

465 1416 510 1472 si
535 1416 719 1472 vivere
740 1417 794 1471 in
815 1430 997 1480 carne.
1030 1415 1117 1472 hic
1138 1416 1267 1471 mihi
1286 1414 1486 1471 fructus
1509 1415 1688 1487 operis
1709 1424 1824 1482 est;
1852 1424 1907 1472 et
1924 1414 2050 1487 quid

465 1506 679 1579 eligam,
710 1508 915 1579 ignoro.
948 1507 1206 1563 Coarctor
1232 1507 1374 1563 enim
1398 1522 1430 1563 e
1456 1507 1663 1563 duobus
1686 1525 1701 1562 :
1723 1507 2050 1566 desiderium

468 1600 668 1655 habens
710 1599 927 1655 dissolvi
970 1607 1025 1655 et
1059 1614 1179 1656 cum
1218 1599 1432 1655 Christo
1477 1614 1630 1667 esse,
1676 1599 1844 1656 multo
1883 1602 2051 1673 magis

465 1691 697 1755 melius;
724 1705 1040 1760 permanere
1062 1699 1239 1745 autem
1268 1689 1320 1744 in
1345 1704 1528 1754 carne,
1554 1690 1911 1745 necessarium
1935 1707 2051 1762 pro-

464 1790 586 1851 pter
609 1795 722 1836 vos.
753 1779 818 1834 Et
847 1790 959 1851 post
984 1796 1073 1834 sea:
1092 1795 1261 1835 versus
1292 1795 1312 1834 :
1337 1780 1564 1835 Tantum
1585 1780 1744 1852 digne
1762 1781 2050 1853 Evangelia

463 1871 665 1930 Christi
690 1872 1082 1929 conversamini
1102 1912 1117 1936 .
1162 1881 1221 1929 ut
1262 1872 1375 1929 sive
1401 1888 1523 1928 cum
1562 1888 1762 1930 venero
1785 1880 1840 1930 et
1865 1873 2050 1931 videro

466 1979 593 2031 vos,
635 1965 749 2021 sive
776 1965 973 2020 absens
996 1963 1207 2020 audiam
1235 1962 1304 2020 de
1328 1964 1501 2030 vobis,
1527 1965 1650 2037 quia
1688 1966 1841 2021 statis
1866 1965 1919 2021 in
1942 1981 2050 2023 uno

466 2057 653 2130 spiritu
676 2057 955 2114 unanimes
972 2099 989 2125 ,
1017 2057 1406 2114 collaborantcs
1429 2058 1550 2115 ﬁdei
1578 2059 1869 2132 Evangelii.
1903 2061 1969 2117 Et
1992 2061 2046 2117 in

467 2150 614 2206 nullo
649 2150 956 2207 terreamini
1001 2151 1070 2205 ab
1106 2150 1464 2216 adversariis,
1506 2167 1627 2223 qum
1653 2161 1738 2208 est
1760 2152 1864 2208 illis
1887 2168 2047 2209 causa

461 2242 779 2313 perditionis
799 2283 818 2310 ,
844 2242 996 2299 vobis
1033 2252 1211 2299 autem
1248 2244 1434 2299 salutis
1457 2260 1472 2298 :
1494 2252 1549 2300 et
1574 2244 1675 2300 hoc
1698 2259 1731 2300 a
1759 2244 1888 2300 Deo.
1914 2244 2048 2312 Quia

463 2325 617 2388 vobis
634 2333 886 2389 donatum
916 2340 1000 2389 est
1019 2348 1118 2407 pro
1142 2332 1386 2398 Christo,
1430 2349 1535 2390 non
1562 2334 1732 2391 solum
1760 2344 1818 2390 ut
1846 2334 1898 2390 in
1924 2351 2046 2391 eum

462 2425 726 2491 credatis,
766 2425 862 2481 sed
899 2434 956 2481 ut
981 2427 1141 2481 etiam
1175 2442 1271 2497 pro
1296 2425 1388 2481 illo
1416 2426 1687 2498 patiamini
1718 2444 1732 2481 :
1763 2425 1904 2482 idem
1930 2442 2049 2482 cer-

463 2526 640 2573 tamen
668 2517 961 2583 habentes,
990 2518 1149 2589 quale
1174 2526 1230 2573 et
1253 2518 1461 2574 vidistis
1483 2518 1541 2575 in
1568 2534 1676 2584 me,
1703 2526 1760 2574 et
1782 2533 1924 2575 nunc
1946 2535 2044 2573 au-

416 2610 421 2613 ’
460 2611 615 2668 distis
639 2611 707 2667 de
733 2625 837 2667 me.

533 2702 639 2778 [ιι.]
691 2703 884 2775 Siqua
929 2718 1057 2775 ergo
1101 2704 1397 2761 consolatio
1447 2703 1501 2760 in
1526 2702 1775 2773 Cbristo,
1829 2705 1874 2760 si
1901 2705 2043 2777 quod

464 2795 717 2852 solatium
765 2793 1072 2864 cbaritatis,
1101 2796 1269 2866 siqua
1313 2797 1543 2851 societas
1567 2796 1803 2867 spiritus,
1852 2797 1898 2852 si
1941 2811 2044 2868 qua

461 2879 665 2941 viscera
701 2895 756 2941 et
794 2885 1162 2941 miserationes
1198 2886 1253 2948 ³,
1299 2885 1515 2957 implete
1552 2886 1803 2957 gaudium
1844 2902 2043 2954 meum,

461 2987 520 3032 ut
539 2976 677 3032 idem
698 2975 935 3044 sapiatis,
961 2976 1203 3031 eamdem
1224 2974 1537 3031 charitatem
1561 2975 1838 3044 habentes,
1860 2978 2047 3032 unani-

462 3081 613 3133 mes,
665 3066 891 3137 idipsum
934 3067 1245 3121 sentientes.
1302 3066 1442 3121 Nihil
1481 3081 1579 3136 per
1627 3068 2042 3134 contentionem,

463 3175 637 3231 neque
672 3173 768 3230 per
805 3159 1016 3213 inanem
1056 3156 1321 3222 gloriam;
1360 3157 1454 3212 sed
1490 3158 1542 3212 in
1568 3156 1865 3213 humilitate
1888 3173 2046 3228 supe-

463 3251 635 3307 riores
679 3248 779 3306 sibi
830 3249 1054 3304 invicem
1097 3248 1436 3303 arbitrantes.
1480 3246 1597 3303 Non
1630 3263 1750 3319 qua:
1787 3263 1883 3303 sua
1923 3258 2047 3305 sunt

462 3342 658 3415 singuli
683 3340 1116 3405 considerantes;
1146 3339 1242 3396 sed
1269 3355 1329 3395 ea
1351 3355 1472 3410 qua:
1495 3339 1738 3396 aliorum.
1771 3339 1880 3395 lloc
1897 3341 2041 3397 enim

463 3436 657 3491 sentite
681 3433 734 3489 iu
767 3433 940 3499 vobis,
990 3432 1129 3503 quod
1172 3436 1224 3487 et
1269 3432 1322 3487 in
1353 3429 1565 3488 Christo
1596 3431 1722 3487 Jesu
1747 3474 1763 3500 ,
1804 3432 2042 3502 quicum

469 3526 522 3580 in
552 3525 716 3581 forma
747 3525 843 3580 Dei
883 3531 1057 3590 esset,
1098 3538 1202 3578 non
1232 3524 1469 3594 rapinam
1507 3523 1794 3579 arbitratus
1821 3534 1903 3580 est
1925 3539 2046 3585 esse

467 3632 526 3673 se
553 3618 809 3689 aequalem
833 3617 945 3673 Deo
975 3635 988 3671 :
1020 3616 1116 3673 sed
1142 3619 1486 3686 semetipsum
1501 3617 1792 3673 exinanivit
1819 3617 2042 3675 formam

463 3708 604 3765 servi
649 3708 953 3780 accipiens,
998 3708 1052 3762 in
1092 3707 1491 3764 similitudinem
1542 3710 1813 3765 hominum
1855 3711 2042 3775 factus,

467 3810 521 3858 et
548 3800 726 3856 habitu
755 3802 1002 3856 inventus
1029 3810 1087 3855 ut
1110 3801 1309 3867 homo;
1341 3800 1636 3855 humiliavit
1675 3802 2039 3872 semetipsum,

463 3895 635 3951 factus
673 3894 929 3950 obediens
969 3908 1136 3964 usque
1178 3893 1245 3949 ad
1285 3903 1510 3948 murtem
1534 3934 1550 3959 ,
1598 3902 1821 3950 mortem
1865 3905 2045 3952 autem

465 3986 660 4043 crucis.
712 3986 938 4055 Propter
966 3984 1108 4055 quod
1134 3993 1191 4040 et
1219 3984 1358 4040 Deus
1384 3985 1529 4039 illum
1554 3985 1807 4041 exultavit
1827 4028 1842 4054 ,
1873 3997 1928 4042 et
1951 3986 2048 4042 do-

466 4078 611 4132 navit
642 4076 719 4132 illi
749 4091 942 4131 nomen
984 4075 1123 4148 quod
1153 4084 1236 4132 est
1274 4090 1437 4146 super
1458 4091 1619 4133 omne
1646 4094 1838 4134 nomen
1869 4097 1883 4134 :
1910 4088 1968 4134 ut
1993 4081 2047 4135 in

467 4170 686 4226 nomine
713 4167 837 4225 Jesu
869 4182 1025 4224 omne
1061 4182 1198 4239 genu
1236 4166 1477 4223 ﬂectatur
1505 4210 1521 4232 ,
1564 4169 1889 4235 cmlestium,
1934 4181 2046 4228 ter-

467 4263 717 4319 restrium
739 4303 755 4329 ,
786 4273 838 4319 et
872 4260 1221 4327 infernarum,
1250 4270 1306 4316 et
1332 4260 1508 4316 omnis
1530 4259 1707 4334 lingua
1734 4262 2049 4319 conﬁteatur

465 4355 592 4426 quia
623 4355 879 4410 Dominus
902 4352 1058 4410 Jesus
1080 4351 1325 4410 Christus
1352 4352 1402 4407 in
1427 4353 1593 4424 gloria
1623 4363 1707 4410 est
1732 4354 1822 4410 Dei
1854 4354 2046 4410 Patris.

465 4449 648 4520 Itaque
673 4490 689 4515 ,
715 4448 1015 4505 charissimi
1054 4448 1192 4514 mei,
1221 4449 1357 4503 sicut
1385 4462 1598 4518 semper
1624 4448 1912 4518 obedistis,
1938 4466 2046 4507 non

466 4550 527 4599 ut
558 4542 610 4597 in
639 4542 919 4611 praesentia
958 4541 1063 4597 mei
1103 4549 1304 4597 tantum
1329 4581 1345 4607 ,
1386 4541 1479 4597 sed
1525 4542 1691 4598 multo
1715 4543 1883 4614 magis
1907 4558 2048 4599 nunc
2078 4534 2083 4545 ”

469 4634 523 4688 iu
545 4633 786 4688 absentia
808 4648 925 4688 mea
946 4674 962 4700 ,
990 4647 1111 4688 cum
1143 4644 1286 4687 metu
1316 4639 1370 4688 et
1397 4641 1629 4689 tremore
1648 4642 1880 4690 vestram
1905 4634 2049 4690 salu-

468 4733 576 4780 tem
606 4725 921 4796 operamini.
977 4725 1117 4780 Deus
1138 4734 1224 4781 est
1247 4726 1391 4781 enim
1418 4727 1508 4796 qui
1538 4735 1790 4797 operatur
1813 4727 1865 4782 in
1895 4726 2047 4784 vobis

464 4825 523 4873 et
545 4814 682 4873 velle
701 4857 717 4883 ,
743 4824 799 4872 et
822 4814 1111 4887 perlicere,
1140 4830 1236 4886 pro
1260 4815 1398 4871 bona
1423 4817 1712 4873 voluntate.
1738 4814 1927 4872 Omnia
1951 4833 2049 4873 au-

468 4919 577 4965 tem
614 4906 771 4963 facite
811 4907 929 4963 sine
968 4907 1475 4962 murmurationibus
1515 4916 1572 4964 et
1604 4908 2042 4977 htesitatiouibus,

466 5009 527 5057 ut
550 5000 669 5057 sitis
688 4999 806 5055 sine
828 4998 1041 5071 querela
1066 5039 1082 5065 ,
1121 5006 1177 5054 et
1214 4996 1485 5068 simplices
1526 4997 1618 5054 ﬁlii
1653 4999 1776 5065 Dei,
1815 5001 1932 5057 sine
1961 5017 2045 5057 re—

468 5092 824 5164 prehensione
861 5091 915 5147 in
946 5089 1125 5146 medio
1166 5089 1398 5146 nationis
1432 5104 1609 5160 pravae
1650 5098 1705 5145 et
1740 5106 2040 5162 perversae;

466 5185 609 5240 inter
637 5198 772 5255 quos
795 5182 987 5240 lucetis
1013 5182 1149 5238 sicut
1167 5180 1447 5237 luminaria
1473 5179 1526 5236 in
1552 5181 1750 5237 mundo
1777 5201 1791 5239 :
1821 5183 2042 5239 verbum

463 5276 590 5333 vitae
627 5275 965 5333 continentes
990 5274 1057 5331 ad
1093 5274 1314 5346 gloriam
1340 5272 1468 5329 mihi
1504 5274 1557 5329 in
1592 5273 1734 5330 diem
1758 5273 2039 5342 Christi‘;

526 5414 546 5448 ι
567 5411 710 5476 aditi,
728 5408 784 5465 in
799 5408 1183 5484 σαιωαβειιιιίρα
1201 5413 1273 5461 ut.
1291 5413 1347 5461 At
1367 5408 1547 5475 Regius
1564 5408 1722 5462 codex
1745 5417 1796 5463 et
1818 5421 1954 5462 sacra
1970 5411 2043 5462 Bi-

461 5475 560 5611 δῃξ
570 5474 1329 5602 mhfmw‘zm.
1343 5539 1490 5585 meo.
1503 5532 1765 5600 splagclma
1780 5531 1861 5585 και
1874 5522 2043 5587 οἰων-

460 5612 1215 5775 Ἅηιῇεωω
1239 5655 2044 5724 «mmmam
2083 5718 2089 5725 ,

1666 284 1725 342 s.
1764 241 2132 339 annosum
2168 278 2526 341 srecuwn

3608 299 3711 363 iOlf

2160 395 2281 467 quia
2304 410 2408 452 non
2436 397 2488 453 in
2526 412 2750 459 vacuum
2774 403 2983 462 cucurri
3006 445 3024 471 ,
3051 420 3225 480 neque
3251 409 3312 466 in
3341 423 3575 470 vacuum
3593 413 3712 473 labo-

2160 489 2290 542 ravi.
2334 488 2439 545 Sed
2480 499 2537 547 et
2576 491 2623 549 si
2667 493 2914 552 immolor
2945 511 3103 570 supra
3139 501 3475 559 sacriﬁcium
3502 515 3558 562 et
3592 508 3710 567 mini-

2159 581 2380 637 s1erium
2411 581 2530 638 ﬁdei
2559 595 2752 643 vestra:
2766 628 2783 654 ,
2821 589 3026 662 gaudeo
3048 600 3105 648 et
3123 597 3482 666 congratulor
3499 602 3708 660 omnim

2159 672 2329 729 vobis.
2374 672 2605 745 ldipsum
2625 686 2803 734 autem
2828 690 2883 736 et
2928 696 3022 736 vos
3046 683 3302 754 gaudete,
3332 697 3392 742 ct
3413 692 3709 761 congratuia-
3786 686 3787 761 ἦ

2156 764 2286 820 ιιιἰηί
2320 765 2468 820 mihi.
2521 766 2690 838 Spero
2714 778 2890 825 autem
2926 771 2979 827 in
3007 773 3229 830 Domino
3247 775 3387 832 Jesu
3410 778 3708 840 Timotheum

2156 855 2265 912 cito
2295 857 2505 916 mittere
2531 858 2599 914 ad
2625 875 2749 927 vos,
2792 872 2928 919 utet
2963 880 3062 936 ego
3095 865 3238 922 bono
3268 868 3462 925 animo
3488 872 3583 928 sim
3604 915 3619 939 ,
3642 889 3709 930 co-

2156 961 2417 1018 gnoscens
2436 966 2555 1022 qua:
2579 951 2722 1008 circa
2748 968 2844 1010 vos
2870 964 3011 1011 sunt.
3075 956 3366 1016 Neminem
3392 963 3537 1019 enim
3572 965 3708 1024 habeo

2156 1047 2262 1095 tam
2290 1040 2616 1110 unanimem,
2658 1044 2749 1114 qui
2797 1044 2999 1103 sincera
3027 1048 3318 1109 all‘ectioue
3344 1068 3447 1123 pro
3473 1054 3612 1112 vobis
3629 1060 3708 1115 solo

2155 1132 2331 1189 licitus
2355 1133 2443 1189 sit.
2478 1133 2678 1193 Omnes
2701 1137 2843 1193 enim
2878 1154 2973 1194 sua
3011 1151 3293 1213 qumrunt,
3344 1161 3455 1202 non
3482 1164 3595 1219 qua:
3613 1162 3710 1208 sunt

2154 1223 2282 1280 Jesu
2305 1223 2525 1282 Christi.
2570 1228 3007 1299 Experimentqu
3044 1246 3222 1291 autem
3260 1238 3391 1307 ejus
3417 1245 3705 1310 cognoscite,

2155 1315 2402 1386 quoniam
2442 1316 2579 1374 sicut
2608 1320 2742 1389 patri
2777 1319 2915 1378 ﬁlius
2936 1362 2954 1389 ,
2998 1339 3207 1381 mecum
3231 1329 3469 1386 servivit
3495 1331 3545 1387 in
3566 1334 3705 1391 Evan-

2153 1408 2315 1479 gelio.
2359 1408 2513 1466 llunc
2538 1410 2698 1482 igitur
2724 1427 2884 1484 spero
2907 1430 2995 1471 me
3028 1416 3245 1476 mittere
3265 1461 3285 1485 ,
3317 1436 3452 1477 mox
3476 1432 3534 1479 ut
3563 1425 3708 1483 videro

2154 1516 2275 1571 qua:
2300 1502 2442 1557 circa
2469 1518 2555 1559 me
2593 1513 2735 1560 sunt.
2776 1505 3000 1563 Conﬁdo
3025 1518 3202 1567 autem
3236 1512 3295 1568 in
3322 1512 3579 1582 Domino,
3600 1534 3704 1589 quo-

2155 1593 2295 1649 niam
2320 1602 2375 1649 et
2404 1593 2517 1666 ipse
2541 1597 2749 1652 veniam
2780 1597 2846 1654 ad
2887 1615 2982 1657 vos
3004 1602 3132 1658 cito.
3158 1602 3539 1664 Necessarium
3565 1620 3705 1668 autem

2154 1688 2450 1745 existimavi
2476 1689 2898 1762 Epaphroditum
2931 1693 3146 1752 fratrem
3173 1705 3229 1753 et
3255 1709 3705 1770 cooperatoremct

2153 1779 2570 1837 commilitonem
2598 1796 2776 1839 meum
2793 1824 2812 1852 ,
2840 1794 3078 1842 vestrum
3110 1797 3296 1845 autem
3320 1792 3643 1862 apostolum,
3664 1802 3703 1850 et

2155 1869 2456 1927 ministrum
2500 1873 2834 1930 necessitatis
2861 1890 3032 1945 meo,
3074 1878 3294 1938 mittere
3328 1881 3400 1938 ad
3438 1897 3699 1956 voszquo.

2154 1960 2293 2017 niam
2319 1962 2532 2034 quidem
2556 1979 2744 2020 omnes
2771 1981 2867 2022 vos
2903 1967 3264 2038 desiderabat,
3302 1979 3364 2028 et
3391 1982 3702 2031 mmstusmt
3786 2038 3787 2051 χ

2155 2062 2370 2125 propter
2394 2055 2535 2125 quod
2575 2056 2798 2113 audistis
2833 2058 2982 2115 illum
3011 2061 3366 2120 iuﬁrmatum.
3412 2063 3612 2122 Namet
3637 2066 3699 2121 ia-
3786 2054 3787 2125 ἰ

2155 2144 2393 2202 ﬁrmatus
2442 2154 2527 2202 est
2562 2161 2731 2219 usque.
2767 2147 2836 2204 ad
2874 2160 3136 2218 mortem,
3171 2152 3271 2209 sed
3310 2154 3455 2212 Deus
3491 2156 3699 2212 misertus
3786 2144 3787 2171 ἦ

2152 2243 2235 2290 est
2260 2235 2378 2305 ejus
2410 2255 2424 2291 :
2452 2251 2556 2292 non
2577 2237 2750 2294 solum
2770 2250 2948 2297 autem
2974 2242 3113 2311 ejus,
3141 2258 3332 2301 verum
3356 2246 3512 2302 etiam
3536 2256 3586 2302 et
3597 2248 3695 2315 mei,
3786 2256 3787 2263 ‘

2152 2341 2220 2382 ne
2248 2326 2512 2382 tristitiam
2544 2343 2706 2400 super
2745 2331 3009 2387 tristitiam
3046 2333 3327 2392 haberem.
3382 2337 3698 2395 Festinantius
3786 2322 3787 2325 η

2151 2432 2277 2489 ergo
2305 2419 2425 2475 misi
2451 2418 2600 2476 illum
2623 2461 2641 2488 ,
2686 2430 2742 2478 ut
2763 2423 2879 2479 viso
2899 2439 2968 2480 eo
2996 2425 3185 2482 iterum
3212 2429 3492 2498 gaudeatis
3510 2471 3526 2496 ,
3551 2439 3599 2484 et
3619 2445 3695 2501 ego

2152 2511 2270 2567 sine
2314 2512 2523 2568 tristitia
2566 2514 2689 2570 sim.
2743 2514 2986 2588 Excipite
3031 2519 3211 2590 itaque
3246 2521 3399 2579 illum
3435 2538 3550 2579 cum
3579 2522 3695 2578 omni

2150 2603 2342 2673 gaudio
2362 2603 2414 2659 in
2438 2605 2701 2674 Domino;
2730 2615 2785 2665 et
2800 2607 3060 2679 ejusmodi
3077 2626 3200 2668 cum
3227 2611 3436 2671 honore
3452 2614 3690 2671 habetote:

2150 2697 2399 2765 quoniam
2448 2704 2668 2770 propter
2707 2713 2841 2769 opus
2866 2698 3062 2757 Christi
3106 2716 3277 2775 usque
3301 2705 3371 2760 ad
3400 2714 3608 2762 mortem
3625 2719 3692 2761 ac-

2150 2789 2331 2856 cessit,
2364 2789 2582 2846 tradens
2603 2790 2835 2847 animam
2864 2807 3039 2861 suam,
3069 2802 3128 2850 ut
3150 2795 3405 2866 impleret
3423 2795 3556 2868 quod
3573 2795 3689 2850 vobis

2149 2879 2332 2936 deerat
2357 2895 2481 2952 erga
2509 2897 2684 2938 meum
2713 2882 3048 2955 obsequium.
3684 2924 3692 2942 ι
3786 2879 3787 2955 1

2220 2970 2290 3028 Et
2316 2972 2471 3044 paulo
2505 2984 2617 3045 post
2642 2972 2767 3050 [un]
2795 2992 2810 3030 :
2838 2973 3084 3045 Fratres,
3123 2992 3224 3052 ego
3246 2994 3341 3036 me
3364 2994 3469 3036 non
3500 2977 3688 3034 arbitror

2149 3065 2566 3138 apprehendissc
2592 3083 2607 3120 :
2639 3083 2800 3122 unum
2820 3077 3021 3132 autem.
3052 3085 3173 3142 qua:
3197 3073 3417 3143 quidem
3442 3081 3574 3128 retro
3593 3076 3688 3126 stmt

2149 3155 2499 3224 obliviscens,
2538 3157 2606 3212 ad
2634 3174 2698 3214 ea
2735 3173 2863 3215 vero
2897 3175 3017 3231 qua:
3056 3170 3183 3219 sunt
3222 3165 3406 3234 priora
3443 3160 3687 3219 extendens

2148 3262 2266 3313 me,
2307 3247 2374 3303 ad
2398 3248 2717 3306 destinatum
2743 3266 3057 3323 persequor,
3094 3254 3164 3309 ad
3207 3254 3456 3311 bravium
3484 3265 3685 3323 superne

2149 3338 2441 3396 vocationis
2464 3339 2554 3396 Dei
2588 3340 2643 3396 in
2671 3339 2883 3399 Christo
2906 3342 3054 3401 Jesu.
3082 3344 3419 3419 Quicumque
3454 3360 3569 3415 ergo
3586 3356 3682 3414 per-

2150 3428 2310 3496 fecti,
2343 3429 2444 3486 hoc
2471 3432 2799 3499 sentiamus;
2829 3442 2885 3490 et
2909 3434 2954 3490 si
2974 3434 3101 3507 quid
3121 3437 3279 3493 aliter
3316 3438 3515 3508 sapitis,
3538 3434 3684 3492 ethoc

2151 3521 2306 3576 vobis
2336 3523 2473 3578 Deus
2493 3524 2746 3580 revelabit
2777 3542 2793 3581 :
2820 3536 3188 3585 verumtamen
3217 3530 3288 3586 ad
3320 3532 3370 3586 id
3398 3532 3414 3565 ¹
3440 3528 3566 3601 quod
3587 3542 3681 3597 per-

2151 3614 2416 3682 venimus,
2455 3624 2515 3671 ut
2541 3616 2679 3673 idem
2708 3619 2976 3690 sapiamus
2999 3662 3014 3685 .
3041 3629 3097 3677 et
3118 3621 3172 3677 in
3197 3624 3386 3680 eadem
3412 3633 3679 3694 permanea-

2150 3721 2270 3762 mus
2306 3709 2510 3779 regula.
2558 3709 2855 3767 lmitatorcs
2892 3713 2999 3769 mei
3038 3723 3232 3784 estote,
3276 3716 3500 3779 fratres;
3537 3721 3586 3769 et
3605 3710 3680 3764 οὺ·

2149 3806 2359 3854 servate
2394 3814 2487 3856 eos
2512 3800 2602 3872 qui
2632 3801 2705 3858 ita
2739 3803 3010 3860 ambulant
3035 3847 3051 3871 ,
3095 3805 3234 3862 sicut
3271 3807 3475 3864 habetis
3496 3805 3676 3859 formam

2150 3898 2412 3945 nostram.
2443 3889 2589 3946 Multi
2621 3891 2765 3948 enim
2800 3894 3102 3958 ambulant.
3133 3914 3267 3969 quos
3306 3911 3447 3970 saepe
3477 3892 3676 3951 dicebam

2149 3981 2321 4047 vobis,
2375 3998 2516 4038 nunc
2558 3991 2733 4039 autem
2771 3994 2826 4040 et
2880 3985 3015 4042 ﬂens
3058 3988 3210 4055 dico,
3262 3989 3500 4045 inimicus
3537 3982 3677 4041 crucis

2150 4071 2344 4129 Christi
2375 4091 2390 4129 :
2418 4090 2641 4144 quorum
2682 4076 2802 4132 ﬁnis
2840 4078 3114 4146 interitus;
3161 4097 3389 4152 quorum
3429 4082 3555 4136 Deus
3575 4092 3675 4129 vcn-

2152 4172 2255 4231 ter,
2292 4174 2347 4221 et
2372 4166 2535 4235 gloria
2561 4168 2614 4222 in
2641 4169 2949 4225 confusione
2977 4186 3210 4241 Ipsorum
3235 4190 3251 4240 ;
3285 4174 3376 4246 qui
3403 4183 3586 4228 terrena
3605 4181 3672 4221 ﬂ-

2150 4254 2322 4325 piunt.
2348 4255 2538 4314 Nostra
2567 4269 2743 4315 autem
2773 4264 3107 4318 conversatio
3131 4264 3182 4319 in
3205 4268 3359 4321 cmlis
3383 4275 3482 4322 est.

2221 4345 2291 4402 Et
2337 4357 2449 4419 post
2490 4349 2724 4405 tredecim
2768 4368 2936 4408 uersus
2963 4352 3081 4428 [tv.]
3117 4355 3393 4413 :Gaudete
3421 4358 3468 4410 in
3493 4348 3672 4408 Domino

2151 4454 2364 4511 semper
2388 4457 2404 4503 ;
2431 4442 2623 4497 iterum
2645 4442 2786 4508 dico,
2826 4446 3070 4515 gaudete.
3108 4447 3365 4506 Modestia
3399 4456 3554 4503 vestra
3576 4450 3671 4496 noli

2152 4533 2221 4588 sit
2262 4533 2508 4589 omnibus
2550 4534 2872 4592 hominibus.
2925 4538 3182 4595 Dominus
3223 4542 3367 4597 enim
3410 4550 3557 4611 prope
3589 4539 3666 4588 εδιο

2150 4623 2290 4679 Nihil
2314 4625 2522 4682 solliciti
2548 4626 2666 4683 sitis
2695 4645 2710 4683 :
2744 4628 2837 4684 sed
2866 4629 2917 4684 in
2948 4632 3094 4686 omni
3132 4633 3373 4689 oratione
3393 4627 3668 4686 etobsecn'

2150 4716 2295 4773 tione
2324 4731 2445 4773 cum
2464 4720 2767 4788 gratiarum
2795 4723 3002 4777 actione
3030 4723 3311 4792 petitiones
3333 4730 3511 4779 vestra:
3543 4716 3664 4770 ἰηιιοο

2151 4815 2354 4864 teacant
2370 4810 2508 4879 apud
2530 4809 2714 4866 Deum.
2737 4811 2802 4865 Et
2825 4826 2922 4880 pax
2947 4812 3192 4884 Dei,qu:c
3210 4815 3662 4885 exsuperatomnem

2149 4911 2363 4953 sensum
2390 4936 2408 4966 ,
2453 4899 2720 4955 custodiat
2743 4900 2903 4955 corda
2937 4911 3111 4958 vestra
3134 4912 3188 4959 et
3231 4899 3574 4974 intelligendas
3593 4904 3663 4945 vo-

2148 4997 2287 5044 stras
2315 4988 2367 5043 in
2396 4988 2612 5045 Christo
2656 4990 2802 5046 Jesu.
2842 4992 2920 5048 De
2954 5001 3172 5059 caetero,
3203 4994 3413 5061 fratres,
3448 4997 3662 5062 (NW

2148 5095 2249 5150 que
2269 5090 2391 5136 sunt
2414 5095 2558 5145 vera,
2584 5096 2931 5155 quaecumque
2952 5085 3163 5156 pudica,
3188 5098 3512 5158 quaecumque
3528 5079 3656 5148 justl-

2146 5189 2492 5245 quaecumque
2514 5186 2696 5232 sancta
2712 5216 2729 5241 ,
2770 5192 3117 5249 quzccumque
3139 5180 3381 5239 amabilia
3404 5220 3421 5245 ,
3442 5179 3657 5247 quaen»

2145 5283 2249 5339 que
2275 5268 2430 5323 bona:
2475 5267 2667 5335 famae;
2711 5270 2881 5341 siqua
2906 5271 3074 5328 virtus
3095 5313 3111 5339 ,
3142 5273 3188 5329 si
3226 5289 3328 5345 qua
3352 5274 3456 5328 laus
3479 5269 3530 5331 ⁸,
3568 5259 3652 5316 δῖα
3676 5329 3689 5345 ,

2144 5361 2372 5431 cogitate
2404 5377 2418 5414 :
2446 5374 2564 5432 qua:
2606 5369 2660 5416 et
2703 5360 2994 5430 didicistis,
3045 5372 3099 5420 et
3123 5365 3431 5438 accepistis,
3464 5365 3513 5414 et
3541 5346 3650 5408 audi'

2209 5471 2505 5550 ‘_Abe§t,_
2529 5486 2558 5524 a
2576 5476 2727 5550 saetis
2759 5473 3133 5550 Bibliis;_ueque
3163 5478 3214 5528 iu
3245 5477 3342 5531 illis
3367 5466 3578 5542 partiam,
3604 5462 3651 5517 ἀν

2144 5536 3051 5669 Ροῗιλῧῗῗίᾶ-ῗῶᾝηῇἦὲεξῗ
3075 5600 3360 5669 disciplina.
3375 5584 3650 5669 ἱιιιωωμέξ

2142 5655 2385 5714 tamz'sed
2408 5668 2507 5710 Am.
2531 5667 2604 5710 Er.
2640 5663 2884 5725 etnegins
2901 5655 3056 5714 codei
3078 5655 3249 5715 vocem
3271 5655 3647 5717 istade

2142 5727 2457 5786 pratereunt.
