3878 6312
106 261 260 321 1017
1359 252 1446 309 DE
1486 251 1738 309 SCRIPTI

1848 259 1867 307 ι
1904 253 2147 314 SACRA.

106 378 252 443 stis,
302 382 368 431 et
414 371 623 428 vidistis
667 371 720 426 in
759 383 883 435 me,
924 367 1040 423 haec
1067 366 1244 437 agite;
1294 372 1351 420 et
1396 364 1535 420 Deus
1583 364 1730 435 pacis

108 470 223 524 erit
249 466 567 523 vobiscum.
610 462 834 519 Gavisus
858 474 974 515 sum
1003 466 1179 513 autem
1226 457 1278 511 in
1309 456 1532 511 Domino
1568 454 1731 509 vehe-

114 569 356 619 menter
385 601 403 625 ,
455 556 706 627 quoniam
743 552 955 608 tandem
982 549 1264 620 aliquando
1294 548 1607 604 reﬁoruistis
1636 561 1731 615 pro

111 668 208 709 me
242 650 489 713 sentire,
520 647 657 701 sicut
680 652 736 699 et
758 640 1070 699 sentiebatis
1099 658 1112 694 :
1140 638 1382 709 occupati
1411 648 1587 692 autem
1612 652 1732 691 era-

115 747 211 801 tis.
266 743 400 798 Non
454 740 619 811 quasi.
654 746 868 808 propter
917 734 1193 803 penuriam
1240 730 1380 785 dico.
1435 730 1547 800 Ego
1587 728 1730 783 enim

112 835 317 899 didici,
355 833 415 886 in
443 831 636 902 quibus
664 843 780 883 sum
804 868 819 891 ,
851 825 1121 881 sufﬁciens
1147 838 1285 878 esse.
1326 821 1450 877 Scio
1475 829 1526 875 et
1554 819 1729 875 humi-

3280 267 3417 329 iOlB

1838 383 1952 437 vos,
1972 379 2027 425 et
2039 371 2382 427 obsecramus
2406 372 2459 428 in
2478 372 2705 431 Domino
2722 374 2869 441 Jesu,
2890 386 2946 433 ut
2968 378 3415 448 quemadmodum

1834 465 2115 532 accepistis
2140 481 2169 520 a
2194 466 2347 521 nobis
2370 468 2640 537 quomodo
2663 484 2759 525 vos
2783 480 3026 541 oporteat
3050 473 3341 540 ambulare,
3362 484 3419 533 et

1836 557 2047 626 placere
2076 556 2220 622 Deo,
2251 558 2329 613 sic
2367 568 2421 613 et
2462 559 2777 625 ambulctis,
2820 571 2876 616 ut
2916 562 3200 619 abundetis
3228 568 3413 637 magis.

1836 649 1995 705 Scitis
2014 650 2157 706 enim
2181 666 2300 721 quae
2327 660 2586 722 praecepta
2614 652 2916 707 dederimus
2940 654 3093 711 vobis
3120 671 3216 726 per
3243 657 3417 712 Domi-

1837 757 1963 797 num
1993 741 2194 797 Jesum.
2229 742 2350 796 lla‘c
2377 752 2461 798 est
2487 742 2629 797 enim
2657 744 2900 800 voluntas
2930 745 3040 809 Dei,
3070 748 3418 805 sanctiﬁcatio

1836 843 2011 889 vestra
2037 875 2053 900 ,
2106 843 2163 887 ut
2209 834 2517 888 abstineatis
2544 849 2640 889 vos
2682 849 2711 888 a
2755 835 3136 904 fornicatione;
3186 850 3244 893 ιιι
3288 840 3421 895 sciat

117 926 244 982 liari
276 942 292 990 ;
338 923 463 978 scio
490 930 545 976 et
572 918 845 974 abundare
876 934 889 969 :
922 915 1115 985 ubique
1138 922 1191 968 et
1217 913 1269 967 in
1299 910 1547 966 omnibus
1585 909 1733 963 insti-

117 1027 274 1072 tutus
306 1030 461 1077 sutn,
492 1024 547 1067 et
571 1011 775 1074 satiari,
803 1019 857 1065 et
880 1008 1107 1071 esurire,
1132 1014 1187 1060 et
1220 1003 1490 1059 abundare
1514 1045 1529 1067 ,
1560 1011 1614 1057 et
1643 1016 1733 1071 pe-

119 1109 345 1164 nuriam
380 1104 495 1175 pati
527 1122 539 1156 :
569 1102 745 1156 omnia
778 1114 994 1170 possum
1028 1098 1078 1151 in
1110 1112 1174 1151 eo
1203 1096 1291 1167 qui
1334 1110 1419 1149 me
1446 1092 1728 1148 confortat.

120 1201 530 1255 Verumtamen
555 1194 690 1248 bene
715 1191 913 1247 fecistis
933 1187 1389 1244 communicantes
1410 1184 1733 1239 tribulationi

120 1307 287 1347 meae.
344 1287 516 1344 Scitis
556 1292 734 1339 autem
778 1290 832 1336 et
871 1295 1004 1345 vos,
1050 1278 1450 1347 Philippenses,
1494 1274 1633 1343 quod
1681 1273 1731 1326 in

121 1381 408 1454 principio
446 1374 749 1446 Evangelii,
796 1370 1010 1441 quando
1049 1370 1313 1438 profectus
1352 1382 1468 1420 sum
1507 1380 1535 1418 a
1564 1364 1734 1419 Mace-

122 1473 292 1529 donia
322 1513 337 1533 ,
386 1469 533 1523 nulla
565 1466 691 1520 mihi
724 1463 957 1519 Ecclesia
1003 1458 1411 1516 communicavit
1451 1458 1501 1510 in
1531 1457 1735 1510 ratione

122 1564 237 1619 dati
271 1572 329 1617 et
356 1558 609 1628 accepti,
656 1555 756 1609 nisi
786 1568 881 1607 vos
904 1552 1003 1607 soli
1033 1567 1046 1603 :
1078 1549 1200 1620 quia
1229 1557 1284 1603 et
1312 1549 1362 1602 in
1394 1546 1735 1601 Thessaloni-

122 1671 247 1711 cam
269 1663 329 1709 et
361 1651 537 1707 semel
566 1657 621 1704 et
650 1648 731 1701 bis
761 1647 811 1699 in
840 1660 993 1698 usum
1032 1643 1157 1696 mihi
1188 1641 1425 1695 misistis.
1470 1639 1583 1693 Non
1614 1639 1735 1708 quia

124 1760 322 1818 quer
360 1743 587 1803 datum,
633 1737 726 1793 sed
771 1737 986 1804 requiro
1022 1734 1248 1788 fructum
1287 1730 1642 1785 abundantem
1682 1730 1735 1783 in

125 1838 402 1893 rationem
429 1844 660 1887 veStram
693 1830 732 1882 ί.
785 1827 963 1881 llaheo
990 1833 1165 1879 autem
1191 1822 1390 1885 omnia,
1422 1828 1475 1875 et
1502 1819 1730 1875 abundo.

129 1929 404 1999 Repletus
440 1941 582 1989 ειιιιι,
610 1921 839 1991 acceptis
874 1919 942 1973 ab
968 1915 1326 1986 Epaphrodito
1352 1930 1471 1984 quze
1496 1912 1731 1976 misistis,

125 2020 363 2075 odorem
416 2014 732 2076 suavitatis,
790 2010 1017 2064 hostiam
1064 2004 1481 2075 acceptabilem,
1522 2004 1735 2073 placen-

128 2112 763 2255 te.‘IDBE‘3).1'£PISTOLA
802 2193 823 2248 ἰ
874 2193 933 2247 Β.
994 2189 1196 2247 PAULI
1257 2188 1347 2243 AD
1384 2184 1590 2241 THES-

690 2285 769 2341 SA
780 2281 1211 2339 LONICENSES.

202 2386 365 2461 [Cap.
402 2381 496 2455 n.]
525 2380 628 2452 ipsi
650 2378 819 2442 scitis,
856 2377 1068 2439 fratres,
1111 2373 1384 2428 introitum
1413 2379 1650 2425 nostrum
1674 2369 1740 2423 ad

132 2460 251 2544 vos,
298 2476 431 2546 quia
470 2487 574 2527 non
622 2469 793 2524 inanis
825 2467 918 2520 fuit
951 2484 962 2517 :
992 2464 1084 2520 sed
1124 2473 1246 2517 ante
1285 2462 1425 2531 passi
1466 2460 1661 2514 multa’
1688 2468 1743 2514 et

132 2564 499 2625 contumeliis
524 2560 721 2626 affecti,
753 2559 890 2613 sicut
918 2557 1085 2617 scitis,
1114 2555 1165 2609 in
1194 2552 1469 2622 Philippis,
1494 2551 1739 2606 fiduciam

135 2660 440 2716 habuimus
470 2655 523 2708 in
550 2654 658 2707 Deo
685 2662 868 2706 nostro
892 2649 1032 2719 loqui
1062 2647 1127 2701 ad
1153 2662 1252 2700 vos
1281 2643 1622 2714 Evangelium
1648 2642 1738 2697 Dei

137 2755 190 2807 in
223 2752 401 2807 multa
431 2745 805 2803 sollicitudine.
837 2741 1147 2796 Exhortatio
1166 2739 1308 2793 enim
1340 2744 1518 2790 nostra
1546 2734 1742 2788 nonde

139 2858 358 2907 errore,
379 2854 559 2909 neque
575 2837 641 2891 de
662 2833 1018 2897 immunditia,
1049 2846 1219 2899 neque
1242 2830 1293 2882 in
1311 2828 1435 2881 dolo
1461 2843 1477 2880 :
1512 2826 1603 2880 sed
1634 2826 1741 2879 sie-

138 2944 198 2989 nt
258 2929 481 3003 probati
510 2942 692 2981 sumus
718 2940 748 2978 a
777 2924 884 2977 Deo
903 2964 918 2987 ,
962 2928 1019 2974 ttt
1043 2919 1352 2974 crederetur
1382 2918 1532 2971 nobis
1563 2916 1708 2970 Evau
1732 2948 1735 2951 λ

140 3024 371 3094 geliuni,
406 3021 481 3074 ita
500 3017 767 3087 loquimur
786 3030 801 3077 ;
823 3028 926 3067 non
944 3011 1094 3081 quasi
1123 3008 1424 3063 hominibus
1449 3008 1737 3076 placentes,

142 3116 239 3171 sed
270 3114 391 3169 Deo
412 3152 428 3176 ,
458 3110 546 3181 qui
595 3108 782 3178 probat
823 3104 982 3159 corda
1027 3110 1228 3156 nostra.
1260 3100 1441 3169 Neque
1470 3098 1610 3153 enim
1642 3097 1740 3150 ali-

143 3206 365 3279 quando
413 3202 683 3257 fuimus-in
723 3212 964 3253 semione
993 3193 1328 3257 adulationis,
1376 3192 1511 3244 sicut
1553 3190 1739 3244 scitis:

142 3315 329 3372 neque
353 3300 410 3351 in
443 3295 722 3350 occasione
766 3290 1000 3344 mai-ilia:
1020 3328 1033 3350 ,
1066 3288 1205 3340 Deus
1235 3284 1384 3338 testis
1413 3294 1496 3337 est
1526 3301 1537 3335 :
1572 3297 1743 3350 neque

142 3397 464 3464 quaerentes
498 3385 566 3438 ab
586 3382 887 3436 hominibus
912 3378 1158 3448 gloriam,
1192 3390 1362 3442 neque
1388 3390 1416 3425 a
1447 3374 1616 3435 vobis,
1646 3387 1741 3425 ne-

140 3462 251 3559 que
272 3484 345 3538 ab
373 3480 514 3534 aliis.
539 3476 670 3532 Cum
702 3485 979 3544 possemus
1006 3468 1157 3521 vobis
1181 3465 1329 3518 oneri
1353 3479 1490 3527 esse,
1523 3474 1579 3515 nt
1598 3462 1744 3515 Chri-

143 3553 213 3633 sti
254 3569 542 3643 Apostoli:
591 3565 682 3619 sed
727 3563 843 3617 facti
882 3574 1067 3627 sumus
1105 3556 1306 3627 parvuli
1348 3555 1399 3608 in
1444 3553 1620 3608 medio
1648 3568 1741 3607 ve-

150 3679 352 3730 strum,
396 3670 647 3727 tanquam
676 3656 719 3708 si
752 3653 926 3707 nutrix
965 3651 1137 3703 foveat
1167 3648 1301 3701 ﬁlios
1324 3660 1468 3699 suos.
1498 3643 1570 3698 lta
1598 3643 1742 3697 desi-

146 3760 413 3814 derantes
440 3765 555 3814 vos,
585 3746 773 3815 cupide
796 3743 1101 3798 volebamus
1125 3737 1330 3793 tradere
1356 3735 1504 3789 vobis
1528 3749 1631 3788 non
1659 3748 1746 3785 so-

148 3851 260 3906 lum
295 3843 643 3913 Evangelinm
672 3839 783 3901 Dei,
808 3835 899 3889 sed
926 3834 1083 3887 etiam
1113 3832 1315 3884 animas
1343 3836 1547 3882 nostras
1573 3843 1586 3889 ;
1616 3842 1746 3895 quo-

149 3944 295 3998 niam
320 3935 621 3995 chariSsimi
652 3932 803 3986 nobis
831 3929 950 3982 facti
974 3927 1119 3980 estis.
1156 3923 1421 3978 Memores
1450 3922 1589 3973 enim
1620 3918 1744 3971 faeti

152 4035 285 4089 estis
305 4074 321 4097 ,
368 4029 589 4090 fratres,
617 4023 811 4077 laboris
841 4018 1003 4073 nostri
1041 4026 1093 4069 et
1121 4014 1439 4083 fatigationis
1468 4030 1480 4064 :
1514 4020 1667 4064 nocte
1694 4019 1747 4063 et

151 4129 239 4181 die
268 4125 601 4181 laborantes,
630 4131 697 4170 ne
725 4128 880 4182 quem
902 4118 1135 4163 vestrum
1159 4119 1522 4176 gravaremus,
1556 4102 1745 4169 praedi-

153 4216 400 4271 cavimus
432 4212 484 4263 in
512 4207 664 4260 vobis
692 4201 1029 4271 livaogelium
1066 4196 1177 4251 Dei.
1214 4195 1319 4247 Vos
1349 4203 1510 4247 testes
1537 4192 1665 4245 estis
1695 4199 1742 4244 et

154 4307 299 4361 Drus
324 4345 339 4366 ,
384 4315 544 4371 quam
570 4303 783 4358 sancte,
806 4302 856 4345 et
882 4290 1025 4359 juste
1043 4328 1057 4352 ,
1086 4294 1141 4340 et
1166 4284 1281 4337 sine
1319 4281 1533 4352 querela
1573 4279 1742 4345 vobis,

159 4397 249 4468 qui
276 4389 607 4452 credidistis,
635 4383 882 4438 aﬁ‘uitnus
911 4399 924 4434 :
955 4380 1091 4434 sicut
1111 4376 1277 4439 scitis,
1302 4372 1527 4443 qualiter
1554 4385 1746 4424 unum-

155 4463 432 4559 quemque
456 4488 719 4540 vestrum,
749 4484 995 4543 tanquam
1025 4478 1175 4539 pater
1210 4467 1348 4522 ﬁlios
1374 4480 1519 4530 suos,
1552 4463 1747 4533 depre-

158 4554 347 4634 cantes
376 4586 494 4635 vos,
522 4580 573 4625 et
602 4566 965 4623 consolantes,
996 4560 1257 4616 testificati
1278 4571 1462 4612 sumus
1482 4565 1539 4610 ut
1557 4554 1746 4608 ambu-

162 4670 348 4726 laretis
367 4668 527 4734 digne
556 4663 683 4726 Deo,
712 4658 799 4729 qui
825 4656 1029 4710 vocavit
1061 4669 1156 4707 vos
1193 4654 1243 4706 in
1271 4667 1423 4704 suum
1451 4665 1670 4717 regnum
1696 4657 1749 4703 et

161 4763 408 4833 gloriam.
442 4757 564 4811 Ideo
590 4764 642 4809 et
670 4767 767 4808 nos
789 4750 985 4821 gratias
1023 4747 1227 4816 agimus
1270 4744 1380 4797 Deo
1428 4742 1542 4796 sine
1580 4742 1746 4793 inter-

165 4830 453 4913 missione;
486 4845 733 4915 quoniam
777 4856 898 4895 cum
928 4835 1269 4904 accepissetis
1292 4848 1321 4884 a
1350 4831 1503 4885 nobis
1528 4830 1747 4885 verbttm

167 4945 379 4999 auditus
402 4939 519 5003 Dei,
537 4933 818 5003 accepistis
844 4928 969 4985 illud
991 4942 1093 4980 non
1120 4933 1178 4978 nt
1198 4922 1416 4979 verbum
1448 4920 1743 4985 hominum,

168 5036 258 5090 sed
281 5036 422 5089 sicut
452 5038 537 5083 est
558 5042 684 5082 vere
700 5023 923 5079 verbum
944 5018 1071 5080 Dei,
1100 5017 1189 5088 qui
1217 5023 1466 5084 operatur
1495 5012 1545 5066 in
1575 5011 1744 5075 vobis,

171 5126 253 5191 qui
270 5119 596 5180 credidistis.
622 5116 727 5170 Vos
740 5113 881 5168 enim
905 5110 1197 5164 imitatores
1218 5104 1339 5161 facti
1362 5104 1510 5162 estis.
1536 5101 1743 5166 fratres,

172 5214 528 5274 Ecelesiarum
555 5209 672 5274 Dei,
697 5221 816 5273 quae
836 5211 960 5259 sunt
984 5202 1036 5255 in
1061 5199 1263 5261 Judma,
1288 5198 1340 5250 in
1356 5196 1569 5251 Christo
1588 5194 1743 5257 Iesu;

174 5308 290 5378 quia
317 5307 508 5363 eadem
536 5300 678 5372 passi
704 5297 834 5353 estis
856 5302 913 5351 et
934 5307 1029 5347 vos
1054 5306 1085 5345 a
1108 5286 1493 5345 contribulibus
1521 5286 1709 5340 vestris
1728 5324 1743 5347 ,

174 5401 309 5456 sicut
330 5410 385 5455 et
409 5397 512 5469 ipsi
542 5410 573 5451 a
595 5391 812 5449 Judaeis.

250 5488 315 5544 Et
332 5490 433 5545 alio
457 5489 567 5543 loco
591 5481 752 5558 [iv.]-.
784 5481 857 5535 De
876 5486 1074 5534 cmtero
1093 5486 1240 5544 ergo,
1267 5471 1477 5533 fratres,
1502 5482 1747 5538 rogamus

242 5582 259 5615 ⁸
281 5582 397 5632 Editi
430 5586 572 5630 antea
603 5576 740 5638 iuxta
760 5570 1042 5638 Vulgatam,‘
1058 5562 1112 5615 in
1146 5562 1328 5638 ratione
1345 5566 1542 5638 vestro;
1564 5564 1620 5608 At
1637 5564 1743 5607 Mss.

175 5625 539 5705 juxta
552 5625 1007 5705 et'antiquajiblia,
1085 5625 1322 5705 ﬁctionem
1342 5628 1561 5673 vestram.

246 5690 584 5759 warm
604 5711 635 5748 ι
652 5690 1144 5747 ωάίδῖιίδιίὶηδθαο

1836 926 2197 997 unusquisque
2226 933 2461 980 vestrum
2492 941 2646 980 suum
2673 941 2766 981 vas
2791 927 3062 997 possidere
3095 928 3145 983 in
3180 929 3418 984 sanctiﬁ-

1836 1018 2045 1073 catione
2070 1027 2125 1073 et
2149 1018 2371 1080 honore,
2402 1032 2507 1071 non
2538 1018 2588 1072 in
2618 1018 2867 1087 passione
2896 1018 3174 1086 desiderii,
3206 1021 3340 1076 sicut
3366 1032 3421 1077 et

1837 1120 2022 1180 gentes
2050 1125 2169 1179 qua:
2215 1109 2458 1178 ignorant
2485 1108 2681 1173 Deum;
2712 1117 2765 1164 et
2792 1125 2857 1165 ne
2890 1110 3008 1179 quis
3050 1111 3418 1182 supergredia-

1839 1209 1945 1263 tur,
1992 1215 2162 1269 neque
2206 1198 2586 1253 circutnveniat
2636 1201 2688 1253 in
2734 1199 2946 1270 negotio
2975 1200 3190 1256 fmtretn
3228 1216 3417 1257 suum:

1839 1289 2088 1360 quoniam
2119 1289 2311 1345 vindex
2341 1298 2422 1344 est
2456 1289 2594 1343 Deus
2622 1288 2689 1343 de
2718 1289 2802 1345 his
2829 1290 3098 1357 onmihus,
3120 1291 3257 1347 sicut
3282 1307 3421 1362 pra:-

1839 1381 2067 1435 diximns
2086 1381 2271 1447 vobis,
2302 1390 2355 1435 et
2382 1380 2649 1437 testificati
2676 1396 2880 1437 sumus.
2911 1382 3026 1437 Non
3048 1384 3188 1439 enim
3216 1385 3424 1440 vocavit

1840 1488 1937 1528 nos
1971 1473 2111 1529 Deus
2141 1474 2190 1528 in
2233 1473 2655 1539 immunditiam,
2696 1474 2790 1530 sed
2833 1474 2885 1529 in
2928 1476 3420 1532 sanetificationem.

1839 1566 2019 1636 Itaque
2060 1570 2148 1636 qui
2196 1566 2309 1621 hare
2352 1566 2577 1635 Spernit,
2610 1581 2713 1620 non
2743 1565 3013 1621 hominem
3058 1567 3292 1637 spernit,
3327 1567 3423 1623 sed

1841 1657 2006 1711 Deum
2048 1676 2061 1711 :
2097 1658 2183 1727 qui
2215 1657 2375 1711 ctiam
2414 1656 2560 1711 dedit
2601 1656 2853 1723 Spiritum
2896 1671 3052 1710 suum
3090 1666 3329 1712 sanctum
3370 1658 3424 1713 in

1838 1749 2010 1804 vobis.
2050 1749 2123 1804 De.
2160 1749 2419 1804 charitate
2462 1757 2639 1803 autem
2676 1748 3018 1803 fraternitatis
3059 1764 3163 1803 non
3204 1763 3425 1805 necesse

1842 1840 2097 1894 habemus
2136 1839 2370 1893 scribere
2397 1838 2547 1893 vobis
2579 1855 2591 1890 :
2623 1838 2721 1908 ipsi
2750 1838 2890 1893 enim
2926 1852 3019 1891 vos
3042 1853 3072 1892 a
3104 1838 3211 1893 Deo
3236 1838 3423 1894 didici-

1841 1936 1937 1990 stis
1964 1945 2017 1988 ut
2044 1933 2274 2004 diligatis
2299 1933 2546 1986 invicem.
2576 1931 2788 1985 Etenim
2813 1931 2982 1986 facitis
3012 1930 3139 1985 illud
3162 1931 3213 1985 in
3239 1946 3427 1988 omnes

1842 2027 2035 2082 fratres
2076 2026 2127 2079 in
2170 2028 2413 2079 universa
2446 2023 2771 2078 Macedonia.
2803 2022 3069 2093 Rogamus
3101 2031 3278 2077 autem
3308 2037 3424 2089 vos,

1845 2121 2057 2184 fratres,
2082 2126 2138 2171 ιιι
2159 2116 2439 2170 abundetis
2466 2116 2665 2185 magis;
2688 2123 2742 2169 et
2765 2128 2985 2184 operam
3006 2112 3163 2176 detis,
3192 2122 3247 2167 ut
3264 2113 3427 2184 quieti

1845 2210 1961 2265 sitis
1984 2226 1999 2275 ;
2019 2218 2071 2263 et
2094 2216 2149 2261 ut
2176 2215 2406 2260 vestrum
2430 2205 2696 2276 negotium
2714 2204 2904 2274 agatis,
2928 2212 2983 2259 et
2998 2204 3290 2274 operemini
3314 2218 3427 2258 ma-

1845 2300 2000 2354 nibus
2043 2300 2240 2354 vestris
2263 2340 2276 2363 ,
2321 2292 2464 2351 sicut
2497 2296 2849 2366 prmceliimus
2896 2296 3089 2351 vobis:
3126 2305 3185 2349 nt
3210 2295 3430 2352 honeste

1844 2391 2129 2446 ambttletis
2153 2390 2217 2444 ad
2244 2404 2340 2445 eos
2360 2389 2447 2459 qui
2480 2388 2606 2443 foris
2630 2398 2773 2455 sunt,
2806 2398 2860 2444 et
2886 2388 3081 2443 nullius
3113 2387 3306 2459 aliquid
3334 2387 3432 2444 de-

1845 2484 2113 2539 sideretis.
2152 2482 2409 2537 Nolumus
2459 2490 2636 2536 autem
2668 2496 2762 2535 vos
2802 2482 3079 2551 ignorare,
3113 2481 3331 2547 fratres,
3365 2480 3432 2536 de

1846 2574 2269 2638 dormientibus,
2303 2581 2360 2627 ut
2387 2588 2494 2627 non
2534 2572 2954 2639 eontrlstemini,
2986 2574 3124 2628 sicut
3159 2581 3214 2628 et
3252 2574 3431 2630 caueri

1845 2668 1932 2737 qui
1960 2682 2107 2737 spem
2132 2681 2234 2719 non
2261 2664 2477 2719 habent.

1920 2756 1987 2811 Et
2028 2766 2139 2828 post
2167 2757 2362 2826 aliquos
2391 2772 2558 2835 emus
2588 2751 2691 2828 [v.]
2716 2773 2729 2808 :
2758 2754 2920 2826 Igitur
2939 2770 3043 2809 non
3073 2754 3396 2810 dormiamus
3414 2796 3429 2819 ,

1846 2850 1981 2903 sicut
1996 2856 2049 2902 et
2069 2848 2246 2902 caueri
2271 2864 2282 2899 :
2306 2844 2399 2901 sed
2421 2845 2692 2915 vigilemus
2712 2853 2765 2899 et
2781 2844 2939 2899 sobrii
2966 2845 3150 2900 simus.
3172 2844 3271 2911 Qui
3290 2845 3431 2899 enirn

1847 2938 2144 3001 dormiunt,
2178 2945 2333 2990 nocte
2373 2935 2677 2997 dormiunt;
2728 2942 2782 2989 et
2822 2935 2908 3004 qui
2941 2934 3075 2989 ebrii
3100 2943 3243 2999 sunt,
3277 2943 3433 2990 nocte

1848 3030 1984 3085 ebrii
2015 3038 2159 3083 sunt.
2200 3028 2307 3082 Nos
2349 3037 2523 3081 autem
2554 3028 2642 3097 qui
2669 3027 2770 3081 diei
2800 3041 3004 3091 sumus,
3047 3027 3206 3082 sobrii
3233 3027 3432 3092 simus;

1849 3122 2015 3177 induti
2049 3119 2266 3174 loricam
2310 3118 2428 3173 fidei
2457 3126 2511 3171 ct
2544 3117 2835 3182 charitatis,
2862 3127 2915 3171 ct
2944 3118 3145 3186 galeam
3167 3132 3314 3187 spem
3342 3132 3431 3173 sa.

1848 3212 1995 3265 lntis.
2027 3209 2287 3276 Quoniam
2322 3224 2423 3261 non
2456 3209 2631 3278 pos-uit
2658 3222 2755 3261 nos
2792 3207 2930 3261 Deus
2956 3207 3007 3261 in
3037 3207 3164 3262 iram
3186 3249 3202 3273 ,
3242 3207 3334 3262 sed
3381 3209 3432 3263 in

1847 3301 2252 3370 acquisitionem
2295 3298 2479 3351 salutis
2500 3340 2513 3358 .
2554 3314 2649 3367 per
2677 3297 2955 3352 Dominum
2985 3308 3221 3353 nostrum
3250 3299 3431 3354 Jesum

1848 3391 2114 3445 Christum
2148 3409 2161 3444 :
2189 3390 2276 3459 qui
2318 3400 2559 3443 mortuus
2584 3398 2665 3442 est
2690 3404 2784 3457 pro
2810 3389 2983 3454 nobis,
3025 3399 3085 3443 nt
3112 3390 3223 3444 sive
3248 3390 3433 3460 vigile-

1849 3497 1987 3541 mus.
2019 3481 2130 3536 sive
2168 3481 2518 3544 dormiamus,
2549 3480 2703 3533 simul
2747 3495 2866 3533 eum
2898 3480 2986 3533 illo
3009 3481 3264 3535 vivamus.
3296 3482 3429 3537 Pro-

1849 3584 1965 3643 pter
2009 3574 2148 3643 quod
2197 3571 2539 3627 consulamini
2585 3572 2845 3639 invicem,
2877 3581 2931 3625 et
2972 3573 3228 3627 trdiﬁeate
3276 3575 3435 3630 alter-

1850 3675 2025 3720 utrum
2050 3707 2065 3733 ,
2098 3666 2235 3719 sicut
2266 3673 2319 3718 et
2350 3664 2537 3718 facitis.
2571 3664 2836 3733 fingamus
2861 3673 3037 3719 autem
3066 3681 3181 3729 vos,
3212 3664 3428 3730 fratres,

1851 3768 1910 3811 ut
1940 3756 2195 3811 noveritis
2216 3770 2311 3809 cos
2337 3755 2425 3825 qui
2453 3755 2695 3809 laborant
2721 3754 2857 3809 inter
2876 3770 2990 3815 vos,
3011 3763 3065 3809 et
3093 3767 3324 3825 praesunt
3344 3772 3434 3811 vo-

1851 3849 1931 3905 bis
1962 3850 2011 3904 in
2041 3849 2282 3911 Domino,
2315 3857 2369 3903 et
2390 3856 2605 3903 mouent
2632 3862 2744 3910 vos,
2774 3857 2830 3901 ut
2858 3848 3093 3902 habeatis
3123 3848 3240 3903 illos
3263 3850 3433 3905 abun-

1854 3941 2069 3997 dantius
2123 3941 2173 3994 in
2205 3940 2496 4005 charitate,
2547 3952 2762 4011 propter
2805 3956 2937 4012 opus
2976 3940 3217 4006 illorum;
3250 3957 3431 4010 pacem

1854 4034 2045 4087 habete
2073 4047 2193 4086 cum
2235 4031 2334 4085 cis.
2362 4031 2631 4098 Rogamus
2658 4043 2832 4085 autem
2866 4045 2979 4091 vos.
3012 4030 3237 4095 fratres;
3264 4032 3432 4086 corri-

1852 4124 1961 4195 pite
1986 4124 2266 4193 inquietos,
2301 4122 2647 4176 consolamini
2676 4123 3060 4191 pusillanimes,
3082 4122 3333 4190 suscipite
3353 4122 3434 4176 ἰηο

1854 4216 2055 4278 ﬁrmos,
2080 4215 2342 4284 patientes
2368 4222 2537 4268 estote
2558 4214 2621 4266 ad
2650 4229 2853 4268 omnes.
2878 4212 3063 4267 Videte
3091 4229 3155 4266 ne
3180 4212 3298 4281 quis
3318 4228 3432 4267 ma-

1854 4307 1960 4361 lum
1993 4322 2087 4376 pro
2116 4307 2255 4360 malo
2276 4307 2431 4360 alicui
2456 4305 2643 4359 reddat
2671 4324 2683 4359 :
2716 4306 2809 4360 sed
2842 4320 3053 4374 semper
3071 4305 3212 4375 quod
3237 4306 3431 4359 bonum

1852 4406 1933 4453 est
1961 4398 2235 4452 sectamini
2267 4398 2317 4450 in
2351 4396 2597 4460 invicem,
2631 4396 2762 4450 etin
2794 4411 3001 4451 omnes.
3042 4396 3267 4464 Semper
3301 4412 3432 4466 gau-

1852 4490 2011 4548 dete;
2061 4488 2177 4545 sine
2224 4487 2613 4541 intermissione
2658 4496 2839 4552 orate;
2870 4488 2921 4540 in
2956 4486 3199 4541 omnibus
3241 4488 3434 4557 gratias

1853 4582 2011 4650 agite.
2047 4579 2171 4633 "rec
2195 4578 2336 4633 enim
2372 4579 2615 4632 voluntas
2645 4577 2736 4633 Dei
2768 4586 2851 4633 est
2884 4579 2935 4633 in
2965 4578 3177 4633 Christo
3200 4578 3346 4644 Jesu,
3377 4579 3432 4634 in

1854 4672 2098 4725 omnibus
2124 4671 2291 4725 vobis.
2333 4669 2585 4739 Spiritum
2622 4670 2783 4725 nolite
2812 4671 3165 4740 exstinguere.
3192 4669 3430 4739 Prophe-

1855 4762 1954 4816 tias
1982 4761 2144 4815 nolite
2164 4775 2437 4830 spernere.
2461 4758 2647 4815 Omnia
2674 4770 2851 4814 autem
2879 4760 3097 4830 probate
3123 4778 3136 4814 :
3164 4760 3306 4831 qued
3336 4760 3432 4815 ho-

1854 4870 1982 4908 num
2010 4862 2092 4908 est
2121 4861 2312 4908 tenete.
2343 4852 2423 4907 Ab
2443 4853 2584 4906 omni
2612 4852 2790 4922 specie
2814 4852 2950 4906 mala
2977 4851 3236 4907 abstinete
3263 4866 3374 4905 vos.

2009 4945 2096 4999 DE
2137 4942 2461 5000 EPISTOLA
2501 4942 2543 4997 11
2590 4943 2651 4998 Β.
2696 4942 2897 4999 PAULI
2936 4943 3027 4997 AD
3065 4942 3265 4997 ’1⁵111⁵28-

2383 5032 2901 5090 SALONICENSES.

1924 5124 2072 5198 [Cap.
2116 5124 2179 5199 1.]
2207 5124 2414 5182 Gratias
2445 5140 2602 5195 agere
2651 5124 2904 5179 debemus
2952 5123 3061 5178 Deo
3094 5138 3304 5194 semper
3338 5140 3433 5195 pro

1854 5217 2027 5283 vobis,
2058 5215 2271 5279 fratres,
2298 5217 2367 5271 ita
2398 5225 2455 5270 ut
2478 5215 2693 5285 dignum
2721 5224 2834 5278 est;
2862 5215 3109 5283 quoniam
3149 5230 3430 5284 supercre-

1854 5310 1956 5364 scit
1993 5308 2126 5364 fides
2152 5316 2349 5374 vestra,
2377 5316 2431 5362 et
2474 5306 2707 5360 abundat
2744 5304 2973 5360 eharitas
3020 5304 3432 5377 uniuscujusque

1854 5407 2084 5453 vestrum
2120 5397 2175 5451 in
2208 5397 2432 5451 invicem
2467 5413 2479 5449 :
2514 5396 2584 5449 ita
2611 5402 2671 5449 ut
2708 5409 2806 5449 nos
2836 5395 2933 5464 ipsi
2964 5395 3013 5449 in
3047 5396 3198 5451 vobis
3233 5396 3428 5465 glorie-

1852 5504 1973 5543 mur
2004 5488 2055 5542 in
2087 5486 2341 5541 Ecclesiis
2381 5485 2502 5550 Dei,
2533 5500 2627 5555 pro
2663 5485 2913 5555 patientia
2952 5494 3127 5541 vestra
3155 5496 3209 5541 et
3247 5486 3350 5543 ﬁde
3376 5487 3427 5543 in

1851 5578 2099 5633 omnibus
2126 5575 2584 5646 persecutionibus
2630 5576 2820 5631 vestris
2862 5584 2917 5631 et
2963 5576 3423 5646 tribulationibus,

1852 5683 1983 5740 quas
2005 5667 2279 5724 sustinetis
2301 5666 2353 5722 in
2378 5666 2677 5737 exemplum
2693 5666 2819 5737 justi
2844 5666 3028 5737 iudicii
3056 5667 3169 5736 Dei,
3195 5676 3254 5724 ut
3278 5668 3423 5741 dign.
