3878 6308
479 469 784 529 liatieamini
809 475 978 542 regno
1013 467 1131 531 Dei.
1153 475 1258 539 pro
1285 477 1393 539 quo
1418 470 1476 521 et
1509 462 1774 534 patimini.
1802 459 1859 516 Si
1893 466 2069 514 tamen

477 567 676 640 justum
693 556 770 620 est
789 555 927 634 apud
943 562 1132 619 Deum.
1151 560 1447 615 retribuere
1469 552 1856 611 tribu’atiunetn
1892 555 1955 608 iis
1982 551 2070 622 qui

480 672 578 713 vos
607 657 858 712 tritmtam
879 661 964 715 εει
986 653 1137 707 vobis
1156 643 1242 722 qui
1274 649 1616 706 tribulatuini.
1632 647 1869 718 requiem
1893 645 2074 699 nobis-

483 765 604 807 eum
624 792 640 816 ,
666 751 720 803 in
750 748 1080 802 rev-elatione
1113 745 1318 799 Domini
1344 741 1472 797 .lesn
1495 743 1562 796 de
1587 741 1726 796 Ctl‘lO
1745 757 1866 796 cuiu
1895 746 2072 808 Ange-

480 845 548 902 iis
573 841 782 899 virtutis
805 839 943 910 ejus,
975 839 1029 894 in
1057 838 1266 893 llanima
1296 837 1452 905 ignis,
1478 835 1654 888 dantis
1695 833 1979 887 vindictam
2010 832 2075 886 iis

482 937 572 1008 qui
596 939 700 991 non
731 937 992 986 noverunt
1015 930 1202 991 ticum.
1230 932 1282 983 (ει
1308 929 1397 998 qui
1428 943 1530 980 non
1553 926 1805 982 obedittttt.
1835 925 2074 993 Evange-

484 1027 559 1083 lio
592 1025 796 1081 Domini
825 1012 991 1078 nostri
1018 1020 1157 1078 'il'csrt
1181 1019 1396 1074 Christi.
1425 1017 1525 1088 Qui
1559 1023 1743 1086 ptrnas
1781 1015 1980 1068 dabtint
2019 1015 2072 1069 in

484 1121 753 1176 interitum
782 1119 798 1150 ‘
820 1119 1068 1181 a'ternas,
1099 1111 1128 1168 a'
1155 1113 1288 1168 facie
1318 1109 1546 1172 Domini,
1575 1115 1625 1164 et
1656 1125 1684 1163 a
1715 1109 1879 1177 gloria
1910 1108 2075 1162 virtu-

486 1213 552 1269 tis
581 1213 719 1282 ejus,
747 1224 867 1265 cum
893 1205 1095 1263 venerit
1119 1203 1482 1282 gloriﬁcariin
1513 1202 1712 1257 sanctis
1741 1201 1872 1260 suis.
1900 1213 1954 1255 et
1983 1199 2078 1255 ad-

485 1298 742 1362 mirabilis
773 1301 885 1356 ﬁeri
915 1301 965 1354 iu
992 1282 1241 1355 amnibus
1265 1298 1352 1368 qui
1375 1279 1733 1356 crediderunt,
1757 1292 1875 1363 quia
1903 1291 2074 1347 credi-

483 1407 594 1454 tum
625 1405 708 1454 est
736 1387 1094 1453 testimoninn't
1124 1389 1362 1447 nostrum
1388 1391 1549 1463 super
1571 1383 1667 1445 rus
1693 1387 1745 1443 in
1765 1384 1852 1443 die
1881 1385 1992 1442 illo.
2020 1385 2075 1441 ln

485 1506 592 1563 quo
619 1490 778 1546 etiam
818 1486 1035 1544 eramus
1064 1487 1277 1555 semper
1304 1491 1400 1554 pro
1430 1479 1599 1546 vobis,
1630 1491 1686 1536 ut
1710 1469 1958 1550 dignetur
1986 1493 2079 1530 vo-

482 1586 692 1641 catione
721 1591 815 1637 vos
835 1597 926 1637 sua
951 1573 1090 1635 Dens
1110 1575 1312 1644 noStcr,
1341 1587 1394 1632 et
1415 1572 1631 1646 impleat
1651 1591 1862 1630 omnem
1885 1572 2078 1628 volun-

487 1677 648 1732 tatem
680 1667 982 1738 liciiita'is’,
1006 1680 1060 1728 ct
1088 1663 1222 1741 opus
1252 1666 1370 1724 lidei
1399 1667 1450 1724 in
1479 1667 1672 1723 virtute
1701 1687 1714 1722 :
1740 1677 1794 1722 ιιι
1819 1666 2079 1722 clarilice-

490 1775 576 1823 tur
605 1777 796 1823 nomen
826 1765 1028 1821 Domini
1058 1763 1223 1817 nostri
1245 1757 1370 1818 Jesu
1396 1760 1592 1814 Christi
1621 1760 1672 1814 in
1699 1759 1875 1824 vobis,
1903 1765 1958 1813 ct
1983 1772 2077 1812 vos

487 1859 541 1916 in
571 1857 682 1922 illo,
716 1855 1006 1914 secundum
1037 1855 1260 1927 gratiam
1291 1845 1385 1908 Dei
1413 1851 1600 1920 nostri,
1633 1861 1687 1906 ct
1713 1849 1920 1906 Domini
1950 1850 2077 1906 Jesn

487 1949 705 2008 Christi.
1048 2017 1050 2020 ν

559 2042 628 2098 Et
654 2039 756 2096 alia
789 2041 899 2095 loro
927 2021 1056 2112 [nul
1085 2056 1100 2092 :
1140 2035 1523 2093 Denuntiamus
1550 2033 1725 2090 autem
1753 2029 1922 2094 vobis,
1965 2031 2077 2088 fia-

488 2145 616 2198 tres.
637 2135 688 2190 in
719 2134 933 2188 nemine
957 2129 1161 2186 Domini
1191 2129 1355 2185 nostri
1377 2125 1501 2184 .lesu
1526 2126 1746 2190 Christi,
1777 2135 1833 2179 ut
1861 2125 2075 2180 subtra-

489 2219 629 2282 liatis
659 2241 752 2280 vos
776 2225 844 2280 ab
864 2224 1007 2279 omni
1034 2223 1194 2278 l'ratre
1221 2212 1524 2276 ambulante
1545 2217 1865 2283 inordinate,
1894 2225 1949 2272 et
1971 2234 2074 2274 non

488 2317 779 2376 secundum
814 2316 1155 2371 traditionem
1187 2327 1344 2385 quam
1370 2320 1691 2382 acceperunt
1711 2327 1740 2364 a
1767 2310 1940 2365 nobis.
1975 2309 2076 2381 lpsi

487 2412 630 2468 enim
652 2401 797 2465 scitis
820 2391 1267 2479 quemadmodum
1293 2415 1534 2475 oporteat
1561 2401 1752 2459 imitari
1782 2401 1879 2457 nos
1904 2421 1918 2457 :
1947 2419 2079 2474 quo—

490 2506 630 2560 niam
660 2489 765 2559 non
797 2500 1016 2571 inquieti
1046 2488 1240 2556 luimus
1267 2487 1402 2554 inter
1427 2513 1543 2562 vos,
1579 2512 1750 2568 neque
1787 2491 1952 2567 gratis
1983 2513 2079 2567 pa-

489 2612 611 2652 nem
645 2585 1080 2649 mandticavimns
1107 2591 1175 2645 ab
1202 2575 1413 2662 aliquo’;
1443 2590 1536 2645 sed
1572 2589 1624 2643 iit
1665 2581 1844 2644 labore
1871 2593 1923 2643 et
1955 2587 2076 2644 l'ati-

488 2687 733 2757 gatione,
777 2693 932 2740 nocte
970 2699 1032 2738 ac
1065 2682 1153 2739 die
1173 2690 1486 2753 operantes,
1536 2697 1602 2734 ne
1639 2695 1796 2752 quem
1842 2668 2079 2736 vestrum

489 2789 854 2848 grai'areiiim.
885 2771 1000 2830 Non
1027 2766 1176 2844 quasi
1204 2787 1310 2827 non
1343 2771 1683 2828 habuerimus
1725 2779 2076 2848 potestatem;

488 2847 582 2927 sed
607 2879 664 2924 ut
691 2856 1046 2937 nosmetipsos
1068 2865 1291 2921 formmn
1319 2863 1569 2920 daremus
1595 2849 1744 2918 rubis
1770 2865 1834 2918 ad
1865 2847 2077 2919 imitan-

487 2941 613 3017 dnm
646 2975 762 3015 nos.
794 2943 926 3014 Nam
955 2969 1010 3013 et
1036 2973 1156 3013 eum
1187 2971 1428 3012 essemus
1451 2953 1588 3024 apud
1619 2969 1731 3018 vos,
1758 2953 2076 3010 bocdeunn-

490 3054 753 3108 tiabamns
773 3051 944 3115 vobis,
973 3048 1225 3120 quoniam
1245 3048 1290 3102 si
1313 3047 1432 3118 quis
1459 3032 1563 3101 non
1589 3047 1699 3100 vult
1723 3048 1952 3116 Operari,
1981 3062 2080 3103 ncc

489 3146 793 3205 manducet.
827 3142 1142 3199 Andivimns
1163 3141 1305 3196 enim
1331 3140 1468 3213 inter
1496 3153 1589 3192 vos
1613 3137 1870 3208 quosdam
1892 3135 2081 3195 ambu-

487 3239 601 3296 lare
639 3236 904 3308 inquiete,
950 3232 1077 3288 nihil
1107 3240 1424 3302 operantcs,
1469 3229 1561 3284 sed
1589 3229 1798 3285 curiose
1836 3238 2074 3302 agentes.

490 3328 584 3385 llis
608 3337 784 3383 autem
816 3324 905 3397 qui
933 3322 1194 3394 ejusmodi
1241 3332 1385 3386 sunt,
1417 3321 1809 3383 denuntiamus.
1842 3333 1894 3375 et
1922 3321 2080 3377 obsc-

488 3434 702 3477 cratuus
729 3419 779 3473 in
813 3416 1039 3471 Domino
1078 3413 1205 3469 Jesn
1231 3403 1463 3474 Christo,
1486 3424 1540 3466 nt
1566 3427 1684 3468 cum
1712 3413 1927 3467 silentio
1953 3430 2081 3484 0pc-

489 3521 692 3578 rautes,
723 3526 876 3565 suum
906 3525 1095 3581 panem
1126 3507 1467 3562 manducent.
1498 3505 1605 3559 Vos
1624 3511 1823 3570 autem,
1855 3503 2077 3572 fratres,

491 3606 654 3663 nolite
677 3603 910 3658 deiicere
936 3599 1349 3657 beiict‘acicntes.
1392 3596 1543 3664 Quod
1584 3597 1626 3650 si
1667 3583 1788 3667 quis
1823 3614 1926 3651 non
1955 3596 2082 3652 obc-

489 3693 647 3752 dierit
675 3694 834 3748 verbo
861 3702 1042 3746 nostro
1065 3707 1158 3760 per
1179 3688 1481 3760 epistoiam,
1511 3687 1650 3742 hunc
1673 3697 1872 3752 notate,
1899 3697 1950 3744 ct
1975 3704 2079 3743 non

490 3782 943 3844 couiniiseeamini
991 3799 1110 3837 cum
1143 3779 1266 3845 illo,
1313 3789 1369 3836 ut
1398 3779 1771 3837 coul‘nmlatur.
1819 3781 1883 3836 Et
1922 3781 2084 3839 nolite

490 3864 640 3949 quasi
670 3874 938 3929 inimicinu
971 3873 1278 3928 exi~tiniare
1298 3914 1313 3938 ,
1346 3872 1438 3927 sed
1469 3873 1720 3940 corripite
1753 3884 1808 3934 ut
1839 3873 2080 3929 fratrem.

547 3969 637 4024 ot:
681 3950 1006 4020 erismm
1061 3963 1119 4018 Β.
1162 3951 1364 4018 PAULI
1408 3963 1496 4016 At)
1533 3950 2023 4021 cowssesscs.

561 4043 715 4134 [Cap.
740 4054 841 4134 ttt.]
862 4040 1039 4134 igitur.
1065 4054 1108 4108 si
1136 4054 1548 4108 consurrexistis
1564 4072 1684 4108 cuni
1707 4051 1941 4134 Christo,
1965 4075 2083 4129 qua:

492 4133 707 4208 Sursum
744 4133 868 4203 sunt
895 4147 1135 4218 qumrilc,
1166 4133 1255 4200 ubi
1283 4145 1526 4200 Christus
1556 4155 1638 4201 est
1667 4148 1718 4201 in
1745 4147 1960 4202 dextera
1990 4137 2082 4204 Dei

493 4237 726 4312 sedi-ns:
758 4222 876 4314 qua:
897 4254 1108 4294 sursum
1139 4248 1261 4292 sunt
1281 4238 1478 4307 sapite,
1507 4254 1610 4292 non
1642 4255 1759 4309 qua:
1785 4255 1944 4306 super
1974 4251 2081 4295 ter-

491 4340 626 4397 ram.
657 4315 848 4394 Morini
881 4335 1021 4388 enim
1053 4334 1202 4399 estis,
1233 4342 1287 4388 et
1323 4333 1424 4386 vita
1457 4338 1631 4387 ve~tra
1667 4315 1973 4387 abscondita
2002 4341 2085 4388 est

491 4449 614 4489 cum
641 4431 852 4486 Clu-isto
882 4427 932 4483 in
968 4415 1095 4482 Deo.
1127 4423 1259 4504 Cum
1294 4433 1470 4480 autem
1498 4422 1742 4502 Christus
1778 4426 2085 4504 apparuerit

492 4527 598 4582 vita
627 4538 823 4590 vestra,
858 4532 982 4576 tunc
1003 4530 1167 4576 ctvos
1195 4517 1519 4589 apparebitis
1543 4535 1660 4572 cum
1683 4519 1799 4587 ipso
1822 4499 1870 4572 in
1893 4519 2080 4586 gini-ia.

494 4617 808 4674 Mortiﬁcate
833 4631 963 4686 ergo
992 4612 1231 4668 membra
1259 4623 1456 4676 vestra,
1488 4627 1607 4679 qiue
1633 4621 1943 4682 suntsnpcr
1973 4622 2080 4665 ter~

496 4726 632 4777 ram,
667 4705 1092 4776 fornicationem,
1124 4705 1532 4768 immunditiam,
1565 4703 1858 4770 libidinem,
1889 4720 2084 4760 concu-

497 4795 810 4876 pisccntiam
843 4797 1070 4862 malam,
1103 4805 1157 4868 et
1183 4796 1486 4860 avaritiam,
1537 4805 1780 4866 quaeest
1822 4795 2082 4873 idolorum

495 4896 726 4952 servitus
754 4912 768 4947 :
798 4900 1016 4962 propter
1032 4905 1150 4960 qua:
1177 4889 1322 4942 venit
1348 4889 1421 4942 im
1443 4887 1531 4964 Dei
1551 4903 1708 4957 super
1738 4886 1876 4943 filios
1908 4888 2085 4944 incre-

497 4986 752 5044 dulitatis.
783 4983 837 5038 In
869 4971 1062 5052 quibus
1088 4969 1267 5058 civos
1292 4978 1601 5058 ambulastis
1625 4979 1932 5048 aliquando,
1963 4994 2083 5034 cum

495 5077 757 5146 viveretis,
785 5076 840 5131 in
874 5075 997 5130 illis.
1026 5066 1178 5127 Nunc
1202 5080 1380 5126 autent
1410 5070 1659 5137 deponite
1685 5081 1739 5126 et
1767 5087 1859 5124 vos
1884 5073 2083 5140 omnia,

496 5174 656 5238 iram,
676 5147 1113 5242 indignationem,
1133 5153 1408 5230 malitiam,
1439 5153 1818 5250 hIaSpbcniiam
1838 5179 1852 5228 ;
1880 5173 2086 5235 turpem

498 5279 801 5324 sermonem
831 5249 900 5316 de
936 5267 1031 5315 ore
1066 5268 1245 5314 vestro
1272 5271 1338 5311 ne
1365 5255 1647 5310 emiseritis
1664 5255 1705 5309 ³.
1739 5245 1909 5312 Nolite
1934 5273 2088 5314 men-

499 5361 585 5417 tiri
609 5359 868 5422 invicem;
899 5339 1259 5424 cxspoliantcs
1287 5365 1385 5405 vos
1404 5341 1638 5405 veterem
1672 5348 1939 5406 hominem
1966 5365 2086 5405 cuin

507 5541 511 5546 '
559 5473 593 5546 _%
608 5473 682 5546 sic
699 5479 807 5523 tm.
848 5476 907 5522 Αι
927 5467 1068 5529 editi,
1089 5465 1272 5518 dabunt:
1298 5463 1536 5519 intentis.
1580 5461 1801 5530 vulgata,
1831 5463 2008 5516 dabam
2038 5461 2090 5516 in

495 5542 835 5678 “ﬁliaefilie
854 5589 1141 5656 addebatur,
1171 5589 1276 5648 sui:
1302 5604 1322 5645 :
1351 5603 1465 5658 quze
1500 5583 1597 5643 τοὶ
1631 5583 1775 5642 abest
1799 5580 1827 5639 ἁ
1857 5597 1963 5640 Mss.
1990 5595 2043 5641 ct
2061 5600 2092 5639 a

498 5664 1003 5796 “griicgiiié'gpqmti
1029 5720 1185 5770 codex
1208 5725 1262 5770 et.
1289 5730 1424 5789 sacra
1443 5715 1785 5796 Bililipcarcnt
1909 5714 2089 5796 verbis,

501 5801 564 5840 ne
585 5779 878 5846 emaci-itis":
898 5785 1115 5846 itemque
1139 5793 1259 5833 voce
1292 5779 1401 5840 Dei,
1430 5792 1542 5844 qua:
1560 5779 1641 5830 hic
1659 5793 1710 5830 in
1726 5793 1774 5831 v.
1797 5779 1874 5838 to,
1891 5785 2020 5843 post,
2040 5779 2093 5829 in

498 5847 812 5912 agaiin
833 5845 1032 5907 legium

1657 346 1716 404 S.
1755 341 2124 405 AUGUSTI.“
2160 341 2525 404 ειπεευιωι

2176 457 2382 513 actibus
2402 458 2536 526 ejus.
2567 469 2621 516 et
2661 458 2941 517 induentes
2977 469 3195 527 norum,
3219 439 3337 520 eum
3366 457 3476 537 qui
3501 443 3767 524 renovatur

2180 545 2231 602 itt
2249 550 2570 619 agnitioni-ni
2596 552 2706 617 Dei,
2726 552 3015 606 scentulum
3039 547 3316 620 imaginem
3340 556 3499 623 ejus,
3523 555 3619 626 qui
3641 555 3764 613 crea-

2178 641 2253 696 vit
2291 659 2409 696 etun
2440 660 2452 695 :
2485 643 2568 696 ubi
2600 660 2702 696 non
2729 656 2807 697 est
2831 633 3056 700 Centilis
3086 657 3133 699 et
3160 634 3399 712 .ludauis,
3434 649 3764 703 circumcisio

2178 742 2231 789 ct
2261 736 2602 804 pra-pntiutn,
2638 732 2987 808 liarharnsvet
3029 729 3255 807 Scytha,
3287 747 3491 793 Servus
3521 750 3579 814 et
3618 739 3764 808 liber;

2179 819 2272 882 iii-it
2300 823 2475 881 munia
2508 840 2559 883 et
2606 829 2655 883 ἱιι
2693 827 2939 883 munibus
2968 829 3229 886 Christus.
3266 827 3486 888 Ιιιάτιίιιὲ
3523 849 3655 903 ergo
3691 850 3769 892 vos

2179 920 2312 975 sicut
2335 921 2486 975 elci'ti
2514 911 2624 978 llei.
2648 923 2814 975 sancti
2835 930 2887 977 el
2906 923 3104 984 dilecti,
3131 925 3329 980 viseera
3356 925 3764 994 ttiiscricordim,

2179 1002 2556 1084 benignitatem
2582 1055 2597 1075 ,
2633 1006 3015 1079 luunilitateut,
3047 1013 3357 1070 modestiam
3379 1057 3396 1079 ,
3428 1017 3768 1084 patientiam;

2181 1113 2552 1173 sitpportatttes
2575 1106 2820 1166 invicem,
2855 1115 2906 1160 et
2926 1105 3185 1160 donantes
3217 1107 3366 1160 vobis
3401 1108 3564 1178 ipsis,
3597 1110 3640 1162 si
3666 1110 3767 1178 quis

2180 1198 2436 1251 adversus
2463 1197 2692 1268 aliquem
2725 1198 2882 1253 habet
2912 1199 3183 1269 querelam
3217 1219 3229 1254 :
3263 1201 3402 1255 sicut
3438 1211 3496 1256 ct
3533 1203 3770 1259 Domimis

2181 1287 2404 1342 donavit
2431 1290 2600 1350 vobis,
2630 1288 2696 1342 ita
2726 1299 2776 1342 et
2804 1301 2898 1344 vos
2927 1289 3137 1345 facizc'.
3169 1289 3344 1359 Super
3382 1293 3578 1346 omnia
3607 1305 3767 1350 autem

2184 1373 2296 1433 hinc
2316 1379 2628 1436 Ciittl‘llDlClll
2663 1379 2872 1447 habete,
2913 1381 3055 1452 qttntl
3081 1391 3161 1436 est
3189 1381 3465 1437 vinculum
3493 1385 3770 1455 perfectio-

2182 1473 2302 1526 nis:
2335 1481 2387 1527 ct
2430 1489 2529 1543 pax
2571 1472 2765 1528 Christi
2798 1475 3024 1529 exsultet
3067 1475 3117 1528 in
3159 1476 3414 1531 COI‘illblls
3456 1471 3687 1543 vestris,
3725 1481 3770 1536 in

2181 1580 2281 1636 qua
2313 1575 2368 1620 et.
2410 1568 2580 1621 vocati
2627 1569 2756 1622 estis
2785 1565 2837 1621 in
2880 1583 2986 1623 uno
3026 1582 3277 1636 corpore;
3306 1579 3361 1624 ct
3407 1570 3554 1640 grati
3596 1581 3768 1628 estote.

2183 1645 2416 1712 Verbum
2439 1658 2635 1713 Christi
2665 1658 2867 1714 habitet
2898 1660 2949 1714 in
2982 1659 3134 1713 vobis
3164 1660 3532 1728 abundanter,
3565 1663 3616 1716 in
3641 1664 3768 1720 omni

2182 1749 2440 1819 sapientia
2465 1749 2720 1806 docentes
2744 1759 2798 1805 et
2822 1759 3229 1806 commouentcs
3256 1755 3627 1823 vosmetipsos
3653 1754 3771 1823 psal-

2184 1844 2304 1901 mis.
2339 1841 2550 1914 hymnis
2593 1852 2648 1897 et
2680 1843 2902 1898 canticis
2944 1843 3326 1912 Spiritnalibus,
3363 1845 3418 1899 iii
3455 1847 3628 1916 gratia
3657 1860 3766 1900 ean-

2185 1943 2355 1990 tantes
2396 1934 2445 1988 in
2491 1936 2741 1991 cordilms
2783 1937 2974 1992 vestris
3015 1937 3142 1990 Deo.
3182 1936 3353 1992 Omne
3406 1937 3770 2008 quodcumque

2183 2025 2356 2082 facitis
2385 2027 2438 2081 in
2468 2026 2633 2082 verbo
2657 2038 2748 2081 aut
2773 2027 2824 2081 in
2849 2043 3033 2098 Opere,
3049 2026 3294 2082 omniain
3315 2027 3544 2083 nomine
3583 2011 3767 2084 Domini

2181 2122 2350 2176 nostri
2377 2121 2501 2176 Jesn
2531 2120 2766 2184 Christi,
2792 2121 2990 2186 gratias
3025 2131 3244 2193 agentes
3276 2121 3388 2175 Deo
3427 2129 3489 2176 et
3527 2119 3667 2177 Patri
3691 2136 3769 2188 per

2187 2213 2382 2282 ipsum.
2425 2211 2705 2275 Mulieres,
2756 2209 2980 2286 subdita:
3005 2222 3175 2267 estote
3201 2209 3350 2276 viris,
3395 2213 3546 2267 sicut
3581 2222 3769 2283 Oportet

2183 2302 2235 2378 in
2260 2303 2500 2357 Domino.
2523 2302 2867 2370 \‘iri,diligite
2887 2319 3078 2358 uxores
3091 2312 3316 2372 vestras,
3335 2312 3394 2359 et
3422 2304 3595 2378 nolite
3620 2305 3769 2361 amari

2183 2375 2302 2448 esse
2321 2393 2386 2447 ad
2411 2393 2543 2448 illas.
2576 2392 2721 2459 Filii,
2741 2393 2955 2449 obeditc
2977 2394 3286 2466 parentibus
3317 2410 3419 2464 per
3445 2375 3628 2449 omnia
3648 2412 3662 2459 ;
3684 2395 3768 2450 hoc

2182 2487 2324 2542 cnim
2359 2488 2719 2558 placitumlest
2745 2485 2798 2541 itl
2841 2485 3084 2541 Domino.
3120 2483 3319 2552 Patres,
3350 2488 3528 2545 nolite
3556 2489 3619 2543 ad
3647 2487 3767 2541 indi.

2181 2580 2487 2651 gnationem
2545 2594 2838 2650 provocare
2891 2579 3030 2634 filios
3074 2587 3306 2651 vestros,
3350 2589 3414 2636 ut
3455 2581 3564 2636 ιιοη
3595 2577 3768 2656 pusillo

2183 2671 2364 2724 animo
2393 2671 2533 2725 ﬁant.
2567 2670 2739 2733 Servi,
2764 2670 2976 2728 obeditc
3006 2687 3098 2742 per
3126 2672 3303 2726 omnia
3324 2672 3569 2728 dominis
3595 2689 3764 2728 carna-

2185 2763 2339 2830 lilms,
2371 2764 2564 2818 nonad
2587 2764 2797 2819 oculum
2819 2766 3134 2830 servientes,
3165 2766 3312 2835 quasi
3338 2763 3653 2836 hominibus
3672 2765 3766 2836 pla-

2182 2865 2398 2922 centes;
2422 2855 2514 2911 scd
2545 2855 2595 2910 in
2622 2855 2960 2928 simpficitatc
2979 2851 3178 2920 cordis,
3203 2856 3458 2913 timentes
3483 2849 3761 2912 Dominum.

2182 2949 2566 3021 Quodcumque
2596 2947 2802 3011 facitis.
2836 2965 2900 3005 es
2930 2949 3107 3004 animo
3146 2950 3470 3020 operamini,
3500 2950 3637 3016 sicut
3677 2949 3764 3002 lio-

2182 3043 2358 3105 mino,
2409 3051 2464 3097 ct
2502 3058 2606 3097 non
2653 3042 2993 3108 hominibus;
3041 3043 3273 3097 scientes
3307 3043 3457 3113 quod
3486 3060 3516 3098 a
3563 3041 3762 3110 Domino

2183 3137 2460 3206 accipietis
2509 3117 2913 3190 retributionem
2958 3135 3304 3190 limreditatis.
3347 3127 3587 3212 Domino
3625 3134 3761 3190 Chri-

2183 3238 2268 3284 sto
2313 3228 2530 3283 scrvitc.
2586 3227 2684 3296 Qui
2745 3229 2888 3283 enim
2938 3227 3058 3283 l'acit
3115 3228 3394 3298 injuriam,
3459 3213 3671 3300 recipiet
3717 3225 3760 3281 id

2183 3321 2323 3392 quod
2373 3321 2550 3391 inique
2578 3320 2776 3392 gessit;
2807 3330 2862 3376 ct
2903 3337 3009 3376 non
3036 3329 3120 3376 est
3158 3335 3511 3390 persOnarum
3543 3318 3762 3389 acceptio

2183 3413 2323 3485 apud
2346 3413 2534 3469 Deum.

2257 3503 2376 3578 [un]
2409 3505 2649 3571 Domini,
2688 3502 2827 3576 quod
2867 3503 3068 3571 justum
3102 3512 3191 3580 est
3227 3515 3284 3580 et.
3317 3520 3573 3578 :cqnum,
3609 3501 3760 3559 Servis

2185 3607 2469 3670 prmstzite;
2501 3598 2730 3652 scientes
2757 3595 3008 3665 quoniam
3048 3579 3226 3653 ct.vos
3254 3597 3541 3652 Dotninum
3577 3585 3761 3650 habetis

2187 3692 2239 3746 in
2263 3692 2419 3747 cmlo.
2446 3690 2682 3746 Orationi
2712 3690 2925 3755 instate,
2949 3690 3228 3760 vigilantes
3258 3691 3311 3747 in
3341 3707 3403 3746 ea
3438 3707 3562 3749 cum
3586 3687 3760 3760 gratia.

2186 3798 2305 3838 rtnn
2335 3782 2581 3836 actione:
2610 3789 2827 3835 orantes
2867 3780 3022 3835 simul
3069 3788 3123 3834 ct
3170 3796 3265 3850 pro
3309 3780 3502 3847 nobis,
3546 3790 3600 3834 nt
3643 3779 3758 3834 Deus

2185 3872 2389 3943 aperiat
2420 3871 2573 3926 nobis
2595 3871 2790 3948 ostium
2819 3872 3082 3928 sermonis
3118 3871 3183 3926 ad
3228 3873 3553 3944 loquendum
3583 3880 3758 3944 myste-

2187 3967 2323 4022 rium
2366 3964 2604 4030 Christi,
2655 3973 2874 4034 propter
2911 3965 3051 4035 quod
3095 3965 3252 4019 etiam
3298 3967 3512 4022 vinetus
3548 3968 3756 4025 sum,nt

2188 4057 2520 4114 mziuil‘estcm
2553 4057 2677 4113 illud
2710 4058 2778 4112 ita
2801 4069 2859 4113 ut
2885 4067 3095 4124 Oportet
3124 4074 3208 4112 me
3239 4058 3403 4129 loqui.
3435 4059 3492 4114 lu
3523 4053 3754 4126 sapientia

2187 4152 2456 4207 ambulate
2480 4150 2546 4205 ad
2583 4164 2678 4212 eos
2707 4149 2794 4218 qui
2823 4148 2952 4204 foris
2980 4157 3140 4215 sunt,
3182 4158 3390 4218 tempus
3435 4151 3749 4206 redimentcs.

2187 4241 2378 4297 Sermo
2409 4251 2587 4296 vester
2625 4255 2842 4309 semper
2885 4239 2936 4294 in
2979 4239 3144 4309 gratia
3174 4240 3562 4315 sale‘cmulitus
3587 4239 3683 4302 sit,
3706 4241 3753 4287 ut

2186 4335 2367 4391 sciatis
2385 4331 2656 4405 quomodo
2675 4341 2917 4402 oporteat
2937 4346 3031 4384 vos
3052 4331 3335 4401 unicuique
3360 4322 3689 4402 respondere.

2252 4445 2340 4500 DE
2380 4441 2710 4500 EPISTOLA
2753 4442 2772 4498 ι
2812 4441 2871 4497 Β.
2912 4441 3118 4498 PAULI
3157 4443 3249 4498 AD
3285 4438 3697 4500 TIMUTIIEUM.

2259 4555 2412 4632 [Cap.
2519 4554 2663 4610 Finis
2689 4563 2866 4609 autem
2891 4555 3141 4624 praéce‘pti
3161 4566 3244 4610 est
3265 4555 3501 4612 cltaritas
3527 4554 3592 4609 dc
3609 4546 3747 4607 cordo

2189 4663 2345 4723 puro,
2377 4659 2429 4705 et
2455 4649 2780 4704 Conscientia
2822 4647 2979 4710 bona,
3008 4651 3062 4704 et
3092 4647 3192 4701 lide
3217 4662 3321 4701 non
3355 4649 3496 4703 licia.
3519 4648 3556 4702 Α
3583 4642 3748 4714 quibus

2189 4743 2402 4815 quidam
2447 4742 2796 4806 aberrantes,
2829 4740 3073 4794 conversi
3114 4748 3233 4795 sntit
3284 4739 3336 4794 in
3381 4737 3743 4809 vaniloquituu,

2192 4831 2433 4892 volentes
2457 4848 2577 4888 esse
2605 4832 2734 4902 legis
2755 4831 3034 4898 doctores,
3063 4847 3166 4886 non
3213 4832 3562 4904 intelligemes
3599 4837 3747 4897 Miluo

2189 4943 2308 4998 quae
2351 4926 2656 4996 hominum,
2686 4924 2856 4992 neque
2902 4922 2972 4978 de
3015 4923 3210 4993 quibus
3251 4925 3533 4979 :t‘l’lirmaut.
3562 4918 3744 4976 Scimus

2190 5020 2366 5077 autem
2394 5013 2643 5088 quoniam
2680 5017 2816 5070 bona
2843 5023 2926 5071 est
2953 5017 3033 5071 lex
3056 5058 3070 5078 ,
3099 5016 3143 5069 si
3170 5016 3288 5087 quis
3312 5031 3374 5072 ea
3403 5017 3624 5089 legitime
3648 5017 3744 5062 uta-

2194 5123 2278 5169 tur
2301 5131 2312 5167 :
2341 5099 2570 5167 scientes
2601 5107 2701 5166 h'oc
2721 5110 2764 5171 ',
2795 5109 2914 5180 quia
2941 5108 3084 5178 justo
3113 5108 3198 5163 lex
3226 5125 3334 5164 non
3358 5099 3440 5165 est
3466 5107 3640 5180 pnsila,
3664 5094 3742 5154 scil

2194 5191 2404 5275 iniustis
2431 5197 2482 5260 ei
2514 5219 2618 5258 non
2641 5200 2887 5264 subditis.
2913 5201 3090 5272 impiis
3113 5211 3164 5256 et
3192 5192 3578 5273 pe¢catoribtis,
3602 5185 3744 5250 scele-

2193 5299 2323 5354 ratis
2350 5287 2405 5354 et
2431 5293 2837 5358 Ciuitamin’atis',
2863 5292 3140 5363 parricidis
3177 5301 3230 5347 ct
3272 5291 3573 5357 niatrieidl's,
3598 5278 3741 5341 homi-

2194 5390 2348 5452 cidis.
2382 5385 2700 5451 fornicariis,
2721 5385 3078 5439 masculorum
3105 5375 3550 5449 conctibitorib'tts,
3572 5375 3740 5449 plagia-

2198 5481 2327 5548 riis,
2371 5477 2750 5541 mendacibus,
2790 5475 3046 5547 “pet-juris;
3087 5479 3141 5531 ct
3175 5473 3219 5531 si
3272 5477 3398 5547 quid
3446 5473 3576 5530 aliitd
3620 5476 3740 5522 ετιηε

2199 5558 2454 5628 doctrina:
2501 5569 2836 5632 adversatur,
2867 5563 2986 5638 qua!
3005 5565 3088 5624 eSt
3121 5561 3413 5624 secundum
3436 5555 3737 5636 Evangeliutn

2196 5665 2381 5738 gloria!
2414 5663 2552 5721 beati
2585 5662 2708 5730 Dei,
2735 5647 2876 5734 quod
2898 5663 3158 5718 creditum
3184 5671 3267 5719 est
3291 5657 3442 5722 mihi.

2266 5780 2294 5850 '_
2307 5783 2535 5850 Verbum,
2558 5776 2718 5850 facile,
2739 5780 2885 5850 abest.
2907 5792 2934 5830 a
2958 5779 3104 5850 ttegio
3118 5778 3291 5850 codice
3313 5785 3367 5831 et
3385 5790 3417 5832 ι
3433 5775 3573 5830 sacris

2276 5846 2298 5877 ³
2323 5844 2534 5909 vulgata,
2557 5841 2710 5894 Sciens
2730 5842 2836 5893 hoc.
2859 5841 3198 5903 (ηιαίεὶαὸδ.
