3878 6308
611 435 840 499 quentos
860 435 979 484 tuas
1002 427 1356 483 inﬁrmitates.
1381 426 1741 495 Quorumdam
1776 428 2049 483 hominum
2077 442 2201 498 pec»

610 530 726 576 eota
759 520 1039 575 manifesta
1068 530 1209 585 sunt,
1244 521 1598 591 przecedentia
1628 521 1693 575 ad
1716 520 1971 587 judicium
1999 562 2013 575 .
2036 535 2200 591 quos-

611 612 733 667 dam
759 625 934 669 autem
964 623 1021 670 et
1044 614 1459 685 subsequuntur.
1488 613 1743 669 Similiter
1782 626 1837 669 et
1881 614 2017 669 facta
2063 614 2200 669 bona

609 703 892 761 manifesta
918 714 1044 759 sunt
1063 723 1078 772 ;
1098 714 1152 760 et
1171 722 1291 776 qua:
1314 707 1471 761 aliter
1493 721 1553 762 se
1576 706 1793 769 habent,
1817 706 2068 761 abscondi
2092 721 2197 760 non

611 815 643 867 p
668 807 851 850 ssttnt.

678 888 796 961 [vn]
819 888 1150 957 Quicumque
1179 897 1303 943 sunt
1327 888 1428 943 sub
1450 888 1578 959 jngo
1598 889 1766 952 servi,
1790 888 2037 945 dominos
2065 902 2193 943 suos

608 984 752 1037 omni
789 983 989 1036 honore
1024 983 1212 1052 dignos
1239 981 1466 1036 habeant
1498 982 1537 1047 ‘,
1580 997 1647 1037 ne
1682 997 1877 1037 nomen
1914 982 2120 1037 Domini
2146 989 2201 1035 et

606 1076 844 1129 doctrina
878 1074 1292 1143 blasphemctur.
1315 1074 1414 1141 Qui
1439 1084 1615 1129 autem
1649 1074 1830 1129 ﬁdeles
1869 1074 2065 1129 habent
2097 1073 2197 1128 dc-

609 1169 801 1229 minos,
833 1184 936 1221 non
967 1176 1331 1231 cautetnnant,
1362 1166 1484 1236 quia
1508 1165 1697 1221 fratres
1724 1174 1882 1231 sunt;
1913 1164 2008 1219 sed
2030 1164 2198 1235 magis

603 1258 859 1324 serviant,
888 1259 1008 1327 quia
1039 1258 1223 1315 ﬁdeles
1247 1266 1372 1312 sunt
1396 1267 1449 1313 et
1468 1258 1667 1320 dilecti,
1693 1258 1781 1328 qui
1806 1258 2044 1314 beneﬁcii
2077 1273 2198 1327 par-

604 1354 790 1422 iii-ipes
832 1364 990 1409 sunt:
1017 1353 1131 1409 haec
1167 1354 1331 1415 doce,
1362 1352 1741 1408 etexhortare.
1787 1350 1841 1408 Si
1882 1353 2001 1422 quis
2042 1353 2196 1408 aliter

601 1448 775 1511 docet,
806 1456 859 1500 ct
887 1464 990 1501 non
1019 1447 1306 1516 acquiescit
1335 1447 1480 1501 sanis
1505 1446 1841 1501 sermonibus
1868 1446 2075 1500 Domini
2099 1463 2195 1501 no-

602 1541 695 1593 stri
727 1539 852 1592 .Iesu
883 1538 1112 1603 Christi,
1142 1549 1194 1593 et
1241 1540 1287 1593 ei
1328 1554 1446 1606 qum
1490 1540 1782 1593 secundum
1824 1540 2071 1608 pietatem
2112 1547 2196 1593 cst

600 1631 886 1693 doctrinm,
912 1631 1169 1699 superbus
1190 1633 1233 1696 ’,
1256 1631 1387 1684 nihil
1412 1630 1603 1693 sciens,
1633 1631 1726 1685 sed
1761 1632 2019 1700 languens
2050 1631 2190 1686 circa

604 1721 926 1785 quaestiones
965 1730 1015 1773 et
1054 1734 1254 1789 pugnas
1299 1721 1611 1783 verborum.
1633 1736 1701 1775 ex
1734 1722 1926 1791 quibus
1950 1728 2194 1777 oriuntur

601 1808 838 1875 invidiw,
860 1811 1255 1874 contentiones,
1278 1807 1640 1878 hiasphcniite,
1660 1811 1990 1880 suspiciones
2014 1812 2187 1877 mahe,

601 1902 1023 1963 cotiﬁictationes
1070 1901 1343 1957 hominum
1386 1912 1564 1956 mente
1590 1912 1959 1973 corruptorum
1980 1944 1996 1963 .
2022 1912 2075 1957 et
2098 1904 2190 1974 qui

597 1995 787 2067 privati
828 2002 952 2049 sttnt
991 1995 1253 2059 veritate;
1298 1995 1715 2050 existimantium
1762 2005 2022 2065 quaestum
2069 2011 2189 2051 esse

597 2088 869 2157 pietatem.
901 2085 995 2141 Est
1019 2095 1195 2142 autem
1217 2096 1454 2156 qurestns
1478 2102 1717 2157 magnus,
1747 2087 1915 2157 pietas
1938 2102 2059 2143 cum
2081 2087 2190 2144 sul-

597 2180 846 2234 llcientia.
870 2178 1007 2234 Nihil
1028 2179 1171 2234 enim
1199 2179 1474 2234 intulimus
1494 2182 1544 2234 in
1568 2179 1707 2235 hunc
1732 2181 2024 2237 mundum:
2048 2182 2187 2236 haud

594 2270 811 2325 dubium
842 2270 963 2341 quia
1010 2285 1110 2326 nec
1149 2270 1360 2325 auferre
1403 2271 1529 2340 quid
1569 2287 1871 2342 possumus.
1918 2274 2188 2331 llabentcs

594 2370 770 2415 autem
814 2361 1095 2427 alimenta,
1123 2372 1177 2417 et
1200 2363 1395 2433 quibus
1426 2372 1685 2433 tegantur,
1714 2363 1798 2418 his
1834 2368 2066 2421 contenti
2108 2368 2185 2422 si-

596 2467 741 2507 mus.
768 2451 900 2507 Nam
923 2454 1010 2524 qui
1032 2454 1210 2508 volttnt
1230 2454 1422 2509 divites
1444 2456 1576 2518 ﬁeri.
1598 2456 1835 2512 incidunt
1858 2460 1909 2512 in
1933 2462 2183 2515 tentatio-

592 2556 711 2605 nes,
728 2551 783 2597 et
798 2544 850 2598 in
881 2543 1124 2614 laqueum
1142 2544 1361 2609 diaboli,
1379 2555 1434 2601 et
1446 2545 1709 2601 desideria
1731 2549 1891 2603 inulta
1912 2550 2113 2605 inutilia
2129 2560 2184 2608 et

590 2634 779 2688 nociva
800 2675 815 2695 .
846 2651 966 2703 qnze
991 2644 1236 2706 mergunt
1262 2636 1507 2693 homines
1532 2637 1581 2691 in
1612 2639 1881 2695 interitum
1912 2650 1966 2696 et
2004 2644 2181 2712 pcrdi-

590 2724 807 2780 tionem.
847 2724 1015 2780 Radix
1040 2729 1183 2782 enim
1211 2728 1449 2782 omnium
1482 2729 1739 2783 malorum
1782 2741 1865 2786 est
1896 2733 2177 2802 cupiditas,

587 2831 746 2887 quam
770 2818 982 2887 quidam
1004 2828 1315 2889 appetentes
1330 2832 1645 2876 erraverunt
1667 2838 1696 2875 a
1720 2823 1843 2886 lide.
1866 2833 1921 2879 ct
1942 2824 2180 2882 inserue-

587 2918 714 2964 runt
734 2924 795 2964 se
827 2909 1105 2965 doloribus
1130 2911 1327 2966 multis.
1355 2912 1437 2966 Tu
1463 2923 1663 2979 antem,
1682 2932 1715 2970 o
1738 2915 1901 2971 homo
1928 2916 2041 2983 Dei,
2067 2919 2180 2973 lucc

586 3000 711 3070 fuge
735 3021 747 3054 ;
772 3011 978 3057 sectare
999 3018 1126 3057 vero
1146 3002 1404 3072 justitiam
1421 3045 1435 3065 ,
1464 3004 1716 3073 pietatem
1738 3048 1752 3069 ,
1779 3007 1936 3062 ﬁdem
1960 3051 1974 3073 ,
2003 3010 2180 3065 chari-

586 3098 770 3155 tatem,
804 3092 1130 3161 patientiam,
1159 3094 1637 3149 mansuetudinem.
1659 3095 1815 3152 Certa
1839 3098 2033 3153 bonum
2055 3116 2175 3156 cer-

585 3190 765 3237 tamen
796 3181 950 3247 ﬁdei;
976 3182 1318 3252 apprehende
1343 3184 1502 3238 vitam
1532 3194 1806 3252 aeternam,
1837 3189 1889 3243 in
1919 3205 2020 3261 qua
2050 3191 2070 3223 ³
2092 3207 2178 3248 γορ

583 3284 733 3328 catus
770 3288 867 3340 es,
908 3283 962 3328 et
1003 3273 1278 3330 confessus
1320 3274 1510 3330 bonam
1559 3277 1949 3335 confessionem
1992 3298 2172 3340 coram

583 3364 763 3418 multis
794 3364 1035 3420 testibus.
1064 3365 1321 3435 Prtecipio
1346 3367 1439 3421 tibi
1468 3382 1646 3423 coram
1679 3370 1806 3436 Deo,
1828 3372 1915 3441 qui
1944 3375 2176 3432 viviﬁcat

581 3458 783 3521 omnia,
805 3466 858 3510 et
880 3454 1095 3512 Christo
1123 3457 1249 3513 Jesu
1269 3500 1285 3524 ,
1313 3460 1403 3530 qui
1436 3462 1793 3517 testimonium
1823 3466 2051 3522 reddidit
2073 3471 2173 3526 sub

581 3545 771 3602 Pontio
802 3547 968 3601 Pilato
998 3548 1189 3602 bonam
1213 3551 1626 3617 confessionem,
1654 3564 1711 3607 ut
1740 3569 1924 3610 serves
1953 3559 2173 3613 manda-

581 3647 693 3693 tum
719 3640 834 3694 sine
862 3642 1090 3707 macula,
1114 3641 1597 3711 irreprehensibile,
1621 3660 1790 3717 usque
1812 3647 1862 3701 in
1883 3648 2168 3706 adventum

582 3729 789 3785 Domini
812 3730 979 3785 nostri
1006 3730 1131 3785 Jcsu
1155 3732 1370 3787 Christi.
1402 3732 1466 3786 Et
1497 3744 1605 3805 post
1626 3753 1813 3805 paucos
1843 3755 2011 3794 versus
2036 3756 2055 3794 :
2078 3741 2168 3795 Di-

579 3822 777 3876 vitibus
816 3822 972 3891 hujus
1012 3825 1191 3879 sarculi
1236 3826 1499 3896 praecipe,
1548 3844 1653 3883 non
1696 3832 1925 3900 superbe
1973 3850 2162 3905 sapere

580 3930 752 3986 neque
778 3930 995 3985 sperare
1022 3918 1073 3971 in
1106 3919 1306 3973 incerto
1335 3920 1636 3976 divitiarum
1658 3964 1672 3986 ,
1706 3926 1798 3979 sed
1831 3928 1883 3981 iu
1917 3928 2046 3995 Deo,
2075 3931 2166 4001 qui

581 4018 796 4079 pra‘stat
828 4010 979 4063 nobis
1001 4012 1176 4064 onmia
1205 4012 1413 4067 aluuule
1436 4015 1503 4068 ad
1533 4015 1813 4072 fruendum
1837 4036 1850 4079 ;
1882 4020 2018 4076 bene
2038 4037 2164 4091 age-

581 4117 613 4155 e
656 4142 670 4166 ,
702 4102 894 4155 divites
940 4103 1053 4156 ﬁeri
1098 4103 1148 4156 in
1193 4104 1445 4173 operibus
1491 4105 1676 4171 bonis,
1715 4108 1871 4164 facile
1908 4113 2161 4181 tribuere,

577 4194 989 4257 communicare,
1020 4194 1377 4249 thesaurizare
1406 4196 1505 4250 sibi
1539 4197 1933 4254 fundamentum
1966 4204 2161 4259 bonum

577 4284 629 4340 in
662 4284 927 4351 futurum,
966 4296 1023 4340 ut
1060 4286 1463 4357 apprehendant
1491 4303 1669 4343 veram
1702 4291 1879 4345 vitam.
1912 4294 1957 4348 0
1981 4294 2164 4352 Timo-

579 4376 721 4439 thec,
755 4377 1052 4445 depositum
1076 4378 1303 4444 custodi,
1322 4376 1564 4433 devitans
1590 4380 1833 4448 profanas
1852 4398 2039 4439 vocum
2068 4401 2165 4440 no-

574 4470 765 4525 vitates
792 4480 846 4524 et
873 4470 1237 4540 oppositiones
1275 4470 1390 4525 falsi
1432 4473 1662 4529 nominis
1701 4475 1971 4543 scientite,
2002 4495 2161 4550 quam

575 4560 789 4631 quidam
837 4565 1204 4629 promittentes
1233 4562 1372 4618 circa
1401 4563 1559 4619 ﬁdem
1592 4559 1935 4624 exciderunt.
1980 4571 2161 4629 Gratia

576 4661 770 4708 tecum.
801 4654 992 4708 Amen.

635 4744 722 4799 DE
765 4745 1090 4801 EPIS'I‘OLA
1129 4746 1173 4801 ll
1214 4750 1273 4803 Β.
1315 4748 1516 4805 PAULI
1557 4752 1647 4806 AD
1686 4752 2105 4815 TIMOTHEUM.

608 4834 759 4911 [Cap.
790 4835 852 4909 1.]
890 4836 1005 4892 Νοη
1035 4839 1175 4893 enim
1202 4840 1350 4894 dedit
1376 4843 1529 4897 nobis
1555 4844 1695 4900 Deus
1721 4847 1964 4916 spiritum
2000 4852 2157 4907 timo-

571 4928 665 4995 ris,
696 4928 789 4983 sed
820 4928 1028 4984 virtutis
1056 4938 1112 4985 et
1140 4930 1441 4988 dilectionis
1474 4943 1531 4989 et
1554 4936 1877 4995 sobrietatis.
1908 4940 2026 4997 Noli
2056 4944 2153 5001 ita-

568 5035 675 5091 que
691 5020 1005 5077 erubescere
1033 5012 1393 5079 testimoninm
1423 5026 1631 5082 Domini
1663 5031 1853 5095 nostri,
1877 5048 2048 5104 neque
2072 5053 2157 5093 me

550 5113 804 5186 .vinctum
835 5114 982 5184 ejus;
1015 5116 1109 5171 sed
1133 5117 1397 5172 collabora
1428 5119 1714 5190 Evangelio
1737 5124 2029 5181 secundum
2051 5130 2158 5182 vir-

569 5212 735 5260 tutem
768 5206 879 5261 Dei.
915 5205 982 5260 Et
1021 5218 1132 5278 post
1159 5226 1344 5277 paucos
1379 5225 1548 5264 versus
1577 5227 1594 5264 :
1626 5211 1869 5267 Formam
1898 5216 2035 5273 habe
2072 5235 2155 5274 sa-

570 5312 763 5354 norum
802 5299 1109 5363 verborum,
1139 5317 1258 5371 qua:
1288 5318 1315 5353 a
1356 5318 1440 5356 me
1474 5302 1664 5357 audisti
1704 5305 1755 5359 in
1802 5306 1903 5361 ﬁde
1943 5318 1997 5363 et
2022 5310 2154 5367 dile-

567 5393 747 5450 etione
770 5393 820 5448 in
850 5391 1065 5449 Christo
1088 5394 1237 5450 Jesu.
1272 5394 1477 5449 Bonum
1501 5395 1798 5467 depositum
1824 5401 2029 5456 custodi
2061 5419 2155 5473 per

567 5486 824 5560 Spiritum
849 5498 1113 5555 sanctum,
1141 5489 1230 5559 qui
1256 5488 1456 5543 habitat
1480 5489 1532 5544 in
1562 5491 1731 5546 nobis.

628 5604 647 5668 9
668 5600 886 5668 Vulgata,
907 5600 1214 5668 arbitratum.

628 5667 951 5740 "tegendum
979 5678 1089 5740 eum
1112 5667 1346 5740 vulgata,
1384 5668 1619 5731 superbus
1638 5676 1741 5734 est;
1764 5671 1865 5735 vet,
1895 5673 2112 5740 superbit
2132 5688 2153 5730 :

586 5734 702 5789 usta
724 5740 953 5788 graecum,
974 5733 1250 5789 tetupltbtai.

633 5787 653 5817 ³
672 5787 832 5837 orm
850 5787 1106 5849 scriptura,
1127 5790 1196 5840 eis
1216 5788 1294 5846 ἐπ.
1314 5789 1366 5840 in
1380 5802 1539 5842 atram.

1815 314 1872 371 S.
1915 312 2283 371 AUGUSTINI
2320 314 2689 377 SPECULUM
3715 339 3783 398 lilii

2385 429 2452 484 Et
2472 432 2626 503 paulo
2656 443 2769 505 post
2804 433 2910 509 [IL]
2942 452 2955 490 :
2984 436 3063 491 Tu
3092 452 3255 511 ergo,
3300 439 3375 496 ﬁli
3404 440 3495 506 mi,
3524 444 3786 510 confortans

2309 526 2501 594 gratia,
2530 540 2647 596 qua:
2686 535 2768 581 est
2798 528 2848 581 iu
2879 527 3092 584 Christo
3114 530 3289 596 Jesu;
3316 542 3372 587 et
3399 549 3513 603 qua:
3538 538 3785 599 audistisne

2310 630 2406 685 per
2430 616 2626 671 multos
2669 627 2853 685 testes,
2888 619 3002 675 haec
3041 622 3365 678 commenda
3407 624 3628 683 ﬁdelibus
3652 627 3787 687 homini

2308 705 2430 772 bus,
2461 708 2553 777 qui
2581 708 2755 763 idonei
2801 688 2959 765 eru’nt
2987 721 3043 766 et
3083 711 3227 768 alios
3268 712 3480 770 docere.
3520 715 3684 773 [Alton
3712 724 3785 777 sicut

2306 796 2481 852 bonus
2508 798 2663 853 miles
2694 800 2887 855 Christi
2919 800 3067 856 .lesu.
3097 801 3279 858 Nemo
3312 804 3537 860 militans
3560 807 3663 873 Deo,
3684 810 3787 879 ἰηιρῇ.

2306 900 2391 945 cat
2414 905 2473 946 se
2495 893 2720 963 negotiis
2748 894 3111 959 smeularibus,
3146 904 3209 950 ut
3238 895 3291 951 el
3320 897 3536 968 placeat,
3556 900 3627 955 cui
3651 916 3695 958 se
3716 920 3783 973 pm.

2304 980 2469 1036 bavit.
2502 982 2634 1038 Nam
2670 992 2725 1039 et
2748 986 2836 1055 qui
2857 996 3025 1041 certat
3049 988 3101 1042 in
3123 1003 3329 1059 agone,
3358 1005 3462 1045 non
3488 1002 3717 1050 coronatur
3733 1000 3785 1052 nisi

2305 1072 2537 1144 legitime
2584 1079 2888 1131 certaverit.
2941 1078 3309 1137 Laborantem
3359 1084 3619 1153 agricolam
3656 1102 3780 1157 oportet

2304 1167 2532 1236 primum
2578 1167 2647 1223 de
2677 1168 2938 1226 fructibus
2982 1172 3253 1243 accipere.
3310 1173 3541 1246 Intelligo
3564 1193 3659 1249 qua:
3685 1180 3780 1234 diu):

2303 1257 2451 1313 dabit
2474 1259 2615 1314 enim
2649 1261 2741 1315 tibi
2783 1263 3043 1319 Dominus
3070 1265 3405 1322 intellectum
3426 1268 3477 1323 in
3499 1270 3707 1325 omnibus.
3725 1273 3781 1328 ne

2302 1364 2421 1404 mor
2462 1361 2579 1407 esto
2607 1353 2891 1409 Dominum
2928 1355 3111 1412 Jesum
3154 1359 3434 1415 Christum
3475 1364 3781 1419 resurrexissea

2301 1444 2526 1498 mortuis
2579 1460 2645 1499 ex
2700 1448 2907 1502 semine
2959 1449 3154 1516 David,
3213 1451 3503 1508 secundum
3545 1446 3778 1527 Evangelium

2300 1550 2515 1601 meum;
2563 1536 2614 1591 in
2654 1553 2759 1607 quo
2789 1538 2972 1594 laboro
3002 1556 3175 1611 usque
3204 1542 3275 1597 ad
3302 1544 3526 1610 vincula,
3553 1547 3670 1616 quasi
3702 1549 3779 1602 nuli

2299 1640 2529 1695 operans
2562 1646 2574 1681 :
2605 1628 2699 1684 sed
2745 1631 2966 1686 verbum
3015 1632 3107 1688 Dei
3160 1649 3272 1690 non
3317 1644 3399 1690 est
3441 1636 3684 1706 alligatum.
3710 1636 3777 1692 Idea

2298 1718 2476 1772 omnia
2521 1720 2761 1777 sustineo
2806 1730 3021 1792 propter
3052 1723 3283 1790 electos,
3334 1735 3393 1781 ut
3434 1735 3486 1781 et
3524 1727 3608 1797 ipsi
3640 1728 3775 1781 salutem

2297 1821 2712 1879 consequantur.
2751 1828 2871 1882 quae
2912 1822 2996 1869 est
3038 1814 3090 1869 in
3126 1814 3345 1871 Christo
3369 1815 3511 1882 Jcsu,
3553 1832 3649 1871 cum
3678 1818 3773 1887 gloria

2296 1899 2524 1955 celesti.
2559 1900 2757 1958 Fidelis
2781 1918 2961 1958 sermo
2991 1923 3002 1957 :
3033 1904 3167 1960 Nam
3197 1906 3244 1961 si
3267 1908 3572 1963 commortui
3588 1919 3774 1971 sumuset

2296 1992 2681 2059 convivemus;
2716 1996 2758 2049 si
2790 1996 3237 2066 sustinebimus‘,
3270 2007 3325 2053 et
3347 2000 3772 2070 conregnabimus;si

2295 2084 2629 2154 negabimus,
2657 2094 2713 2139 et
2742 2086 2829 2141 ille
2858 2088 3069 2157 negabit
3106 2103 3242 2156 nos;
3274 2090 3320 2143 si
3348 2105 3449 2144 non
3482 2090 3707 2147 credimus.
3725 2089 3771 2142 ille

2294 2176 2465 2230 ﬁdelis
2505 2188 2800 2246 permanet,
2847 2195 3040 2250 negare
3091 2179 3335 2251 seipsum
3378 2195 3481 2235 non
3523 2187 3674 2251 potest.
3702 2178 3771 2232 lliu

2293 2281 2597 2333 commone,
2630 2270 2918 2324 testilicans
2944 2286 3126 2327 coram
3158 2271 3288 2327 Deo.
3312 2270 3427 2328 Noli
3452 2272 3605 2327 verbis
3623 2280 3766 2325 conten-

2292 2359 2443 2425 dere,
2474 2360 2527 2415 in
2557 2361 2687 2417 nihil
2708 2362 2856 2427 utile,
2880 2362 2983 2417 nisi
3008 2363 3072 2418 ad
3098 2364 3498 2419 subversionem
3522 2363 3765 2418 audientium.

2291 2448 2529 2506 Sollicito
2576 2461 2751 2506 autem
2800 2469 2927 2508 cura
2978 2455 3208 2525 teipsnm
3255 2455 3563 2526 probabilem
3602 2453 3766 2509 exhibere

2292 2540 2424 2601 Deo.
2474 2543 2777 2611 operarium
2825 2543 3261 2602 inconfusibilem
3282 2548 3326 2612 ¹,
3378 2556 3512 2602 recte
3553 2552 3767 2600 tractanth

2289 2632 2509 2685 verbum
2532 2633 2788 2688 veritatis.
2818 2634 3045 2691 Profana
3065 2646 3248 2693 autem
3269 2648 3324 2694 et
3343 2638 3611 2707 vaniloquia
3630 2635 3762 2691 devita:

2295 2722 2521 2777 multum
2556 2724 2881 2795 proﬁcient'
2917 2727 2981 2783 ad
3012 2729 3375 2799 impietatem;
3404 2739 3454 2785 ct
3488 2743 3634 2785 sermo
3653 2741 3765 2781 eorum

2286 2823 2346 2868 ut
2368 2829 2561 2870 cancer
2595 2816 2782 2885 serpit.
2816 2817 2882 2872 Et
2910 2828 3022 2889 post
3061 2837 3153 2876 ser.
3180 2838 3349 2877 versus
3370 2839 3388 2875 :
3410 2820 3634 2891 Cognovit
3657 2818 3762 2872 Domi-

2285 2921 2387 2959 nus
2411 2907 2499 2977 qui
2540 2918 2662 2961 sunt
2692 2908 2841 2977 ejus;
2882 2920 2936 2965 et
2962 2910 3242 2968 discedant
3279 2912 3346 2968 ab
3387 2911 3626 2983 iniquitate
3646 2920 3761 2961 omnes

2285 2996 2377 3067 qui
2401 2998 2683 3053 invocant‘
2711 3016 2905 3055 nomen
2934 3002 3165 3058 Domini.
3204 3003 3260 3059 ιιι
3291 3018 3469 3074 magna
3493 3011 3638 3055 autem
3662 2997 3759 3052 domo

2284 3102 2390 3142 non
2421 3088 2592 3143 solum
2623 3100 2745 3146 sunt
2776 3106 2899 3147 vasa
2925 3108 3084 3149 aurea
3121 3105 3180 3151 et
3212 3105 3474 3167 argentea,
3498 3090 3576 3147 sed
3598 3089 3759 3157 etligm

2282 3188 2337 3235 et
2363 3181 2569 3247 lictilia;
2600 3191 2652 3237 et
2685 3184 2929 3253 qua-dam
2972 3186 3190 3257 quidem
3232 3189 3283 3243 in
3314 3185 3566 3248 honorem,
3595 3176 3757 3251 quedam

2281 3282 2455 3329 autem
2488 3276 2541 3329 in
2580 3277 2976 3332 contumeliam.
3022 3278 3077 3334 Si
3117 3281 3244 3351 quis
3283 3294 3407 3350 ergo
3433 3269 3701 3332 mandaverit
3724 3281 3757 3321 se

2280 3366 2348 3420 ab
2377 3366 2513 3433 istis,
2553 3369 2654 3422 erit
2680 3384 2771 3423 vas
2815 3371 2865 3423 in
2896 3370 3159 3427 honorem
3200 3372 3574 3433 sanctiﬁcatum,
3610 3375 3651 3419 et
3678 3361 3755 3415 υίίιο

2280 3457 2505 3511 Βοιηίιιο
2532 3458 2597 3511 ad
2627 3475 2783 3513 omne
2808 3476 2941 3530 opus
2972 3462 3170 3517 bonum
3201 3472 3455 3534 paratum.
3479 3455 3755 3515 .luveniliaau'

2281 3555 2385 3602 tem
2438 3547 2701 3603 desideria
2743 3549 2898 3620 fuge:
2931 3560 3138 3609 sectare
3181 3568 3307 3609 vero
3347 3549 3598 3621 justitiam,
3638 3542 3751 3601 ﬁdem,

2276 3639 2611 3705 charitateni,
2657 3657 2839 3710 pacem
2863 3659 2982 3698 cum
3008 3645 3071 3699 iis
3092 3647 3183 3716 qui
3215 3648 3451 3701 invocant
3475 3637 3696 3695 Dominum
3714 3628 3752 3681 de

2275 3731 2438 3787 corde
2469 3747 2625 3801 puro.
2654 3732 2859 3789 Stultas
2886 3743 3063 3790 autem
3090 3745 3143 3791 et
3169 3736 3283 3792 sine
3309 3732 3557 3802 disciplina
3580 3720 3750 3796 questio-

2274 3838 2372 3877 nes
2395 3823 2591 3887 devita,
2624 3825 2797 3879 sciens
2825 3826 2965 3897 quod
2994 3838 3254 3896 generant
3273 3828 3405 3882 lites.
3431 3823 3621 3878 Servum
3638 3821 3749 3867 αυιθω

2275 3914 2486 3969 Domini
2516 3932 2618 3969 non
2646 3928 2859 3986 oportet
2886 3918 3115 3989 litigare,
3148 3920 3246 3978 sed
3274 3924 3572 3974 mansuetum

2272 4021 2479 4074 omnes,
2518 4008 2822 4077 docibilem,
2875 4012 3189 4082 patientem,
3232 4028 3348 4069 cum
3389 4002 3609 4065 modestia
3638 4008 3748 4052 (ὀπιο

2270 4098 2503 4167 pientem
2530 4115 2625 4156 eos
2648 4102 2739 4171 qui
2780 4102 3068 4158 resistunt“
3097 4128 3110 4160 ς
3144 4101 3419 4177 nequando
3443 4100 3521 4154 det
3553 4094 3633 4149 illis
3658 4089 3745 4186 Dtlts

2272 4192 2637 4259 paenitentiam
2667 4195 2733 4249 ad
2764 4198 3192 4266 cognoscendam
3236 4197 3510 4257 veritatem,
3547 4195 3593 4244 et
3618 4180 3744 4266 t‘t‘SiPif

2270 4294 2418 4339 scaot
2464 4300 2493 4338 a
2540 4284 2736 4339 diaboli
2782 4264 3006 4357 laqueis,
3044 4303 3074 4343 a
3120 4305 3229 4360 quo
3270 4284 3448 4358 captivi
3484 4264 3741 4335 tenenturad

2269 4373 2433 4442 ipsius
2457 4374 2802 4431 voluntatem.

2342 4463 2466 4538 [tu.]
2509 4466 2619 4521 lloc
2654 4478 2832 4524 autem
2881 4472 3035 4537 scito,
3069 4474 3210 4545 quod
3242 4474 3291 4528 in
3335 4462 3594 4525 novissimis
3616 4451 3739 4510 diebus

2267 4557 2540 4611 ίηεῐτιιιωιι
2566 4568 2805 4631 ιθηιροττι
2832 4563 3162 4633 periculosa;
3212 4575 3263 4621 et
3298 4570 3441 4620 erunt
3465 4552 3657 4612 homines
3686 4556 3739 4594 se;

2266 4648 2411 4718 ipsos
2434 4659 2694 4718 amantes,
2726 4654 2927 4723 cupidi,
2958 4656 3105 4721 elati,
3134 4655 3363 4730 superbi,
3388 4640 3646 4717 blasphemi.
3675 4647 3737 4730 ξδ’

2264 4739 2505 4795 rentibus
2545 4757 2649 4796 nou
2677 4722 3005 4811 obedientes,
3053 4722 3262 4819 iugi-aii,
3293 4740 3505 4804 scelesti,
3546 4722 3737 4822 sineaﬂt'

2264 4832 2458 4897 ctione,
2486 4834 2601 4888 sine
2632 4850 2781 4904 pace,
2804 4837 3194 4907 criminatores,
3226 4836 3588 4895 incontinentes,
3613 4822 3731 4916 ἱῐηξιξξ·

2266 4930 2367 4989 ίθεο
2413 4923 2530 4979 sine
2579 4901 2921 4998 benignitate,
2972 4901 3285 5000 proditores,
3324 4918 3545 4999 protervi,
3589 4901 3729 4965 tumidi,

2326 5057 3083 5145 i.“‘.‘L‘1‘¥“E€-‘§i§.‘?&‘l£¥f‘£ﬁ¥'3:
3119 5062 3285 5145 sese:
3299 5030 3729 5145 εέέὲἐξτθξξῖῗέῑῧῗῗ

2262 5126 2386 5192 post.
2414 5118 2533 5190 ιρου,
2551 5119 2595 5170 si
2616 5108 3087 5192 "agamnam
3117 5108 3597 5190 aesomnium
3615 5108 3695 5153 νινε

2260 5188 2799 5250 ιλιέινδίπεθαπῖίπμιδ·
2844 5244 2857 5250 -
3033 5247 3043 5250 -
3424 5238 3436 5250 .
3498 5216 3726 5250 .ν,,.,.,οσίη‹

2835 5238 3464 5328 εῖνεντμιαξδϋίίεμπκξῘεὲο
3488 5225 3721 5328 aetat

2257 5310 2421 5377 {tenet
2453 5300 2599 5355 editio
2633 5313 2726 5367 Er.,
2760 5314 2807 5358 et
3196 5307 3356 5361 devita.
3384 5303 3447 5352 sic
3488 5300 3605 5345 etiam

2258 5365 2421 5416 Biblia.
2711 5365 2719 5367 “
3045 5365 3056 5374 ⁷
3492 5427 3501 5433 _

2260 5490 2281 5499 _
2364 5428 2691 5499 Huic‘leetioni
2712 5431 3002 5499 suffragatur
3017 5448 3206 5499 granis
3226 5438 3396 5486 textus.
3409 5431 3454 5474 At
3472 5429 3491 5468 ε
3502 5413 3628 5476 1118³³
3640 5407 3720 5465 iw

2258 5490 3055 5621 ὣῗῶξῇῗέΤένέῗέΎῶ
3087 5559 3151 5611 ab
3184 5554 3410 5621 aequm
3437 5534 3563 5597 οπυά
3590 5523 3651 5594 4"
3670 5529 3721 5569 ’⁸⁵

2254 5736 2477 5851 ἓξὲξθώ
2508 5736 2605 5793 eta
2625 5744 2872 5797 codicibus
2890 5746 3037 5811 hujus
3060 5736 3233 5814 aperis,
3254 5742 3442 5803 excepto
3462 5736 3530 5780 κει
