3878 6294
54 261 247 320 109.5

51 377 518 444 voluptatum
549 387 812 434 amatores
841 379 1006 450 magis
1033 392 1191 449 quam
1222 374 1335 438 Dei,
1364 375 1624 430 habentes
1651 391 1775 445 spes

65 469 248 524 ciem
288 470 568 538 quidem
602 472 829 541 pietatis,
864 471 1107 525 virtutem
1148 478 1324 525 autem
1363 468 1476 536 ejus
1505 468 1773 537 abnegau-

68 567 176 614 tes
217 577 236 613 :
271 571 348 615 et
406 560 531 616 hos
569 561 760 616 devita.
803 561 879 616 Ex
924 562 988 615 iis
1030 562 1173 615 enim
1216 567 1339 615 sunt
1365 559 1453 628 qui
1500 566 1777 628 penetrant

74 654 358 720 domos,
401 667 479 711 et
513 658 746 725 captivas
780 657 980 712 ducunt
1010 656 1349 721 mulierculas
1377 668 1626 711 oneratas
1655 670 1778 724 pec-

82 747 290 811 catis,
330 764 499 818 qua:
527 749 791 803 ducuntur
814 750 973 803 variis
998 748 1310 805 desideriis;
1340 763 1554 816 semper
1573 747 1774 800 discen-

78 846 214 901 tes,
249 848 322 893 et
360 854 667 910 nunquam
705 840 771 895 ad
811 841 1085 895 scientiam
1112 840 1350 896 veritatis
1381 839 1770 908 pervenientes.

86 927 172 981 Et
200 939 349 997 post
384 943 525 985 octo
552 947 762 985 versus:
793 931 871 986 Tu
898 941 1072 986 autem
1102 941 1452 987 assecutuses
1478 945 1647 985 meam
1678 929 1777 984 do-

88 1021 413 1085 ctrinam,
475 1021 887 1090 institutionem,
927 1024 1276 1093 proliositum,
1322 1022 1501 1086 ﬁdem,
1531 1021 1772 1092 longani-

94 1111 436 1177 unitatem,
468 1111 834 1175 dilectionem,
860 1114 1187 1183 patientiam,
1213 1114 1628 1184 persecutiones,
1655 1128 1776 1181 pas-

94 1201 350 1265 siones,
416 1203 611 1272 qualia
670 1203 798 1257 mihi
840 1204 974 1257 facta
1021 1214 1143 1258 sunt
1181 1202 1510 1269 Aptior-hiat,
1556 1202 1769 1271 Iconio,

102 1292 363 1365 Lyslris
392 1310 412 1359 ;
442 1295 636 1363 quales
659 1296 1054 1364 persecutiones
1083 1296 1331 1356 sustinui.
1360 1305 1414 1351 et
1437 1312 1501 1349 ex
1524 1294 1772 1351 omnibus

105 1400 206 1438 tne
239 1385 490 1453 eripuit
523 1386 794 1441 Dominus.
830 1386 897 1440 Et
923 1402 1111 1441 omnes
1139 1387 1229 1457 qui
1261 1387 1445 1441 volunt
1483 1386 1567 1456 pie
1591 1385 1772 1441 vivere

111 1475 172 1529 in
205 1475 479 1531 Christo
508 1477 655 1544 Jesu,
682 1479 1103 1547 persecutionem
1135 1479 1418 1548 patientur.
1451 1477 1567 1532 Mali
1595 1486 1770 1533 autem

112 1567 417 1624 homines
466 1579 522 1625 et
560 1570 871 1626 seductores
903 1572 1180 1641 prolicient
1209 1574 1258 1625 in
1288 1570 1457 1640 pejus,
1506 1578 1767 1636 errantes,

115 1670 176 1716 et
206 1663 269 1716 in
306 1679 583 1719 errorem
624 1666 912 1721 mittentes.
943 1665 1019 1719 Tu
1052 1681 1178 1720 vero
1206 1680 1460 1735 permane
1488 1666 1537 1719 in
1566 1665 1628 1719 iis
1652 1679 1771 1735 qua:

110 1752 420 1820 didicisti,
455 1766 514 1810 et
534 1756 733 1810 credita
760 1763 885 1810 sunt
905 1756 1020 1819 tibi,
1040 1757 1259 1810 scit-usa
1281 1771 1386 1825 quo
1410 1754 1677 1810 didiceris.
1703 1755 1771 1808 Et

115 1844 421 1913 quoniam
490 1845 558 1901 ab
595 1846 813 1900 infantia
857 1861 1037 1900 sacras
1079 1845 1311 1900 Litteras
1354 1846 1510 1910 nosti,
1556 1862 1675 1915 qua:
1718 1854 1770 1900 te

114 1946 380 2007 possunt
417 1938 699 1994 instruere
739 1938 805 1993 ad
846 1939 1093 2005 salutem,
1125 1954 1220 2009 per
1245 1938 1402 1993 ﬁdem
1443 1954 1559 2009 quae
1601 1946 1683 1993 est
1710 1937 1766 1992 in

121 2030 368 2085 Christo
402 2029 571 2087 Jesu.
598 2032 782 2087 Omnis
806 2032 1076 2101 Scriptura
1106 2032 1359 2087 divinitus
1389 2033 1661 2101 inspirata,
1686 2042 1768 2089 est

119 2121 287 2175 utilis
315 2121 394 2175 ad
428 2121 759 2189 docendum,
788 2122 853 2177 ad
875 2123 1222 2195 arguentium,
1246 2123 1310 2177 ad
1332 2123 1704 2192 corrigendum
1721 2126 1761 2190 ³,

125 2213 196 2268 ad
227 2213 619 2269 erudiendum
650 2215 701 2270 in
718 2214 919 2285 jnstitia
946 2234 960 2269 :
989 2216 1337 2285 utperfectus
1364 2216 1432 2269 sit
1456 2213 1616 2268 homo
1647 2214 1763 2283 Dei,

125 2304 198 2359 ad
227 2321 413 2360 omne
454 2320 586 2375 Opus
612 2305 808 2361 bonum
840 2307 1147 2361 instructus.

207 2395 353 2471 [tv.]
396 2397 696 2453 Testilicor
721 2414 899 2453 coram
931 2399 1040 2453 Deo
1066 2408 1121 2454 et
1145 2398 1360 2454 Christo
1378 2399 1527 2465 Jesu,
1554 2399 1646 2470 qui
1675 2399 1764 2470 ju-

135 2490 448 2545 dicaturus
492 2499 575 2544 est
615 2491 765 2546 vivos
815 2499 870 2547 et
914 2501 1173 2557 mortuos,
1226 2500 1281 2547 et
1331 2508 1429 2563 per
1479 2492 1764 2547 adventum

143 2579 330 2651 ipsius
361 2590 425 2636 et
452 2596 673 2653 regnum
701 2583 835 2652 ejus,
868 2583 1092 2651 prtcdica
1122 2584 1366 2649 verbum,
1396 2586 1532 2639 insta
1563 2600 1763 2655 oppor-

144 2681 305 2737 tune,
354 2673 703 2744 importunae;
754 2690 935 2746 argue,
979 2676 1222 2742 obsecra,
1268 2679 1481 2746 increpa
1525 2678 1575 2731 in
1618 2677 1765 2732 omni

151 2766 452 2837 patientia,
480 2776 533 2821 et
558 2765 817 2821 doctrina.
850 2767 962 2823 Erit
991 2768 1130 2822 enim
1162 2779 1392 2839 tempus,
1419 2785 1538 2823 cum
1580 2784 1763 2823 sanam

148 2857 473 2913 doctrinam
504 2874 608 2912 non
634 2858 987 2923 sustinebunt,
1014 2860 1106 2914 sed
1139 2860 1204 2914 ad
1232 2877 1322 2913 sua
1346 2859 1610 2915 desideria
1635 2876 1765 2915 coa-

152 2950 469 3006 cervabunt
496 2949 597 3006 sibi
620 2950 919 3021 magistros,
948 2955 1244 3020 prurientes
1264 2953 1513 3019 auribus;
1538 2961 1593 3008 et
1616 2970 1645 3007 a
1675 2969 1765 3010 ve-

152 3044 321 3098 ritate
357 3044 580 3115 quidem
631 3043 867 3098 auditum
912 3054 1172 3110 avertunt,
1225 3046 1290 3099 ad
1342 3044 1542 3099 fabulas
1584 3056 1762 3101 autem

155 3143 580 3189 convertentur.
639 3132 722 3188 Tu
766 3150 893 3190 vero
940 3136 1115 3204 vigila,
1166 3136 1216 3189 in
1262 3136 1509 3189 omnibus
1558 3136 1757 3202 labora,

156 3239 297 3293 opus
333 3225 423 3278 fac
447 3224 808 3294 evangeiisbr,
838 3226 1188 3279 ministerium
1220 3235 1363 3279 tuum
1397 3226 1613 3295 itnple'.
1651 3227 1763 3297 Ego

155 3316 310 3370 enim
335 3314 454 3385 jam
485 3316 706 3379 delibor,
740 3324 795 3370 et
817 3326 1025 3383 tempus
1051 3332 1182 3370 meo
1215 3317 1556 3370 l‘t'StiltliiODiS
1578 3317 1759 3371 instat.

159 3406 384 3461 Bonum
407 3415 675 3462 certamen
701 3407 920 3470 certari,
949 3424 1160 3462 cursum
1186 3408 1569 3473 consummavi,
1605 3409 1760 3464 Iidem

156 3498 385 3557 servavi
418 3516 431 3552 :
460 3499 513 3552 in
541 3500 744 3569 reliquo
770 3501 999 3569 reposita
1025 3510 1108 3554 est
1134 3499 1259 3553 mihi
1288 3500 1505 3569 jllSlilitU
1533 3514 1757 3568 corona,

162 3607 329 3662 quam
358 3590 550 3647 reddet
584 3592 713 3646 mihi
746 3592 1003 3647 Dominus
1044 3594 1093 3646 in
1127 3594 1210 3645 i‘la
1251 3591 1335 3647 die
1356 3592 1531 3660 justus
1553 3592 1757 3662 judex;

164 3699 274 3739 non
302 3684 482 3739 Solum
506 3693 683 3739 autem
726 3684 874 3751 milu,
909 3684 1000 3740 sed
1028 3695 1080 3741 et
1105 3686 1167 3739 iis
1192 3686 1279 3755 qui
1308 3685 1525 3756 diligunt
1555 3685 1758 3739 adven-

169 3786 278 3843 tum
301 3778 440 3847 ejus.

369 3871 455 3925 DE
495 3870 820 3927 EPISTULA
864 3871 923 3925 B.
966 3871 1167 3928 PAULI
1208 3873 1297 3925 AD
1334 3870 1566 3927 TITUM.

248 3962 403 4037 [Cap.
435 3962 497 4037 1.]
542 3965 704 4034 Ilujns
738 3966 813 4019 rei
854 3966 1017 4034 gratia
1064 3968 1246 4035 reliqui
1290 3978 1340 4019 te
1368 3964 1559 4030 Cretm,
1600 3975 1658 4021 ut
1695 3982 1758 4022 ea

174 4072 291 4127 quae
317 4056 532 4123 desunt,
559 4058 812 4125 corrigas,
853 4066 907 4110 et
933 4060 1222 4111 constituas
1254 4073 1345 4123 per
1368 4058 1607 4111 civitates
1634 4072 1756 4125 pre-

177 4149 439 4222 sbyteros.
472 4150 607 4203 sicut
634 4165 731 4219 ego
762 4149 851 4203 tibi
882 4148 1137 4217 disponi.
1171 4148 1224 4202 Si
1255 4148 1370 4217 quis
1397 4150 1510 4202 sine
1535 4149 1757 4204 crimine

179 4250 277 4305 est,
309 4242 464 4295 tmins
490 4239 668 4294 uxoris
698 4242 796 4302 vir,
831 4239 966 4294 lilios
994 4239 1195 4293 habens
1226 4239 1421 4299 ﬁdeles,
1459 4239 1634 4292 nonin
1663 4254 1755 4293 ac-

182 4333 454 4385 cusatione
486 4329 727 4394 luxuriat,
772 4341 861 4383 aut
904 4344 1007 4384 non
1053 4330 1313 4384 subditos.
1357 4330 1573 4397 Oportet
1612 4331 1753 4385 enim

182 4421 483 4491 episcopum
506 4422 620 4477 sine
639 4420 863 4475 crimine
878 4437 1017 4485 esse,
1035 4422 1170 4476 sient
1190 4422 1276 4475 Dei
1301 4421 1581 4489 dispensat
1608 4438 1751 4488 rem;

185 4527 282 4566 non
310 4513 618 4583 superbum,
646 4531 747 4566 non
776 4512 1099 4575 irartuulum,
1134 4530 1236 4566 non
1270 4514 1613 4579 vinolentum,
1648 4530 1753 4569 non

186 4617 563 4670 percussorem.
606 4620 708 4658 nun
738 4605 904 4671 turpis
932 4604 1063 4657 lucri
1101 4604 1346 4671 eupidmn
1366 4605 1385 4635 ³
1411 4624 1421 4657 :
1455 4606 1545 4658 sed
1576 4605 1755 4674 hospi-

188 4699 353 4763 talem,
387 4699 688 4767 benignum.
725 4697 985 4761 sobrium,
1019 4696 1241 4765 justum,
1284 4706 1542 4763 sanctum,
1586 4699 1753 4752 «uiitti-

189 4802 411 4854 nentem,
438 4792 839 4859 antpieclrntem
867 4808 987 4843 cum
1018 4791 1103 4859 qui
1138 4791 1427 4844 secundum
1454 4790 1750 4847 doctrinam

191 4892 262 4935 est
288 4883 488 4939 ﬁdelem
514 4899 839 4946 sermonem,
868 4892 917 4933 nt
952 4891 1137 4950 puteus
1175 4881 1246 4934 sit
1271 4882 1534 4935 ισχΙιςειΊειιὶ
1573 4884 1621 4935 iu
1650 4883 1751 4937 do-

191 4974 341 5027 ctrina
370 4989 519 5040 sana,
551 4983 605 5028 et
631 4988 726 5028 eos
751 4974 837 5042 qui
860 4971 1229 5028 euttlradicnat
1263 4989 1502 5042 argui-re.
1546 4973 1609 5026 Et
1641 4985 1751 5044 post

194 5065 367 5133 aliquos
408 5050 805 5132 versuuQnam
837 5065 906 5117 ob
942 5079 1154 5118 causam
1198 5064 1405 5128 increpa
1453 5065 1569 5117 illos‘
1595 5066 1745 5127 ilut‘c.

195 5166 239 5207 ut
262 5158 362 5210 sani
395 5159 501 5212 sint
530 5159 579 5211 in
622 5158 746 5222 ﬁde,
784 5173 885 5211 uou
919 5157 1250 5211 intendentes
1273 5155 1502 5211 Jndaicis
1539 5157 1744 5223 fabulis,

197 5253 243 5299 et
282 5248 533 5303 mandatis
590 5248 861 5302 hominum
910 5247 1266 5301 aversantium
1317 5262 1374 5302 se
1423 5267 1452 5300 a
1508 5249 1746 5303 veriute.

198 5336 362 5393 Omnia
388 5341 577 5395 munda
607 5341 815 5396 mundis
840 5358 853 5393 :
876 5341 1227 5408 eoinquinatis
1247 5348 1424 5394 autem
1446 5352 1494 5394 et
1520 5342 1747 5395 inﬁdeli-

253 5454 267 5485 ι
290 5458 332 5502 tn
343 5453 568 5519 vulgata,
581 5455 646 5504 ad
660 5453 1017 5519 corn'pt'mdwn
1036 5464 1056 5503 :
1071 5452 1121 5503 in
1142 5467 1319 5516 grtwo,
1338 5454 1449 5518 pros
1464 5456 1750 5519 epmwrtltd-

199 5512 277 5575 sin,
295 5514 351 5565 ad
370 5512 719 5567 toﬁ-eclionem.

253 5578 397 5647 fb'ibil
418 5593 564 5642 supra
595 5581 645 5628 in
671 5579 844 5641 graccis
864 5577 1026 5629 Bibliis
1048 5591 1062 5628 ε
1089 5586 1139 5628 at
1171 5580 1221 5628 in
1254 5579 1412 5631 latinis
1442 5581 1649 5647 additur,
1671 5598 1749 5637 εο-

203 5637 458 5770 Μμῗιὲἔιριίε
477 5702 652 5765 codex.
667 5715 760 5756 nm
774 5710 913 5767 turpe
930 5700 1122 5758 lucrm
1134 5710 1410 5758 sectum

1440 263 1524 319 DE
1562 260 1943 321 SCRIPTURA
1980 264 2222 324 SACRA.

3328 282 3465 338 1026

1886 375 1982 431 bus
2011 377 2140 433 nihil
2169 379 2421 434 mundum
2453 399 2467 436 :
2498 381 2590 438 sed
2618 382 2901 456 inquinata:
2939 399 3063 445 sunt
3093 400 3150 448 et
3175 409 3326 451 mens
3363 413 3461 453 eo-

1883 483 2021 530 rum.
2044 479 2098 524 et
2116 472 2459 526 conscientia.
2486 471 2813 533 Conﬁtentur
2835 495 2894 535 se
2920 495 3078 538 nosse
3098 482 3284 552 Deum,
3306 485 3458 545 factis

1882 568 2058 614 autem
2084 571 2311 632 negant;
2333 577 2452 617 cum
2481 564 2587 619 sint
2614 565 2902 623 abominati
2927 578 2981 625 et
2999 570 3367 644 incredibiles,
3400 586 3456 634 et

1882 650 1949 704 ad
1980 666 2140 706 omne
2169 668 2301 723 opus
2332 653 2525 710 bonum
2556 658 2783 727 reprobi.

1952 739 2058 812 [ιι.]
2096 741 2175 797 Τιι
2217 753 2392 799 autem
2421 746 2634 816 loquere
2658 763 2776 818 quae
2807 749 2999 807 decent
3037 769 3218 811 sanam
3247 756 3449 814 doctri-

1882 847 2026 886 nam.
2057 832 2245 897 Senes,
2281 846 2336 890 ut
2365 838 2524 892 sobrii
2546 840 2671 904 siut,
2700 842 2895 910 pudici,
2926 845 3232 915 prudentes,
3265 852 3378 906 sani
3399 853 3454 908 in

1880 923 2004 991 ﬁde,
2031 924 2083 979 iu
2106 926 2406 995 dilectione,
2440 930 2493 984 in
2522 931 2789 1000 patientia.
2828 924 2975 989 Anus
3004 939 3249 995 similiter
3271 941 3322 997 in
3354 942 3453 997 ha-

1878 1014 1991 1070 bitu
2028 1028 2230 1082 sancto,
2270 1034 2375 1075 non
2402 1021 2806 1091 criminatrices,
2838 1041 2944 1081 non
2976 1030 3097 1083 vino
3131 1032 3297 1087 multo
3333 1047 3450 1088 ser-

1878 1107 2101 1175 vientes,
2129 1110 2262 1166 bene
2280 1111 2553 1177 docentes,
2583 1125 2637 1169 ut
2660 1117 2989 1185 prudentiam
3017 1120 3244 1177 doceant
3270 1123 3459 1181 adole-

1878 1202 2164 1268 scentulus,
2194 1213 2251 1258 ut
2281 1205 2420 1260 viros
2435 1221 2560 1261 suos
2579 1216 2778 1275 ament,
2805 1210 2939 1265 ﬁlios
2964 1211 3202 1282 diligant,
3228 1215 3458 1283 pruden-

1879 1300 1979 1357 tes,
1996 1302 2170 1349 castas
2182 1295 2222 1358 ι,
2241 1295 2429 1351 domus
2440 1312 2619 1352 curam
2637 1298 2915 1361 habentes.
2931 1302 3203 1373 benignas,
3218 1305 3457 1362 subditas

1876 1383 1987 1439 suis
2014 1383 2162 1452 viris,
2201 1394 2257 1440 ut
2280 1401 2385 1441 non
2413 1387 2808 1459 blasphemetur
2833 1391 3053 1449 verbum
3083 1394 3195 1449 Dei.
3224 1396 3455 1454 Juvenes

1876 1474 2119 1530 similiter
2148 1475 2361 1532 hortare
2403 1487 2459 1533 ιιι
2493 1479 2656 1534 sobrii
2687 1482 2813 1536 siut.
2845 1483 2901 1537 Ιιι
2946 1484 3193 1540 omnibus
3230 1487 3454 1557 teipsum

1877 1569 2055 1639 praebe
2073 1570 2375 1640 exemplum
2403 1574 2661 1627 bonorum
2686 1589 2905 1643 Operam
2928 1576 2978 1630 in
2999 1577 3260 1646 doctrina,
3289 1579 3343 1635 in
3371 1581 3453 1636 in-

1877 1662 2138 1730 tegritate,
2167 1661 2219 1715 in
2245 1662 2521 1731 gravitate.
2554 1662 2782 1718 Verbum
2822 1680 3030 1731 sanum,
3067 1666 3453 1736 irreprehensi-

1874 1751 1980 1805 bile
2007 1768 2023 1804 :
2049 1760 2107 1805 ut
2134 1752 2178 1805 is
2202 1752 2289 1821 qui
2334 1768 2399 1807 ex
2436 1752 2657 1807 adverso
2683 1763 2785 1821 est,
2812 1766 3075 1821 vereatur,
3104 1758 3230 1813 nihil
3250 1759 3451 1815 habens

1874 1842 2072 1897 malum
2102 1842 2282 1898 dicere
2308 1843 2377 1897 de
2403 1846 2553 1901 nobis
2570 1847 2613 1900 ³.
2646 1846 2839 1902 Servos
2864 1848 3095 1904 dominis
3135 1852 3244 1906 suis
3272 1853 3453 1908 subdi-

1876 1942 1957 1988 tos
1984 1949 2123 1999 esse,
2164 1935 2216 1989 in
2250 1936 2497 1991 omnibus
2523 1938 2812 2008 placentes,
2860 1956 2964 1995 non
3007 1944 3449 2014 contradicentes,

1874 2041 1981 2081 non
2009 2025 2333 2096 fraudantes,
2374 2030 2469 2084 sed
2505 2030 2555 2083 in
2586 2030 2832 2086 onmibus
2869 2031 3024 2087 ﬁdem
3051 2034 3241 2089 bonam
3271 2045 3450 2092 osten-

1872 2117 2081 2181 dentes,
2116 2125 2176 2173 ut
2211 2118 2502 2174 doctrinam
2531 2121 2810 2176 salvatoris
2847 2123 3011 2177 nostri
3042 2122 3134 2178 Dei
3171 2134 3361 2181 ornent
3398 2126 3451 2181 in

1872 2212 2133 2266 omnibus.
2167 2212 2425 2281 Apparuit
2453 2212 2592 2268 enini
2623 2214 2790 2283 gratia
2822 2213 2913 2269 Dei
2938 2214 3213 2271 salvatoris
3232 2216 3252 2249 ³
3282 2219 3452 2273 omni~

1871 2300 1972 2356 bus
1997 2301 2316 2366 hotninibus,
2348 2304 2596 2358 erudiens
2618 2319 2735 2372 nos,
2781 2312 2838 2359 ut
2861 2305 3180 2377 abnegantes
3206 2308 3449 2379 impieta-

1873 2404 1980 2447 tem
2011 2402 2065 2448 et
2086 2395 2360 2448 s:ecularia
2384 2395 2667 2461 desideria,
2691 2396 2867 2451 sobrie
2891 2407 2945 2452 et
2964 2399 3106 2467 juste
3126 2409 3180 2454 et
3206 2401 3290 2470 pie
3308 2402 3450 2455 viva-

1872 2498 1991 2537 mus
2021 2484 2071 2538 in
2104 2486 2202 2539 hoc
2227 2485 2444 2551 saeculo,
2476 2497 2845 2555 exspectantes
2879 2488 3081 2544 beatam
3102 2504 3251 2560 spem
3273 2504 3327 2547 et
3353 2491 3450 2547 ad-

1869 2586 2086 2630 ventum
2131 2578 2315 2646 gloriae
2357 2579 2529 2648 magni
2562 2578 2652 2633 Dei
2697 2588 2751 2633 et
2792 2580 3080 2636 Salvatoris
3118 2584 3283 2637 nostri
3325 2584 3449 2646 Jeso

1868 2668 2085 2735 Christi,
2117 2671 2205 2739 qui
2232 2670 2377 2724 dedit
2401 2674 2742 2741 semetipsum
2773 2688 2870 2743 pro
2890 2675 3064 2741 nobis,
3094 2687 3150 2730 nt
3186 2691 3282 2731 nos
3307 2678 3448 2732 redi-

1870 2768 2043 2813 meret
2074 2767 2142 2813 ab
2178 2762 2322 2815 omni
2350 2761 2644 2831 iniquitate,
2676 2774 2731 2818 et
2764 2765 3045 2820 mandaret
3069 2767 3167 2821 sibi
3200 2769 3448 2837 populum

1867 2852 2269 2921 accrptabilem,
2307 2862 2622 2910 Sectalorcm
2653 2856 2910 2913 bonorum
2940 2875 3181 2935 operum.
3216 2860 3338 2916 ιιωο
3367 2861 3448 2916 lo-

1870 2958 2053 3012 quere,
2071 2954 2125 2998 et
2140 2944 2439 3013 exhortare,
2464 2955 2517 3001 et
2536 2962 2695 3018 argue
2711 2964 2831 3003 cum
2853 2952 2996 3004 omni
3014 2950 3255 3021 imperio.
3281 2951 3460 3010 Nemo-

1868 3043 1922 3091 te
1947 3046 2271 3093 contemnat.

1940 3125 2065 3199 [ιιι.]
2104 3128 2347 3183 Admone
2373 3128 2513 3194 illos,
2544 3130 2869 3201 principibus
2886 3140 2940 3187 et
2959 3134 3307 3202 poteStatibus
3325 3137 3446 3193 sub~

1867 3216 2007 3273 dites
2030 3234 2171 3284 esse,
2203 3220 2344 3275 dicto
2371 3222 2606 3286 obedire,
2633 3222 2700 3277 ad
2728 3238 2887 3279 omne
2912 3239 3044 3294 Opus
3070 3226 3266 3283 bouum
3298 3244 3447 3299 para-

1869 3320 1951 3364 tos
1976 3326 2095 3365 esse
2125 3329 2137 3363 :
2168 3314 2431 3368 nemiuem
2461 3314 2856 3385 blasphemare,
2886 3335 2991 3373 non
3018 3320 3279 3391 litigiosus
3303 3339 3443 3393 esse,

1866 3401 1960 3455 sed
1986 3402 2275 3470 modestos,
2297 3420 2509 3460 omnem
2532 3407 2874 3463 ostendentes
2902 3415 3359 3470 mansuetudinem
3379 3416 3445 3472 ad

1866 3506 2053 3547 omnes
2085 3494 2346 3551 homines.
2380 3494 2447 3549 Et
2468 3507 2577 3566 post
2604 3514 2789 3566 paucos
2812 3515 2982 3554 versus
3004 3516 3024 3555 :
3050 3500 3244 3559 Fidelis
3268 3521 3445 3563 sermo

1866 3592 1983 3649 est;
2013 3586 2151 3638 etde
2174 3586 2254 3639 his
2286 3587 2403 3641 volo
2430 3596 2479 3641 te
2504 3590 2841 3657 conﬁrmare,
2863 3599 2919 3645 ut
2938 3604 3124 3648 curent
3146 3595 3296 3651 bouis
3318 3613 3446 3668 ope-

1864 3676 2011 3731 ribus
2037 3693 2263 3744 praeesse
2287 3678 2376 3748 qui
2405 3678 2627 3733 credunt
2655 3680 2781 3735 Deo.
2814 3682 2935 3738 litec
2955 3695 3078 3739 sunt
3102 3685 3240 3742 bona
3261 3697 3315 3743 et
3343 3691 3444 3745 uti-

1863 3767 1932 3823 lia
1962 3769 2282 3825 hominibus.
2313 3770 2511 3825 Stultas
2539 3783 2715 3827 autem
2741 3774 3083 3843 quatstiones,
3112 3787 3165 3832 et
3192 3780 3442 3848 genealo.

1861 3861 1996 3930 gius,
2045 3871 2099 3916 et
2138 3864 2525 3928 contentiones,
2569 3872 2623 3917 et
2668 3877 2872 3934 pugnas
2913 3865 3043 3936 legis
3080 3867 3256 3924 devita
3285 3881 3443 3929 :sunt

1863 3953 2004 4007 enim
2026 3952 2237 4007 inutiles
2252 3962 2305 4007 et
2328 3968 2492 4009 vanae.
2518 3953 2832 4011 [lacreticmn
2861 3959 3128 4015 hominem
3152 3970 3271 4031 post
3286 3979 3443 4019 uuam

1862 4055 1916 4099 et
1960 4046 2245 4100 secundum
2289 4048 2680 4117 correptionent
2708 4049 2902 4117 devita,
2946 4052 3119 4108 sciens
3157 4054 3279 4123 quia
3317 4058 3442 4113 sub-

1861 4154 2049 4193 versus
2075 4150 2157 4194 est
2184 4140 2272 4210 qui
2293 4140 2551 4211 ejusmodi
2580 4151 2681 4208 est,
2708 4150 2763 4197 et
2782 4142 3037 4213 delinquit
3061 4147 3277 4216 proprio
3299 4147 3441 4217 judi-

1859 4233 1943 4287 cio
1970 4233 2372 4307 condemnatus.

1932 4325 2020 4379 DE
2062 4322 2382 4379 l-JPISTOIA
2428 4324 2487 4377 Β.
2532 4322 2733 4379 PAULI
2778 4324 2869 4379 AD
2910 4325 3367 4382 PHILEMONEM.

1931 4414 2193 4470 Gaudium
2232 4416 2375 4469 enim
2409 4429 2656 4484 magunum
2688 4414 2845 4469 habui
2870 4425 2925 4469 et
2939 4420 3353 4474 consolationem
3380 4421 3436 4476 in

1859 4508 2117 4562 cbaritate
2166 4516 2273 4573 tua,
2316 4509 2437 4577 quia
2469 4508 2669 4562 viscera
2720 4518 3024 4563 sanctorum
3065 4512 3439 4581 requieverunt

1860 4618 1954 4671 per
1994 4611 2075 4666 te,
2126 4600 2305 4654 frater.
2351 4599 2416 4653 Et
2454 4602 2607 4671 paulo
2647 4614 2757 4671 post
2784 4616 2803 4654 :
2827 4601 2994 4669 Quem
3036 4619 3135 4673 ego
3169 4605 3436 4661 volueram

1859 4707 2065 4745 mecum
2091 4690 2352 4754 detinere,
2388 4698 2440 4742 ut
2470 4706 2563 4759 pro
2596 4699 2645 4743 te
2669 4690 2795 4744 mihi
2824 4690 3145 4748 ministraret
3179 4694 3231 4748 itt
3257 4696 3438 4750 vincu-

1857 4780 1923 4835 lis
1950 4780 2220 4851 Evangrlii
2252 4797 2265 4833 :
2296 4778 2413 4834 sine
2440 4779 2663 4835 consilio
2691 4789 2863 4835 auten
2892 4792 2982 4836 tuo
3007 4783 3135 4838 nihil
3171 4786 3307 4840 volui
3352 4788 3432 4841 fa—

1857 4889 1998 4940 cere,
2028 4876 2100 4928 uti
2130 4889 2196 4928 ne
2224 4874 2368 4929 velut
2404 4889 2471 4930 ex
2509 4873 2823 4929 necessitate
2858 4873 3054 4930 bellum
3091 4886 3235 4930 tuum
3266 4888 3429 4947 eSset,

1856 4966 1949 5022 sed
1970 4966 2343 5021 voluntarium.

2156 5104 2242 5158 DE
2280 5101 2605 5158 EPISTOLA
2648 5100 2739 5156 AD
2778 5100 3118 5157 IIEBBJEOS

1928 5219 2079 5293 [Cap.
2110 5217 2211 5291 in.)
2252 5217 2459 5281 Videte,
2490 5214 2704 5281 fratres,
2733 5230 2799 5270 ne
2822 5214 2954 5270 forte
2973 5215 3041 5269 sit
3064 5216 3115 5270 in
3140 5216 3315 5288 aliquo
3339 5235 3430 5274 vc-

1919 5335 1934 5366 ι
1961 5334 2163 5445 γὲἓζιῗω
2183 5331 2344 5389 addit,
2368 5330 2551 5381 sobria
2588 5340 2606 5379 :
2638 5327 2717 5377 cui
2754 5328 2907 5377 verbo
2927 5326 3043 5377 nihil
3076 5328 3155 5379 hic
3186 5329 3239 5379 in
3272 5343 3432 5395 graeco

1919 5409 1998 5445 suo
2068 5412 2133 5444 e.

1853 5406 2133 5446 PBSDODOUI.

1918 5409 2133 5458 Spondet.

1918 5460 1937 5489 '
1963 5459 2137 5519 Regius
2157 5455 2329 5519 codex,
2353 5455 2413 5503 de
2434 5452 2561 5519 rotis
2580 5467 2597 5513 ,'
2613 5453 2747 5519 juxta
2772 5465 3001 5516 graecum.

1918 5522 1941 5552 ³
1964 5513 2188 5581 vulgata.
2228 5515 2474 5567 salvatoris
2503 5513 2651 5566 nostri
2678 5513 2855 5581 {aliast
2874 5550 2889 5573 ,
2928 5513 3095 5574 nostri,
3126 5527 3159 5581 aq
3189 5514 3433 5581 codicibus

1853 5576 2129 5656 Speculifet
2148 5594 2176 5627 a
2197 5594 2357 5656 {gi-aco
2378 5588 2539 5645 textu.
2577 5584 2671 5656 toto
2695 5578 2740 5648 in
2761 5590 2921 5641 graco
2943 5589 3050 5647 cum
3073 5576 3278 5656 articqu
3299 5579 3432 5656 temi-

1854 5637 1968 5694 uino
2088 5637 2359 5707 notuinaudi
2381 5654 2497 5690 casu
2518 5642 2544 5692 ε
2563 5637 2785 5703 δικένὶοῇ
2797 5653 2894 5703 quo
2913 5640 3069 5703 gratia
3086 5640 3191 5707 ipsa
3208 5637 3432 5692 ululans

1852 5720 1946 5758 seu
1965 5704 2210 5756 salutatam
2231 5705 2466 5767 signatur.
