3878 6304
537 245 669 307 1031

535 365 811 432 mueritis,
866 372 928 420 ut
975 377 1082 420 non
1131 360 1542 419 conturbemini.
1595 359 1881 415 Dominum
1938 367 2119 416 autem

534 456 805 513 Christum
828 456 1152 512 sanctitlcate
1185 454 1238 509 in
1263 452 1514 509 cordibus
1540 451 1754 512 vestris.
1785 452 1953 523 parati
1981 466 2123 507 sem-

537 563 636 620 per
656 547 725 604 ad
755 546 1172 605 satisfactionem
1203 545 1348 601 omni
1377 544 1615 616 poscenti
1643 558 1737 599 vos
1765 544 2026 598 rationem
2052 541 2121 599 de

536 655 599 696 ea
619 681 635 706 ,
661 654 780 711 qua:
808 638 863 695 in
897 638 1045 695 vobis
1070 646 1188 704 est,
1219 653 1353 708 spe:
1395 635 1491 692 sed
1518 651 1639 692 cum
1680 636 1939 692 modestia
1964 644 2022 692 et
2055 635 2123 689 ti-

538 745 721 793 more,
749 728 1131 786 conscientiam
1158 728 1413 783 habentes
1443 728 1667 792 bonam,
1711 736 1771 781 ut
1801 726 1855 782 in
1888 741 1956 783 eo
1979 725 2121 797 quod

536 818 825 876 detrahunt
866 818 1050 885 vobis,
1080 817 1470 874 confundantur
1493 816 1584 886 qui
1612 816 2004 872 calumniantur
2029 829 2122 871 ve-

537 920 702 965 stram
748 909 939 965 bonam
969 909 1020 963 in
1047 908 1263 963 Christo
1296 908 1783 964 conversationem.
1828 906 2012 963 Ilelius
2037 914 2122 962 est

537 1003 680 1058 enim
718 1000 1128 1069 benefacientes,
1153 1001 1200 1059 si
1222 1001 1352 1057 velit
1370 1000 1465 1058 Dei
1493 1001 1739 1057 voluntas
1755 1041 1772 1066 ,
1801 999 1908 1071 pati
1922 1041 1939 1067 ,
1962 1013 2120 1070 quam

539 1094 955 1152 malefacientes.

611 1184 679 1240 Et
706 1194 819 1256 post
842 1185 1038 1257 aliquos
1061 1200 1234 1240 versu
1256 1181 1381 1257 [ιι]
1406 1202 1420 1239 2
1451 1183 1669 1241 Christo
1693 1184 1848 1254 igitur
1879 1198 2039 1255 passo
2066 1185 2120 1241 in

537 1290 730 1341 carne,
776 1284 832 1331 et
854 1291 949 1332 vos
971 1276 1161 1332 eadem
1189 1276 1511 1347 cogitatione
1533 1276 1813 1331 armamini
1839 1294 1851 1329 :
1884 1277 2005 1346 quia
2031 1276 2121 1345 qui

540 1380 728 1439 passus
746 1374 830 1422 est
857 1366 911 1421 in
939 1381 1123 1434 carne,
1151 1366 1311 1422 desiit
1335 1384 1364 1419 a
1396 1368 1646 1438 peccatis,
1682 1376 1736 1421 ut
1757 1366 1867 1438 jam
1892 1382 1999 1423 non
2027 1370 2123 1422 bo—

537 1459 741 1514 minum
766 1458 1078 1521 desideriis,
1106 1458 1200 1515 sed
1238 1459 1493 1514 voluntati
1522 1458 1653 1523 Dei,
1683 1459 1824 1530 quod
1862 1460 2122 1531 reliquum

537 1558 622 1605 est
646 1549 699 1604 in
728 1564 889 1605 carne
911 1549 1051 1603 vivat
1077 1550 1355 1621 temporis.
1382 1548 1593 1606 Sufﬁcit
1619 1550 1763 1606 enim
1794 1551 2119 1621 pneteritum

540 1649 751 1710 tempus
776 1640 843 1695 ad
870 1641 1192 1696 voluntatem
1227 1643 1462 1712 gentium
1488 1642 1963 1698 consummandam
1980 1685 1996 1710 ,
2038 1642 2123 1699 his

539 1732 628 1801 qui
654 1729 1056 1787 ambulaverunt
1078 1732 1130 1786 in
1163 1732 1407 1799 lusoriis,
1438 1732 1755 1799 desideriis,
1783 1734 2122 1803 vinolentiis,

540 1820 1047 1884 comessationibus,
1078 1822 1454 1891 potationibus,
1495 1822 1842 1879 ebrietatibus
1868 1828 1911 1890 ι,
1940 1833 1992 1879 et
2020 1824 2123 1880 illi-

538 1908 661 1966 citis
687 1909 946 1966 idolorum
982 1911 1229 1967 cultibus.
1257 1911 1323 1966 Et
1345 1920 1457 1982 post
1480 1912 1676 1982 aliquos
1697 1928 1909 1969 versus:
1940 1914 2127 1971 Estote

540 2001 719 2073 itaque
762 2002 1083 2074 prudentes,
1135 2010 1191 2059 et
1231 2002 1445 2074 vigilate
1490 2003 1545 2059 in
1594 2004 1944 2060 orationibus.
1988 2005 2126 2061 Ante

540 2094 719 2150 omnia
740 2103 972 2149 mutuam
995 2092 1049 2148 iu
1071 2086 1471 2163 vobistnetipsis
1484 2092 1800 2150 charitatem
1820 2095 2127 2151 continuam

541 2182 801 2239 habentes
833 2200 849 2240 :
878 2184 1002 2256 quia
1029 2182 1263 2240 charitas
1299 2184 1478 2256 operit
1514 2184 1902 2241 tnultitudiuem
1942 2200 2128 2256 pecca-

542 2282 738 2330 torum.
763 2273 1064 2344 Hospitales
1084 2275 1337 2341 invicem,
1360 2275 1479 2332 sine
1499 2276 1939 2332 nturmuratione.
1964 2275 2129 2333 Unus-

541 2365 766 2436 quisque
793 2363 933 2420 sicut
977 2367 1183 2437 accepit
1222 2366 1481 2437 gratiam,
1532 2366 1584 2420 in
1629 2367 1940 2422 alterutrum
1985 2367 2128 2422 illam

542 2454 972 2510 administrautes
991 2497 1007 2523 ,
1048 2456 1186 2511 sicut
1216 2456 1339 2511 boni
1368 2456 1767 2526 dispensatores
1791 2456 2130 2513 multiformis

542 2544 726 2615 gratiae
752 2544 867 2600 Dei.
899 2544 955 2600 Si
981 2544 1100 2617 quis
1128 2545 1379 2616 loquitur,
1427 2547 1576 2616 quasi
1615 2561 1895 2603 sermones
1924 2546 2052 2612 Dei;
2082 2545 2130 2603 si

542 2635 665 2708 quis
690 2637 976 2705 ministrat,
1009 2645 1258 2708 tanquam
1291 2653 1356 2694 ex
1384 2638 1580 2694 virtute
1604 2653 1761 2709 quam
1798 2638 2133 2695 administrat
2182 2664 2183 2667 η

544 2728 723 2786 Deus:
756 2738 814 2785 ut
838 2729 890 2784 in
918 2729 1168 2786 omnibus
1193 2729 1575 2786 lmnorilieetnr
1611 2730 1748 2786 Deus
1768 2773 1783 2791 .
1816 2746 1912 2799 per
1947 2730 2131 2786 .lesum

543 2820 811 2877 Christum
855 2819 1141 2877 Dominum
1163 2863 1180 2887 ,
1224 2822 1309 2876 cui
1339 2831 1424 2877 est
1465 2822 1630 2892 gloria
1661 2831 1716 2877 et
1752 2821 2031 2893 imperium
2078 2823 2129 2877 in

545 2911 739 2968 saecula
764 2911 1102 2967 surculorum.
1128 2910 1462 2978 Charissimi,
1496 2911 1659 2966 nolite
1682 2912 2004 2982 peregrinari
2027 2914 2047 2944 '
2076 2912 2129 2966 in

544 3003 788 3068 fervore,
835 3001 926 3071 qui
970 3002 1036 3055 ad
1063 3002 1407 3056 teutationem
1448 3001 1598 3056 vobis
1628 3001 1717 3067 fit;
1749 3002 1913 3056 nolite
1939 3017 2131 3071 pavere

544 3092 694 3164 quasi
719 3091 914 3161 aliquid
943 3092 1063 3145 novi
1091 3092 1246 3146 vobis
1274 3092 1582 3161 contingat:
1615 3090 1710 3146 sed
1734 3093 2135 3146 communican-

550 3193 632 3240 tes
657 3183 854 3238 Christi
897 3182 1229 3252 passionibus
1266 3181 1528 3252 gaudete,
1557 3192 1615 3237 ut
1655 3190 1705 3236 et
1732 3182 1783 3237 in
1811 3182 2132 3254 revelatione

551 3275 734 3346 gloria
754 3274 870 3344 ejus
898 3274 1172 3344 gaudeatis
1198 3274 1544 3330 exsultantes.
1571 3274 1627 3330 Si
1657 3276 2049 3344 exprobrantini
2076 3276 2130 3332 iu

550 3365 768 3422 nomine
795 3365 1013 3429 Christi,
1047 3364 1185 3420 beati
1213 3365 1362 3421 eritis
1383 3364 1443 3419 ':
1474 3365 1727 3436 quoniam
1752 3365 1893 3436 quod
1921 3374 2007 3423 est
2034 3366 2132 3423 bo-

553 3457 724 3525 noris,
750 3456 953 3528 gloriae,
986 3466 1041 3512 et
1062 3456 1272 3512 virtutis
1297 3457 1411 3522 Dei,
1437 3465 1492 3512 et
1517 3457 1606 3528 qui
1631 3467 1714 3513 est
1735 3457 1853 3529 ejus
1876 3458 2095 3528 Spiritus
2112 3501 2128 3527 ,

544 3563 707 3620 super
746 3563 844 3604 vos
872 3547 1188 3618 requiescet.
1218 3545 1387 3602 Nemo
1411 3554 1591 3602 autem
1620 3556 1855 3602 vestrum
1902 3549 2131 3619 patiatur

545 3642 693 3714 quasi
725 3639 1011 3707 hutnicida,
1033 3648 1125 3695 aut
1148 3638 1249 3704 fur,
1272 3648 1364 3694 aut
1385 3639 1700 3706 maledicus,
1722 3648 1816 3694 aut
1833 3640 2128 3696 alienorum

544 3734 825 3806 appetitor.
854 3733 910 3790 Si
952 3732 1129 3788 autem
1173 3739 1230 3785 ut
1257 3731 1617 3797 cltristiauus,
1666 3746 1771 3787 non
1812 3733 2128 3790 erubescat:

545 3826 803 3899 glorilicet
824 3832 1004 3879 autem
1034 3823 1197 3879 Deum
1224 3823 1278 3877 in
1307 3823 1409 3879 isto
1439 3824 1684 3888 nomine;
1715 3825 1965 3894 quoniam
1993 3834 2128 3880 tem-

547 3931 649 3989 pus
670 3926 754 3972 est
778 3924 836 3970 ut
876 3914 1091 3984 incipiat
1111 3912 1366 3984 judicium
1395 3914 1463 3969 de
1487 3913 1646 3971 domo
1675 3913 1699 3946 ⁸
1724 3914 1840 3971 Dei.
1870 3915 1926 3971 Si
1952 3924 2129 3971 autem

551 4008 780 4077 primum
802 4020 832 4060 a
860 4005 1033 4070 vobis,
1063 4005 1182 4074 quis
1205 4003 1325 4059 fluis
1345 4020 1528 4060 eorum
1555 4006 1642 4075 qui
1665 4020 1769 4061 non
1791 4006 2016 4063 credunt
2037 4007 2130 4063 Dei

550 4094 878 4166 Evangelioi
902 4103 960 4150 et
982 4094 1030 4148 si
1054 4096 1228 4164 justus
1259 4095 1344 4150 vix
1366 4096 1679 4163 salvabitur,
1710 4097 1902 4166 impius
1928 4106 1983 4154 et
2005 4113 2131 4169 pec-

546 4198 697 4244 cator
722 4185 809 4242 ubi
847 4185 1145 4256 parebunt?
1169 4184 1350 4257 Itaque
1373 4194 1429 4241 et
1453 4187 1487 4241 ii
1515 4187 1603 4256 qui
1633 4188 1904 4259 patiuntur
1931 4204 2127 4244 secun-

546 4276 673 4335 dum
701 4278 1021 4332 voluntatem
1050 4276 1161 4336 Dei.
1193 4276 1333 4333 fideli
1358 4275 1600 4333 Creatori
1619 4277 1995 4335 commendent
2012 4280 2127 4334 ani-

549 4383 662 4425 mas
685 4382 808 4423 suas
829 4367 882 4421 in
912 4366 1225 4423 benefactis.

618 4457 731 4534 [ν]
756 4458 1010 4515 Seniores
1033 4473 1161 4530 ergo
1184 4459 1273 4529 qui
1304 4458 1356 4514 in
1384 4459 1534 4516 vobis
1558 4469 1709 4526 sunt,
1749 4461 1972 4518 obsecro
2000 4478 2129 4518 con-

548 4551 730 4607 senior
747 4559 803 4605 et
835 4551 984 4606 te~tis
1007 4549 1200 4604 Citriin
1229 4549 1531 4619 passionum
1547 4592 1564 4619 ,
1596 4552 1764 4622 quiet
1790 4553 1906 4624 ejus
1926 4571 2049 4626 qua:
2074 4556 2126 4612 in

550 4640 726 4697 futuro
755 4640 1032 4697 revelauda
1071 4651 1152 4696 est
1196 4640 1381 4711 glorise
1424 4643 1877 4707 communieator,
1925 4647 2127 4717 pascite

550 4735 642 4807 qui
667 4736 718 4790 in
744 4734 895 4789 vobis
917 4742 999 4789 est
1020 4749 1232 4806 gregem
1263 4735 1374 4799 Dei,
1402 4736 1740 4806 providentes
1767 4756 1870 4795 non
1905 4753 2088 4799 coacte
2106 4786 2121 4813 ,

553 4825 648 4883 sed
677 4833 968 4897 spontanee
995 4825 1282 4881 secundum
1330 4828 1493 4881 Deum
1526 4846 1539 4883 :
1573 4845 1746 4901 neque
1790 4833 1958 4903 turpis
1997 4834 2125 4891 lucri

549 4922 739 4994 gratia,
765 4919 858 4976 sed
881 4921 1206 4987 voluntarie;
1235 4936 1408 4991 neque
1435 4933 1495 4977 ut
1518 4921 1854 4981 dominantes
1874 4927 1925 4981 in
1945 4929 2121 4997 cleris,

551 5013 644 5066 sed
676 5015 858 5068 forma:
905 5013 1023 5068 facti
1052 5013 1229 5084 gregis
1255 5029 1320 5068 ex
1348 5014 1545 5069 animo.
1578 5015 1789 5071 Etcum
1824 5023 2125 5089 apparuerit

555 5119 897 5234 ω
908 5135 1030 5183 .vox,
1051 5120 1373 5184 ebrietatibus,
1400 5136 1495 5175 nec
1520 5126 1665 5176 estin
1687 5125 2032 5180 sincerioribus
2055 5131 2125 5180 Bi-

613 5248 635 5278 ι
659 5254 762 5314 ιριεε.
802 5258 908 5314 pro,
941 5245 1083 5299 nolite
1124 5247 1442 5314 perrgmwi,
1475 5247 1656 5300 habent
1679 5284 1694 5310 ,
1727 5248 1869 5314 nolite
1904 5248 2078 5314 parari
2104 5266 2123 5304 :

547 5307 689 5377 quod!
710 5307 818 5357 nou‘
846 5310 1002 5358 minus
1032 5307 1259 5377 quadrat'
1284 5309 1356 5377 ad_
1388 5307 1600 5374 graecum
1621 5344 1641 5374 ,
1799 5311 2121 5377 gazidzestlte,

562 5368 595 5417 ιι
620 5375 714 5428 est,
738 5382 803 5419 ne
823 5368 1217 5421 COIIIIIIOVéatIIlJi
1240 5380 1292 5422 ut
1327 5368 1458 5422 Ilti'e
1482 5386 1604 5422 nova
1624 5368 1680 5423 et
1701 5372 1906 5423 insolita.
1929 5381 2041 5424 Nam
2070 5368 2124 5429 et

549 5429 849 5506 15",“9W’
871 5431 925 5506 ἐκ
948 5433 1134 5506 meo.
1164 5434 1312 5484 νεηίι
1341 5434 1759 5506 intervisis“
1779 5434 1887 5485 ηουί
1905 5434 2122 5506 ali-1W;

548 5493 918 5576 ειιιὲἒιιδῃέιξξζίδ
936 5493 1064 5557 quod
1089 5495 1167 5543 hic
1188 5493 1508 5558 praemittitur,
1538 5493 1681 5546 nolite
1710 5508 1898 5561 pavere,
1930 5493 2071 5550 abest
2093 5493 2122 5552 ὁ

547 5552 1001 5682 ωῗῗυιέἱιᾶἓίὲὸάρι
1025 5629 1187 5680 graeco
1205 5619 1517 5669 consentiens
1538 5631 1633 5682 non
1646 5617 1795 5682 ambiit,
1810 5618 1965 5674 eritis.

611 5627 719 5660 ἰιι
771 5627 1001 5665 usoouex
1025 5627 1838 5682 graamwnseutiensmuunhe

610 5627 1657 5744 δνζεδωιαάωιοσαωαβροιοιιοίιωκ.
1828 5690 1838 5699 ο

885 5819 911 5828 ,ν
926 5794 1036 5830 ηοξωτ
1069 5801 1091 5822 ἰ
1106 5801 1167 5827 ωτι

1760 243 1820 301 S.
1859 242 1998 302 AUC
2006 238 2226 302 USTINI
2259 243 2617 307 ερερυιυιι

3638 257 3729 317 iliis

2230 362 2476 434 princeps
2501 374 2795 436 pastorum,
2824 367 3128 439 percipiatis
3166 368 3634 428 inmarcescibilem
3650 376 3727 444 gis-

2227 454 2321 510 τίω
2341 469 2610 512 somnum.
2655 455 2931 524 Similiter,
2960 456 3363 524 adolescentes,
3400 460 3580 517 subditi
3609 474 3728 522 estote

2226 547 2542 603 senioribus.
2586 546 2785 604 Omnes
2825 558 3003 605 autem
3036 538 3265 607 invicem
3298 550 3621 608 humilitatem
3643 555 3728 612 insi-

2226 648 2413 705 nuale;
2438 638 2562 709 quia
2591 639 2733 695 Deus
2757 640 3002 710 superbis
3026 641 3228 696 resistit
3252 682 3269 708 ,
3315 640 3584 698 humilibus
3602 654 3727 701 autem

2225 731 2316 788 dat
2335 733 2579 803 gratiam.
2598 733 2957 790 llumiliamini
2986 736 3142 807 igitur
3158 737 3263 793 sub
3288 738 3481 809 potenti
3500 753 3636 795 manu
3650 740 3727 806 Dei,

2225 832 2285 877 ut
2327 838 2423 879 vos
2466 825 2663 881 esaltet
2704 826 2757 881 in
2799 835 3037 897 tempore
3063 827 3400 883 visitatiouis.
3444 829 3641 886 Dionem
3659 833 3731 887 sol-

2225 916 2549 973 licitudinem
2599 929 2829 974 vestram
2870 920 3212 991 projieientes
3264 921 3317 976 in
3354 935 3506 987 eum;
3543 923 3729 993 quatiam

2225 1005 2326 1077 ipsi
2365 1021 2490 1062 cura
2531 1018 2614 1064 est
2641 1008 2709 1064 de
2752 1010 2921 1067 vobis.
2950 1010 3126 1067 Sobrii
3169 1020 3381 1077 estote,
3403 1011 3730 1084 vigilatezqttia

2224 1098 2566 1156 adversarius
2595 1110 2771 1157 vester
2791 1102 3053 1169 diabolus,
3076 1112 3330 1174 tanquam
3357 1103 3441 1159 leo
3463 1104 3642 1176 mgieus
3659 1107 3730 1162 εἱε-
3796 1100 3797 1109 “

2225 1191 2336 1246 cuit
2376 1207 2622 1261 quazrens
2662 1208 2821 1265 quem
2860 1194 3100 1251 devoret.
3138 1193 3239 1249 Cui
3286 1195 3512 1251 resistite
3535 1196 3669 1251 furta
3694 1197 3730 1251 in

2230 1280 2355 1344 fide,
2388 1284 2617 1339 scientes
2640 1284 2880 1341 eamdem
2907 1286 3209 1355 passionem
3248 1285 3301 1341 ei
3323 1327 3339 1351 ,
3380 1302 3492 1358 quae
3517 1287 3564 1342 in
3587 1287 3729 1344 mundo

2230 1382 2330 1435 est,
2356 1382 2549 1429 vestra:
2574 1373 2886 1431 fmternitati
2904 1376 3038 1432 fieri.
3059 1377 3200 1433 Dens
3219 1386 3396 1433 autem
3414 1378 3570 1432 omnis
3580 1378 3727 1448 gratia,

2228 1462 2318 1532 qui
2345 1465 2552 1519 vocavit
2575 1478 2674 1520 nos
2711 1464 2764 1521 in
2796 1475 3049 1523 aeternam
3088 1482 3240 1522 suam
3270 1467 3484 1539 gloriam
3507 1468 3553 1524 in
3573 1467 3728 1523 Christo

2227 1552 2386 1618 Jesu,
2425 1555 2692 1611 modicum
2720 1570 2933 1627 passos,
2978 1558 3091 1629 ipse
3125 1559 3400 1629 perﬁciet,
3435 1560 3725 1622 conlirmbit.

2229 1647 2600 1718 solidabitque.
2632 1648 2736 1720 Ipsi
2763 1649 2931 1722 gloria
2951 1660 3007 1707 et
3034 1650 3320 1722 imperium
3346 1651 3398 1706 in
3420 1651 3591 1708 sarcula
3612 1665 3728 1707 sea-

2228 1741 2420 1799 Iorum.
2454 1744 2644 1801 Amen.

2617 1853 2707 1911 DE
2747 1854 3071 1914 EPISTOLA
3108 1857 3155 1913 Il
3193 1856 3413 1914 PETRI.

2302 1970 2454 2044 [Cap.
2480 1971 2545 2047 1.]
2576 1974 2676 2031 Per
2696 1991 2856 2046 quem
2882 1977 2900 2009 ⁸
2930 1977 3159 2032 maxima
3186 1975 3342 2032 nobis
3359 1983 3412 2031 et
3434 1974 3629 2046 pretiosa
3644 1983 3727 2043 pro-

2232 2061 2393 2117 missa
2418 2062 2652 2129 donavit,
2689 2073 2746 2119 ut
2772 2078 2867 2135 per
2893 2065 3009 2122 haec
3035 2064 3340 2122 efficiamini
3365 2064 3540 2119 divinae
3562 2075 3724 2118 conm.

2232 2160 2314 2209 tes
2339 2161 2569 2219 natum,
2601 2153 2861 2226 fugientes
2896 2156 3013 2227 ejus
3051 2171 3173 2227 qua:
3201 2157 3256 2211 in
3284 2154 3474 2211 mundo
3496 2162 3568 2209 est
3587 2165 3727 2208 unicu-

2235 2244 2505 2313 piscentize
2533 2244 2977 2317 corruptionem“
3000 2245 3111 2302 Vos
3150 2257 3329 2303 autem
3371 2259 3537 2301 curam
3573 2254 3725 2297 omnem
3796 2244 3797 2325 ι

2234 2335 2651 2406 subinferentes,
2695 2337 2990 2395 ministrate
3017 2339 3070 2393 in
3116 2338 3223 2395 fide
3247 2347 3419 2394 vestra
3443 2337 3670 2393 virtutem;
3692 2332 3727 2387 in

2234 2431 2427 2487 virtute
2453 2441 2664 2500 autem,
2701 2432 3010 2496 scientiam;
3055 2432 3106 2488 in
3137 2432 3356 2488 scientia
3397 2438 3581 2496 autem,
3615 2422 3727 2481 abstia

2234 2521 2505 2587 nentiam;
2547 2522 2599 2576 in
2627 2523 2943 2579 abstinentia
2980 2532 3193 2591 autem,
3246 2523 3560 2593 patientiam;
3596 2518 3637 2574 in
3664 2531 3727 2586 pa-

2237 2611 2418 2666 tientia
2443 2622 2639 2674 autem.
2673 2613 2955 2683 pietatem;
2988 2614 3040 2669 in
3065 2613 3262 2683 pietate
3287 2624 3477 2679 autem,
3503 2606 3727 2665 fraternita-

2237 2699 2304 2756 tis
2323 2716 2558 2756 amorem
2577 2717 2593 2768 ;
2618 2702 2671 2756 in
2692 2719 2873 2758 amore
2891 2714 3066 2759 autem
3087 2704 3447 2768 fraternitatis,
3465 2699 3725 2756 clmritatem.

2236 2791 2360 2849 lla-c
2384 2794 2526 2849 enim
2547 2794 2696 2850 vobis
2714 2810 2834 2851 cum
2854 2795 3030 2851 adsint
3053 2798 3074 2828 '
3094 2806 3151 2853 et
3174 2805 3438 2867 superent,
3464 2807 3554 2849 non
3572 2802 3724 2852 ramos.

2236 2900 2336 2940 nec
2362 2886 2478 2942 sine
2503 2884 2675 2941 fructu
2702 2902 2798 2941 vos
2822 2891 3149 2943 constituent
3174 2888 3226 2942 in
3257 2886 3453 2942 Domini
3480 2880 3620 2938 nostri
3639 2876 3727 2933 Just
3795 2876 3797 2943 ἲ

2234 2974 2430 3032 Christi
2453 2978 2753 3049 cognitione
2781 2977 2823 3031 ³.
2866 2976 2961 3032 Cui
2990 2980 3132 3034 enim
3166 2995 3270 3035 nou
3300 2986 3479 3049 praesto
3497 2980 3601 3031 sunt
3622 2969 3723 3031 hac.

2235 3081 2408 3124 ctecus
2443 3078 2559 3135 est,
2605 3079 2658 3123 et
2701 3085 2858 3124 manu
2891 3079 3101 3127 teutans
3123 3113 3143 3138 ,
3189 3070 3493 3125 oblivionem
3530 3061 3725 3132 accipiens

2238 3160 2560 3232 purgationis
2587 3169 2823 3217 veterum
2852 3172 3069 3218 suorum
3094 3160 3422 3221 delictorum.
3452 3158 3723 3228 Quapmplﬂ.

2236 3250 2449 3321 fratres,
2482 3254 2648 3325 magis
2665 3253 2909 3326 satagite,
2940 3263 2998 3311 ut
3022 3269 3118 3326 per
3147 3257 3281 3312 bona
3309 3270 3458 3322 opera
3484 3259 3643 3306 certam
3663 3257 3724 3296 ve-

2236 3354 2400 3400 stram
2429 3344 2757 3402 voeationem
2786 3355 2842 3401 et
2886 3348 3204 3405 electimiem
3250 3345 3459 3408 faciatis.
3504 3340 3606 3397 Ilzec
3623 3332 3725 3391 ειιίω

2237 3435 2492 3493 facientes
2515 3452 2621 3493 non
2649 3437 2934 3507 [ﬂexibilis
2957 3439 3266 3510 aliquando.

2308 3525 2377 3581 Et
2404 3537 2515 3598 post
2544 3528 2805 3597 paululum
2835 3525 2943 3602 [u.]
2965 3546 2976 3581 :
3001 3528 3153 3587 Sicut
3176 3540 3230 3585 et
3257 3529 3309 3585 in
3336 3524 3473 3581 vobis
3499 3525 3625 3577 erunt
3647 3526 3722 3570 ιιιι⁴

2236 3617 2380 3659 σίςιιιί
2415 3617 2696 3659 nmndsmne
2738 3621 2825 3659 nuli
2851 3619 3183 3659 ints-mlnmsnl
3213 3631 3379 3659 mine
3400 3607 3668 3659 nerdilitlllis.
3688 3608 3721 3657 α

2235 3354 2400 3400 stram
2429 3344 2757 3402 vocationem
2786 3355 2842 3401 et
2886 3348 3204 3405 electimiem
3250 3345 3459 3408 faciatis.
3504 3340 3606 3397 Ilzec
3623 3332 3725 3391 ειιίω

2237 3435 2492 3493 facientes
2515 3452 2621 3493 non
2649 3437 2934 3507 [ﬂexibilis
2957 3439 3266 3510 aliquando.

2308 3525 2377 3581 Et
2404 3537 2515 3598 post
2544 3528 2805 3597 paululum
2835 3525 2943 3602 [u.]
2965 3546 2976 3581 :
3001 3528 3153 3587 Sicut
3176 3540 3230 3585 et
3257 3529 3309 3585 in
3336 3524 3473 3581 vobis
3499 3525 3625 3577 erunt
3647 3526 3722 3570 ιιι·

2232 3617 2382 3688 gistri
2413 3617 2717 3683 mendaces,
2738 3621 2826 3690 qui
2850 3619 3189 3676 nnrmlueeut
3212 3631 3379 3677 sectas
3400 3607 3668 3686 perditionis
3688 3608 3721 3657 α

2234 3724 2358 3765 eum
2384 3712 2472 3781 qui
2502 3712 2631 3767 emit
2667 3727 2795 3778 eos,
2825 3712 2989 3768 Deum
3036 3714 3302 3785 negabunt
3321 3710 3361 3777 ⁸,
3390 3704 3720 3779 superducrntes

2233 3802 2332 3859 sibi
2356 3802 2584 3859 celerem
2626 3803 2993 3874 perditionem.
3022 3805 3093 3879 Et
3132 3804 3282 3862 multi
3308 3806 3567 3869 sequentur
3584 3798 3719 3879 sonit"

2233 3892 2489 3960 luxurias,
2522 3910 2618 3965 per
2638 3911 2774 3968 quos
2802 3896 2885 3951 via
2914 3876 3152 3955 veritatis
3179 3890 3605 3966 blasphemabitur,
3625 3887 3664 3935 et
3682 3876 3719 3930 il

2232 3986 2451 4042 avaritia
2489 3988 2623 4045 fictis
2652 3989 2828 4046 verbis
2852 3990 2922 4047 de
2947 3991 3095 4046 vobis
3137 3987 3536 4062 negotiabuntur.
3573 3970 3719 4042 Quibus

2228 4078 2483 4150 judicium
2505 4080 2615 4151 jam
2641 4082 2767 4137 olim
2796 4098 2904 4138 non
2931 4092 3127 4151 cessat,
3160 4093 3214 4138 et
3237 4079 3452 4154 perditio
3473 4083 3625 4129 eorum
3645 4073 3717 4118 υοη

2232 4167 2500 4225 dormitat.
2530 4170 2596 4226 Et
2622 4173 2726 4226 alio
2755 4173 2865 4227 loco
2886 4190 2905 4227 :
2934 4172 3092 4230 Novit
3128 4173 3373 4232 Dominus
3398 4168 3499 4237 pios
3516 4161 3574 4216 de
3594 4161 3717 4211 ιειιιι·
3796 4161 3797 4215 1

2234 4259 2375 4316 tione
2398 4261 2606 4332 eripere
2625 4304 2642 4328 ,
2674 4264 2881 4335 iniquos
2908 4280 3038 4321 vero
3067 4266 3121 4321 in
3160 4265 3299 4322 diem
3322 4257 3489 4332 judieii
3511 4255 3716 4309 meum
3796 4318 3797 4329 χ

2231 4351 2565 4409 cruciandos.
2598 4354 2758 4426 Magis
2783 4368 2958 4413 autem
2983 4371 3078 4413 eos
3104 4357 3195 4428 qui
3224 4362 3337 4426 post
3358 4361 3545 4406 carnem
3568 4342 3609 4395 in
3627 4348 3715 4391 cou-

2231 4442 2552 4511 cnpiseentia
2592 4445 2934 4502 innnunditiae
2959 4448 3264 4513 ambulant,
3287 4436 3715 4501 dominationem“

2229 4544 2612 4592 contemnunt:
2635 4538 2884 4606 audaces,
2908 4539 3006 4596 sibi
3036 4541 3319 4612 placentes,
3348 4544 3506 4589 secus
3527 4527 3712 4615 ”°“_'"f°

2232 4637 2385 4685 tuunt
2408 4628 2742 4688 introducere
2768 4632 2812 4699 ',
2841 4609 3285 4704 blasphemantw.
3318 4625 3409 4685 Ubi
3438 4616 3581 4689 alif'i“
3604 4609 3712 4665 [π’
3796 4632 3797 4705 1

2295 4765 2433 4858 es.
2449 4766 2566 4858 e219
2583 4768 2728 4858 ἓξὲξ
2757 4736 3711 4858 ῐνξξξεξειξ.διξξε.ξι,ιε³ξ.ξξ.έξ¹ρξξεε”ε3εἵε“ῗ

2228 4820 2901 4907 ἔξιξὲἮνΒνέείιῐκιξιὲῖὲ
2911 4820 3168 4907 Premit”

2228 4841 2455 4900 usserat,
2537 4841 2565 4879 r
2581 4841 2741 4893 quan.
2766 4841 2900 4903 una
2914 4841 3168 4893 speculum
3188 4841 3234 4880 In

3674 4923 3708 4965 εί

2227 4938 2377 5024 asa
2409 4938 3296 5018 αδ“ι;νὲέεῖιρῑιι;εςςῑῶξ,”ἀιῑιξανει
3320 4938 3475 4997 mu
3499 4938 3657 4985 reterﬂ;
3674 4938 3708 4965 ει
3796 4966 3797 5024 ὲ

2497 5025 2902 5146 ’.ιὀὺίξαιξιι
2959 5076 3135 5146 adsint
3188 5077 3259 5146 ξίο
3283 5135 3295 5146 .
3317 5069 3452 5146 ei???
3495 5061 3599 5146 233°
3618 5036 3709 5146 ρῖυέῖ

2224 5110 3707 5199 gataf‘i'i'..iru’émiﬁ,"{t'éraﬁ'ﬁniﬁms'iiihyﬂf‘nﬁ

2737 5171 3616 5289 res:
3638 5171 3706 5287 δεῖ

2226 5267 2512 5299 aminneum
2546 5259 2748 5299 Ιιωειιιιιε,
2772 5264 2989 5299 κηιιωηιι
3044 5270 3091 5299 In
3114 5266 3352 5299 mmo
3390 5255 3474 5299 est.

2224 5255 2753 5375 aminneum-Im,
2772 5255 3008 5316 m'bgcmu.
3043 5270 3092 5314 ιιι
3112 5256 3352 5327 εγωωεὶο
3390 5255 3474 5305 ϐειι
3504 5255 3608 5289 ⁸⁸⁸⁸⁸⁵
3638 5255 3692 5287 ν’

2223 5315 2388 5383 [tundit
2408 5319 2592 5383 Impure
2736 5360 2750 5374 .
3426 5376 3501 5383 id

2289 5349 2789 5448 3";agaz‘wm
2810 5388 2933 5438 corb
2959 5386 3136 5448 suo,
3158 5383 3343 5435 ﬂventa
3360 5376 3518 5437 στω»
3536 5349 3686 5419 “9"”

2460 5512 2533 5556 Er.
2552 5508 2716 5575 et_duo
2737 5517 2841 5562 Mss.
2861 5510 3002 5575 juxta
3014 5510 3273 5575 vulgatam:

2286 5567 2310 5600 ι
2331 5555 2507 5631 Regius
2534 5555 3222 5636 suas'aam'i'ma'w
3246 5555 3533 5636 inrides":

2223 5613 3549 5695 ταφεῖ-ῷζιῖέιῖιτῐιιηῖτιῑυ-ίίί·εἵιῖεαξιιφξαηθξ

2227 5680 2491 5756 textu,qui
2526 5680 3232 5763 ιιίιίίἰίιίἇόόιὶίιῐιὲῐίιῐιὶἓιι.
3271 5685 3413 5740 Μ
3445 5680 3503 5725 ⁸⁸

3626 5733 3798 6204 Α

3529 5577 3533 5597 ,
3552 5528 3698 5587 meo

3529 5592 3700 5716 ιιι-⁸⁸3
