3878 6314
152 278 311 339 1038

150 395 360 451 tudine
376 401 430 449 et
446 391 639 447 virtute
657 404 778 446 cum
802 389 909 445 sint
932 387 1180 457 majores,
1204 398 1308 440 non
1328 392 1543 454 portant
1561 382 1747 438 adver-

152 501 256 543 sus
284 500 353 542 se
375 482 698 541 exsecrabile
717 481 990 552 judicium.
1021 479 1084 534 Hi
1122 491 1251 532 vero
1286 476 1431 531 velut
1470 475 1748 529 irrationa-

152 580 292 635 bilia
326 591 518 648 pecora
544 574 851 630 naturaliter
876 572 930 627 in
950 571 1247 640 captionem
1274 576 1330 622 et
1354 565 1661 636 perniciem,
1693 563 1747 617 in

153 670 228 726 iis
255 684 385 740 qua:
410 668 656 738 ignorant
681 665 1141 735 blasphemantes,
1185 660 1240 715 in
1277 657 1615 727 corruptione
1653 669 1746 710 sua

155 761 444 832 peribunt,
475 757 828 828 percipientes
854 753 1153 810 mercedem
1177 748 1473 821 iniustitiae,
1504 746 1747 815 volupta-

155 863 273 909 tem
301 852 670 909 existimantes
695 848 800 904 diei
824 847 1059 913 delicias,
1082 842 1540 914 coinquinationes
1564 846 1618 894 et
1638 853 1751 892 ma-

155 945 303 999 cula:
343 942 551 999 deliciis
575 940 854 996 afﬂuentes
873 980 889 1005 ,
920 939 975 993 in
1001 935 1257 992 conviviis
1285 934 1393 989 suis
1420 931 1749 987 luxuriantes

152 1038 477 1102 vobiscum,
508 1035 693 1090 oculos
732 1032 984 1088 habentes
1010 1030 1197 1100 plenos
1221 1025 1465 1083 adulterii
1496 1033 1551 1079 et
1574 1023 1749 1078 inces-

120 1157 128 1213 ἰ
158 1127 355 1183 sabilis
374 1125 575 1191 delicti,
601 1123 925 1194 pellicientes
945 1122 1147 1176 animas
1164 1116 1576 1213 instabilesucor
1598 1129 1750 1213 exer-

121 1203 127 1279 ξ
156 1219 391 1274 citatum
419 1217 470 1271 in
494 1214 710 1269 avaritia
738 1213 1014 1278 habentes,
1044 1207 1427 1265 maledictionis
1453 1205 1564 1271 filii,
1590 1203 1747 1259 dere-

119 1284 475 1379 .linquentes
520 1314 717 1360 rectam
744 1303 885 1358 viam
923 1307 1253 1356 erraverunt.
1296 1296 1365 1351 Et
1410 1304 1521 1365 post
1565 1309 1748 1365 paucos

106 1370 117 1420 ²
157 1370 337 1453 versus
359 1412 378 1451 :
411 1395 650 1465 Superba
693 1394 832 1449 enim
866 1391 1110 1447 vanitatis
1138 1390 1447 1459 loquentes,
1479 1383 1751 1455 pelliciunt

159 1490 215 1546 in
239 1487 531 1544 desideriis
559 1485 737 1542 carnis
766 1482 1003 1548 luxuriae,
1033 1495 1127 1537 eos
1162 1479 1252 1550 qui
1296 1476 1569 1549 paululum
1612 1473 1749 1529 effu-

156 1582 350 1654 giunt,
402 1580 491 1651 qui
535 1582 587 1634 in
636 1593 819 1633 errore
861 1581 1261 1634 conversantur,
1308 1570 1605 1625 libertatem
1647 1565 1749 1620 illis

159 1672 567 1743 promittentes,
589 1683 709 1724 cum
740 1667 840 1738 ipsi
868 1665 1007 1721 servi
1036 1664 1141 1719 sint
1167 1660 1540 1730 corruptionis.
1573 1658 1619 1712 Α
1643 1670 1749 1727 quo

157 1762 305 1818 enim
331 1763 456 1833 quis
481 1768 759 1831 superatus
787 1767 889 1825 est,
919 1756 1075 1826 hujus
1104 1766 1156 1810 ct
1180 1767 1366 1809 servus
1392 1761 1492 1805 est.
1522 1749 1577 1804 Si
1604 1749 1747 1805 enim

158 1855 495 1925 refugientes
520 1851 978 1922 coinquinationes
1016 1845 1197 1902 mundi
1239 1845 1291 1899 in
1318 1841 1618 1913 cognitione
1646 1840 1749 1894 Do-

158 1946 293 2001 mini
331 1945 507 2001 nostri
531 1941 810 1999 salvatoris
835 1939 960 1995 Jesu
996 1936 1226 2000 Christi,
1258 1934 1340 1988 his
1368 1946 1550 1987 rursus
1578 1929 1750 1999 impli-

156 2039 263 2095 cati
303 2043 659 2107 superantur;
693 2033 827 2088 facta
870 2039 992 2087 sunt
1036 2029 1113 2084 eis
1156 2026 1445 2097 posteriora
1482 2023 1747 2078 deteriora

158 2128 458 2201 prioribus.
482 2125 667 2180 Melius
687 2123 829 2179 enim
857 2129 972 2177 erat
1001 2120 1103 2174 illis
1128 2133 1233 2172 non
1261 2128 1580 2186 cognoscere
1606 2113 1745 2167 viam

153 2219 409 2290 iustitiae,
439 2232 598 2287 quam
638 2222 757 2285 post
783 2212 1102 2283 agnitionem
1124 2250 1138 2274 ,
1176 2217 1464 2264 retrorsum
1508 2202 1747 2259 converti

157 2311 228 2367 ab
254 2325 346 2375 eo,
381 2308 525 2380 quod
557 2307 659 2361 illis
685 2305 933 2359 traditum
958 2310 1040 2357 est
1059 2341 1074 2367 ,
1106 2308 1290 2354 sancto
1316 2295 1582 2351 mandato.
1610 2292 1749 2349 Con-

158 2404 279 2474 tigit
321 2402 475 2459 enim
522 2400 623 2455 illis
669 2396 797 2453 illud
841 2395 952 2452 veri
1004 2391 1312 2464 proverbii:
1366 2388 1523 2442 Canis
1568 2401 1749 2442 rever-

158 2510 251 2551 sus
310 2493 385 2549 ad
447 2491 697 2547 vomitum
746 2504 931 2553 suum;
985 2496 1066 2554 et,
1129 2484 1230 2541 Sus
1284 2484 1393 2538 lota
1440 2482 1493 2537 in
1540 2481 1744 2535 voluta-

158 2584 259 2640 bro
287 2584 414 2640 luti.

230 2673 303 2729 Et
336 2683 456 2746 post
479 2673 791 2741 aliquantum
829 2667 992 2742 [111.]:
1035 2665 1164 2722 Cum
1208 2666 1321 2720 haec
1347 2664 1522 2718 omnia
1557 2661 1746 2717 dissol-

159 2768 334 2823 venda
364 2767 496 2833 sint,
523 2764 705 2835 quales
728 2769 937 2832 Oportet
959 2774 1077 2816 esse
1104 2773 1199 2813 vos
1224 2758 1276 2812 in
1303 2756 1497 2813 sanctis
1526 2770 1747 2810 conver-

162 2859 466 2914 sationibus
490 2863 545 2911 et
567 2854 853 2926 pietatibus
873 2894 886 2916 ,
912 2858 1279 2921 exspectantes
1307 2857 1361 2903 et
1403 2855 1746 2919 pmperantes

163 2949 217 3005 in
244 2950 535 3005 adventum
564 2924 670 3001 diei
697 2944 810 2999 Dei.
840 2942 906 2997 Et
927 2941 1079 3012 paulo
1101 2949 1211 3010 post
1235 2956 1253 2993 .'
1278 2938 1605 3005 Charissimi,
1634 2936 1747 2992 hate

164 3046 542 3110 exspectantes
566 3034 786 3106 satagite
815 3032 1138 3088 immaculati
1164 3038 1218 3085 et
1259 3028 1492 3084 inviolati
1522 3026 1746 3082 inveniri

164 3131 217 3185 in
253 3145 418 3201 pace,
460 3137 513 3183 et
559 3124 765 3181 Domini
804 3122 970 3178 nostri
1009 3120 1490 3193 longanimitatem,
1522 3118 1745 3172 salutem

164 3221 522 3280 arbitramini.
560 3218 627 3273 Et
655 3219 756 3271 alio
791 3217 937 3270 loco:
968 3213 1076 3269 Vos
1114 3214 1299 3284 igitur,
1346 3213 1563 3275 fratres,
1610 3224 1747 3280 pra:-

164 3316 405 3370 scientes
448 3308 707 3366 custodite
728 3348 743 3372 ,
781 3321 849 3360 ne
888 3303 1244 3372 insipientium
1271 3316 1455 3355 errore
1483 3300 1742 3363 traducti,

162 3402 432 3461 excidatis
474 3416 503 3452 a
547 3398 756 3467 propria
799 3393 1066 3448 firmitate.
1095 3391 1331 3445 Crescite
1355 3403 1483 3443 vero
1530 3389 1581 3442 in
1627 3402 1749 3457 gra-

165 3498 241 3551 tia
272 3502 329 3548 ct
356 3492 408 3546 in
438 3489 738 3559 cognitione
764 3484 971 3541 Domini
1008 3480 1169 3536 nostri
1214 3490 1267 3535 et
1308 3478 1583 3534 salvatoris
1620 3478 1747 3533 Jesu

165 3585 395 3643 Christi.
461 3581 562 3653 Ipsi
591 3580 787 3650 gloria,
833 3585 887 3632 et
913 3589 1052 3630 nunc
1075 3572 1206 3629 etin
1246 3571 1385 3627 diem
1415 3569 1743 3625 asternitatis.

166 3679 366 3734 Amen.

590 3762 676 3817 DE
713 3758 1040 3816 EPISTOLA
1077 3755 1324 3811 JACOB].

243 3858 400 3931 [.Cap.
431 3855 493 3927 1.]
537 3853 705 3909 Omne
747 3849 993 3922 gaudium
1021 3847 1350 3911 existimate,
1395 3844 1582 3900 fratres
1609 3844 1743 3911 mei,

170 3966 291 4003 cum
324 3949 376 4002 in
406 3945 721 4000 tcntationes
756 3941 931 3996 varias
974 3938 1295 4003 incideritis;
1342 3937 1570 3992 scientes
1606 3935 1747 4006 quod

173 4038 419 4109 probatio
447 4036 567 4091 tidei
612 4042 803 4089 vestra:
830 4031 1132 4102 patientiam
1164 4036 1411 4097 operatur
1443 4044 1456 4081 :
1498 4027 1747 4096 patientia

174 4141 351 4185 autem
381 4143 516 4197 opus
539 4125 824 4195 perfectum
854 4121 1034 4187 habet,
1064 4128 1122 4173 ut
1151 4119 1264 4173 sitis
1290 4118 1507 4189 perfecti
1537 4125 1590 4173 et
1615 4117 1747 4171 inte-

174 4222 272 4291 gri,
306 4222 359 4275 in
387 4219 533 4273 nullo
561 4215 881 4271 deficientes.
926 4212 982 4267 Si
1010 4212 1128 4283 quis
1152 4218 1327 4265 autem
1352 4218 1584 4264 vestrum
1614 4208 1747 4262 indi-

173 4323 259 4382 get
286 4310 567 4381 sapientia,
593 4306 818 4377 postulet
839 4319 867 4357 a
892 4305 1020 4368 Deo,
1043 4303 1128 4373 qui
1151 4301 1242 4356 dat
1263 4300 1507 4356 omnibus
1527 4299 1749 4354 affluen-

176 4411 274 4467 ter,
308 4412 361 4457 ct
386 4417 491 4456 non
518 4401 867 4469 improperat;
900 4403 955 4450 ct
982 4394 1190 4448 dabitur
1210 4393 1278 4447 ei.
1308 4392 1543 4449 Postulet
1570 4400 1746 4446 autem

176 4493 227 4547 in
264 4494 388 4560 fide,
420 4492 551 4547 nihil
582 4490 849 4544 haesitans.
882 4486 980 4552 Qui
1010 4484 1151 4539 enim
1182 4483 1414 4548 hazsitat,
1456 4484 1642 4539 similis
1667 4492 1749 4538 est

176 4584 356 4639 fluctui
401 4583 592 4647 maris,
625 4581 713 4651 qui
752 4596 781 4633 a
809 4586 967 4633 vento
1002 4583 1243 4629 movetur
1269 4583 1323 4629 et
1358 4575 1745 4630 circumfertur.

175 4677 292 4732 N011
334 4678 480 4734 enim
511 4676 737 4730 mstintct
764 4671 922 4726 homo
966 4670 1055 4724 ille
1083 4667 1223 4736 quod
1251 4667 1473 4735 accipiat
1494 4668 1689 4736 aliquid
1716 4683 1748 4723 a

179 4769 422 4825 Domino.
458 4767 548 4820 Vir
591 4764 783 4833 duplex
813 4760 1022 4824 animo,
1066 4760 1370 4813 inconstans
1414 4756 1467 4810 in
1505 4757 1749 4813 omnibus

179 4860 276 4914 viis
304 4860 435 4914 suis.
485 4855 753 4912 Clorictur
790 4861 966 4906 autem
1005 4849 1170 4903 frater
1210 4845 1424 4900 humilis
1453 4845 1504 4899 in
1544 4846 1749 4900 exalta-

183 4949 321 5004 tione
332 4964 450 5014 sua,
473 4946 620 5001 dives
644 4951 819 4997 autem
845 4941 896 4995 in
921 4938 1214 4993 humilitate
1230 4951 1353 5001 sua;
1379 4934 1624 5005 quoniam
1647 4935 1751 4991 sic-

183 5052 237 5096 ut
265 5043 361 5098 llos
414 5041 522 5096 feni
575 5036 812 5093 transiet.
845 5033 1075 5086 Exortus
1103 5038 1185 5083 cst
1225 5028 1367 5083 enim
1396 5029 1476 5083 sol
1512 5043 1633 5083 cum
1660 5042 1749 5082 ar-

183 5134 341 5200 dore,
373 5142 427 5190 et
453 5129 665 5187 arefccit
709 5127 907 5187 fenum,
933 5130 985 5177 ct
1011 5120 1109 5175 llos
1131 5119 1247 5189 ejus
1275 5118 1488 5183 decidit,
1515 5129 1563 5174 et
1590 5118 1752 5174 decor

184 5228 357 5283 vultus
398 5227 512 5296 ejus
552 5220 813 5292 deperiit:
850 5218 919 5271 ita
948 5224 1004 5272 et
1047 5213 1196 5269 dives
1230 5212 1284 5268 in
1339 5212 1612 5269 itincribus
1638 5210 1750 5266 suis

189 5400 611 5467 hlasphemodntes,
647 5398 775 5467 quod
820 5396 1059 5448 nonnullis
1083 5398 1300 5467 itasonat
1329 5408 1342 5467 _:
1368 5391 1565 5467 glorias,
1587 5393 1632 5441 id
1656 5402 1750 5467 est,

724 5460 866 5530 viros,
891 5464 1224 5530 nonyer‘emur
1234 5453 1753 5530 εηξιιςςᾰρεξξειᾳρρεεενές

189 5514 280 5589 tes;
303 5514 411 5587 seu,
432 5514 697 5589 maledictis
721 5514 957 5589 appetere:
983 5523 1151 5589 center
1171 5514 1419 5589 Epistolam
1440 5514 1664 5589 Judai,'_v.
1700 5515 1749 5577 8,

189 5581 277 5653 ubi
290 5588 337 5636 in
359 5581 555 5653 vulgata
594 5581 800 5653 legituri
822 5581 1192 5653 Damnationem
1213 5582 1632 5653 apertum,
1652 5591 1752 5653 uta-

190 5652 397 5714 teuatem
417 5638 575 5714 uident
593 5638 957 5714 blaspheuwnt:
982 5646 1031 5693 iu
1052 5653 1212 5708 graeco
1234 5652 1353 5691 vero
1366 5638 1469 5691 haec
1486 5641 1588 5704 ipsa
1606 5641 1753 5695 verba

190 5716 316 5773 sum,
335 5712 488 5763 dom
504 5712 565 5761 de

423 5791 971 5873 SMGT.__AU.GUST.
1020 5790 1126 5854 lll.

1432 268 1519 325 DE
1557 263 1936 325 SCRIPTURA
1971 263 2211 322 SACRA.

3292 262 3431 322 1054

1855 387 2165 435 marcescat.
2193 376 2385 432 Beatus
2412 376 2493 431 vir
2528 378 2614 447 qui
2662 377 2849 433 suffert
2888 379 3265 442 tentationem;
3303 379 3427 449 quia

1855 483 1976 523 cum
2033 468 2286 539 probatus
2349 466 2543 531 fuerit,
2588 469 2811 539 accipiet
2878 483 3129 523 coronam
3190 469 3312 524 vita:
3362 471 3378 501 ¹
3404 511 3423 537 ,

1855 576 2012 633 quam
2040 558 2341 631 repromisit
2365 560 2506 615 Deus
2529 559 2867 629 diligentibus
2890 576 2968 616 se.
3001 560 3066 614 Et
3097 571 3207 631 post
3237 562 3423 633 paulu-

1857 652 1962 706 lum
1983 666 2003 705 :
2028 650 2199 706 Nolite
2223 651 2399 721 itaque
2426 666 2628 716 errare,
2657 650 2845 706 fratres
2870 652 3215 707 dilectissimi.
3256 653 3427 709 Omne

1855 741 2034 797 datum
2054 742 2333 811 optimum,
2361 750 2415 796 et
2438 756 2594 797 omne
2620 741 2815 796 donum
2838 743 3126 812 perfectum
3147 743 3427 800 desursum

1854 841 1957 897 est,
1988 831 2317 887 descendens
2342 846 2373 885 a
2400 832 2555 887 Patre
2576 832 2852 886 luminum.
2878 833 2944 887 Et
2970 843 3079 904 post
3108 852 3292 905 paucos
3313 851 3427 889 ver-

1855 939 1941 977 sus
1960 921 2176 989 :Scitis,
2209 922 2399 977 fratres
2423 923 2528 978 mei
2550 923 2875 999 dilectissimi
2904 944 2916 978 :
2947 924 3027 981 Sit
3050 934 3227 981 autem
3254 927 3428 981 omnis

1857 1014 2018 1069 homo
2042 1014 2195 1069 velox
2217 1013 2284 1068 ad
2309 1000 2624 1069 audiendum
2644 1053 2659 1077 ,
2692 1014 2873 1069 tardus
2897 1015 2964 1070 ad
2987 1016 3305 1085 loquendum
3327 1056 3341 1081 ,
3374 1026 3431 1073 et

1857 1104 2042 1158 tardus
2066 1103 2132 1158 ad
2171 1104 2320 1160 iram.
2357 1103 2439 1159 ira
2466 1104 2607 1159 enim
2639 1104 2734 1159 viri
2759 1106 3017 1174 justitiam
3043 1106 3135 1161 Dei
3163 1122 3268 1161 non
3297 1122 3429 1178 ope-

1855 1206 2021 1252 ratur.
2054 1197 2276 1267 Propter
2299 1197 2439 1267 quod
2463 1197 2772 1267 abjicientes
2804 1213 3015 1253 omnem
3038 1198 3426 1255 immunditiam

1854 1298 1911 1343 et
1936 1288 2311 1344 abundantiam
2340 1291 2588 1356 malitiae,
2635 1292 2687 1345 in
2728 1291 3131 1347 mansuetudine
3174 1293 3427 1362 suscipite

1855 1379 2071 1434 insitum
2095 1380 2314 1436 verbum
2332 1422 2348 1447 ,
2384 1380 2524 1451 quod
2549 1390 2721 1451 potest
2746 1382 2949 1437 salvare
2972 1383 3176 1437 animas
3198 1390 3423 1439 vestras.

1856 1471 2039 1526 Estote
2063 1480 2237 1526 autem
2264 1470 2494 1528 factores
2514 1473 2680 1538 verbi,
2703 1480 2758 1528 et
2785 1488 2889 1527 non
2907 1472 3175 1528 auditores
3196 1482 3424 1541 tantum,

1855 1563 2098 1619 fallentes
2126 1565 2497 1635 vosmetipsos.
2528 1564 2660 1632 Quia
2686 1565 2729 1618 si
2759 1565 2876 1634 quis
2904 1565 3114 1620 auditor
3142 1576 3224 1620 est
3248 1565 3426 1632 verbi,

1853 1661 1909 1709 et
1952 1668 2057 1709 non
2102 1655 2288 1720 factor,
2343 1654 2431 1710 hic
2479 1653 2871 1724 comparabitur
2911 1656 3020 1709 viro
3070 1655 3427 1710 consideranti

1855 1744 2054 1799 vultum
2079 1745 2369 1799 nativitatis
2389 1760 2499 1800 sua:
2530 1745 2581 1799 in
2611 1745 2827 1813 speculo
2851 1763 2864 1798 :
2893 1745 3252 1801 consideravit
3278 1746 3427 1801 enim

1853 1848 1943 1900 se,
1990 1842 2044 1890 et
2069 1835 2229 1901 abiit,
2271 1846 2324 1889 et
2351 1837 2527 1890 statim
2565 1835 2757 1890 oblitus
2784 1843 2867 1889 est
2908 1836 3076 1904 qualis
3119 1835 3295 1890 fuerit.
3326 1835 3427 1902 Qui

1853 1932 2031 1980 autem
2057 1925 2386 1994 perspexerit
2406 1925 2457 1979 in
2475 1925 2589 1994 lege
2611 1923 2855 1994 perfecta:
2876 1924 3132 1979 libertatis
3152 1927 3192 1987 ²,
3224 1935 3276 1980 et
3302 1940 3426 1994 per-

1852 2016 2108 2070 manserit
2145 2016 2197 2069 iu
2223 2031 2319 2080 ea,
2368 2031 2470 2070 non
2511 2015 2717 2070 auditor
2753 2015 3041 2070 obliviosus
3084 2017 3284 2081 factus,
3330 2016 3424 2071 sed

1852 2104 2023 2161 factor
2047 2106 2242 2174 operis,
2272 2106 2359 2160 hic
2378 2105 2563 2159 beatus
2590 2106 2641 2159 in
2670 2106 2806 2160 facto
2832 2120 2929 2159 suo
2956 2107 3076 2160 erit.
3105 2106 3161 2160 Si
3187 2106 3305 2174 quis
3332 2121 3429 2161 au—

1854 2204 1960 2251 tem
1991 2204 2138 2267 putat
2160 2211 2218 2251 se
2243 2196 2547 2266 religiosum
2577 2211 2727 2261 esse,
2758 2210 2863 2250 non
2890 2194 3164 2252 refrenans
3194 2198 3425 2267 linguam

1851 2302 2023 2353 suam,
2052 2288 2145 2342 sed
2173 2287 2429 2343 seduccns
2454 2303 2545 2342 cor
2570 2302 2743 2352 suum,
2769 2287 2927 2357 hujus
2946 2303 3079 2341 vana
3106 2297 3187 2343 est
3218 2288 3428 2357 religio.

1852 2380 2057 2450 Religio
2082 2380 2276 2436 munda
2302 2390 2357 2435 et
2394 2381 2727 2436 immaculata
2758 2380 2895 2450 apud
2924 2380 3091 2436 Deum
3121 2389 3174 2435 ct
3218 2380 3428 2436 Patrem

1853 2468 1969 2526 haec
2004 2480 2087 2527 est
2128 2471 2386 2526 :visitare
2431 2472 2660 2541 pupillos
2699 2478 2752 2526 et
2777 2471 2959 2525 viduas
3011 2472 3062 2525 in
3092 2472 3427 2528 tribulatione

1853 2575 2058 2629 eorum,
2084 2571 2138 2617 et
2159 2561 2550 2617 immaculatum
2571 2577 2631 2617 se
2661 2562 2927 2617 custodire
2955 2563 3022 2617 ab
3049 2563 3149 2617 hoc
3176 2566 3390 2619 saeculo.

1924 2651 2035 2726 [11.]
2060 2654 2274 2709 Fratres
2300 2654 2427 2717 mei,
2463 2654 2629 2710 nolite
2667 2655 2718 2708 in
2744 2669 3092 2724 personarum
3123 2656 3431 2725 acceptione

1852 2747 2049 2803 habere
2090 2746 2247 2802 fidem
2274 2746 2479 2801 Domini
2520 2747 2689 2801 nostri
2730 2748 2857 2803 Jesu
2891 2746 3088 2803 Christi
3116 2748 3317 2816 glorite.
3355 2748 3428 2803 Et

1853 2848 1964 2909 post
1988 2838 2184 2908 aliqua:
2218 2854 2385 2892 versus
2412 2854 2432 2891 :
2460 2838 2672 2905 Audite,
2706 2838 2892 2893 fratres
2920 2838 3022 2893 mei
3055 2838 3384 2895 dilectissimi
3414 2860 3429 2895 :

1852 2944 2029 2985 nonne
2054 2929 2193 2984 Deus
2218 2928 2376 2999 elegit
2412 2944 2671 2999 pauperes
2697 2929 2749 2983 in
2791 2932 2890 2984 hoc
2910 2929 3126 2993 mundo,
3158 2930 3350 2987 divites
3377 2932 3431 2987 in

1853 3019 1978 3088 fide,
2007 3027 2062 3074 et
2085 3018 2322 3075 haerech
2351 3023 2499 3091 regni
2538 3020 2680 3091 quod
2708 3021 3009 3090 repromisit
3036 3022 3176 3076 Deus
3205 3022 3429 3092 diligen-

1852 3112 1995 3168 tibus
2035 3112 2128 3168 se?
2168 3112 2273 3166 Vos
2298 3121 2474 3167 autem
2512 3111 2878 3168 exhonorastis
2907 3127 3211 3182 pauperem.
3244 3113 3433 3171 Nonne

1850 3204 2042 3259 divites
2070 3218 2162 3274 per
2190 3204 2475 3272 potentiam
2519 3204 2822 3273 opprimunt
2846 3217 2941 3258 vos
2960 3243 2976 3270 ,
3006 3212 3060 3258 ct
3091 3204 3190 3273 ipsi
3221 3204 3435 3261 trahunt

1852 3310 1947 3350 vos
1988 3293 2055 3348 ad
2079 3293 2312 3363 judicia?
2342 3293 2524 3348 Nonne
2553 3294 2651 3362 ipsi
2686 3292 3055 3364 blasphemant
3096 3294 3291 3349 bonum
3327 3312 3431 3351 no-

1852 3398 1995 3448 men,
2023 3382 2164 3453 quod
2190 3382 2485 3438 invocatum
2516 3390 2598 3437 est
2622 3400 2781 3453 super
2810 3384 2941 3439 vos?
2968 3384 3023 3440 Si
3056 3396 3228 3441 tamen
3259 3387 3429 3457 legem

1853 3473 2107 3545 perficitis
2134 3473 2363 3544 regalem
2404 3474 2694 3529 secundum
2722 3474 3042 3544 Scripturas,
3080 3476 3273 3547 Diliges
3302 3493 3431 3546 pro-

1854 3566 2054 3621 ximum
2085 3573 2231 3619 tuum
2270 3565 2406 3620 sicut
2445 3564 2702 3635 teipsum,
2750 3565 2886 3621 bene
2920 3564 3111 3621 facitis.
3155 3568 3211 3621 Si
3254 3577 3433 3625 autem

1853 3672 2110 3729 personas
2148 3657 2417 3728 accipitis,
2447 3665 2719 3726 peccatum
2749 3658 3060 3727 operamini,
3106 3659 3371 3731 rcdarguti
3402 3676 3435 3715 a

1854 3751 1970 3822 lege
2006 3752 2153 3822 quasi
2181 3760 2620 3821 transgressores.
2653 3748 2720 3802 Et
2757 3759 2866 3819 post
2894 3767 3076 3819 paucos
3104 3768 3271 3807 versus
3296 3768 3314 3806 :
3339 3752 3435 3809 Ju-

1852 3842 2050 3898 dicium
2092 3842 2233 3897 enim
2268 3841 2385 3896 sine
2414 3839 2775 3911 misericordia
2819 3840 2892 3894 illi
2917 3841 3003 3911 qui
3038 3857 3139 3895 non
3170 3840 3297 3897 fecit
3331 3845 3432 3899 mi-

1854 3932 2214 3990 sericordiam.
2246 3930 2646 4002 Superexsultat
2679 3939 2855 3987 autem
2898 3932 3259 3989 misericordia
3284 3934 3432 4004 judi-

1850 4026 1937 4081 cio
1964 4025 2005 4079 ³.

1924 4114 1991 4167 Et
2017 4122 2125 4185 post
2145 4115 2456 4185 aliquantum
2472 4112 2594 4185 [111.]
2615 4131 2628 4165 :
2648 4113 2819 4169 Nolite
2838 4113 3014 4183 plures
3034 4116 3271 4186 magistri
3296 4117 3429 4185 fieri,

1853 4207 2043 4264 fratres
2068 4208 2192 4273 mei,
2216 4208 2446 4262 scientes
2465 4207 2713 4277 quoniam
2735 4206 2906 4276 majus
2926 4208 3180 4277 judicium
3202 4211 3429 4265 sumitis.

1854 4298 1914 4354 In
1945 4299 2123 4354 multis
2150 4300 2292 4355 enim
2339 4297 2655 4352 offendimus
2696 4312 2900 4353 omnes.
2947 4300 3002 4354 Si
3033 4301 3150 4369 quis
3187 4302 3238 4354 in
3268 4302 3433 4357 verbo

1854 4405 1959 4445 11011
2006 4387 2258 4452 offendit,
2299 4387 2385 4441 hic
2430 4386 2691 4455 perfectus
2737 4395 2819 4442 est
2866 4388 2963 4442 vir.
3009 4389 3191 4445 Potest
3229 4392 3431 4446 etiam“

1855 4480 2008 4535 freno
2032 4478 2428 4534 circumducere
2468 4486 2633 4532 totum
2667 4493 2876 4548 corpus.
2908 4479 2973 4533 Et
2997 4481 3097 4535 alio
3129 4483 3236 4537 loco
3257 4500 3276 4536 :
3302 4483 3430 4540 Lin-

1854 4586 2012 4643 guam
2038 4581 2213 4624 autem
2242 4568 2416 4635 nullus
2438 4568 2711 4624 hominum
2736 4569 2955 4627 domare
2980 4581 3153 4642 potest
3181 4592 3195 4628 :
3228 4575 3432 4646 inquie-

1891 4769 1936 4839 f
1961 4768 2034 4817 sic
2053 4774 2157 4816 Mss.
2182 4779 2290 4816 cum
2323 4768 2473 4817 sacris
2492 4766 2671 4817 Bibliis.
2695 4773 2754 4817 At
2774 4767 2891 4818 editi
2932 4770 3205 4833 habebant,
3229 4773 3433 4839 accipiet

1920 4866 2460 4964 j'uiz'arnutensisncodex,
2475 4890 2525 4941 in
2546 4889 2649 4954 lege
2664 4892 2932 4964 perfectam
2946 4890 3225 4964 libertatem.
3257 4902 3311 4964 at
3325 4896 3433 4945 Vul-

1854 4959 1966 5064 gata
1988 4952 2147 5022 vet-sio
2185 4950 2478 5014 suffragante
2513 4950 2674 5016 graeco
2713 4950 2964 5026 habet”):
2987 4954 3139 5016 legem
3170 4958 3434 5027 perfectam

1874 5013 2102 5065 tbertatts.
2128 5020 2224 5062 Hoc
2246 5012 2419 5062 eodem
2443 5028 2588 5064 versu
2613 5014 2858 5065 narttculae
2894 5029 3047 5065 mea.
3082 5024 3189 5065 post
3226 5031 3431 5065 vernum

2092 5050 2102 5060 .
2246 5024 2588 5076 eoaemrversu
2613 5024 2858 5075 νπιὶοιιιω
2894 5029 2944 5065 ιη
2960 5029 3017 5065 ea
3033 5050 3047 5073 ,
3082 5024 3189 5076 ροδι
3226 5024 3431 5067 vernum

1855 5073 2187 5140 permanserit,
2223 5088 2320 5123 non
2349 5075 2585 5127 adduntur
2607 5073 2657 5124 in
2680 5077 2825 5125 editis
2862 5083 2961 5124 Am.
2989 5084 3041 5126 et
3070 5073 3164 5137 Et,
3186 5091 3350 5141 neque
3380 5080 3432 5129 in

1856 5149 2155 5270 ςῗῗὲοιίξεεῃα
2194 5197 2719 5270 nunc:_Superea:altat__
2742 5204 2901 5247 autem
2933 5196 3263 5270 misericordia
3288 5199 3431 5270 judi-

1858 5258 2005 5323 cium.
2020 5258 2215 5323 Codices
2231 5272 2349 5309 vero
2369 5258 2512 5323 hujus
2541 5258 2743 5319 Speculi,
2758 5273 2947 5323 necnon
2968 5263 3103 5309 cori).
3138 5258 3430 5323 Biblia'looo,

1847 5321 2108 5387 judicium,
2132 5320 2561 5387 ha_be1_1t,jy_dicio;
2585 5333 2678 5369 nec
2698 5320 2842 5387 male,
2864 5322 2905 5371 si
2920 5320 3109 5387 legatur
3130 5320 3434 5387 superexsul}

1856 5380 1949 5443 tat,
1980 5384 2052 5433 uti
2072 5384 2248 5446 passim
2267 5383 2321 5446 in
2342 5380 2450 5446 aliis
2484 5389 2678 5446 August.
2716 5380 2876 5446 libris;
2914 5380 3053 5446 juxta
3074 5380 3313 5446 graecum,
3351 5384 3431 5436 ka‘x

1858 5440 2212 5510 mamma:
2232 5440 2355 5493 eleos
2377 5440 2575 5493 criseésf
2596 5451 2736 5493 Porro
2753 5444 2801 5491 in
2826 5440 2897 5492 Er.
2914 5440 3128 5496 habetur
3149 5447 3244 5509 hic,
3265 5440 3431 5510 super-

2120 5571 2267 5633 potest
2282 5564 2425 5633 enim.
2450 5574 2505 5633 At
2528 5574 2629 5633 Mss.
2645 5567 2783 5633 juxta
2806 5567 3069 5633 vulgatam,
3104 5574 3252 5633 potest
3267 5574 3427 5622 am.

1858 5643 1909 5683 ιιι
1931 5626 2089 5699 graeco
2227 5628 2427 5699 au:qu
2449 5626 2824 5699 cunmm
2856 5626 2937 5680 es
2957 5626 3165 5682 Ιιοιοηίὸ
3184 5630 3316 5685 sonu
3341 5645 3361 5686 .-
3383 5634 3431 5686 id

1862 5688 1958 5757 est:
1979 5698 2139 5759 potens
2160 5688 2295 5752 freno
2314 5689 2557 5741 moderari
2570 5696 2616 5742 ct
2635 5688 2782 5742 fotum
2794 5704 2983 5755 corpus.

2677 5776 3211 5859 {Turne-troia),

3339 5845 3438 5856 «κιο-ο
