3878 6220
162 196 190 252 1
204 194 331 251 037

160 300 366 371 suum,
395 306 445 361 in
480 303 678 360 lumine
706 290 904 368 manet,
945 288 1000 356 et
1027 288 1334 356 scandalum
1365 299 1417 352 in
1446 313 1511 352 eo
1538 302 1641 352 non
1671 304 1775 353 est.

159 388 281 466 Otii
320 388 499 453 autem
536 380 649 451 odit
674 388 887 451 [ΜῆτΕῶ
933 392 1115 461 Situm,
1161 394 1213 446 iii
1242 391 1475 447 tenebris
1503 389 1611 461 estj,
1646 396 1697 445 et
1727 384 1778 443 in

162 480 425 546 tenebris
444 478 697 547 ambulat.
730 478 784 543 et
812 484 979 542 déscit
1004 492 1113 556 quo
1128 482 1211 540 eat
1231 493 1253 550 τ
1270 479 1519 555 quoniam
1548 480 1780 537 tenebrae

160 574 596 639 Bbci‘cav‘Ede
619 572 803 637 deuios
825 579 960 651 ejus.
994 572 1065 635 Et
1090 576 1242 650 paulo
1272 584 1381 648 post
1405 586 1424 633 .‘
1449 574 1622 632 Nolite
1652 574 1777 631 dili-

163 674 312 749 gere
350 670 625 742 mundum,
654 670 823 746 neque
851 673 912 731 ea
949 670 1067 741 qum
1108 672 1160 727 in
1188 672 1385 726 mundo
1413 679 1535 725 sunt
1555 668 1573 701 ί
1603 688 1615 723 :
1647 678 1778 739 quo-

162 770 329 824 niam
364 764 521 823 omne
548 762 689 837 quod
718 768 799 822 est
820 767 877 820 iit
899 760 1117 829 mundo,
1149 760 1576 833 concupiscentia
1603 761 1779 815 carnis

162 860 279 926 est,
310 860 367 916 et
390 857 815 927 concupiscentia
837 850 1131 922 uenturum,
1156 852 1209 909 et
1230 851 1475 923 Superbia
1497 850 1641 917 vitaz,
1662 864 1779 920 quae

160 968 283 1008 non
317 956 405 1008 eSt
434 952 495 1005 e‘t
525 942 699 1014 Patre,
716 948 807 1005 Sed
831 954 897 1004 et
918 948 1117 1003 mundo
1143 944 1223 1002 est
1242 964 1257 1013 ;
1279 946 1333 1002 et
1359 945 1586 1000 mundus
1604 949 1780 999 trans-

160 1045 230 1110 it,
256 1053 319 1098 et
365 1041 795 1114 concupiscentia
815 1041 949 1111 ejus.
979 1038 1077 1105 Qui
1099 1048 1275 1093 autem
1309 1030 1434 1091 facit
1452 1036 1775 1091 voluntatem

160 1132 291 1200 Dei,
331 1128 513 1190 mafiet
538 1125 590 1189 in
617 1130 873 1189 internum
895 1134 937 1186 ¹.
967 1128 1032 1186 Et
1057 1128 1159 1185 alio
1186 1130 1293 1184 loco
1320 1145 1338 1183 :
1368 1126 1538 1184 Omne
1563 1127 1780 1182 menda-

157 1225 317 1281 cium
356 1241 463 1281 non
496 1230 560 1281 ex
589 1218 811 1279 veritate
841 1233 943 1279 est.

241 1311 315 1372 Et
347 1318 463 1389 post
501 1312 763 1388 paululum
799 1312 934 1388 [ιιι]
963 1334 975 1368 :
1007 1306 1339 1376 ChariSSimi,
1370 1322 1512 1365 nunc
1554 1308 1648 1363 filii
1686 1307 1780 1363 Dei

157 1404 391 1476 sumtis,
423 1418 476 1465 et
502 1398 737 1463 nondum
767 1407 1013 1477 apparuit
1031 1404 1155 1477 quid
1180 1406 1395 1460 erimus.
1421 1404 1629 1460 Scimus
1651 1412 1782 1474 quo-

157 1502 315 1559 niam
347 1498 473 1557 cum
503 1492 825 1572 appatuerit,
852 1496 1052 1555 similes
1073 1499 1121 1555 ei
1153 1500 1387 1564 erimus;
1417 1498 1665 1568 quoniam
1696 1495 1781 1550 vi-

156 1590 429 1652 debimus
449 1598 569 1651 eam
592 1586 743 1649 sicuti
767 1588 867 1649 est.
893 1584 961 1647 Et
981 1592 1155 1646 omnis
1174 1591 1263 1661 qui
1286 1589 1445 1645 habet
1468 1588 1606 1644 hanc
1630 1602 1778 1658 spem

157 1688 217 1744 in
256 1688 350 1752 eo,
396 1678 691 1741 Sanctificat
735 1688 792 1740 se
815 1726 831 1749 ,
868 1678 1001 1739 slctit
1030 1686 1083 1739 et
1110 1680 1199 1739 ille
1226 1688 1441 1737 sanctus
1466 1690 1565 1737 est.
1597 1680 1780 1736 Omnis

154 1770 251 1851 ἅθί
283 1777 429 1835 facit
460 1780 756 1849 petea'tum;
788 1780 840 1832 et
869 1770 1199 1847 iniqttitatem
1225 1775 1347 1829 facit
1381 1794 1392 1828 :
1426 1782 1477 1829 et
1502 1781 1779 1844 peccatum

156 1860 244 1929 est
281 1872 569 1941 iniquitas.
605 1871 670 1925 Et
708 1868 853 1925 scius
879 1868 1127 1940 qdoniam
1158 1868 1242 1922 ille
1281 1867 1543 1937 apparuit,
1572 1874 1629 1920 ut
1658 1880 1785 1935 pec-

153 1954 279 2022 cata
312 1956 336 1997 ⁸
370 1950 612 2031 tolleret,
644 1972 695 2016 et
719 1968 991 2031 peccatum
1024 1960 1074 2014 lu
1118 1975 1182 2014 eo
1213 1968 1319 2012 nou
1346 1964 1450 2011 est.
1479 1956 1665 2012 Omnis
1690 1957 1781 2025 qui

161 2058 218 2113 iii
248 2070 318 2112 eo
362 2060 574 2119 rnanet,
607 2066 712 2107 non
742 2060 926 2123 peccat
954 2068 966 2103 :
999 2062 1051 2105 et
1079 2051 1252 2103 omnis
1292 2048 1381 2118 qui
1423 2056 1623 2118 peccat,
1675 2060 1778 2100 non

164 2149 303 2204 vidit
335 2163 490 2211 eum,
517 2161 617 2201 nec
646 2144 894 2214 cognovit.
923 2159 1065 2198 eum.
1098 2141 1290 2204 Filioli,
1320 2155 1476 2194 nemo
1501 2154 1594 2193 vos
1624 2136 1781 2193 Sedu-

166 2250 277 2299 cat.
313 2236 422 2307 Qui
455 2235 582 2292 facit
616 2237 897 2308 justitiam,
926 2234 1099 2305 justtis
1134 2234 1237 2299 est,
1267 2233 1403 2286 sicut
1427 2234 1480 2286 et
1501 2230 1587 2285 ille
1608 2230 1780 2299 justus

166 2342 273 2388 est.
319 2332 429 2398 Qui
477 2330 599 2385 facit
628 2337 924 2399 peccatum,
956 2341 1021 2380 ex
1047 2324 1258 2379 diabolo
1286 2332 1367 2378 est
1397 2342 1408 2376 :
1439 2322 1688 2392 quoniam
1714 2321 1780 2376 ab

170 2424 333 2478 initio
369 2420 620 2478 diabolus
648 2429 851 2490 peccat.
896 2419 950 2473 In
983 2418 1082 2472 hoc
1107 2416 1353 2485 apparuit
1382 2415 1547 2468 Filius
1577 2413 1689 2478 Dei,
1725 2424 1782 2468 ut

168 2516 448 2572 dissolvat
475 2528 634 2585 opera
663 2512 878 2567 diaboli.
904 2510 1093 2565 Omnis
1128 2509 1219 2579 qui
1250 2517 1405 2563 natus
1432 2516 1507 2561 est
1540 2521 1603 2561 ex
1648 2506 1776 2571 Deo,

173 2619 468 2681 peccatum
502 2616 606 2661 non
630 2606 753 2660 facit
777 2622 791 2672 ;
822 2604 1071 2675 quoniam
1098 2612 1281 2658 semen
1307 2602 1472 2671 ipsius
1500 2601 1551 2653 in
1578 2614 1641 2654 eo
1667 2613 1780 2652 ma-

174 2714 269 2760 net
299 2723 312 2758 :
340 2710 397 2758 et
427 2718 535 2756 non
583 2707 758 2768 potest
803 2710 1059 2769 peccare;
1087 2696 1337 2766 quoniam
1382 2708 1445 2748 ex
1480 2693 1588 2747 Deo
1625 2699 1779 2745 natus

175 2806 281 2851 est.
335 2796 395 2849 ln
430 2794 532 2847 hoc
576 2787 843 2845 manifesti
874 2795 998 2843 sunt
1040 2786 1132 2841 lilii
1167 2785 1277 2850 Dei,
1330 2792 1384 2839 et
1426 2783 1519 2837 filii
1558 2781 1778 2837 diaboli.

174 2889 373 2946 Omnis
405 2886 495 2958 qui
526 2896 631 2939 non
659 2893 740 2939 est
761 2882 955 2954 justus,
986 2894 1091 2936 non
1120 2889 1202 2935 (εει
1229 2894 1293 2933 ex
1321 2879 1446 2943 Deo,
1473 2888 1525 2932 et
1554 2876 1644 2947 qui
1675 2891 1779 2930 non

178 2981 357 3050 diligit
388 2978 611 3033 fratrem
651 2984 803 3031 stium
839 2991 851 3027 :
893 2974 1151 3044 queuiam'
1189 2972 1304 3025 haec
1333 2979 1415 3025 cst
1451 2968 1781 3024 annuntiatio

176 3078 349 3145 quam
378 3072 604 3127 audistis
644 3069 712 3123 ab
755 3070 927 3133 initio,
947 3076 1003 3121 ut
1040 3064 1271 3136 diligatis
1300 3065 1612 3119 alterutrum
1640 3060 1682 3114 ’n
1713 3058 1782 3113 Et

182 3178 298 3237 post
334 3180 526 3233 paucos
552 3179 720 3217 versus
756 3179 772 3213 :
799 3160 973 3215 Nolite
1010 3158 1213 3222 mirari,
1243 3156 1454 3222 fratres,
1483 3155 1527 3209 si
1552 3154 1662 3208 odit
1686 3168 1783 3207 vos

179 3257 445 3313 mundus.
495 3253 602 3308 Nos
644 3252 842 3306 Scimus
895 3251 1144 3319 quoniam
1194 3248 1430 3302 translati
1479 3259 1663 3299 sumus
1717 3244 1784 3298 de

181 3352 368 3404 morte
400 3347 459 3398 in
486 3345 647 3398 vitam
668 3383 681 3407 ,
722 3342 973 3411 quoniam
997 3340 1264 3409 diligimus
1291 3337 1483 3391 fratres
1512 3354 1524 3388 :
1557 3337 1645 3405 qui
1678 3350 1782 3391 non

181 3439 384 3509 diligit,
412 3442 594 3492 manet
614 3437 667 3491 in
689 3443 878 3490 morte.
902 3434 1088 3487 Omnis
1114 3433 1201 3502 qui
1225 3430 1336 3485 odit
1364 3430 1582 3485 fratrem
1605 3441 1782 3497 suum,

183 3531 465 3588 homicida
493 3536 591 3584 est.
634 3529 701 3583 Et
734 3528 880 3582 scitis
908 3526 1153 3596 quoniam
1186 3525 1360 3579 omnis
1388 3523 1650 3578 homicida
1679 3538 1785 3577 non

189 3626 358 3679 habet
386 3622 553 3675 vitam
581 3628 833 3674 :ctcrnam
864 3619 916 3672 in
942 3632 999 3672 se
1031 3625 1353 3671 manentem.
1388 3614 1441 3669 ln
1472 3615 1572 3669 hoc
1593 3628 1789 3685 cogno-

191 3720 373 3772 vimus
402 3715 714 3769 charitatem
765 3713 887 3776 Dei,
933 3712 1182 3782 quoniam
1215 3710 1301 3763 ille
1343 3724 1438 3780 pro
1477 3709 1630 3763 nobis
1675 3708 1789 3763 ani-

197 3824 341 3863 mam
366 3822 518 3860 suam
547 3806 720 3876 posuit
744 3820 757 3856 :
790 3814 842 3856 et
872 3818 970 3857 nos
993 3801 1248 3856 debemus
1280 3816 1373 3870 pro
1402 3800 1651 3854 fratribus
1676 3801 1789 3853 auis

197 3920 313 3958 mas
362 3916 582 3971 ponere.
620 3898 720 3966 Qui
763 3894 1007 3953 habuerit
1051 3895 1400 3951 substantiam
1447 3890 1625 3949 mundi
1654 3894 1706 3959 ³,
1737 3901 1791 3948 et

196 3992 393 4048 viderit
424 3990 643 4045 fratrem
674 4004 827 4043 suum
853 3976 1224 4043 necessitatem
1266 3985 1480 4050 habere,
1510 3994 1564 4039 et
1584 3985 1790 4039 clause-

199 4085 270 4139 rit
301 4085 508 4138 viscera
537 4096 629 4136 sua
660 4081 828 4143 abeo,
860 4077 1128 4150 quomodo
1154 4077 1384 4131 charitas
1414 4076 1507 4131 Dei
1534 4084 1711 4129 manet
1738 4075 1788 4129 in

200 4178 302 4232 eo?
330 4175 506 4230 Filioli
545 4174 669 4237 mei,
699 4189 804 4227 non
831 4173 1110 4242 diligamus
1140 4169 1304 4223 verbo
1339 4184 1434 4222 nec
1464 4170 1662 4237 lingua,
1696 4167 1788 4221 sed

199 4286 364 4339 Opere
385 4278 441 4323 et
471 4267 706 4321 veritate.
732 4265 786 4319 lu
811 4265 911 4318 hoc
940 4260 1329 4331 cognoscimus,
1354 4260 1601 4330 quoniam
1624 4273 1687 4312 ex
1709 4274 1791 4313 ve-

200 4362 357 4414 ritate
399 4374 583 4413 sumus
604 4397 617 4420 ,
665 4363 718 4410 et
746 4356 797 4408 in
828 4363 1117 4421 conspectu
1159 4351 1274 4420 ejus
1304 4348 1604 4419 _suademus
1630 4348 1789 4403 corda

202 4462 385 4506 nostra
422 4470 434 4505 :
462 4449 711 4521 quoniam
754 4448 797 4500 si
840 4444 1245 4516 reprehenderit
1269 4458 1367 4497 nos
1393 4454 1487 4496 cor
1512 4452 1748 4496 nostrum
1772 4481 1787 4508 ,

205 4546 375 4615 major
404 4554 487 4600 est
513 4544 651 4597 Deus
682 4540 841 4596 corde
869 4547 1072 4602 nostro,
1105 4548 1156 4591 et
1183 4538 1329 4591 novit
1354 4536 1550 4591 omnia.
1573 4534 1794 4590 Charis-

205 4635 347 4702 sinii,
376 4637 420 4690 si
447 4651 541 4689 cor
569 4642 809 4687 nostrum
835 4645 939 4683 non
968 4627 1368 4697 reprehenderit
1396 4642 1512 4691 nos,
1547 4624 1790 4678 ﬁduciam

209 4727 467 4783 habemus
495 4727 560 4781 ad
594 4728 790 4789 Deum,
832 4732 885 4779 et
915 4719 1168 4791 quidquid
1198 4718 1525 4789 petierimus,
1565 4715 1792 4784 accipie-

209 4835 327 4874 mus
350 4821 419 4874 ab
440 4834 506 4877 eo
534 4837 547 4872 :
580 4816 827 4888 quoniam
853 4812 1095 4868 mandata
1123 4810 1239 4880 ejus
1266 4808 1616 4873 custodimus,
1649 4816 1701 4862 et
1730 4819 1793 4861 ea

211 4926 328 4980 qua:
353 4912 545 4981 placita
569 4916 691 4964 sunt
718 4922 897 4962 coram
924 4918 1011 4969 eo,
1036 4903 1273 4957 facimus.
1303 4900 1371 4954 Et
1398 4900 1497 4954 hoc
1536 4908 1617 4953 est
1646 4912 1795 4952 man-

211 5004 392 5059 datum
434 5007 572 5076 ejus,
616 5012 673 5058 ut
713 5000 1014 5056 credamus
1038 4998 1093 5051 in
1120 4996 1335 5051 nomine
1364 4995 1482 5049 Filii
1522 4995 1635 5063 ejus
1665 4992 1796 5047 .lesu

215 5095 439 5165 Christi,
475 5108 528 5152 et
553 5096 836 5166 diligamus
863 5094 1197 5155 alterutrum,
1231 5090 1368 5144 sicut
1406 5087 1551 5143 dedit
1578 5086 1796 5142 manda-

284 5239 299 5269 ι
324 5240 404 5285 Hic
438 5228 583 5285 dceSt
618 5232 725 5293 pars
747 5222 901 5280 altera
926 5224 1151 5293 versiculi
1175 5226 1230 5277 i5
1254 5242 1265 5277 :
1287 5225 1334 5279 Si
1355 5227 1459 5292 quis
1480 5227 1635 5293 diligit
1662 5241 1796 5279 mim-

223 5297 351 5356 dum,
369 5308 462 5349 non
484 5302 551 5350 est
569 5288 782 5362 dimittis
808 5288 1117 5362 I'atrtsinea.

282 5363 300 5391 ¹
327 5352 543 5411 Additum
567 5360 614 5407 in
639 5358 781 5407 editis
808 5362 978 5415 iuerat,
1002 5352 1123 5403 sicut
1164 5358 1209 5403 et
1250 5361 1371 5415 nens
1390 5358 1546 5403 manet
1574 5352 1625 5404 in
1660 5359 1800 5404 teter-

224 5436 332 5486 Hth
362 5436 376 5471 :
400 5424 525 5486 quod
550 5436 576 5469 a
598 5418 914 5486 Speculittss.
939 5426 987 5466 et
1006 5429 1034 5463 a
1056 5418 1204 5486 sacris
1226 5414 1387 5464 Bibliis
1405 5419 1560 5465 abest.

286 5485 304 5515 ³
325 5490 371 5533 lu
394 5480 540 5535 sacris
562 5480 720 5532 Bibliis
741 5480 948 5537 additur,
971 5485 1146 5529 nostra

286 5546 305 5613 ξ
328 5550 501 5613 Regius
517 5548 689 5613 code},
716 5550 765 5591 ut
791 5541 1079 5613 (litigamus;
1099 5542 1235 5613 juxta
1261 5554 1487 5613 graecum.

288 5606 306 5638 ⁸
332 5603 543 5672 vulgata,
563 5604 706 5672 hujus
729 5603 921 5672 numdz',
946 5618 1055 5672 eum
1092 5605 1466 5672 demonstrativo
1485 5603 1767 5667 pronomine

229 5669 352 5734 quod
374 5664 537 5723 tainen’
557 5664 697 5723 abest
721 5668 865 5718 etiam
882 5678 910 5716 a
930 5666 1066 5718 Corb.
1088 5664 1263 5716 Bibliis.

1457 186 1544 240 DE
1590 180 1972 239 SCRIPTURA
2013 185 2256 241 SACRA.

1886 5578 2167 5647 .codicibus,
2193 5594 2237 5636 ct
2260 5578 2391 5647 ante
2408 5578 2489 5647 ΑεὶΔ
2514 5578 2659 5647 vitant

3330 196 3466 251 1033

1890 306 2000 351 tum
2032 299 2201 354 nobis.
2232 298 2302 353 Et
2325 299 2411 369 qui
2435 298 2612 355 servat
2640 303 2882 357 mandata
2914 304 3048 374 ejus,
3072 306 3121 360 in
3149 307 3236 361 illo
3265 314 3474 377 manet,’

1886 394 1940 445 et
1966 389 2149 459 ipsein
2175 396 2260 445 eo.
2292 390 2358 444 Et
2383 391 2433 445 in
2463 391 2564 447 hoc
2592 394 2789 448 scimus
2813 396 3061 465 quoniam
3086 409 3261 453 manet
3290 400 3341 454 in
3371 416 3484 455 no.-

1887 481 1965 537 bis
1995 483 2061 538 de
2091 483 2291 553 Spiritu
2312 486 2468 553 quem
2502 482 2653 540 nobis
2683 487 2844 542 dedit.
3484 470 3487 471 ⁷

1957 573 2078 649 [ιν.]
2097 574 2406 631 CharlsSimi
2427 619 2442 643 ,
2472 579 2635 635 nolite
2664 582 2807 635 omni
2836 574 3046 651 Spiritui
3081 585 3301 640 credere
3325 616 3341 653 ς
3372 589 3463 642 scd

1884 669 2106 739 probate
2131 670 2346 740 spiritus
2372 669 2416 725 si
2444 682 2507 727 ex
2535 670 2647 727 Deo
2675 678 2798 729 sunt
2822 693 2835 729 :
2867 677 3114 745 quoniam
3139 678 3288 733 multi
3313 694 3467 748 pseu-

1884 759 2228 833 thprOplietre
2255 765 2499 820 exierunt
2528 766 2579 820 in
2614 766 2889 822 mundum.
2920 768 2976 824 ln
3004 770 3103 824 hoc
3129 773 3467 839 cognoscitur

1884 855 2103 925 spiritus
2150 856 2243 911 Dei
2288 876 2300 910 :
2342 858 2513 911 omnis
2559 859 2775 929 Spiritus
2824 862 2911 931 qui
2957 861 3239 918 confitetur
3281 864 3465 920 Jesum

1883 944 2155 1000 Christum
2188 947 2239 1001 in
2268 960 2431 1003 carne
2450 950 2680 1017 venisse,
2704 960 2768 1006 ex
2798 952 2908 1006 Deo
2932 960 3045 1019 est;
3074 964 3127 1009 et
3146 956 3322 1009 omnis
3353 957 3465 1025 Spi-

1883 1036 2019 1090 ritus
2039 1037 2129 1107 qui
2154 1038 2311 1093 solvit
2333 1039 2536 1104 Jesum,
2570 1057 2636 1097 cx
2663 1042 2773 1097 Deo
2799 1059 2905 1098 non
2935 1056 3045 1109 est,
3074 1054 3127 1100 et
3154 1045 3237 1101 hic
3263 1056 3347 1103 est
3372 1064 3467 1103 au-

1885 1128 2176 1198 tichristus,
2201 1130 2268 1186 de
2292 1147 2399 1201 quo
2422 1133 2646 1190 audistis
2671 1137 2920 1205 quoniam
2947 1138 3109 1202 venit;
3134 1150 3188 1194 et
3205 1142 3466 1211 nuncjain

1883 1219 2167 1276 inmundo
2193 1231 2293 1278 est.
2322 1223 2433 1279 Vos
2458 1240 2520 1279 ex
2568 1226 2679 1281 Deo
2723 1228 2882 1293 estis,
2936 1228 3116 1297 filioli,
3166 1240 3221 1285 et
3267 1234 3468 1288 vicistis

1884 1326 1980 1368 eos
2006 1314 2057 1378 1;
2088 1315 2335 1383 quoniam
2367 1317 2535 1385 major
2556 1326 2639 1372 est
2668 1319 2755 1387 qui
2784 1319 2837 1372 in
2869 1320 3019 1375 vobis
3044 1331 3126 1377 est
3144 1361 3159 1387 ,
3189 1338 3345 1393 quam
3374 1324 3467 1395 qui

1886 1402 1940 1456 in
1982 1404 2200 1459 mundo.
2244 1404 2347 1474 Ipsi
2385 1406 2451 1461 de
2478 1407 2675 1462 mundo
2700 1418 2855 1475 sunt,
2889 1411 3008 1465 ideo
3047 1413 3115 1467 de
3154 1414 3352 1469 mundo
3390 1415 3467 1470 lo-

1884 1503 2146 1562 quuntur,
2192 1505 2246 1551 et
2289 1498 2517 1552 mundus
2546 1514 2638 1553 eos
2684 1500 2849 1555 audit.
2878 1502 2986 1556 Nos
3012 1520 3074 1557 ex
3109 1504 3215 1560 Deo
3241 1522 3463 1565 sumus:

1884 1586 1973 1654 qui
2003 1588 2151 1640 novit
2184 1588 2348 1643 Deum
2373 1630 2385 1653 ,
2419 1590 2566 1645 audit
2591 1608 2721 1655 nos;
2748 1594 2835 1663 qui
2865 1610 2967 1649 non
2993 1605 3161 1651 estex
3188 1600 3328 1665 Deo,
3360 1616 3467 1655 non

1884 1676 2032 1729 audit
2060 1692 2176 1731 nos.
2204 1678 2260 1731 In
2289 1680 2388 1734 hoc
2422 1683 2790 1750 cognoscimus
2832 1685 3074 1753 spiritum
3116 1689 3382 1756 veritatis,
3416 1700 3469 1747 et

1885 1766 2130 1836 spiritum
2156 1769 2720 1838 erroris.Charissimi,
2745 1774 3025 1845 diligamus
3047 1777 3270 1833 invicem
3300 1799 3312 1834 :
3339 1796 3469 1849 quo-

1885 1863 2028 1916 niam
2054 1862 2289 1918 charitas
2310 1879 2374 1918 ex
2406 1866 2514 1919 Deo
2536 1874 2635 1931 est;
2660 1876 2713 1921 et
2743 1868 2917 1921 omnis
2936 1870 3026 1938 qui
3054 1869 3243 1939 diligit,
3271 1887 3335 1927 ex
3358 1872 3468 1928 Deo

1886 1968 2042 2012 natus
2072 1966 2154 2012 est
2175 2000 2189 2022 ,
2223 1968 2278 2013 et
2305 1961 2579 2029 cognoscit
2605 1960 2789 2015 Deum.
2833 1961 2933 2029 Qui
2982 1978 3085 2016 non
3116 1964 3317 2034 diligit,
3362 1982 3469 2021 non

1886 2052 2032 2105 novit
2050 2051 2236 2118 Deum,
2251 2052 2501 2122 quoniam
2523 2053 2661 2107 Deus
2681 2052 2911 2109 charitas
2930 2064 3029 2109 est.
3049 2054 3115 2107 Et
3139 2057 3290 2124 paulo
3316 2068 3427 2127 post
3448 2075 3467 2111 :

1885 2142 2194 2196 Charissimi
2216 2185 2230 2209 ,
2262 2143 2304 2197 si
2334 2143 2409 2196 sic
2439 2144 2574 2197 Deus
2599 2142 2785 2198 dilexit
2824 2159 2922 2198 nos
2942 2186 2955 2209 ,
2987 2154 3035 2199 ct
3086 2161 3184 2200 nos
3210 2146 3466 2203 debemus

1885 2232 2197 2286 alterutrum
2252 2231 2492 2303 diligere.
2528 2232 2693 2287 Deum
2726 2238 2881 2288 nemo
2935 2234 3063 2288 vidit
3117 2251 3366 2305 unquam.
3409 2238 3466 2292 Si

1884 2320 2165 2391 diligamus
2192 2321 2418 2378 invicem
2445 2367 2457 2391 ,
2486 2324 2624 2379 Deus
2656 2325 2706 2379 in
2736 2322 2887 2379 nobis
2910 2334 3125 2391 manet,
3159 2339 3212 2381 et
3235 2328 3468 2383 charitas

1885 2414 1998 2484 ejus
2026 2416 2076 2468 in
2107 2414 2258 2469 nobis
2288 2414 2517 2484 perfecta
2549 2424 2648 2470 est.
2679 2415 2809 2469 Item
2840 2408 2993 2487 paulo
3034 2427 3144 2488 post
3175 2433 3193 2471 .'
3219 2418 3467 2488 Quisquis

1884 2507 2165 2563 confessus
2191 2505 2348 2563 fuerit
2387 2506 2634 2578 quoniam
2664 2508 2817 2563 Jesus’
2846 2519 2927 2564 est
2967 2509 3129 2565 Filius
3164 2511 3252 2564 Dei
3280 2554 3293 2578 ,
3326 2510 3465 2566 Deus

1885 2605 1936 2660 in
1979 2620 2044 2660 eo
2071 2615 2281 2669 manet,
2311 2610 2363 2657 et
2392 2602 2505 2672 ipse
2545 2604 2595 2655 in
2629 2602 2755 2657 Deo.
2782 2600 2847 2655 Et
2874 2616 2971 2656 nos
3000 2604 3340 2671 cognovimus
3367 2647 3380 2670 ,
3414 2615 3467 2659 et

1883 2696 2207 2752 credidimus
2237 2695 2481 2751 charitati
2507 2700 2663 2766 quam
2706 2694 2864 2750 habet
2888 2696 3025 2749 Deus
3049 2697 3099 2750 iu
3124 2695 3295 2750 nobis.
3326 2695 3464 2751 Deus

1885 2786 2118 2848 charitas
2144 2800 2248 2857 est,
2273 2801 2326 2846 et
2358 2792 2449 2862 qui
2477 2801 2656 2846 manet
2678 2792 2728 2845 in
2751 2792 3027 2857 charitatc,
3062 2793 3113 2845 in
3138 2791 3245 2847 Deo
3268 2790 3461 2858 manet,

1886 2893 1939 2939 et
1969 2885 2107 2939 Deus
2140 2883 2189 2937 in
2237 2899 2321 2938 eo.
2359 2882 2413 2936 ln
2456 2883 2555 2937 hoc
2586 2881 2818 2951 perfecta
2865 2892 2947 2937 est
2989 2883 3221 2938 charitas
3254 2884 3341 2937 Dei
3374 2884 3468 2939 no-

1885 2976 2090 3031 hiscum
2116 3017 2129 3041 ,
2174 2985 2230 3030 ut
2260 2975 2505 3030 fiduciam
2545 2975 2833 3029 habeamus
2864 2974 2915 3029 in
2965 2972 3052 3030 die
3077 2974 3260 3045 judicii
3290 2994 3299 3029 :
3331 2994 3467 3046 quo-

1886 3070 2029 3124 niam
2058 3069 2195 3123 sicut
2222 3067 2306 3123 ille
2340 3078 2420 3123 est
2441 3108 2457 3134 ,
2491 3077 2543 3122 et
2574 3080 2670 3121 nos
2709 3082 2891 3122 sumus
2921 3068 2971 3121 in
3004 3068 3104 3123 hoc
3135 3069 3351 3123 mundo.
3381 3070 3445 3123 Ti

1887 3176 2006 3214 mor
2034 3176 2139 3214 non
2171 3167 2253 3213 est
2278 3159 2330 3213 in
2361 3160 2653 3227 charitate,
2680 3160 2772 3212 sed
2814 3158 3043 3228 perfecta
3074 3158 3305 3214 charitas
3330 3158 3469 3216 foras

1890 3253 2051 3305 mittit
2094 3252 2340 3304 timorem
2373 3268 2386 3304 :
2415 3250 2661 3318 quoniam
2695 3251 2850 3302 timor
2892 3265 3099 3318 poenam
3152 3250 3326 3304 habet.
3369 3250 3473 3317 Qui

1889 3351 2065 3396 autem
2114 3342 2301 3406 timet,
2348 3357 2453 3394 non
2502 3350 2579 3394 est
2615 3341 2879 3408 perfectus
2910 3341 2960 3394 in
2992 3341 3250 3397 charitate
3276 3344 3316 3393 ³.
3364 3342 3471 3399 Nos

1891 3448 2018 3504 ergo
2044 3433 2324 3503 diligamus
2348 3432 2545 3496 Deum,
2570 3432 2814 3500 quoniam
2843 3432 2954 3500 ipse
2980 3432 3125 3500 prior
3144 3432 3326 3487 dilexit
3351 3449 3467 3488 nos.

1890 3518 1946 3581 Si
1973 3525 2093 3595 quis
2119 3523 2312 3579 dixerit
2335 3523 2585 3592 quondam
2614 3522 2776 3590 diligo
2801 3522 2984 3586 Deum,
3003 3530 3056 3577 et
3076 3522 3292 3578 fratrem
3314 3539 3470 3578 suum

1893 3617 2105 3684 oderit,
2147 3616 2371 3669 mendax
2417 3624 2516 3669 est.
2565 3614 2663 3681 Qui
2713 3612 2852 3667 enim
2899 3629 3003 3668 non
3048 3614 3219 3685 diligit
3252 3616 3466 3673 fratrem

1894 3726 2047 3766 suum
2086 3724 2242 3780 quem
2286 3708 2462 3773 videt,
2509 3708 2672 3762 Deum
2703 3723 2858 3776 quem
2904 3724 3007 3762 non
3037 3709 3179 3762 videt
3205 3710 3471 3779 quomodo

1896 3810 2069 3872 potest
2093 3800 2354 3871 diligere?
2376 3796 2441 3853 Et
2472 3798 2572 3853 hoc
2594 3798 2895 3852 mandatum
2924 3798 3180 3854 habemus
3211 3799 3277 3855 ab
3298 3816 3381 3867 eo,
3415 3806 3472 3855 ut

1895 3869 1980 3964 qui
2010 3892 2175 3961 diligit
2201 3869 2385 3954 Deum,
2405 3889 2586 3961 diligat
2611 3898 2664 3944 et
2693 3890 2907 3945 fratrem
2936 3906 3110 3945 suum.
3497 3869 3499 3875 Α

1968 3984 2065 4059 [v.]
2096 3984 2280 4038 Omnis
2310 3983 2397 4054 qui
2425 3982 2593 4037 credit
2620 3983 2869 4052 quoniam
2904 3981 3057 4037 Jesns
3088 3992 3167 4037 est
3196 3982 3434 4039 Christus
3456 4026 3470 4049 ,

1897 4092 1959 4131 ex
1992 4076 2098 4130 Deo
2138 4083 2290 4129 natus
2336 4083 2417 4128 cst
2450 4092 2462 4126 :
2497 4081 2550 4127 et
2579 4073 2752 4127 omnis
2778 4072 2866 4143 qui
2904 4073 3075 4143 diligit
3116 4090 3235 4129 eum
3266 4075 3353 4142 qui
3382 4092 3471 4145 ge-

1898 4168 2042 4231 nuit,
2088 4166 2257 4235 diligit
2282 4173 2336 4219 et
2366 4180 2485 4219 eum
2514 4163 2602 4232 qui
2644 4171 2795 4217 natus
2830 4172 2912 4218 est
2952 4180 3015 4217 ex
3054 4179 3136 4216 eo.
3169 4164 3223 4217 ln
3257 4166 3354 4218 hoc
3379 4180 3472 4217 co-

1897 4256 2198 4327 gnoscimus
2224 4254 2473 4323 quoniam
2512 4252 2778 4321 diligimus
2816 4262 2965 4305 natos
3001 4253 3126 4318 Dei,
3158 4267 3278 4306 cum
3308 4254 3473 4308 Deum

1896 4349 2177 4418 diligamus
2200 4389 2214 4413 ,
2256 4355 2309 4401 et
2338 4344 2581 4399 mandata
2622 4345 2738 4413 ejus
2765 4344 3034 4398 faciamus.
3076 4345 3199 4399 llaac
3223 4355 3303 4400 cst
3331 4348 3472 4402 enim
3507 4346 3514 4353 ⁴

1898 4439 2129 4493 charitas
2155 4436 2282 4501 Dei,
2313 4444 2369 4489 ut
2394 4434 2639 4488 mandata
2673 4434 2789 4502 ejus
2816 4435 3173 4489 custodiamus
3203 4452 3216 4489 :
3247 4445 3299 4491 et
3322 4455 3475 4492 mau-

1896 4530 2016 4585 data
2042 4530 2158 4599 ejus
2181 4528 2361 4599 gravia
2388 4543 2491 4581 non
2520 4535 2662 4580 sunt.
2677 4526 2935 4593 Quoniam
2961 4542 3117 4582 omne
3132 4529 3271 4598 quod
3294 4540 3475 4584 natum

1898 4634 1981 4681 est
2010 4640 2075 4678 ex
2108 4623 2247 4685 Deo,
2286 4620 2447 4674 vincit
2473 4617 2747 4673 mundum.
2781 4617 2848 4671 Et
2883 4630 2992 4689 post
3017 4620 3321 4689 paululum:
3353 4623 3477 4678 lla‘c

1900 4726 1980 4772 est
2012 4714 2200 4769 fiducia
2222 4727 2379 4782 quam
2408 4710 2666 4764 habemus
2686 4708 2752 4763 ad
2781 4725 2932 4775 eum,
2964 4712 3084 4779 quia
3107 4714 3477 4783 quodcumque

1900 4808 2209 4879 petierimus
2249 4801 2537 4858 secundum
2560 4802 2883 4855 voluntatem
2910 4802 3022 4870 ejus
3048 4843 3060 4866 ,
3090 4802 3233 4855 audit
3261 4810 3356 4855 nos
3388 4822 3398 4855 :
3430 4816 3483 4857 et
3570 4822 3577 4827 λ

1901 4900 2097 4956 scimus
2142 4892 2391 4967 quoniam
2422 4893 2565 4947 audit
2587 4908 2703 4947 nos.
2734 4891 2803 4946 Et
2843 4900 2955 4963 post
2998 4902 3094 4946 tres
3135 4904 3305 4946 versus
3332 4911 3350 4946 :
3378 4894 3478 4960 Qui

1901 4994 2001 5049 Scit
2030 4992 2243 5047 fratrem
2270 5000 2423 5043 suum
2453 5002 2675 5056 peccare
2696 4995 2967 5055 peccatum
2996 5001 3099 5038 non
3126 4986 3190 5038 ad
3215 4996 3436 5041 mortem
3462 5029 3477 5050 ,

1902 5093 2046 5157 petat
2071 5085 2109 5150 ³,
2131 5092 2183 5138 et
2207 5082 2350 5138 dabit
2368 5084 2416 5136 ei
2442 5081 2621 5143 vitam,
2646 5078 2984 5148 peccantibus
3014 5093 3115 5130 non
3142 5078 3205 5131 ad
3234 5088 3480 5132 mortem.

1969 5226 1983 5254 ι
2010 5223 2081 5271 sic
2102 5216 2289 5281 speculi
2324 5216 2515 5265 codices
2540 5213 2679 5275 juxta
2706 5223 2933 5273 graecum.
2975 5219 3028 5261 At
3060 5210 3273 5274 Vulgata,
3312 5208 3486 5264 rivis-tis

1902 5284 2025 5337 eum.

1968 5333 1987 5379 ί
2010 5347 2081 5395 sic
2103 5352 2208 5392 Mss.
2234 5354 2341 5390 cum
2366 5337 2513 5405 sacris
2528 5334 2717 5405 Bibliis.
2734 5340 2786 5405 at
2804 5333 2925 5405 miti
2940 5335 3251 5405 negationem
3290 5335 3488 5405 collima-

1904 5394 2019 5460 bant
2036 5410 2085 5455 in
2109 5407 2271 5468 priore
2292 5402 2509 5468 membro
2523 5396 2868 5468 propositionis
2886 5410 2898 5443 :
2918 5396 3003 5457 Qui
3016 5394 3027 5395 ﬂ
3044 5402 3197 5445 autem
3221 5410 3312 5447 non
3338 5394 3487 5456 (tinet,

1906 5458 1975 5523 est
1999 5458 2231 5532 perfectus
2254 5462 2303 5511 in
2327 5458 2574 5532 charitate.

1971 5519 2161 5579 finitio
2184 5536 2303 5592 Ann,
2325 5528 2477 5592 petet,
2512 5532 2725 5592 moxque
2753 5532 2863 5569 cum
2883 5521 3092 5592 steteris
3129 5520 3271 5592 hujus
3301 5519 3492 5581 ηεινριιῆ

2726 5581 2997 5639 secantibus
3030 5595 3121 5630 non
3153 5581 3217 5630 ad
3256 5590 3492 5639 mutem;

1907 5595 2167 5647 codicibus,
2193 5595 2237 5636 ct
2260 5595 2391 5635 (tavit
2428 5598 2471 5631 et
2514 5595 2659 5631 etiam
2726 5595 2997 5631 eccamwus
3030 5595 3121 5630 non
3153 5595 3215 5630 au
3256 5595 3492 5639 meum;

1905 5658 2043 5721 juxta
2064 5661 2292 5715 grrrcum.
2327 5642 2512 5705 σὶιέσθὶν
2541 5641 2619 5693 Καὶ
2642 5595 2771 5695 dbpsei
2810 5641 2921 5694 (tuto
2956 5643 3122 5703 dzoéu,
3161 5642 3249 5693 teis
3284 5648 3494 5694 amart“.
