3878 6310
508 308 650 367 1059

503 421 603 478 Est
626 423 902 493 peccatum
928 411 996 469 ad
1021 416 1246 467 mortem
1272 424 1288 473 ;
1320 421 1425 462 non
1456 419 1553 475 pro
1582 403 1675 459 illo
1712 402 1833 458 dico
1862 409 1919 456 ut
1943 409 2093 472 roget

504 512 625 584 quis
643 512 683 564 ί.
705 507 891 566 Omnis
914 502 1165 575 iniquitas
1191 506 1466 569 peccatum
1493 503 1577 551 est
1594 534 1609 560 ,
1636 502 1691 549 et
1707 500 1792 549 est
1815 500 2091 562 peccatum

503 621 616 664 non
653 603 723 660 ad
762 607 990 659 mortem
1013 598 1058 649 ⁸.
1082 593 1293 651 Scimus
1318 588 1568 661 quoniam
1603 585 1778 641 omnis
1805 585 1895 656 qui
1936 592 2092 638 natus

502 708 590 756 est
627 712 697 754 ex
722 695 854 761 Deo,
886 705 994 748 non
1018 693 1237 760 peccat;
1267 681 1363 739 sed
1387 679 1658 753 generatio
1687 678 1782 734 Dei
1809 684 2092 733 conservat

502 805 628 847 cum
651 830 667 854 ,
711 794 765 843 et
803 784 1064 853 malignus
1089 793 1199 834 non
1224 774 1390 847 tangit
1405 788 1549 829 eum.
1576 770 1644 825 Et
1680 770 1783 826 alio
1820 769 1930 824 loco
1956 783 1976 823 :
2002 768 2090 823 Fi-

502 881 615 937 lioli
642 922 657 950 ,
688 875 953 935 custodite
976 887 1073 927 vos
1098 885 1129 925 a
1158 865 1476 926 simulacris.

860 985 948 1042 DE
985 979 1315 1039 EPISTOLA
1353 974 1631 1034 JOANNIS
1666 973 1731 1028 11.

573 1103 690 1161 Non
723 1109 973 1168 tanquam
1010 1091 1319 1149 mandatum
1351 1102 1550 1144 novum
1580 1085 1821 1141 scribens
1842 1083 1933 1138 tibi
1954 1124 1970 1148 ,
1994 1082 2089 1137 sed

499 1191 645 1265 quod
669 1188 949 1245 habuimus
977 1185 1046 1239 ab
1066 1182 1219 1239 initio
1241 1222 1255 1247 ,
1280 1188 1336 1235 ut
1359 1178 1639 1249 diligamus
1658 1176 1994 1265 alterutrum.
2021 1172 2091 1228 Et

499 1264 619 1341 haec
662 1288 744 1338 est
779 1277 1040 1342 charitas,
1072 1283 1132 1330 ut
1164 1270 1500 1328 ambulemus
1519 1267 1813 1324 secundum
1839 1264 2089 1320 mandata

498 1373 637 1444 ejus.
664 1371 776 1427 Hoc
794 1367 1097 1425 mandatum
1114 1373 1217 1432 est,
1232 1371 1290 1418 ut
1311 1359 1758 1434 quemadmodum
1777 1357 2001 1413 audistis
2020 1355 2089 1411 ab

498 1465 672 1530 initio,
703 1463 756 1517 in
794 1476 861 1517 eo
887 1457 1191 1514 ambuletis.
1220 1455 1288 1510 Et
1313 1462 1424 1525 post
1450 1468 1639 1524 paucos
1660 1467 1830 1508 uersus
1861 1467 1880 1504 :
1901 1448 2088 1505 Omnis

498 1558 592 1630 qui
621 1554 856 1621 recedit,
889 1560 944 1608 et
970 1565 1076 1606 non
1123 1553 1401 1618 permanet
1450 1544 1503 1599 in
1557 1543 1798 1599 doctrina
1846 1539 2082 1605 Christi,

498 1650 668 1705 Deum
698 1662 806 1702 non
833 1644 993 1699 habet
1021 1661 1035 1696 :
1067 1643 1156 1713 qui
1183 1647 1458 1711 permanet
1488 1638 1539 1692 in
1584 1636 1823 1692 doctrina
1850 1676 1864 1700 ,
1906 1634 1992 1689 hic
2033 1643 2089 1689 et

495 1738 695 1796 Filium
724 1746 778 1792 et
807 1736 1016 1790 Patrem
1042 1732 1221 1788 habet.
1248 1731 1304 1786 Si
1326 1729 1446 1801 quis
1466 1728 1611 1783 venit
1637 1727 1703 1782 ad
1730 1740 1845 1791 vos,
1870 1733 1924 1780 et
1948 1724 2087 1779 hanc

499 1830 798 1888 doctrinam
830 1842 935 1882 non
961 1824 1147 1889 affert,
1176 1823 1337 1878 nolite
1360 1820 1601 1891 recipere
1626 1834 1750 1874 eum
1772 1819 1825 1873 in
1846 1818 2080 1881 donnun,

497 1937 601 1980 nec
624 1922 741 1977 Ave
769 1920 820 1976 ei
847 1917 1107 1974 dixeritis.
1138 1916 1238 1984 Qui
1264 1915 1407 1971 cnim
1431 1914 1559 1969 dicit
1588 1913 1663 1969 illi
1687 1914 1821 1979 Ave,
1847 1926 2088 1967 commu-

499 2012 642 2070 nicat
670 2011 922 2084 operibus
949 2008 1068 2079 ejus
1088 2007 1352 2077 malignis.

839 2123 930 2178 DE
969 2120 1298 2178 EPISTOLA
1338 2118 1616 2176 JOANNIS
1655 2117 1741 2175 111.

497 2216 542 2232 ⁷
567 2231 892 2288 Charissime
914 2273 931 2299 ,
955 2229 1183 2286 ﬁdeliter
1202 2227 1333 2285 facis
1352 2227 1604 2300 quidquid
1632 2227 1870 2299 operaris
1890 2226 1943 2282 in
1973 2226 2085 2282 fra-

497 2334 607 2381 tres
630 2367 646 2394 ,
677 2333 731 2380 et
754 2324 856 2379 hoc
876 2324 929 2378 in
960 2322 1268 2393 peregrinos
1286 2363 1301 2387 ,
1327 2321 1421 2392 qui
1452 2320 1812 2376 testimonium
1839 2319 2085 2376 reddide-

497 2424 622 2470 runt
644 2413 886 2470 cbaritati
908 2422 1013 2468 tuae
1041 2413 1094 2467 in
1114 2421 1403 2482 conspectu
1433 2411 1684 2467 Ecclesiae
1715 2429 1729 2465 :
1758 2426 1892 2483 quos
1917 2411 2083 2468 bene-

497 2501 662 2559 facies
686 2502 956 2559 deducens
983 2503 1003 2534 ³
1042 2501 1199 2573 digne
1224 2502 1354 2557 Deo.
1396 2501 1500 2558 Pro
1527 2502 1743 2558 nomine
1785 2501 1928 2557 enim
1970 2501 2085 2572 ejus

496 2595 719 2665 profecti
764 2603 916 2661 sunt,
950 2594 1083 2649 nihil
1110 2593 1433 2665 accipientes
1455 2608 1487 2649 a
1512 2591 1792 2649 Gentibus.
1820 2592 1930 2649 Nos
1954 2609 2084 2665 ergo

494 2685 750 2744 debemus
778 2687 1049 2756 suscipere
1077 2685 1401 2757 hujusmodi,
1432 2694 1490 2741 ut
1513 2695 1888 2757 cooperatores
1916 2686 2083 2741 simus

492 2779 752 2835 veritatis.
780 2776 849 2832 Et
875 2787 985 2849 post
1025 2778 1294 2850 paululum
1319 2794 1338 2831 :
1360 2777 1686 2833 Charissime
1705 2817 1719 2842 ,
1747 2777 1856 2832 noli
1885 2777 2082 2832 imitari

491 2870 693 2926 malum
717 2911 732 2936 ,
763 2869 859 2925 sed
899 2869 1040 2940 quod
1069 2871 1267 2926 bonum
1291 2879 1392 2925 est.
1417 2868 1519 2936 Qui
1548 2869 1685 2925 bene
1707 2868 1852 2936 facit,
1882 2882 1950 2924 ex
1971 2868 2083 2925 Deo

493 2971 577 3020 est
605 2980 619 3018 :
648 2962 736 3033 qui
768 2961 909 3016 male
936 2961 1080 3027 facit,
1116 2976 1222 3017 non
1247 2961 1379 3016 vidit
1404 2961 1590 3017 Deum.

719 3073 808 3128 DE
846 3072 1176 3131 EPISTULA
1212 3072 1407 3130 JUDJE
1459 3072 1810 3129 APOSTOLI.

470 3184 476 3217 ί
561 3184 995 3243 Subintroierunt
1045 3185 1188 3240 enim
1234 3184 1449 3255 quidam
1497 3186 1778 3255 homines,
1829 3189 1921 3259 qui
1948 3189 2079 3245 olim

482 3277 789 3349 pmwripﬁ
816 3286 941 3332 sunt
965 3278 1017 3333 in
1039 3277 1141 3333 hoc
1157 3277 1439 3347 judicium,
1465 3277 1633 3349 impii,
1665 3279 1877 3336 Domini
1906 3282 2080 3338 nostri

489 3369 714 3441 gratiam
738 3368 1119 3426 transferentes
1144 3369 1196 3425 in
1226 3369 1488 3425 luxuriam
1513 3410 1528 3437 ,
1558 3380 1613 3426 et
1632 3371 1807 3427 solum
1831 3371 2080 3429 domina-

649 3501 724 3554 me
741 3501 867 3578 prtia
902 3500 1142 3578 lhttrutlon.
1170 3508 1225 3578 ᾼι
1254 3500 1455 3566 Vulgata
1477 3502 1625 3576 habet
1657 3516 1815 3578 nunc,
1853 3508 2009 3578 petat,
2028 3512 2081 3578 et

486 3564 1125 3636 lei'vitapeecanti,
1146 3571 1267 3636 etc..;_
1288 3564 1584 3636 quanquam_
1605 3566 1657 3614 in
1689 3564 1899 3630 antiquis
1939 3564 2075 3618 σοι-ι).

485 3626 651 3679 Bibliis
693 3626 902 3687 ferebat,
925 3632 972 3691 et
992 3628 1125 3691 nubit
1137 3626 1183 3678 ei
1204 3626 1350 3691 ritain
1368 3626 1598 3691 peccanti,
1651 3635 1745 3679 etc.

554 3691 571 3723 ι
598 3695 648 3754 tn
666 3696 771 3739 MSS.
797 3702 892 3754 non
912 3690 1118 3754 additur,
1142 3688 1280 3754 quis;
1304 3688 1397 3739 nec
1419 3690 1566 3741 estin
1584 3688 1766 3754 graeco.

549 3754 571 3784 ²
594 3752 667 3801 Sic
690 3751 895 3818 _Speculi
937 3751 1163 3818 codices,
1207 3758 1416 3818 escepto
1465 3751 1612 3818 {tegit}
1651 3760 1733 3818 Ms.
1777 3753 1859 3818 qui
1900 3756 2080 3817 pariter

484 3825 599 3865 cum
621 3811 819 3876 Vulgata
835 3820 975 3877 caret
996 3813 1075 3862 hic
1102 3811 1599 3877 negativa’partictila
1636 3828 1647 3863 :
1690 3811 1990 3867 haec'tatnen
2028 3819 2079 3867 in

485 3888 649 3947 graeco
672 3874 813 3924 textu
835 3874 1060 3933 habetur,
1088 3882 1139 3924 et
1161 3874 1210 3923 iit
1241 3875 1369 3924 hunc
1389 3887 1587 3926 sensum
1616 3877 1751 3927 ducit
1768 3877 1931 3941 glossa
1946 3879 2076 3930 ordi-

485 3947 640 3986 uana.

553 3996 713 4062 {Huic
752 3995 948 4062 lectioni
983 3998 1264 4062 astipulalur
1286 4010 1453 4062 grgeca
1486 4000 1745 4062 scriptura.
1782 4008 1839 4050 At.
1872 4002 2077 4062 Vulgata

480 4055 636 4127 latina
654 4057 703 4127 in
715 4059 909 4127 excusis
926 4055 1138 4120 przet'ei't,
1154 4055 1447 4121 betwfdciens
1462 4055 1673 4112 deducet:
1694 4062 1769 4113 :in
1781 4065 1918 4114 Corb.
1937 4055 2075 4127 ΒΗΛ,

486 4116 784 4182 benefaciens
800 4116 1059 4170 deducens.

3544 4251 3602 4261 ’,Δ
3620 4245 3673 4254 ’.-

1064 4254 3673 4276 ᾜ--ξ-Ἢωμωὼ

495 4249 3689 4318 W
3455 4249 3673 4308 _...:'

3404 4301 3450 4311 _.

782 4488 787 4493 .
1615 4372 2634 4507 ADMONITIO

1249 4578 1331 4642 IN
1373 4578 1655 4641 LIBROS
1695 4580 1801 4642 DE
1844 4581 2237 4645 CONSENSU
2278 4583 3041 4652 EVANGELISTARUM.

454 4575 484 4601 ’τ

1819 4715 2291 4755 .OW
2108 4715 2113 4719 ‘
2291 4715 2430 4755 3W

1187 286 1561 349 ADHONITIO
1600 288 1663 342 IN
1702 285 1943 342 LIBROS
1983 285 2067 338 1)ιύ

2196 283 2456 342 NSENSU
2495 282 3141 343 EVANGELISTARUM.
3617 290 3713 350 toto

2202 407 2368 455 torem
2397 408 2452 455 et
2487 399 2768 455 Dominum
2805 409 3045 456 nostrum
3070 398 3254 457 Iesum
3290 399 3543 458 Christum
3566 418 3709 477 negan-

2198 498 2299 546 tes.
2328 487 2399 544 Et
2427 490 2581 561 paulo
2609 499 2722 562 post
2751 507 2771 545 :
2798 489 2864 546 lli
2902 499 3027 547 sunt
3065 491 3328 562 inepulis
3366 493 3472 549 suis
3507 496 3706 564 macula,

2195 582 2535 638 convivantes
2579 582 2696 639 sine
2737 583 2929 639 timore
2950 624 2967 651 ,
3008 585 3326 655 semetipsos
3360 596 3629 657 pascentes.
3660 590 3707 645 Et

2195 674 2299 730 alio
2344 676 2454 731 loco
2485 694 2499 730 :
2530 675 2593 731 Hi
2618 686 2743 732 sunt
2787 685 3206 734 murmuratores
3248 678 3543 748 querulosi,
3570 696 3708 739 secun-

2194 766 2321 822 dum
2348 767 2611 824 desideria
2638 783 2733 825 sua
2761 769 3121 837 ambulantes;
3149 779 3204 826 et
3240 785 3302 827 os
3328 786 3504 827 eorum
3529 773 3706 845 loquitur

2193 858 2579 931 blasphemiam
2601 861 2642 926 ι,
2665 860 2923 917 mirantes
2943 876 3196 931 personas
3218 870 3450 934 quaestus
3470 879 3620 921 causa.
3636 866 3709 924 Vos

2194 961 2371 1008 autem
2394 994 2409 1018 ,
2436 952 2755 1018 cbarissimi,
2805 968 3072 1011 memores
3112 962 3285 1011 estote
3323 956 3584 1013 verborum
3623 973 3707 1030 qua

2196 1041 2448 1112 praedicta
2513 1052 2639 1098 sunt
2689 1044 2757 1099 ab
2812 1044 3080 1115 Apostolis
3140 1045 3353 1101 Domini
3416 1047 3566 1102 nostri
3618 1046 3707 1104 Jesu

2194 1133 2427 1200 Christi,
2478 1135 2568 1207 qui
2592 1135 2840 1192 dicebant
2867 1136 3051 1203 vobis,
3097 1137 3353 1206 quoniam
3390 1137 3443 1193 in
3476 1138 3705 1195 novissimo

2196 1233 2437 1296 tempore
2478 1225 2693 1282 venient
2736 1228 3015 1295 illusores,
3056 1227 3352 1283 secundum
3391 1227 3620 1285 desideria
3641 1245 3707 1285 sua

2194 1317 2526 1372 ambulantes
2571 1318 2621 1371 in
2654 1317 2925 1388 impietate
2970 1321 3013 1372 ³.
3072 1317 3138 1373 Hi
3189 1327 3317 1373 sunt
3361 1318 3447 1389 qui
3490 1330 3707 1391 segregant

2195 1410 2551 1481 semetipsos,
2592 1411 2850 1466 animales
2874 1453 2889 1479 ,
2925 1412 3169 1481 spiritum
3212 1425 3322 1468 non
3363 1410 3609 1469 habentes.
3629 1412 3705 1468 Vos

2194 1508 2391 1568 autem,
2414 1501 2734 1570 cbarissimi,
2760 1502 3246 1572 supermdiﬁcantes
3277 1503 3599 1574 vosmetipsos
3613 1518 3702 1559 san-

2193 1592 2444 1648 ctissimte
2466 1601 2656 1649 vestrm
2678 1592 2830 1661 ﬁdei,
2853 1594 2907 1648 in
2930 1593 3132 1664 Spiritu
3160 1602 3347 1650 sancto
3371 1602 3580 1659 orantes,
3600 1595 3702 1665 ipsos

2193 1698 2289 1738 vos
2319 1684 2370 1739 in
2394 1684 2678 1740 dilectione
2702 1684 2795 1741 Dei
2825 1692 3054 1753 servate,
3076 1693 3441 1756 exspectantes
3466 1684 3702 1741 misericor-

2192 1773 2334 1829 diam
2367 1774 2576 1830 Domini
2613 1775 2784 1831 nostri
2811 1774 2937 1831 Jesu
2965 1775 3163 1832 Christi
3190 1816 3207 1843 ,
3239 1776 3293 1830 in
3317 1778 3471 1830 vitam
3492 1782 3702 1831 πωπω.
3792 1828 3793 1843 ς

2194 1866 2261 1921 Ει
2289 1867 2387 1922 bos
2408 1867 2620 1937 quidem
2651 1867 2858 1939 arguite
2878 1868 3169 1939 judicatos;
3198 1868 3319 1924 illos
3335 1882 3461 1925 vero
3482 1866 3704 1924 salvatede

2194 1959 2315 2031 igne
2364 1961 2634 2031 rapientes
2666 1980 2679 2016 :
2709 1962 2831 2018 aliis
2858 1971 3037 2018 autem
3075 1961 3404 2020 miseremini
3426 1961 3487 2042 in
3530 1961 3701 2025 timore,

2192 2053 2435 2110 odientes
2474 2063 2529 2110 et
2572 2069 2692 2111 eam
2766 2070 2885 2126 qua:
2913 2056 3142 2114 carnalis
3185 2066 3301 2124 est,
3345 2052 3620 2111 maculatam
3646 2060 3702 2107 tu-

2192 2162 2494 2294 1110³111.οΕ
2531 2240 2736 2296 ιιιςιιυ
2776 2239 3243 2297 APOCALYPSIS
3274 2237 3545 2296 JOANNIS.

2264 2351 2415 2424 [Cap.
2438 2350 2522 2426 tt.]
2549 2351 2609 2409 Si
2632 2352 2885 2419 homines,
2907 2354 3010 2408 imo
3034 2355 3154 2424 quia
3185 2354 3405 2410 homines
3426 2350 3700 2423 intelliguntur

2192 2443 2405 2507 moneri,
2428 2459 2545 2497 cum
2567 2443 2749 2516 Ληρειὶ
2773 2454 3068 2513 monentur,
3093 2445 3148 2500 in
3182 2446 3407 2500 omnibus
3425 2443 3585 2498 eisdem
3609 2456 3700 2512 pre-

2191 2533 2348 2605 ceptis
2371 2533 2611 2590 discimus
2634 2535 2792 2606 falsos
2812 2539 2995 2607 fratres
3035 2553 3125 2607 per
3153 2536 3437 2607 patientiam
3454 2529 3700 2589 sustinendos

2193 2633 2398 2695 propter
2419 2642 2599 2680 nomen
2622 2624 2718 2681 Dei
2739 2667 2755 2694 ,
2782 2634 2829 2681 et
2866 2643 2957 2697 per
2975 2628 3321 2699 paenitentiam
3339 2624 3405 2681 ad
3438 2624 3577 2697 prima
3590 2634 3699 2690 opm

2193 2719 2323 2774 bona
2348 2720 2693 2786 redeundum,
2716 2728 2763 2774 et
2783 2737 2940 2792 usque
2964 2720 3033 2775 ad
3053 2731 3266 2777 mortem
3286 2718 3611 2792 persecutiones
3637 2727 3699 2782 pro

2192 2811 2295 2880 ﬁde
2321 2811 2641 2877 tolerandas,
2663 2821 2710 2865 et
2727 2812 2782 2864 in
2810 2811 3055 2867 charitate
3081 2809 3429 2867 serviendum’

2264 2902 2412 2957 Circa
2438 2911 2607 2956 autem
2628 2902 2781 2972 ﬁnem
2810 2902 2926 2957 libri
2951 2944 2966 2970 ,
3007 2920 3123 2959 cum
3148 2904 3213 2959 de
3251 2911 3420 2960 sancta
3460 2899 3623 2954 civitate
3647 2895 3699 2949 ιθ-

2192 3002 2427 3064 queretur
2448 2991 2606 3066 [xxn]
2640 3009 2654 3048 :
2683 2992 2808 3049 Non
2822 2993 3070 3061 intrabit,
3100 2995 3299 3067 inquit,
3332 2993 3382 3048 in
3417 3004 3522 3046 eam
3555 2980 3698 3055 aliquid

2191 3086 2585 3157 coinquinatum
2605 3126 2621 3142 .
2652 3094 2707 3142 et
2730 3084 2931 3144 faciens
2968 3087 3417 3146 abominationem
3455 3090 3505 3139 et
3533 3074 3699 3135 menda-

2189 3177 2352 3233 cium.

2264 3267 2334 3323 Et
2352 3268 2475 3324 alibi
2493 3267 2678 3343 [nm]
2709 3286 2724 3325 :
2750 3270 2899 3326 Beati
2926 3271 3019 3343 qui
3042 3271 3224 3328 lavant
3246 3270 3404 3329 stolas
3424 3280 3533 3324 suas
3547 3263 3592 3319 in
3613 3274 3698 3314 san-

2187 3359 2350 3432 guine
2387 3359 2557 3433 Agni,
2588 3368 2645 3416 ut
2681 3361 2751 3416 sit
2780 3370 3013 3433 potestas
3052 3379 3241 3419 eorum
3284 3363 3337 3418 in
3361 3361 3492 3432 ligno
3518 3354 3698 3418 vita.“

2190 3454 2359 3527 portis
2387 3454 2587 3512 intrent
2621 3455 2910 3512 civitatem.
2938 3456 3095 3512 Foris
3117 3472 3283 3513 canes
3303 3497 3318 3521 ,
3351 3462 3405 3511 et
3430 3444 3639 3510 veneﬁci,
3661 3446 3698 3495 ⁸⁸

2190 3545 2464 3618 impudici,
2492 3555 2548 3602 et
2571 3546 2875 3616 homicidae,
2902 3556 2957 3603 et
2976 3547 3135 3605 idolis
3166 3548 3479 3605 servientes,
3502 3547 3549 3596 et
3569 3529 3696 3592 omnis

2187 3636 2277 3708 qui
2306 3646 2450 3692 amat
2487 3645 2543 3693 et
2569 3636 2696 3694 facit
2721 3637 3077 3695 mendacium.
3110 3641 3226 3713 Ego
3262 3638 3410 3696 Iesus
3451 3629 3554 3690 misi
3574 3635 3695 3694 ειπεθ·

2187 3726 2297 3784 lum
2318 3743 2495 3785 meum
2523 3730 2791 3786 testiﬁcari
2822 3730 2941 3788 harc
2969 3732 3142 3789 vobis.

2252 3883 2268 3914 ι
2296 3881 2494 3958 inligata
2518 3883 2576 3958 in.
2597 3883 2819 3958 ,θῖθυδῖδν
2859 3883 3076 3958 loquatur
3102 3885 3308 3958 superba
3334 3896 3350 3932 :
3371 3876 3560 3958 perii.
3593 3863 3691 3921 Βίωνι

2188 3944 2688 4012 Ιοιίιιὶιιιξδιῳερζὺὶαηι
2716 3944 2926 4012 :_(‘af:ece'
2940 3955 3033 4007 est,
3060 3944 3173 4012 lutei
3193 3948 3489 4012 Itttperogt'tt._
3536 4009 3555 4012 Α
3573 3994 3605 4012 _,

2249 3994 2269 4038 δ
2291 3994 2430 4056 Corb.
2446 3994 2608 4066 B'iblia,
2630 3994 2783 4069 proin
2794 3994 3278 4074 iinpiettitghubent',
3298 3994 3582 4074 inlinendum;
3591 3994 3691 4057 ἕπευ

2187 4082 2413 4131 grrecum.
2438 4076 2569 4119 Nunc
2591 4063 2755 4119 tamen
2779 4063 2973 4181 Vulgata
2996 4063 3109 4129 fert,
3133 4071 3186 4122 in
3208 4063 3516 4134 inpiati-ilibus.

2251 4129 2273 4162 ³
2297 4132 2473 4181 Regius
2496 4131 2669 4181 codex.
2690 4132 2848 4181 ferveti
2885 4143 2979 4180 mn.

2251 4129 2273 4162 ³
2297 4132 2473 4193 Regius
2496 4131 2669 4191 codex,
2688 4129 2979 4193 ferveudtmt.

1840 4740 1857 4745 '
1876 4740 2451 4764 “'W‘V‘"
3792 4740 3793 4785 ι

427 4740 449 4908 1
558 4819 674 4880 Hoc
703 4819 758 4877 in
780 4834 943 4892 opere
965 4818 1023 4876 S.
1054 4819 1379 4911 Augustinus
1407 4819 1751 4891 Evangelium
1784 4836 1817 4879 a
1846 4822 2179 4896 Paganorum
2203 4827 2481 4890 calumniis
2509 4829 2896 4892 defendendum
2930 4839 3169 4911 suscipit.
3196 4841 3255 4897 Ei
3276 4835 3469 4910 quidem
3483 4811 3688 4885 statim!)

486 4916 603 4988 ipsa
622 4912 1045 4986 promulgatione
1071 4909 1294 4965 multum
1324 4912 1464 4980 apud
1493 4913 1719 4983 populos
1741 4929 1929 4972 omnes
1956 4917 2287 4975 auctoritatis
2302 4936 2365 4976 ac
2390 4921 2510 4978 ﬁdei
2537 4940 2656 4980 cum
2684 4935 2887 4996 patrata
2919 4901 3172 4988 divinitus
3212 4901 3305 4988 toti
3325 4919 3573 4985 miracula.
3598 4920 3676 4964 ιυ¹¹¹

436 5006 447 5016 “
487 5022 745 5079 corporea
768 5005 947 5075 specie
967 5004 1217 5074 illapsus,
1250 5012 1305 5059 ut
1328 5004 1458 5060 illud
1485 5021 1585 5062 suo
1613 5008 1833 5065 numine
1861 5010 2111 5077 sanciret,
2141 5011 2371 5083 Spiritus
2398 5025 2618 5073 sanctus
2647 5022 2990 5093 conciliarat;
3011 5027 3110 5084 sed
3139 5042 3243 5084 non
3262 5023 3478 5082 defuere,
3500 5004 3680 5078 Μυίδυθ

489 5106 906 5175 impngnaretur.
939 5099 1169 5155 Primum
1197 5097 1345 5153 enim
1372 5108 1757 5158 tormentorum
1785 5113 1946 5176 atque
1970 5106 2351 5176 suppliciorum
2370 5108 2477 5165 vim
2496 5150 2512 5178 ,
2542 5126 2645 5182 qua
2663 5111 2782 5170 dire
2805 5114 2858 5171 in
2887 5117 3090 5188 primos
3126 5117 3439 5177 Christianos
3460 5101 3675 5162 δενὶῑυηιν

483 5195 772 5260 sustinuit;
804 5191 1000 5248 deinde
1050 5191 1411 5248 immanitates
1449 5192 1567 5248 illas
1589 5196 1799 5265 excepit
1822 5196 2083 5254 doctrina:
2108 5200 2305 5270 pariter
2322 5210 2481 5274 atque
2501 5203 2757 5276 historias,
2784 5223 2943 5280 quam
2971 5211 3152 5269 afﬂatu
3179 5212 3350 5271 divino
3367 5200 3488 5261 sacri
3510 5197 3678 5286 (ιυειιυίζτ

487 5289 791 5360 Scriptores
824 5285 894 5343 de
922 5299 987 5340 eo
1007 5292 1304 5378 temerant,
1334 5284 1634 5343 criminatio
1665 5303 1679 5341 :
1713 5297 1997 5362 utrumque
2025 5290 2313 5348 incassum.
2353 5294 2665 5364 Enimvero,
2695 5301 3145 5370 quemadmodum
3180 5302 3357 5378 primis
3396 5294 3494 5352 suis
3524 5284 3677 5342 conati-

486 5383 590 5439 hus
616 5381 750 5437 nihil
769 5377 911 5434 aliud
940 5377 1213 5433 consecuti
1237 5385 1362 5433 sunt
1383 5380 1705 5452 evangelicae
1728 5383 1969 5439 veritatis
1992 5384 2320 5458 adversarii,
2353 5388 2453 5445 nisi
2495 5397 2552 5445 ut
2593 5390 2681 5445 illa
2726 5395 2923 5451 certior
2959 5377 3377 5470 exploratiorque
3408 5381 3673 5444 redderetur,

489 5475 673 5531 divino
697 5474 898 5545 Spiritu
936 5471 1260 5542 martyribus
1279 5511 1295 5538 ,
1323 5472 1413 5542 qui
1436 5488 1555 5529 eam
1583 5490 1681 5531 suo
1721 5477 1977 5547 sanguine
2015 5493 2352 5551 assererem,
2384 5482 2522 5540 vires
2547 5499 2864 5558 suggerente
2911 5509 2923 5543 :
2964 5492 3042 5548 sic
3073 5494 3208 5551 idem
3250 5491 3336 5547 ille
3358 5480 3551 5555 Spiritus
3573 5477 3672 5538 Μεθ’

488 5567 938 5624 stantissimorum
966 5564 1199 5619 virorum
1230 5574 1440 5622 mentes
1461 5566 1655 5624 ardore
1680 5570 1993 5638 succendit,
2033 5589 2140 5645 quo
2180 5577 2421 5633 refutatis
2446 5578 2611 5633 multa
2651 5597 2770 5635 cum
2803 5583 3117 5642 eruditionis
3148 5585 3295 5643 laude
3346 5565 3670 5633 ldololatrarum

490 5660 792 5725 calumniis,
818 5658 1073 5728 majorem
1097 5657 1147 5713 ei
1171 5657 1548 5715 ﬁrmitudinem
1567 5678 1630 5717 ac
1655 5662 1967 5734 dignitatem
1993 5680 2383 5740 compararent.
2416 5672 2581 5728 Porro
2611 5674 2740 5729 illud
2762 5676 2815 5730 iu
2843 5678 3027 5747 primis
3044 5680 3245 5735 crimini
3262 5675 3479 5732 dabatun
3502 5656 3670 5747 ίηίέτῗίῗ

472 5751 797 5855 neutiquam
819 5749 1125 5818 consentire
1150 5762 1332 5808 sacros
1356 5749 1641 5817 historicos
1671 5771 1685 5814 ;
1735 5775 1755 5813 ι
1782 5757 1895 5820 Hoc
1922 5765 2062 5825 enim
2084 5736 2289 5836 solent,
2322 5785 2338 5819 ι
2374 5766 2450 5824 ait
2470 5766 2815 5843 Augustinus,
2843 5736 2871 5824 ἰ
2899 5776 3047 5846 quasi
3077 5772 3304 5850 palmare
3346 5774 3446 5827 suae
3477 5736 3671 5811 tum“

3694 5924 3794 6212 Α
