3878 6364
457 335 593 394 1οη

454 450 784 522 significatus
806 446 1036 505 videtur.
1061 445 1187 503 Haec
1206 454 1382 502 autem
1403 445 1652 501 animalia
1679 443 1779 500 tria
1799 443 1913 499 sive
1935 442 2039 507 leo,

451 549 563 601 sive
594 545 757 600 homo
784 587 799 610 ,
831 545 942 598 sive
982 541 1177 596 vitulus
1202 583 1216 606 ,
1245 542 1298 595 in
1335 549 1473 595 terra
1511 539 1824 610 gradiuntur
1857 557 1870 592 :
1903 535 2043 592 unde

449 640 536 693 isti
585 647 693 694 tres
733 634 1087 706 Evangelista:
1125 633 1178 687 in
1221 632 1304 688 his
1344 632 1576 687 maxime
1613 630 1856 700 occupati
1894 637 2038 692 sunt,

448 744 566 799 qum
597 727 843 784 Christus
868 727 920 780 in
947 740 1108 781 carne
1136 731 1386 795 operatus
1409 731 1512 786 est,
1543 730 1596 778 et
1627 737 1745 792 qua:
1775 729 2039 791 praecepta

448 820 690 876 mortalis
709 819 832 874 vita:
860 817 1175 874 exercenda:
1194 831 1410 872 carnem
1438 813 1774 886 portantibus
1801 811 2036 867 tradidit.

397 983 399 985 ι
449 917 516 968 At
561 927 690 969 vero
733 913 970 968 Joannes
1008 924 1168 980 super
1208 908 1384 964 nubila
1430 906 1755 962 inﬁrmitatis
1791 904 2040 959 humanze

451 1007 598 1060 velut
637 1004 811 1076 aquila
852 1003 1024 1068 volat,
1055 1010 1110 1058 et
1149 1003 1322 1056 lucem
1353 997 1805 1056 incommutabilis
1845 996 2041 1052 verita-

451 1095 520 1149 tis
565 1095 887 1150 acutissimis
929 1103 1087 1164 atquc
1141 1091 1460 1148 ﬁrmissimis
1507 1090 1677 1146 oculis
1725 1087 1904 1144 cordis
1951 1087 2036 1142 in-

450 1195 626 1243 tuetur
650 1186 750 1259 ta).
1883 1171 1904 1182 ’

446 1279 675 1337 CAPUT
709 1280 814 1334 VII.
847 1310 918 1321 —-
947 1279 1113 1334 Causa
1152 1279 1369 1349 suscepti
1395 1276 1563 1345 operis
1591 1276 1655 1330 de
1685 1272 2038 1345 Evangetista-

518 1390 632 1427 rum
677 1390 943 1428 consensu.
998 1373 1294 1426 Occurritur
1333 1371 1398 1424 iis
1435 1370 1523 1441 qui
1569 1369 1742 1422 dicunt
1783 1366 2039 1420 Christum

516 1467 649 1524 nihil
676 1469 954 1538 scripsisse,
988 1466 1265 1538 discipulos
1289 1481 1403 1520 vero
1427 1465 1536 1535 ejus
1553 1461 1714 1518 Deum
1735 1462 1884 1516 illum
1903 1477 2036 1532 prte-

520 1562 758 1627 dicando,
789 1561 1021 1616 mentitos
1051 1561 1225 1632 fuisse.

516 1655 605 1710 10.
648 1653 756 1708 Has
785 1653 995 1708 Domini
1023 1662 1236 1706 sanctas
1265 1649 1569 1720 quadrigas,
1599 1647 1791 1718 quibus
1818 1661 1914 1716 per
1941 1660 2033 1700 or-

441 1745 566 1804 bem
593 1753 785 1801 vectus
821 1743 1021 1812 subigit
1049 1742 1278 1813 papulas
1299 1741 1405 1796 leni
1443 1754 1542 1795 suo
1572 1737 1702 1809 iugo
1725 1748 1776 1793 et
1809 1737 2034 1818 sarcina:

443 1838 549 1894 levi
575 1878 590 1902 ,
621 1835 834 1906 quidam
858 1834 942 1889 vel
985 1833 1143 1904 impia
1173 1831 1402 1887 vanitate
1429 1831 1514 1885 vel
1542 1829 1788 1900 imperita
1815 1827 2033 1883 temeri-

442 1936 552 1983 tate
575 1925 854 1982 calumniis
878 1933 1154 1996 appetunt,
1183 1933 1241 1978 ut
1261 1922 1338 1977 eis
1366 1920 1570 1976 veracis
1597 1919 1917 1974 narrationis
1937 1918 2033 1974 de—

440 2027 632 2090 rogent
659 2017 837 2083 tidem,
870 2032 963 2087 per
987 2030 1120 2086 quos
1146 2013 1434 2069 christiana
1473 2011 1661 2081 religio
1684 2009 2032 2066 disseminata

403 2118 406 2125 '
441 2126 537 2182 per
561 2109 816 2165 mundum
837 2149 852 2174 ,
899 2115 1041 2161 tanta
1079 2105 1351 2161 fertilitate
1391 2102 1670 2173 provenit,
1700 2109 1760 2155 ut
1788 2100 2030 2156 homines

437 2204 679 2259 infideles
701 2203 812 2272 jam
856 2202 993 2256 inter
1021 2199 1226 2270 seipsos
1258 2196 1554 2252 calumnias
1582 2208 1706 2264 suas
1744 2194 2028 2248 mussitare

437 2297 526 2352 vix
551 2296 816 2361 audeant,
847 2292 1140 2363 compressi
1169 2290 1272 2345 tide
1299 2289 1549 2345 Gentium
1589 2297 1644 2343 et
1670 2288 1908 2343 omnium
1933 2286 2028 2342 de-

437 2390 652 2444 votione
703 2388 1040 2458 pepulorum.
1095 2385 1509 2448 Verumtamen,
1564 2382 1684 2452 quia
1741 2380 2026 2435 nonnullos

437 2479 611 2534 adhuc
639 2477 982 2534 calumniosis
1007 2473 1450 2545 disputationibus
1471 2472 1582 2526 suis
1599 2513 1615 2537 ,
1643 2470 1726 2526 vel
1753 2469 2026 2525 retardant

435 2588 466 2628 a
509 2571 612 2627 tide
658 2587 724 2627 ne
761 2569 1002 2635 credant,
1052 2569 1133 2623 vel
1176 2567 1284 2638 jam
1315 2565 1616 2631 credentes,
1647 2572 1901 2634 quantum
1929 2577 2025 2633 po-

435 2665 654 2728 tuerint,
685 2663 934 2734 agitando
967 2659 1318 2732 perturbant;
1349 2656 1585 2712 nonnulli
1615 2665 1792 2710 autem
1831 2654 2023 2709 fratres

433 2757 578 2811 salva
609 2755 710 2811 [ide
740 2769 897 2810 nosse
941 2752 1247 2809 desiderant
1270 2749 1397 2820 quid
1446 2746 1639 2803 talibus
1662 2745 2024 2816 respondeant

431 2849 813 2921 quaestionibus
831 2890 846 2915 ,
874 2847 957 2903 vel
987 2846 1053 2900 ad
1083 2844 1377 2916 profectum
1407 2840 1646 2896 scientiae
1673 2853 1784 2894 suae
1803 2878 1818 2903 ,
1845 2837 1932 2891 vel
1953 2835 2021 2891 ad

431 2943 643 2998 illorum
670 2939 974 3011 vaniloquia
1003 2934 1292 2992 refellenda
1316 2951 1332 3000 ;
1359 2933 1650 3002 inspirante
1676 2940 1837 3001 atque
1863 2928 2018 3004 adju:

430 3046 589 3089 vante
629 3033 857 3088 Domino
899 3031 1223 3085 Deonostro
1249 3024 1413 3096 (quod
1457 3024 1657 3076 utinam
1698 3031 1753 3076 et
1780 3022 2020 3090 ipsorum

429 3123 587 3165 culmi
621 3121 834 3181 prlicit),
858 3120 961 3164 hoc
990 3134 1150 3179 opere
1174 3115 1543 3166 demonstrare
1581 3111 1914 3181 suscepimus
1932 3126 2021 3165 Cl"-

428 3213 605 3254 rorem
644 3200 728 3253 vel
771 3200 1121 3255 temeritatem
1166 3215 1350 3254 eorum
1392 3200 1484 3270 qui
1516 3209 1702 3256 contra
1744 3200 2018 3271 Evangelii

427 3301 655 3362 quatuor
695 3292 895 3360 libros,
926 3307 1062 3362 quos
1111 3291 1468 3362 Evangelista:
1511 3301 1738 3361 quatuor
1780 3292 2018 3362 singulos

424 3385 877 3455 conscripserunt,
906 3385 1035 3439 satis
1056 3393 1271 3456 argutas
1285 3384 1685 3439 criminationes
1699 3400 1758 3441 se
1775 3383 2017 3454 proferre

416 3476 752 3532 arbitrantur
787 3496 799 3531 :
828 3476 969 3547 quod
996 3487 1054 3530 ut
1082 3476 1193 3543 flat,
1220 3490 1378 3546 quam
1405 3489 1510 3531 non
1538 3475 1638 3531 sibi
1664 3475 2017 3532 adversentur

423 3566 584 3622 iidem
606 3568 895 3638 scriptores
915 3575 1166 3638 quatuor,
1183 3567 1570 3624 ostendendum
1599 3575 1702 3622 est.
1733 3568 1844 3623 Hoc
1868 3570 2013 3624 enim

422 3659 600 3714 solent
648 3660 798 3730 quasi
828 3659 1069 3730 palmare
1107 3661 1123 3690 ¹
1155 3669 1266 3714 suae
1296 3659 1544 3714 vanitatis
1570 3658 1802 3728 obiicere
1827 3701 1843 3727 ,
1869 3659 2012 3730 quod

423 3750 524 3819 ipsi
556 3750 904 3820 Evangelistae
926 3751 1064 3806 inter
1093 3751 1299 3820 seipsos
1323 3750 1660 3805 dissentiant.

494 3841 581 3895 11.
624 3841 731 3896 Sed
778 3841 903 3895 illud
943 3841 1092 3910 prius
1129 3840 1516 3896 discutiendum
1545 3849 1646 3906 est,
1693 3839 1834 3911 quod
1875 3841 2013 3897 solet

423 3933 708 3988 nonnullos
736 3948 972 3996 movere,
1000 3948 1096 3988 cur
1124 3933 1238 4002 ipse
1263 3933 1521 3987 Dominus
1555 3931 1686 3987 nihil
1713 3933 2007 4003 scripserit,

421 4033 480 4078 ut
506 4024 625 4078 aliis
650 4024 718 4078 de
763 4024 855 4077 illo
881 4023 1235 4078 scribentibus
1261 4037 1480 4078 necesse
1508 4023 1579 4077 sit
1611 4023 1854 4079 credere.
1896 4023 2010 4080 Hoc

420 4116 564 4170 enim
603 4114 785 4170 dicunt
829 4115 904 4168 illi
945 4115 1027 4170 vel
1071 4115 1301 4169 maxime
1347 4116 1556 4185 pagani,
1603 4117 1694 4185 qui
1726 4117 2009 4172 Dominum

362 4234 363 4237 η
420 4208 593 4276 ipsum
619 4205 802 4261 Jesum
832 4205 1099 4261 Christum
1137 4207 1355 4276 culpare
1383 4213 1474 4261 aut
1503 4207 1872 4276 hlasphemare
1899 4225 2008 4266 non

418 4297 636 4365 audent,
677 4298 830 4369 eique
862 4299 1097 4352 tribuunt
1121 4297 1629 4353 excellentissimam
1657 4299 1967 4367 sapientiam
1988 4343 2003 4366 ,

415 4389 510 4444 sed
539 4399 712 4444 tamen
746 4398 996 4460 tanquam
1041 4389 1242 4444 homini
1277 4406 1289 4442 :
1317 4388 1606 4459 discipulos
1635 4404 1761 4444 vero
1788 4389 1904 4459 ejus
1924 4391 2008 4446 di-

415 4489 543 4536 cunt
583 4483 834 4551 magistro
885 4496 982 4535 suo
1010 4481 1236 4550 amplius
1283 4481 1532 4536 tribuisse
1575 4495 1732 4550 quam
1771 4490 1904 4548 erat,
1950 4493 2008 4540 ut

414 4587 537 4626 eum
569 4573 760 4627 Filium
803 4573 900 4627 Dei
943 4573 1202 4638 dicerent,
1249 4581 1304 4627 et
1344 4572 1574 4628 Verbum
1606 4574 1697 4629 Dei
1740 4589 1834 4644 per
1861 4575 2004 4642 quod

415 4662 552 4718 facta
583 4674 704 4719 sunt
735 4647 934 4730 om’nia,
977 4675 1030 4718 et
1060 4665 1233 4734 ipsum
1278 4679 1341 4719 ac
1378 4665 1544 4719 Deum
1587 4664 1796 4720 Patrem
1839 4683 2002 4722 unum

415 4769 573 4819 esse;
607 4769 670 4808 ac
707 4755 750 4807 si
781 4769 883 4823 qua
924 4755 1116 4807 similia
1156 4764 1281 4809 sunt
1314 4755 1368 4809 in
1395 4755 1702 4824 apostolicis
1740 4757 1955 4813 Litteris
1983 4799 1997 4824 ,

410 4846 604 4918 quibus
638 4861 760 4899 cum
800 4859 921 4898 cum
962 4843 1118 4898 Patre
1160 4861 1324 4898 unum
1368 4845 1532 4900 Deum
1561 4845 1847 4901 colendum
1883 4862 2001 4904 esse

411 4938 715 4994 didicimus.
737 4935 1116 4991 llonorandum
1130 4937 1272 4991 enim
1287 4944 1535 5007 tanquam
1551 4939 2001 5008 sapientissimum

411 5033 581 5087 virum
607 5040 810 5102 putant;
834 5029 1115 5084 colendum
1133 5038 1308 5083 autem
1329 5037 1578 5100 tanquam
1599 5030 1764 5086 Deum
1785 5042 1997 5102 negant.

484 5123 572 5178 12.
614 5122 745 5178 Cum
772 5135 901 5200 ergo
925 5130 1170 5192 quaerunt
1195 5135 1362 5192 quare
1403 5120 1518 5190 ipse
1559 5135 1665 5176 non
1693 5123 1996 5192 scripserit,

403 5214 656 5270 videntur
685 5214 854 5283 parati
883 5212 1042 5268 fuisse
1070 5211 1174 5268 hoc
1202 5211 1272 5268 de
1296 5211 1390 5266 illo
1415 5211 1653 5280 credere,
1681 5213 1824 5284 quod
1848 5214 1916 5271 de
1941 5231 2000 5273 se

407 5311 526 5379 ipse
554 5307 872 5377 scripsisset,
906 5321 1013 5362 non
1043 5305 1184 5377 quod
1209 5305 1300 5360 alii
1322 5305 1389 5361 de
1414 5306 1504 5360 illo
1532 5320 1630 5376 pro
1657 5320 1756 5362 suo
1778 5307 1999 5365 arbitrio

409 5400 809 5473 praedicassent.
842 5399 887 5454 Α
915 5399 1108 5470 quibus
1123 5413 1329 5470 quaero,
1353 5413 1448 5453 cur
1470 5398 1538 5454 de
1563 5399 1876 5470 quibusdam
1903 5415 1997 5458 no-

406 5492 684 5550 hilissimis
726 5491 1053 5562 phil050phis
1097 5491 1208 5546 suis
1235 5490 1339 5546 hoc
1379 5490 1724 5558 crediderint,
1761 5493 1904 5564 quod
1931 5495 1998 5552 de

393 5588 511 5658 ,illis
535 5601 720 5644 eorum
752 5583 994 5654 discipuli
1036 5584 1292 5654 scriptum
1321 5586 1599 5640 memoriae
1627 5586 1953 5657 reliquerunt
1977 5631 1993 5657 ,

471 5706 490 5767 ε
515 5704 652 5763 miti,
677 5700 904 5767 polluant.
929 5700 1096 5752 Melius
1117 5699 1301 5767 aliquot
1326 5707 1454 5762 Mss,
1477 5703 1714 5766 palmare.

467 5766 545 5828 (α)
566 5763 721 5815 πεδί.
743 5763 869 5814 ὅϐἱη
889 5770 1044 5826 Joaa.,
1069 5775 1120 5816 n.
1143 5763 1194 5813 5.

1306 331 1394 388 DE
1431 325 1785 388 CONSENSU
1825 323 2472 397 EVANGELISTARUM,
2514 331 2573 388 S.
2615 331 2984 392 AUGUSTINI

2157 227 2171 238 ι
2219 220 2346 238 ⁶⁹⁹ιμιε
2367 228 2372 235 ο

3611 341 3707 401 1048

2148 457 2270 498 cum
2295 443 2362 500 de
2384 461 2443 500 se
2472 446 2572 517 ipsi
2613 448 2742 503 nihil
2779 449 3160 522 scripsissent?
3201 451 3353 510 Nam
3382 453 3701 528 Pythagoras,

2149 551 2255 606 quo
2293 538 2344 593 in
2389 539 2473 594 illa
2499 542 2907 613 contemplativa
2951 545 3144 602 virtute
3169 545 3314 602 nihil
3358 550 3530 604 tunc'
3569 552 3702 612 habuit

2151 629 2352 686 Grzccia
2383 634 2595 699 clarius,
2629 652 2734 692 non
2766 645 2970 694 tantum
2995 641 3063 696 de
3090 655 3168 707 se,
3200 640 3310 697 sed
3341 657 3444 698 nec
3468 643 3536 698 de
3562 645 3648 699 ulla
3668 665 3705 703 re

2149 724 2344 794 aliquid
2391 728 2668 798 scripsisse
2697 731 3025 800 perhibetur.
3072 733 3334 790 Socrates
3363 745 3565 805 autem,
3587 756 3705 808 quem

2148 832 2331 873 rursus
2373 819 2425 874 in
2465 822 2656 887 activa,
2697 839 2799 894 qua
2846 839 3023 881 mores
3065 826 3460 892 informantur,
3505 833 3706 888 omnibus

2147 910 2516 978 praetulerunt,
2537 914 2606 968 ita
2624 923 2681 968 ut
2702 916 3006 973 testimonio
3027 933 3241 990 quoque
3267 920 3370 975 Dei
3397 921 3708 993 suiApolliuis

2146 1002 2384 1056 omnium
2423 1005 2876 1073 sapientissimum
2927 1011 3338 1080 pronuntiatum
3370 1028 3496 1070 esse
3533 1031 3626 1070 non
3649 1026 3707 1070 ta-

2145 1100 2320 1159 ceant,
2367 1093 2554 1166 Esopi
2598 1096 2804 1154 fabulas
2852 1101 3091 1170 pauculis
3135 1102 3400 1159 versibus
3442 1116 3708 1175 persecutus

2145 1193 2249 1251 est,
2280 1186 2439 1242 verba
2482 1196 2536 1241 et
2568 1205 2819 1246 numeros
2847 1206 2974 1248 suos
2997 1193 3264 1250 adhibens
3291 1195 3462 1252 rebus
3499 1198 3706 1263 alterius.

2145 1289 2314 1346 usque
2354 1277 2489 1334 adeo
2517 1279 2651 1335 nihil
2697 1283 2934 1340 scribere
2968 1286 3155 1353 voluit,
3189 1295 3251 1342 ut
3283 1287 3398 1342 hoc
3424 1303 3484 1343 se
3511 1301 3706 1348 coactam

2146 1364 2372 1437 imperio
2407 1371 2492 1426 sui
2536 1371 2797 1429 daemonis
2824 1374 3015 1432 fecisse
3044 1377 3265 1444 dixerit,
3314 1379 3460 1435 sicut
3487 1382 3709 1438 nobilissi-

2145 1473 2266 1514 mus
2305 1460 2688 1532 discipulorum
2731 1466 2850 1536 ejus
2893 1467 3041 1524 Plato
3077 1480 3522 1526 commemorat:
3550 1473 3596 1528 in
3628 1489 3706 1545 quo

2145 1559 2323 1607 tamen
2350 1568 2516 1630 opere
2545 1557 2731 1612 maluit
2753 1558 2954 1614 alienas
2978 1576 3138 1632 quam
3164 1577 3298 1618 suas
3329 1579 3588 1621 exornare
3607 1583 3703 1622 sen-

2145 1643 2358 1700 tentias.
2380 1644 2519 1712 Quid
2540 1648 2699 1717 igitur
2717 1664 2891 1706 causze
2912 1661 2996 1707 est
3021 1668 3117 1708 cur
3129 1653 3200 1710 de
3227 1655 3357 1712 istis
3382 1657 3486 1713 hoc
3502 1657 3698 1727 credam,

2141 1729 2284 1799 quod
2306 1730 2373 1785 de
2401 1731 2517 1787 illis
2541 1732 2787 1804 discipuli
2814 1751 3000 1792 eorum
3031 1739 3224 1794 litteris
3251 1741 3700 1809 commendarunt,

2142 1830 2197 1876 et
2223 1821 2292 1879 de
2327 1823 2545 1881 Christo
2571 1827 2740 1882 nolint
2767 1829 2988 1886 credere
3027 1831 3170 1902 quod
3194 1832 3324 1903 ejus
3351 1832 3425 1890 de
3454 1834 3544 1889 illo
3576 1835 3703 1890 disci.

2141 1913 2250 1983 puli
2294 1917 2764 1987 conscripserunt;
2795 1923 3090 1990 praesertim
3129 1937 3256 1979 cum
3301 1923 3376 1980 ab
3415 1939 3482 1979 eo
3516 1934 3699 1982 caeteros

2142 2008 2384 2066 homines
2412 2012 2670 2083 sapientia
2697 2025 2977 2084 superatos
3010 2031 3133 2073 esse
3175 2018 3476 2086 fateantur,
3505 2022 3701 2090 quamvis

2139 2116 2262 2156 eum
2289 2101 2443 2158 fateri
2465 2104 2632 2160 Deum
2661 2106 2871 2162 nolint?
2896 2111 2980 2163 An
3005 2123 3132 2163 vero
3151 2107 3255 2175 illi,
3281 2125 3423 2180 quos
3445 2111 3543 2166 isto
3565 2112 3695 2166 multo

2139 2192 2417 2250 inferiores
2445 2194 2608 2252 fuisse
2633 2213 2738 2253 non
2762 2198 3026 2268 dubitant,
3055 2215 3284 2256 veraces
3311 2201 3384 2257 de
3413 2217 3471 2257 se
3505 2201 3696 2272 discipu-

2139 2283 2218 2338 los
2256 2284 2430 2342 facere
2453 2295 2756 2356 potuerunt,
2784 2297 2839 2344 et
2863 2291 2962 2345 iste
2991 2306 3094 2346 non
3138 2292 3358 2362 potuit?
3383 2291 3531 2360 Quod
3567 2294 3606 2347 si
3625 2293 3693 2347 ab-

2135 2375 2448 2432 surdissime
2473 2379 2688 2445 dicitur,
2719 2379 2940 2436 credant
2979 2380 3047 2436 de
3087 2382 3179 2437 illo
3226 2398 3395 2453 quem
3441 2383 3692 2453 sapientem

2136 2457 2390 2527 fatentur,
2405 2477 2510 2516 non
2535 2462 2678 2532 quod
2704 2463 2804 2533 ipsi
2835 2464 3036 2532 volunt,
3067 2465 3160 2521 sed
3188 2467 3339 2537 quod
3365 2467 3500 2538 apud
3527 2482 3608 2522 eos
3630 2466 3688 2520 leo

2132 2553 2379 2623 gunt,qui
2395 2569 2461 2608 ea
2479 2569 2598 2624 qua!
2617 2556 2965 2626 scripserunt,
3001 2559 3068 2613 ab
3106 2559 3196 2614 illo
3239 2561 3487 2631 sapiente
3523 2559 3687 2615 didice-

2133 2651 2277 2698 runt.

2130 2733 2358 2792 CAPUT
2398 2735 2528 2792 VIII.
2552 2768 2625 2779 —-
2663 2738 2724 2793 Si
2768 2739 2908 2809 fama
2948 2752 3189 2796 narrante
3233 2733 3685 2798 Christusivcredittt‘r

2201 2829 2620 2898 sapientissimus,
2645 2848 2737 2886 cur
2762 2833 2947 2901 maiori
2977 2837 3116 2903 fama
3142 2835 3461 2905 praedicante
3484 2851 3574 2889 non
3597 2847 3680 2886 crc-

2201 2914 2353 2973 ἀαιῶ
2376 2919 2536 2975 Deus.

2201 3009 2290 3089 i5.
2334 3001 2535 3066 Deinde
2577 3011 2776 3081 dicant,
2823 3013 2962 3070 unde
2988 3015 3177 3072 saltem
3217 3017 3369 3088 quod
3393 3013 3678 3087 sapientissi-

2128 3115 2248 3156 mus
2271 3100 2449 3166 fuerit,
2479 3118 2638 3159 nosse
2674 3107 2759 3163 vel
2787 3105 2971 3161 audire
2997 3117 3309 3177 potuerunt.
3358 3107 3416 3164 Si
3441 3106 3570 3163 fama
3589 3105 3676 3160 dis-

2127 3191 2443 3259 seminante,
2487 3196 2753 3252 certiorne
2776 3197 2843 3253 de
2869 3198 2959 3253 illo
2988 3199 3174 3254 nuntia
3213 3199 3359 3256 fama
3386 3208 3465 3256 est
3491 3201 3526 3266 ³,
3550 3211 3674 3269 quam

2126 3279 2371 3352 discipuli
2397 3285 2532 3355 ejus,
2563 3287 2755 3357 quibus
2777 3304 2902 3344 eum
2933 3291 3350 3360 praedicantibus
3376 3283 3484 3362 ipsa
3512 3305 3593 3361 per
3614 3299 3675 3342 ω·

2127 3379 2238 3427 tum
2263 3375 2517 3431 mundum
2548 3377 2688 3434 fama
2719 3378 3006 3451 fragravit?
3034 3381 3320 3439 Postremo
3361 3382 3544 3438 famam
3567 3394 3674 3450 pm-

2124 3464 2299 3521 ferant
2328 3465 2504 3534 famae,
2549 3478 2605 3525 et
2639 3471 2687 3525 ei
2718 3469 2873 3526 fama:
2908 3471 2979 3527 de
3022 3473 3111 3528 illo
3150 3474 3378 3531 credant
3402 3489 3515 3544 qua:
3537 3469 3672 3538 major

2122 3564 2225 3612 est.
2255 3558 2330 3612 Ea
2356 3559 2553 3630 quippe
2579 3558 2738 3628 fama,
2755 3577 2877 3632 quae
2895 3561 2964 3618 de
2992 3563 3254 3620 catholica
3276 3564 3528 3630 Ecclesia,
3543 3574 3668 3632 quam

2121 3658 2340 3720 stupent
2369 3660 2479 3705 toto
2519 3653 2649 3709 orbe
2671 3653 2942 3722 diti‘usam,
2974 3657 3206 3713 mirabili
3232 3658 3475 3715 claritate
3495 3656 3666 3725 disper-

2119 3742 2281 3812 gitur,
2329 3752 2514 3800 tenues
2541 3745 2764 3802 istorum
2794 3763 3037 3806 rumores
3076 3749 3551 3823 incomparabiliter
3573 3746 3664 3802 vin-

2119 3834 2194 3889 cit
2222 3852 2236 3888 :
2263 3850 2325 3890 ea
2351 3851 2513 3906 porro
2551 3837 2690 3894 fama
2724 3849 2829 3896 tam
2855 3857 3065 3913 magna,
3097 3853 3202 3900 tam
3228 3844 3474 3910 celebris,
3502 3850 3552 3896 ut
3570 3854 3662 3896 eam

2120 3925 2355 3981 timendo
2380 3927 2466 3982 isti
2497 3929 2727 3999 trepidas
2764 3941 2818 3987 et
2849 3933 3053 4004 tepidas
3090 3929 3662 3992 eontradictiunculasin

2117 4018 2238 4073 sinu
2281 4033 2380 4074 suo
2419 4021 2628 4088 rodant,
2673 4022 2782 4093 jam
2827 4026 2945 4096 plus
2974 4036 3272 4085 metuentes
3313 4027 3494 4091 audiri,
3533 4035 3658 4094 quam

2117 4111 2356 4168 volentes
2377 4114 2546 4182 credi,
2575 4114 2770 4172 Filium
2800 4118 2894 4172 Dei
2920 4120 3260 4191 Unigenitum
3288 4132 3342 4179 et
3364 4123 3517 4177 Deum
3541 4129 3651 4187 prt-

2116 4202 2261 4258 dicat
2285 4203 2552 4261 Christum
2575 4206 2614 4274 ³,
2648 4223 2743 4278 per
2764 4225 2923 4280 quem
2953 4209 3086 4266 facta
3113 4222 3239 4268 sunt
3261 4213 3437 4268 omnia
3465 4227 3476 4262 :
3500 4208 3540 4264 si
3556 4217 3654 4272 ergo

2115 4292 2313 4351 famam
2353 4297 2557 4368 eligunt
2602 4308 2809 4362 testem.
2862 4316 2959 4357 cur
2999 4318 3102 4358 non
3153 4305 3289 4360 hanc
3318 4303 3522 4374 eligunt,
3561 4308 3654 4366 qua!

2117 4394 2260 4440 tanta
2309 4387 2547 4444 claritate
2591 4390 2900 4461 prmfulget?
2943 4391 2996 4449 Si
3045 4395 3396 4465 scripturam,
3442 4406 3526 4446 cur
3569 4400 3648 4440 non

2113 4477 2492 4547 evangelicam,
2532 4495 2651 4550 qua:
2691 4491 2834 4536 tanta
2881 4487 3195 4542 auctoritate
3233 4481 3533 4557 praepollet?
3569 4476 3650 4531 N05

2112 4575 2258 4622 certe
2279 4567 2393 4623 hsce
2417 4569 2484 4624 de
2509 4569 2612 4626 diis
2643 4587 2827 4628 eorum
2853 4575 3142 4642 credimus,
3169 4593 3288 4646 qua:
3316 4577 3465 4632 habet
3485 4579 3530 4625 et
3546 4567 3646 4623 scri-

2113 4666 2266 4728 ptura
2310 4675 2496 4716 eorum
2541 4663 2826 4733 antiquior,
2875 4675 2930 4720 ct
2973 4665 3110 4721 fama
3154 4668 3430 4724 celebrior.
3471 4663 3580 4730 Qua!
3611 4657 3646 4711 si

2111 4748 2380 4805 adoranda
2424 4761 2569 4817 sunt.
2601 4767 2697 4808 cur
2732 4769 2795 4809 ea
2843 4755 3018 4811 rident
3061 4757 3115 4813 in
3147 4759 3400 4815 theatris?
3425 4755 3474 4810 Si
3499 4760 3641 4806 autem

2111 4839 2332 4895 ridenda
2361 4852 2504 4908 sunt,
2555 4843 2673 4913 plus
2718 4845 2996 4903 ridendum
3038 4857 3123 4905 est
3163 4865 3284 4906 cum
3312 4850 3571 4907 adorantur
3602 4840 3640 4893 in

3422 2718 3684 2738 Μ

2110 4934 2341 5004 templis.
2376 4934 2560 4990 Restat
2588 4945 2646 4990 ut
2673 4938 2772 5008 ipsi
2804 4940 2968 4995 velint
2996 4950 3157 4997 testes
3193 4958 3314 5000 esse
3347 4943 3408 4998 de
3434 4936 3635 4995 Christo.

2108 5024 2198 5096 qui
2223 5025 2323 5080 sibi
2351 5025 2599 5082 auferunt
2618 5030 2864 5085 meritum
2895 5031 3098 5088 sciendi
3127 5033 3256 5103 quid
3285 5035 3557 5104 loquantur,
3580 5024 3637 5074 lo-

2107 5115 2320 5187 quendo
2344 5117 2486 5188 quod
2515 5120 2774 5175 nesciunt.
2800 5122 2904 5176 Aut
2927 5123 2971 5177 si
2997 5123 3200 5194 aliquos
3225 5125 3382 5181 libros
3402 5137 3453 5175 sc
3477 5115 3631 5172 habere

2105 5208 2311 5276 dicunt,
2358 5225 2492 5279 quos
2533 5225 2656 5266 eum
2702 5212 2980 5282 scripsisse
3023 5224 3286 5282 asserant,
3331 5211 3528 5288 prodant
3562 5214 3630 5256 cos

2107 5300 2278 5356 nobis.
2311 5299 2561 5356 Profecto
2586 5303 2726 5358 enim
2760 5304 3029 5361 utilissimi
3057 5314 3110 5361 et
3151 5301 3469 5363 saluberrimi
3503 5301 3625 5353 sunt.

2170 5453 2186 5483 ί
2213 5451 2460 5512 Particula,
2485 5457 2611 5514 tunc,
2635 5453 2780 5503 deest
2801 5455 2851 5502 in
2875 5467 2967 5504 sex
2989 5461 3095 5506 Mss.

2167 5515 2187 5581 ξ
2206 5514 2573 5574 Quatuordecim
2594 5517 2806 5581 Mss.,_d_e
2826 5513 2912 5581 illo
2930 5518 3063 5581 fatua
3083 5518 3301 5581 mium
3318 5523 3398 5571 est.

2167 5575 2189 5642 ξ
2209 5582 2283 5626 Er.
2310 5584 2362 5626 et
2388 5583 2515 5642 Lov.,
2544 5584 2641 5642 tam
2661 5577 2861 5642 celebris
2870 5574 2942 5642 esi
2953 5585 3029 5642 ,ιιι
3049 5593 3158 5630 eam
3177 5580 3396 5639 tuncndo,
3413 5582 3495 5627 etc.
3515 5574 3624 5642 ([3191!

2101 5635 2311 5705 nolerues
2334 5637 2472 5688 credi
2497 5635 2672 5705 rfitium
2698 5638 2784 5705 Ι)ρὶ
2811 5635 3108 5705 unigenitum
3151 5649 3199 5694 et
3227 5635 3392 5695 Deum
3412 5635 3624 5705 ρνφάίαέΐί

2098 5698 2361 5768 Christian
2383 5707 2489 5768 etc;
2513 5696 2919 5768 dissentientibus
2934 5711 3039 5768 Mss.
3059 5717 3210 5768 prope
3469 5702 3510 5745 ct
3528 5696 3618 5740 antl-

2105 5764 2259 5824 ql-iori
2286 5763 2500 5814 editione
2522 5770 2620 5814 nat.
2636 5799 2650 5826 ,
2676 5776 2880 5826 quorum
2903 5764 2980 5816 hic
3001 5763 3262 5819 lectioitem
3277 5763 3547 5820 restituiutus.
