3878 6302
2811 233 2824 255 ⁴
2843 232 2879 264 ’ἕ
2907 236 2961 259 "f‘
2990 240 3043 271 "7
3067 245 3092 273 τ’

2937 277 3079 304 '43.-

1538 307 1745 369 LIBER

1873 302 2054 365 lMUS.
2854 303 2862 322 ⁵
2924 316 2932 337 ³
3299 305 3437 365 1050

1853 422 2078 480 CAPUT
2115 422 2296 481 XL—
2333 423 2401 478 In
2443 439 2525 479 eos
2561 424 2650 493 qui
2689 420 2942 478 somniant
2969 420 3221 478 Christum
3248 423 3439 493 magica

2204 526 2313 571 arte
2343 516 2557 587 papulas
2586 516 2653 569 ad
2690 533 2742 571 se
2765 515 3082 570 convertisse.

1924 610 2013 664 l7.
2056 608 2191 664 Illud
2236 624 2450 679 quoque
2498 607 2776 663 attendant
2829 608 2919 678 qui
2966 605 3184 677 magicis
3238 605 3439 661 artibus

1853 710 1998 757 tanta
2027 718 2148 758 eum
2177 704 2433 772 potuisse,
2478 710 2533 757 et
2559 716 2752 762 nomen
2780 715 2934 755 suum
2962 700 3026 755 ad
3060 700 3283 769 pepulos
3311 700 3360 753 in
3383 714 3439 755 se

1852 795 2238 850 convertendos
2278 804 2392 849 arte
2436 794 2547 861 ipsa
2590 807 2932 848 consecrasse
2974 790 3220 855 delirant,
3263 799 3439 843 utrum

1852 887 2085 957 potuerit
2109 886 2327 956 magicis
2351 886 2552 941 artibus
2584 894 2756 939 tantos
2787 885 3081 954 Pr0phetas
3104 882 3283 937 divino
3311 881 3437 952 Spi—

1852 978 1974 1045 ritu,
2021 987 2304 1048 antequam
2346 977 2398 1031 in
2445 986 2585 1031 terra
2626 984 2956 1041 nasceretur,
2985 974 3225 1045 implere,
3254 974 3342 1044 qui
3368 972 3436 1028 de

1853 1071 1943 1126 illo
1971 1071 2096 1125 talia
2122 1070 2296 1125 futura
2344 1070 2616 1140 praelocuti
2643 1078 2786 1135 sunt,
2830 1069 3005 1139 qualia
3029 1069 3139 1137 jam
3172 1068 3439 1139 prseterita

1854 1162 1907 1217 in
1955 1162 2241 1232 Evangelia
2289 1161 2531 1231 legimus,
2579 1169 2633 1215 et
2676 1160 2848 1231 qualia
2892 1160 2945 1213 in
2988 1158 3119 1214 orbe
3171 1168 3436 1213 terrarum

1854 1254 2132 1324 praesentia
2160 1268 2299 1309 nunc
2325 1251 2584 1308 videmus.
2616 1251 2798 1322 Neque
2824 1251 2987 1316 enim,
3017 1249 3063 1304 si
3088 1250 3304 1319 magicis
3324 1251 3442 1304 arti-

1854 1347 1954 1403 bus
1982 1346 2108 1402 fecit
2134 1355 2191 1400 ut
2229 1347 2494 1401 coleretur
2535 1354 2589 1401 et
2616 1354 2877 1409 mortuus,
2925 1357 3108 1414 magus
3145 1352 3259 1398 erat
3283 1351 3435 1397 ante-

1853 1456 2011 1511 quam
2041 1448 2198 1496 natus
2229 1456 2242 1493 :
2272 1441 2356 1494 cui
2384 1438 2752 1510 prephetando
2794 1446 3018 1493 venturo
3056 1452 3188 1508 gens
3217 1451 3319 1491 una
3347 1436 3438 1493 de-

1854 1542 2032 1603 putata
2050 1542 2152 1600 est,
2166 1536 2318 1603 cujus
2331 1533 2635 1604 reipublicae
2649 1542 2755 1587 tota
2765 1532 3151 1587 administratio
3164 1530 3439 1601 prophetia

1854 1633 1997 1679 esset
2041 1624 2181 1679 illius
2221 1626 2361 1696 regis
2400 1626 2629 1691 venturi,
2673 1634 2726 1681 et
2758 1624 3025 1679 civitatem
3064 1623 3335 1679 caelestem
3371 1638 3439 1679 ex

1854 1719 2103 1774 omnibus
2130 1720 2376 1788 gentibus
2413 1718 2697 1773 condituri.

1856 1810 2082 1867 CAPUT
2124 1811 2238 1867 XII.
2271 1842 2340 1852 —
2365 1811 2662 1866 Judreorum
2688 1810 2845 1876 Deus,
2875 1812 2976 1865 illis
3000 1810 3300 1881 subjugatis,
3328 1809 3442 1863 ideo

1925 1923 2026 1960 non
2052 1906 2147 1976 fuit
2171 1924 2201 1959 a
2229 1905 2473 1959 Romanis
2503 1915 2748 1972 receptus,
2790 1904 2926 1974 quod
2954 1905 2997 1957 is
3026 1904 3224 1974 juberet
3272 1918 3324 1956 se
3350 1918 3439 1955 so-

1928 1998 2033 2052 lum
2062 1998 2161 2051 coli
2184 1997 2469 2052 simulacris
2500 1997 2693 2050 deletis.

1928 2088 2016 2144 18.
2058 2088 2289 2143 Proinde
2316 2088 2454 2143 illius
2476 2087 2714 2142 llebrzea:
2739 2086 2911 2157 gentis
2930 2085 2996 2139 ad
3020 2083 3440 2155 prophetandum

1855 2180 2150 2247 Christum,
2179 2182 2317 2235 sicut
2342 2179 2470 2247 dixi,
2497 2178 2761 2249 deputatae
2788 2179 2963 2233 nullus
2988 2178 3120 2232 alius
3144 2176 3275 2231 deus
3303 2186 3437 2243 erat,

1856 2273 1957 2328 nisi
1981 2273 2120 2327 Deus
2146 2287 2305 2339 unus,
2334 2272 2475 2326 Deus
2496 2285 2674 2338 verus,
2698 2270 2787 2341 qui
2810 2269 2936 2325 fecit
2955 2270 3147 2325 omium
3172 2277 3224 2323 et
3250 2276 3445 2323 terram

1856 2374 1912 2421 et
1956 2365 2134 2420 omnia
2182 2380 2301 2434 quae
2344 2365 2396 2418 in
2439 2364 2518 2419 eis
2565 2372 2731 2418 sunt:
2760 2377 2867 2432 quo
2911 2361 3115 2416 olfenso
3153 2375 3294 2430 smpe
3334 2361 3447 2414 suis

1858 2457 2102 2514 hostibus
2146 2456 2541 2521 subdebantur;
2592 2469 2732 2510 nunc
2776 2455 2935 2510 etiam
2992 2468 3089 2524 pro
3130 2452 3446 2524 gravissimo

1859 2548 2063 2604 scelere
2088 2548 2251 2602 occisi
2280 2544 2499 2611 Christi,
2527 2561 2593 2601 ex
2620 2547 2732 2617 ipsa
2760 2545 3111 2616 Jerosolyma,
3154 2543 3295 2614 quod
3331 2552 3448 2599 erat

1859 2641 2009 2710 regni
2056 2655 2241 2695 eorum
2290 2648 2483 2710 caput,
2530 2639 2739 2710 penitus
2786 2638 3058 2705 eradicati,
3109 2646 3162 2693 et
3208 2638 3448 2693 Romano

1860 2732 2085 2802 imperio
2106 2731 2368 2803 subjugati
2394 2741 2538 2787 sunt.
2582 2730 2837 2786 Solebant
2863 2739 3039 2785 autem
3071 2729 3295 2784 Romani
3317 2729 3448 2785 deos

1859 2826 2096 2898 gentium
2125 2841 2258 2896 quas
2296 2824 2668 2896 subjugabant,
2711 2822 2967 2879 colendos
3008 2822 3298 2892 propitiare
3325 2823 3364 2886 ί,
3393 2832 3449 2878 et

1861 2934 2047 2977 eorum
2088 2933 2239 2974 sacra
2269 2917 2561 2987 suscipere.
2592 2915 2705 2971 Hoc
2729 2914 2797 2970 de
2824 2916 2935 2969 Deo
2960 2914 3131 2985 gentis
3169 2913 3408 2968 Hebrzeze
3432 2954 3447 2980 ,

1861 3029 1983 3070 cum
2010 3027 2128 3069 eam
2157 3011 2246 3066 vel
2271 3016 2716 3080 oppugnaverunt
2741 3007 2823 3062 vel
2848 3008 3110 3073 vicerunt,
3153 3006 3328 3061 facere
3357 3020 3452 3061 no—

1861 3107 2090 3163 luerunt.
2122 3104 2298 3160 Credo
2334 3103 2477 3173 quod
2514 3101 2785 3166 videbant,
2818 3101 2863 3154 si
2885 3099 3015 3169 \ejus
3054 3098 3147 3153 Dei
3187 3113 3337 3153 sacra
3361 3113 3451 3153 re-

1861 3200 2124 3270 ciperent,
2164 3197 2253 3267 qui
2279 3210 2338 3251 se
2367 3194 2560 3259 solum,
2589 3192 2780 3248 deletis
2804 3191 2965 3247 etiam
2997 3189 3316 3254 simulacris,
3347 3188 3450 3243 coli

1858 3290 2091 3361 juberet,
2141 3286 2455 3341 dimittenda
2490 3299 2611 3340 esse
2653 3283 2830 3339 omnia
2872 3297 2990 3351 qua:
3041 3282 3189 3351 prius
3225 3279 3450 3335 colenda

1863 3388 2243 3452 susceperant,
2304 3392 2530 3449 quorum
2580 3374 2924 3445 religionibus
2970 3373 3248 3443 imperium
3295 3387 3451 3427 suum

1864 3474 2097 3531 crevisse
2122 3470 2533 3526 arbitrabantur.
2581 3466 2638 3522 In
2668 3482 2774 3537 quo
2799 3481 2892 3521 eos
2931 3464 3213 3534 plurimum
3242 3464 3452 3519 fallacia

1864 3565 2167 3621 daemonum
2208 3560 2505 3631 decipiebat
2543 3577 2556 3613 :
2590 3573 2712 3612 nam
2738 3557 2919 3627 utique
2968 3555 3262 3625 intelligere
3287 3554 3453 3609 debe-

1865 3659 2013 3724 bant,
2044 3657 2250 3712 occulta
2280 3655 2373 3710 Dei
2402 3654 2513 3709 veri
2548 3652 2841 3714 voluntate,
2885 3665 3051 3720 penes
3083 3665 3243 3720 quem
3273 3663 3454 3704 rerum

120 334 292 403 £049

117 475 306 534 quos,
341 464 397 513 ut
422 451 525 525 ipsi
565 448 819 512 fatentur,
864 443 947 498 vir
975 436 1394 534 sapientissimus
1420 430 1655 501 scripsit.
1685 426 1745 483 Si

117 524 333 608 autem
373 524 560 603 timent
587 557 680 598 eos
708 536 967 611 proferre,
1013 524 1193 603 utﬁpte
1238 527 1363 585 mali
1389 533 1553 591 sunt;
1587 535 1746 593 porro

120 645 175 700 si
201 641 348 698 mali
377 645 519 701 sunt,
548 649 652 689 non
677 646 770 688 eos
798 624 1223 699 sapientissimus
1246 618 1464 688 scripsit
1495 635 1506 671 :
1537 614 1747 685 sapien-

123 734 418 790 tissimum
440 737 615 782 autem
637 722 905 779 Christum
929 718 1194 779 fatentur;
1218 724 1480 780 nonergo
1504 706 1746 763 Christus

124 825 248 881 tale
281 819 488 892 aliquid
518 816 752 886 scripsit.

123 891 392 975 CAPUT
422 912 511 968 l.\'.
538 941 607 951 ——
636 907 856 975 Quidam
858 905 1086 1029 fugant.
1104 896 1356 981 Christum
1382 892 1641 964 scripsisse
1678 891 1747 944 li-

718 978 831 1029 bros
894 991 922 1029 e
954 988 1185 1029 mamcts.

718 978 831 1032 bras
858 978 922 1029 de
954 978 1185 1044 magicis.

206 1082 310 1137 M.
356 1077 432 1133 Ita
462 1089 588 1131 vero
615 1073 703 1128 isti
749 1068 1033 1139 desipiunt,
1068 1074 1125 1118 ut
1150 1063 1253 1118 illis
1288 1060 1438 1116 libris
1466 1072 1599 1129 quos
1624 1070 1747 1112 eum

126 1171 434 1243 scripsisse
467 1167 795 1229 existimant,
842 1160 1021 1217 dicant
1045 1156 1305 1212 contineri
1336 1168 1426 1209 eas
1454 1161 1597 1207 artes
1626 1150 1748 1221 qui-

125 1279 243 1322 bus
286 1278 418 1319 eum
444 1268 634 1332 putant
672 1257 760 1311 illa
806 1253 995 1310 fecisse
1024 1247 1303 1313 miracula,
1352 1258 1577 1316 quorum
1609 1243 1747 1296 fama

130 1359 350 1428 ubique
373 1350 675 1425 percrebuit
698 1366 709 1401 :
733 1344 873 1419 quod
894 1340 1251 1400 existimando
1272 1342 1481 1428 seipsos
1518 1333 1750 1428 produnt

129 1425 271 1522 quid
286 1448 551 1516 ,diligant,
580 1438 788 1511 etquid
816 1436 1100 1499 aﬂ'ectent;
1133 1427 1561 1504 quandoquidem
1587 1425 1749 1522 Chri-

129 1518 288 1601 stum
340 1549 623 1612 propterea
671 1531 1122 1604 sapientissimum
1165 1532 1352 1596 putant
1398 1522 1581 1584 fuisse,
1627 1518 1749 1590 quia

130 1610 486 1704 nescio—qua:
509 1628 692 1685 illicita
715 1630 955 1690 noverat,
987 1634 1106 1692 qua:
1130 1633 1238 1673 non
1267 1614 1440 1671 solum
1470 1610 1750 1681 disciplina

130 1701 469 1789 christiana,
516 1719 611 1775 sed
655 1717 816 1773 etiam
846 1714 961 1785 ipsa
1003 1721 1230 1766 terrente
1253 1704 1557 1776 reipublicae
1582 1701 1751 1756 admi-

131 1816 402 1875 nistratio
440 1814 562 1884 jure
588 1807 929 1865 condemnat.
979 1803 1045 1858 Et
1089 1810 1237 1857 certe
1275 1797 1365 1868 qui
1397 1795 1526 1849 tales
1552 1790 1750 1847 Christi

134 1912 316 1965 libros
346 1922 410 1963 se
432 1905 625 1976 legisse
650 1901 937 1963 aitirmant,
966 1911 1061 1951 cur
1086 1892 1186 1963 ipsi
1213 1890 1355 1946 nulla
1384 1888 1502 1943 talia
1527 1886 1749 1952 faciunt,

130 2003 323 2074 qualia
360 2000 511 2054 illum
540 1996 607 2051 de
636 1996 785 2050 libris
807 1992 1001 2047 talibus
1030 1988 1218 2044 fecisse
1242 1982 1538 2039 mirantur?

131 2071 383 2149 CAPUT
421 2087 490 2143 Χ.
514 2116 587 2127 —-
606 2084 826 2141 Eosdem
856 2080 1008 2135 libros
1036 2078 1191 2132 Petro
1217 2085 1263 2129 et
1290 2073 1458 2128 Paulo
1479 2071 1751 2141 inscriptos

722 2153 928 2222 quidam
953 2151 1187 2205 delirant.

210 2258 307 2312 15.
354 2251 499 2322 Quid
525 2248 666 2322 quod
691 2248 851 2304 etiam
880 2246 1060 2301 divino
1080 2239 1281 2313 judicio
1318 2238 1397 2293 sic
1426 2242 1609 2291 errant
1634 2234 1753 2305 qui-

132 2354 263 2410 dam
298 2364 519 2415 eorum,
546 2347 635 2418 qui
664 2345 787 2400 talia
813 2342 1082 2398 Christum
1108 2334 1389 2405 scripsisse
1413 2332 1497 2386 vel
1527 2329 1753 2385 credunt

135 2447 224 2503 vél
250 2443 415 2502 credi
439 2442 640 2506 volunt,
671 2448 727 2493 ut
756 2436 975 2493 eosdem
1004 2433 1173 2487 libros
1199 2429 1266 2484 ad
1294 2428 1508 2482 Petrum
1532 2432 1586 2479 et
1610 2422 1749 2477 Pau-

133 2542 251 2596 lum
281 2538 495 2603 dicant,
526 2542 775 2604 tanquam
805 2525 1078 2599 epistolari
1108 2522 1264 2577 titulo
1294 2526 1637 2589 praenotatos.
1688 2515 1754 2569 Et

137 2632 257 2688 ﬁeri
300 2636 487 2701 potest
512 2635 570 2681 ut
608 2625 723 2679 sive
766 2619 966 2677 inimici
1006 2615 1237 2672 nominis
1274 2610 1494 2673 Christi,
1526 2609 1639 2662 sive
1663 2606 1753 2677 qui

136 2699 421 2793 ejusmodi
452 2713 866 2774 exsecrabilibus
910 2708 1114 2763 artibus
1151 2704 1219 2759 de
1258 2711 1366 2757 tam
1402 2699 1634 2771 glorioso
1660 2711 1756 2751 no-

137 2816 290 2871 mine
337 2811 552 2883 pondus
592 2803 922 2862 auctoritatis
949 2802 1078 2856 dare
1107 2813 1165 2853 se
1203 2810 1358 2867 posse
1387 2798 1749 2864 putaverunt,

139 2909 271 2963 talia
302 2882 416 2962 sub
442 2901 639 2958 Christi
670 2908 723 2954 et
753 2894 1127 2967 Apostolorum
1159 2888 1376 2944 nomine
1402 2882 1713 2954 scripserint
1738 2898 1751 2933 :

140 3002 198 3056 in
218 3015 329 3071 qua
356 2995 694 3053 fallacissima
721 2989 941 3045 audacia
963 2987 1040 3041 sic
1065 2979 1317 3040 exerceati
1338 2987 1483 3043 sunt,
1515 2985 1569 3030 ut
1589 2974 1755 3030 etiam

143 3109 174 3148 a
197 3069 415 3165 pueris,
435 3089 523 3160 qui
547 3086 719 3142 adhuc
744 3081 1015 3153 pueriliter
1037 3080 1089 3133 in
1115 3075 1282 3148 gradu
1302 3074 1585 3128 Lectorum
1612 3069 1755 3125 chri-

146 3186 360 3240 stianas
394 3181 622 3236 Litteras
654 3184 864 3240 norunt,
919 3172 1111 3227 merito
1138 3168 1432 3224 rideantur.

222 3275 317 3330 16.
363 3270 498 3327 Cum
525 3269 669 3325 enim
689 3265 890 3321 vellent
914 3262 1017 3317 tale
1037 3259 1237 3330 aliquid
1267 3259 1465 3327 fingere
1483 3255 1757 3310 Christum

146 3364 445 3435 scripsisse
486 3361 553 3415 ad
596 3356 890 3428 discipulos
929 3367 1076 3418 suos,
1122 3351 1485 3420 cogitaverunt
1514 3348 1581 3401 ad
1624 3361 1759 3416 quos

145 3456 501 3530 potissimum
544 3450 785 3505 scribere
814 3445 1052 3517 potuisse
1081 3441 1234 3496 facile
1267 3437 1595 3501 crederetur,
1636 3445 1758 3490 tan-

148 3528 319 3620 quam
350 3544 421 3600 ad
460 3544 580 3598 illos
605 3541 696 3613 qui
725 3540 775 3595 ei
819 3534 1129 3593 familiarius
1168 3532 1536 3597 adhaesissent,
1568 3528 1761 3600 quibus

151 3641 288 3698 illud
316 3638 472 3710 quasi
494 3644 758 3692 secretum
781 3632 940 3703 digne
966 3628 1389 3684 committeretur
1416 3642 1429 3678 :
1459 3632 1513 3678 et
1531 3622 1763 3677 occurrit

153 3736 234 3789 eis
265 3733 465 3788 Petrus
492 3736 547 3784 et
574 3726 788 3790 Paulus,
816 3721 978 3778 credo
1004 3718 1146 3790 quod
1178 3716 1416 3788 pluribus
1441 3714 1574 3769 locis
1600 3712 1761 3768 simul

154 3840 253 3881 eos
300 3837 428 3878 cum
476 3821 570 3874 illo
610 3819 781 3889 pictos
817 3815 1097 3878 viderent;
1137 3811 1260 3883 quia
1305 3809 1495 3864 merita
1539 3806 1680 3862 Petri
1707 3815 1763 3861 et

156 3917 313 3973 Pauli
341 3914 504 3970 etiam
528 3920 745 3983 prepter
770 3906 1018 3964 eumdem
1049 3903 1312 3975 passionis
1332 3901 1473 3956 diem
1499 3897 1763 3955 celebrius

158 4008 483 4064 solemniter
511 4006 526 4035 ¹
561 4004 729 4058 Roma
778 3997 1137 4055 commendat.
1184 3994 1271 4051 Sic
1317 3995 1537 4048 omnino
1578 4005 1763 4047 errare

158 4106 501 4165 meruerunt,
546 4095 638 4167 qui
679 4093 953 4149 Christum
997 4099 1051 4144 et
1094 4087 1379 4158 Apostolos
1407 4086 1524 4156 ejus
1555 4099 1661 4139 non
1707 4084 1762 4139 in

160 4193 368 4249 sanctis
388 4189 680 4255 codicibus,
708 4186 803 4242 sed
835 4187 888 4240 in
913 4185 1067 4255 pictis
1092 4182 1382 4252 parietibus
1402 4180 1761 4251 quaesierunt:

160 4300 263 4341 nec
300 4285 502 4340 mirum
546 4281 593 4335 si
635 4295 666 4334 a
716 4277 1052 4350 pingentibus
1082 4274 1341 4344 fingentes
1372 4272 1577 4341 decepti
1618 4280 1760 4327 sunt.

160 4376 303 4432 Toto
332 4377 481 4432 enim
526 4382 765 4443 tempore
808 4384 915 4440 quo
959 4366 1201 4423 Christus
1249 4366 1301 4420 in
1346 4379 1507 4419 carne
1554 4363 1765 4418 mortali

161 4485 286 4525 cum
325 4468 444 4523 suis
468 4464 741 4535 discipulis
768 4462 920 4527 vixit,
952 4459 1188 4515 nondum
1216 4467 1330 4513 erat
1369 4457 1563 4512 Paulus
1592 4456 1758 4511 disci-

162 4560 323 4631 pulus
366 4558 509 4629 ejus,
537 4571 695 4627 quem
740 4562 861 4625 post
887 4551 1192 4624 passionem
1222 4564 1395 4615 suam,
1431 4558 1550 4619 post
1578 4563 1765 4604 resur-

164 4656 488 4717 rectionem,
536 4657 657 4720 post
683 4646 1074 4709 ascensionem,
1107 4650 1228 4712 post
1256 4642 1478 4696 missum
1522 4640 1587 4695 de
1617 4640 1767 4695 caelis

164 4746 427 4816 Spiritum
456 4750 720 4803 sanctum,
746 4746 866 4809 post
893 4734 1180 4790 multorum
1202 4732 1510 4787 Iudaeorum
1537 4746 1766 4786 conver-

164 4838 373 4893 sionem
395 4846 452 4893 et
477 4834 773 4891 mirabilem
796 4830 977 4893 tidem,
1001 4838 1121 4898 post
1142 4826 1520 4896 lapidationem
1543 4824 1769 4896 Stepha-

168 4934 217 4987 ni
242 4931 455 4988 diaconi
478 4939 531 4985 et
555 4926 821 4997 martyris,
842 4938 962 4979 cum
984 4920 1157 4976 adhuc
1171 4920 1364 4976 Saulus
1384 4920 1764 4991 appellaretur,

168 5035 219 5079 et
245 5042 339 5081 eos
369 5024 462 5097 qui
507 5022 558 5077 in
589 5020 859 5077 Christum
902 5016 1263 5081 crediderant,
1305 5014 1538 5084 graviter
1582 5029 1768 5084 perse-

171 5125 445 5185 queretur,
476 5114 543 5169 de
572 5114 711 5169 coelo
736 5110 963 5177 vocavit,
994 5120 1048 5165 et
1077 5122 1229 5164 suum
1258 5105 1572 5177 discipulum
1612 5116 1771 5177 atque

174 5210 471 5278 apostolum
504 5208 631 5262 fecit
657 5206 789 5277 (Act.
814 5221 887 5269 ιι,
919 5202 1092 5272 1—30).
1116 5198 1396 5267 Quomodo
1418 5199 1575 5270 igitur
1600 5200 1771 5269 potuit

179 5297 359 5366 libros,
403 5314 538 5371 quos
560 5307 843 5367 antequam
884 5301 1186 5349 moreretur
1225 5304 1347 5345 eum
1370 5288 1647 5359 scripsisse
1672 5305 1772 5359 pu-

181 5391 279 5445 tari
307 5392 507 5456 volunt,
558 5389 625 5445 ad
652 5387 960 5459 discipulos,
990 5394 1239 5455 tanquam
1283 5382 1728 5437 familiarissimos
1753 5424 1769 5449 ,

183 5483 395 5544 Petrum
417 5498 469 5544 et
487 5488 706 5543 Paulum
722 5483 975 5550 scribere,
999 5495 1121 5537 cum
1146 5478 1340 5535 Paulus
1358 5477 1591 5533 nondum
1615 5476 1774 5533 fuerit

186 5578 472 5652 discipulus
498 5580 651 5651 ejus?

252 5695 267 5725 ⁸
283 5700 342 5743 'ln
386 5696 543 5745 tribus
575 5699 681 5742 Mss.
702 5726 716 5750 ,
738 5688 1097 5750 celeberrimum
1120 5683 1406 5750 solemniter.
1435 5680 1565 5750 apud
1605 5688 1680 5750 Er.
1700 5690 1775 5750 __et

190 5743 575 5870 gigantis—brius
596 5760 640 5806 at
664 5743 964 5811 solemniter;
987 5749 1165 5809 addito,
1189 5754 1250 5811 et,
1273 5746 1403 5810 quod
1425 5743 1564 5795 abest
1587 5746 1648 5794 ab
1670 5743 1775 5794 aliis

405 5833 445 5869 s.

1866 3763 2073 3807 summa
2105 3755 2337 3818 potestas
2380 3754 2482 3812 est,
2526 3746 2624 3800 sibi
2654 3744 2834 3798 datum
2874 3753 2929 3797 et
2953 3752 3163 3798 auctum
3194 3757 3412 3813 regnum
3438 3785 3453 3809 ,

1866 3858 1974 3900 non
2012 3842 2224 3897 illorum
2264 3840 2488 3894 deorum
2520 3838 2737 3903 favore;
2768 3838 2855 3907 qui
2881 3838 2924 3891 si
2955 3836 3152 3907 aliquid
3184 3837 3235 3891 in
3275 3835 3374 3890 hac
3399 3852 3457 3892 re

1870 3934 2146 4008 potestatis
2190 3932 2522 3996 habuissent,
2554 3944 2679 3984 suos
2706 3929 2881 3999 potius
2928 3928 3299 3999 protexissent,
3331 3942 3399 3982 ne
3425 3943 3457 3982 a

1868 4026 2125 4084 Romanis
2149 4032 2546 4095 superarentur,
2578 4032 2669 4078 aut
2688 4023 2831 4093 ipsos
2856 4021 2935 4078 eis
2960 4022 3228 4077 Romanos
3253 4020 3458 4077 edomi-

1869 4130 1953 4177 tos
1994 4118 2384 4189 subjugassent.

1944 4210 2031 4267 l9.
2071 4208 2253 4279 Neque
2279 4207 2422 4263 enim
2452 4214 2673 4277 possunt
2698 4203 2874 4259 dicere
2906 4204 3155 4273 pietatem
3181 4218 3244 4259 ac
3277 4218 3459 4259 mores

1871 4316 1998 4358 suos
2022 4316 2053 4356 a
2078 4301 2180 4355 diis
2204 4302 2441 4369 gentium
2464 4311 2598 4367 quas
2624 4296 2883 4360 vicerunt,
2913 4295 3134 4349 dilectos
3161 4302 3213 4347 et
3233 4294 3453 4349 electos.

1870 4394 2149 4463 Nunquam
2182 4392 2283 4446 hoe
2308 4390 2507 4454 dicent,
2554 4389 2599 4443 si
2630 4388 2916 4459 primordia
2945 4402 3037 4442 sua
3080 4387 3336 4452 recolant,
3382 4387 3459 4441 fa-

1872 4487 2239 4543 cinorosorum
2284 4484 2490 4554 asylum
2529 4492 2581 4536 et
2623 4480 2832 4535 Romuli
2865 4479 3229 4534 fratricidium.
3274 4477 3458 4549 Neque

1872 4577 2016 4633 enim
2034 4575 2247 4646 quando
2267 4573 2471 4645 asylum
2489 4571 2876 4627 constituerunt
2896 4571 3158 4626 lientus‘ct
3176 4570 3458 4633 Romulus,

1874 4677 1932 4724 ut
1973 4667 2211 4737 quisquis
2248 4663 2531 4734 cujuslibet
2574 4662 2789 4717 sceleris
2832 4676 2954 4716 reus
2984 4676 3049 4715 eo
3092 4662 3413 4732 confugisset
3439 4706 3452 4728 ,

1876 4758 2103 4815 inultum
2152 4756 2370 4811 haberet
2417 4754 2781 4820 commissum,
2824 4760 3091 4824 praecepta
3138 4754 3464 4823 paenitentia:

1876 4852 2137 4909 dederunt
2180 4850 2245 4904 ad
2292 4848 2553 4902 sanandas
2592 4847 2798 4901 animas
2843 4847 3200 4911 miserorum;
3251 4861 3313 4900 ac
3357 4862 3461 4900 non

1877 4946 2054 5017 potius
2082 4945 2357 5000 collectam
2387 4943 2682 4998 timentium
2721 4957 2935 4997 manum
2965 4950 3149 4996 contra
3175 4954 3300 4994 suas
3330 4939 3462 4992 civi-

1878 5049 2033 5105 tates,
2079 5052 2303 5108 quarum
2334 5037 2476 5107 leges
2525 5035 2800 5102 timebant,
2848 5033 3092 5089 mercede
3136 5033 3465 5102 impunitatis

1878 5140 2153 5186 armarunt
2183 5150 2195 5186 :
2227 5138 2318 5185 aut
2346 5128 2558 5200 quando
2586 5128 2843 5182 Romulus
2867 5125 3103 5191 fratrem,
3132 5126 3221 5195 qui
3250 5125 3377 5179 nihil
3409 5127 3464 5179 in

1880 5238 2003 5279 eum
2023 5222 2144 5277 mali
2168 5228 2520 5293 perpetrarat,
2545 5217 2757 5282 occidit,
2780 5217 3034 5287 justitiam
3056 5216 3376 5283 vindicandi,
3400 5231 3465 5271 ac

1880 5331 1984 5370 non
2017 5314 2365 5386 principatum
2398 5310 2705 5367 dominandi
2731 5308 2997 5378 cogitavit.
3028 5307 3174 5364 Itane
3195 5310 3325 5365 istos
3345 5322 3463 5364 mo-

1880 5422 1969 5463 res
2007 5406 2307 5462 dilexerunt
2346 5403 2442 5470 dii,
2476 5403 2656 5457 hostes
2686 5416 2898 5456 suarum
2928 5400 3198 5455 civitatum
3244 5401 3468 5458 favendo

1881 5499 2124 5555 hostibus
2144 5497 2365 5553 earum?
2386 5495 2520 5563 Quin
2550 5495 2722 5565 potius
2748 5508 2845 5548 nec
2867 5494 2984 5548 illas
3003 5492 3297 5549 deserendo
3322 5508 3468 5565 pres-

1881 5598 2087 5657 serunt,
2119 5604 2216 5643 nec
2258 5587 2325 5641 ad
2364 5588 2492 5642 istos
2540 5585 2863 5641 transeundo
2889 5602 2983 5642 eos
3025 5586 3222 5657 aliquid
3254 5586 3469 5657 adjuve-

1884 5694 2039 5749 runt;
2080 5683 2201 5754 quia
2246 5698 2348 5737 non
2378 5680 2575 5735 habent
2613 5681 2663 5735 in
2695 5689 2960 5751 potestate
2998 5696 3219 5754 regnum
3246 5680 3374 5739 dare
3414 5690 3472 5739 et

1946 5805 1962 5834 ⁸
1990 5811 2094 5852 MSS.
2120 5802 2357 5866 quinque,
2380 5796 2580 5850 colendo
2602 5798 2883 5863 propitiare.
