3878 6312
76 355 256 417 1888

74 475 192 547 gio
225 471 536 538 dtﬁstiana,
568 467 743 525 adhuc
767 469 882 524 istis
906 468 1015 539 jam
1048 466 1402 539 paucissimis,
1448 479 1550 520 nec
1587 462 1698 534 jam

75 565 556 636 Oppugnantibus,
587 562 680 631 sed
711 571 886 617 tamen
931 561 1104 615 adhuc
1150 559 1552 614 mussitantibus
1593 558 1697 613 ini-

15 637 45 689 ’ἶ
75 657 268 720 mica.
293 655 398 711 Sed
423 655 468 709 si
498 655 685 712 nolunt
709 654 929 708 credere
957 651 1226 706 Christum
1269 651 1390 704 talia
1417 650 1662 705 docuisse
1681 691 1696 715 ,

77 747 404 819 Prophetas
438 747 634 816 legant,
655 746 742 816 qui
763 761 865 799 non
885 746 1053 798 solum
1082 744 1491 812 superstitiones
1521 742 1696 796 idolo-

73 856 229 896 rum
275 840 440 895 everti
497 845 899 910 prmceperunt,
945 851 1126 890 rerum
1184 836 1342 890 etiam
1395 835 1700 891 ebristianis

45 923 435 1002 ‘tempnribus
482 929 618 983 hanc
660 928 994 984 eversionem
1037 927 1262 980 futuram
1315 926 1694 996 prmdixerunt.

50 1008 202 1090 .Qui
243 1024 286 1078 si
330 1022 664 1086 fefellerunt,
695 1036 793 1076 cur
823 1030 967 1074 tanta
998 1007 1427 1074 manifestatione
1454 1019 1696 1089 comple-

80 1116 230 1170 tur?
261 1117 307 1171 si
334 1131 518 1170 verum
547 1114 835 1180 dixerunt,
864 1129 958 1168 cur
997 1121 1159 1167 tantae
1190 1112 1456 1166 divinitati
1488 1111 1693 1166 resisti-

79 1217 186 1262 tur
215 1210 239 1262 ?

77 1301 331 1358 CAPUT
369 1299 529 1355 XVII.
568 1330 636 1340 -—-
667 1299 732 1360 In
761 1299 1022 1355 Romanos
1044 1300 1130 1370 qui
1152 1298 1318 1353 Deum
1345 1297 1510 1352 Israel
1529 1299 1695 1352 solum

746 1391 1044 1459 reiecerunt.

164 1486 266 1542 25.
300 1485 675 1540 Verumtamen
719 1482 1027 1554 diligentius
1073 1483 1142 1537 ab
1189 1483 1304 1537 istis
1349 1481 1694 1552 quaerendum

81 1586 206 1642 est,
231 1592 514 1649 quemnam
543 1584 730 1646 putent
751 1572 872 1630 esSe
905 1576 1071 1629 Deum
1105 1575 1300 1640 Israel;
1331 1590 1429 1630 cur
1457 1591 1577 1629 eum
1605 1588 1698 1629 co-

83 1671 323 1726 lendum
365 1685 472 1724 non
500 1669 819 1740 receperint,
848 1668 986 1722 sicut
1010 1667 1234 1721 aliarum
1255 1667 1490 1737 gentium
1519 1666 1649 1721 deos
1678 1707 1693 1732 ,

80 1780 237 1835 quas
279 1764 576 1818 Romanum
623 1761 832 1831 subegit
872 1760 1183 1830 imperium;
1233 1758 1530 1828 praesertim
1575 1772 1694 1811 cum

81 1874 288 1914 eorum
324 1858 582 1912 sententia
618 1856 720 1921 sit,
766 1869 952 1908 omnes
1002 1852 1132 1906 deos
1175 1850 1428 1908 colendos
1457 1863 1578 1904 esse
1613 1864 1699 1904 sa-

83 1951 290 2021 pienti.
324 1948 430 2004 Cur
466 1961 595 2017 ergo
627 1961 656 2001 a
693 1957 920 2008 numero
960 1952 1274 2006 cmterorum
1321 1943 1419 2000 iste
1467 1940 1697 2010 reiectus

81 2052 180 2098 est
201 2043 228 2096 ?
251 2041 306 2097 Si
330 2040 615 2110 plurimum
642 2037 804 2104 valet,
829 2051 924 2094 cur
950 2034 1016 2090 ab
1041 2035 1119 2088 eis
1141 2033 1288 2088 solus
1315 2048 1418 2086 non
1459 2031 1697 2086 colitur?

81 2136 134 2189 si
166 2149 359 2204 parum
389 2141 480 2186 aut
505 2130 633 2185 nihil
657 2129 815 2193 valet,
854 2143 949 2183 cur
993 2127 1234 2181 contritis
1259 2141 1443 2180 eorum
1480 2124 1698 2188 simula-~

83 2228 208 2282 cris
246 2227 314 2281 ab
355 2225 602 2279 omnibus
644 2222 892 2295 gentibus
937 2220 1083 2274 solus
1124 2234 1258 2290 pene
1296 2218 1405 2288 jam
1455 2217 1698 2272 colitur?

83 2320 380 2389 Nunquam
428 2318 583 2386 hujus
621 2313 930 2386 quaestionis
959 2313 1172 2367 vinculo
1199 2311 1359 2366 eximi
1401 2319 1690 2381 poterunt,

83 2428 187 2482 qm
224 2427 344 2465 cum
379 2410 610 2478 majores
650 2415 703 2462 et
747 2407 984 2460 minores
1010 2405 1140 2458 deos
1168 2403 1363 2468 colant,
1397 2392 1529 2472 quos
1566 2401 1698 2456 deos

86 2515 312 2576 putant,
338 2503 476 2556 hunc
503 2501 668 2555 Deum
691 2513 795 2553 non
819 2497 1019 2578 colunt,
1044 2496 1133 2566 qui
1159 2496 1431 2578 praevaluit
1449 2494 1697 2548 omnibus

84 2613 241 2669 quos
265 2585 464 2651 celunt.
495 2593 550 2650 Si
577 2594 720 2649 enim
751 2567 1194 2662 magnce'virtuti's
1235 2599 1344 2664 est,
1389 2605 1485 2644 cur
1510 2589 1697 2660 existi-

87 2697 281 2743 matus
319 2696 400 2742 est
440 2685 860 2757 improbandus?
887 2685 930 2737 si
964 2697 1138 2754 parvze
1183 2681 1446 2758 nulliusve
1486 2681 1698 2734 virtutis

86 2791 206 2849 est,
237 2796 330 2836 cur
359 2787 556 2834 tantum
585 2779 756 2848 potuit
785 2774 1150 2846 improbatus?
1179 2773 1234 2828 Si
1263 2773 1436 2848 bonus
1461 2781 1573 2852 est.2
1603 2787 1700 2826 cur

87 2890 119 2928 a
151 2872 370 2928 caeteris
398 2871 550 2925 bonis
579 2869 725 2924 solus
752 2866 1065 2936 separatur?
1102 2864 1146 2918 si
1187 2865 1357 2918 malus
1396 2872 1508 2925 cst,
1547 2857 1643 2916 cur
1667 2878 1697 2916 a

89 2975 177 3022 tot
211 2964 363 3018 bonis
395 2976 529 3016 unus
555 2977 660 3016 non
691 2960 1012 3028 superatur?
1044 2957 1098 3010 Si
1139 2969 1301 3009 verax
1328 2965 1428 3018 est,
1459 2968 1554 3007 cur
1582 2952 1698 3022 ejus

88 3063 371 3127 praecepta
418 3051 779 3123 respuuntur?
817 3051 865 3105 si
911 3047 1136 3103 mendax
1165 3055 1267 3113 est,
1297 3061 1394 3100 cur
1421 3046 1535 3115 ejus
1562 3060 1696 3114 prae-

87 3151 246 3205 dicta
278 3148 616 3216 complentur
641 3145 664 3198 ?
1563 3133 1570 3140 ’

88 3239 330 3296 CAPUT
370 3237 553 3294 XVIII.
582 3267 653 3277 ——
688 3235 1017 3290 Hebraeorum
1059 3231 1196 3286 Deus
1239 3248 1270 3284 a
1311 3230 1558 3284 Romanis
1597 3245 1698 3283 non

373 3343 624 3399 receptus,
655 3329 773 3398 quia
799 3343 852 3380 se
875 3327 1039 3380 solum
1063 3325 1162 3378 coli
1180 3308 1413 3377 voluerit.

160 3425 264 3482 26.
297 3423 597 3485 Postremo,
629 3418 769 3489 quod
797 3419 980 3470 volunt
1009 3415 1076 3469 de
1105 3415 1196 3468 illo
1237 3415 1486 3492 sentiant.
1531 3411 1698 3492 Num-

87 3517 228 3590 quid
257 3514 483 3570 Romani
521 3513 680 3566 etiam
707 3509 876 3564 malos
899 3507 1028 3562 deos
1053 3505 1306 3582 colendos
1332 3520 1436 3559 non
1467 3511 1657 3579 putant
1680 3545 1696 3570 ,

88 3611 190 3682 qui
224 3606 417 3664 Pallori
445 3613 502 3661 et
525 3603 682 3659 Febri
714 3601 831 3655 lana
870 3599 1143 3654 fecerunt?
1169 3598 1258 3678 qui
1286 3605 1339 3651 et
1360 3600 1561 3662 ἀγαθοὺς
1590 3595 1700 3650 dcc-

90 3715 296 3757 monas
340 3696 642 3752 invitandos
681 3697 698 3728 ¹
724 3736 740 3762 ,
782 3702 837 3748 et
874 3698 1041 3752 κακοὺς
1088 3690 1361 3770 daemonas
1413 3686 1700 3758 placandos

93 3793 363 3850 monent?
387 3789 671 3860 Quodlibet
692 3801 819 3857 ergo
847 3784 915 3840 de
955 3783 1046 3838 illo
1080 3781 1408 3847 existiment,
1448 3794 1544 3833 cur
1575 3793 1698 3833 eum

95 3891 280 3945 solum
318 3885 418 3940 sibi
457 3898 555 3939 nec
596 3863 963 3935 advocandum
1005 3890 1104 3932 nec
1149 3872 1541 3944 propitiandum
1581 3885 1702 3928 esse

97 3977 417 4035 duxerunt?
437 3975 568 4042 Quis
592 3981 674 4028 est
700 3971 839 4026 Deus
861 3971 960 4052 iste
983 3967 1067 4022 vel
1091 3967 1159 4021 ita
1182 3965 1414 4049 ignotus,
1438 3972 1496 4019 ut
1515 3963 1568 4018 in
1591 3973 1699 4018 tam

99 4074 292 4128 multis
311 4070 413 4125 diis
433 4068 578 4123 solus
599 4065 772 4120 adhuc
801 4079 906 4119 non
936 4061 1272 4124 inveniatur;
1302 4067 1393 4112 aut
1413 4058 1482 4112 ita
1507 4065 1662 4112 notus
1684 4098 1699 4122 ,

100 4175 166 4221 ut
207 4181 237 4220 a
279 4173 386 4218 tam
425 4161 605 4218 multis
627 4157 934 4234 hominibus
962 4155 1071 4226 jam
1107 4155 1255 4208 solus
1290 4151 1528 4206 colatur?
1563 4149 1702 4204 Nihil

103 4273 241 4330 ergo
276 4265 441 4312 restat
482 4262 538 4309 ut
573 4253 754 4309 dicant
801 4266 899 4306 cur
943 4247 1099 4317 hujus
1144 4247 1238 4301 Dei
1284 4259 1435 4300 sacra
1466 4243 1704 4311 recipere

107 4349 419 4415 noluerint;
468 4347 567 4402 nisi
609 4346 730 4416 quia
761 4344 932 4428 solum
964 4357 1022 4397 se
1047 4341 1150 4396 coli
1181 4339 1427 4407 voluerit,
1458 4339 1580 4393 illos
1611 4352 1704 4392 au-

109 4431 220 4501 tem
248 4443 378 4498 deos
401 4440 670 4505 Gentium,
700 4451 833 4512 quos
850 4419 942 4490 isti
961 4435 1070 4504 jam
1093 4432 1372 4504 colebant,
1396 4421 1506 4512 coli
1526 4429 1708 4504 prohi-

109 4537 310 4593 buerit.
339 4534 443 4590 Sed
475 4532 578 4588 hoc
603 4533 774 4602 ipsum
799 4528 969 4599 magis
993 4527 1062 4582 ab
1085 4527 1164 4581 eis
1192 4512 1573 4595 requirendum
1602 4531 1703 4588 est,

110 4644 405 4705 quemnam
444 4628 525 4708 vel
569 4625 778 4696 qualem
813 4629 998 4693 putent
1030 4635 1154 4676 esse
1192 4620 1348 4674 istum
1379 4619 1584 4702 Deum,
1616 4616 1708 4700 qui

112 4725 351 4782 noluerit
379 4705 480 4777 coli
507 4709 634 4775 deos
657 4718 825 4784 alios,
872 4714 1064 4785 quibus
1104 4711 1188 4766 isti
1232 4711 1428 4789 templa
1460 4719 1514 4791 et
1542 4705 1709 4790 simu-

116 4822 262 4875 lacra
304 4817 573 4884 fecerunt;
622 4795 937 4877 tantumque
977 4791 1246 4884 potuerit,
1275 4812 1335 4857 ut
1366 4802 1482 4884 plus
1509 4799 1711 4882 valeret

117 4918 238 4984 ejus
261 4913 506 4966 voluntas
546 4882 1163 4974 adheorum'simhlacra
1195 4882 1504 4976 evertenda,
1548 4912 1708 4984 quam

119 5006 335 5061 illorum
376 5001 440 5056 ad
467 4990 596 5070 ‘cjus
636 5011 785 5054 sacra
813 5011 917 5050 non
946 4990 1270 5072 recipienda.
1304 4990 1461 5044 Certe
1489 4987 1709 5044 Senten-

123 5099 190 5153 tia
217 5097 356 5152 illius
381 5077 900 5172 corum-philosophi
945 5085 1206 5172 proditur,
1240 5098 1398 5160 quem
1432 5083 1711 5168 sapientis-

123 5173 326 5257 simum
345 5167 905 5262 omniumihmninum
949 5163 1111 5264 etiam
1163 5163 1377 5264 oracqu
1416 5163 1712 5260 fuisse-lir-

125 5271 350 5362 martznt.
387 5263 629 5362 Socratis
652 5263 794 5362 enim
835 5276 1096 5360 sententia
1136 5263 1237 5356 est,
1282 5287 1714 5358 unumquemque

126 5357 406 5460 (ἱειξηξξξο
574 5353 868 5458 oportere,
913 5353 1180 5452 quomodo
1208 5353 1266 5452 se
1295 5367 1408 5440 ipse
1433 5353 1715 5423 colendum

129 5451 251 5556 esse.
277 5449 621 5568 ’ρὲἐὲςρρέὶὶἑο
657 5449 883 5553 ante
905 5449 1018 5552 ῖξῑίξ
1034 5449 1240 5547 suum
1263 5462 1551 5566 accusites
1577 5460 1715 5516 facta

130 5573 213 5620 est
231 5541 263 5619 ἦ
281 5578 336 5646 xi
359 5535 1176 5646 ;
1205 5535 1327 5636 quia
1353 5555 1396 5639 si
1423 5554 1527 5638 alio
1558 5553 1717 5636 modp

134 5672 256 5712 eum
284 5635 463 5730 colere
487 5633 708 5740 vellent,
727 5633 890 5738 quam
919 5666 979 5732 se
1007 5633 1290 5734 colendum
1315 5633 1713 5736 ipse'disis'set,

1589 5765 1719 5834 ειυοα

1484 338 1688 400 LIBER
1727 338 1888 396 PilIM
1896 343 1998 400 US.

3259 360 3398 424 I05!

1813 478 1915 518 non
1942 465 2121 536 utique
2151 466 2297 522 illum
2325 467 2582 537 colerent,
2624 473 2716 528 sed
2754 473 2894 546 quod
2939 474 3038 547 Ipsi
3078 476 3396 541 ﬂnxissent:

1811 554 2055 610 siautem
2079 557 2168 611 illo
2191 559 2350 613 modo
2381 561 2575 616 vellent
2607 579 2712 633 quo
2753 559 2865 636 ipse
2894 551 3117 633 diceret,
3140 571 3274 625 alios
3294 551 3395 630 sibi

1809 649 2061 705 colendos
2094 667 2197 705 non
2229 669 2348 708 esse
2374 656 2681 721 cernebant,
2713 644 2846 728 quos
2887 661 2974 716 ille
3005 644 3118 716 coli.
3148 644 3399 732 prohibe;

1810 743 1917 799 bat.
1944 747 2021 801 Ac
2047 763 2142 816 per
2169 747 2269 802 hoc
2290 761 2605 819 respucrnnt
2628 737 2781 809 unius
2805 755 2916 810 veri
2947 756 3036 811 Dei
3067 757 3267 813 cultum
3290 802 3303 822 ,
3331 776 3399 816 ne

1808 835 2004 908 multos
2044 836 2204 891 falsos
2232 838 2593 906 ollenderent;
2629 846 2794 914 magis
2822 831 3140 902 arbitrantes
3171 850 3269 904 sibi
3304 851 3400 905 ob-

1808 925 2041 982 futuram
2070 929 2231 986 fuisse
2267 932 2489 988 istorum
2522 935 2866 1012 iracundiam,
2893 956 3050 1012 quam
3074 941 3217 997 illius
3240 944 3400 1000 bene-

1808 1019 2098 1074 volentiam
2130 1022 2478 1091 prol'uturam.
2856 1011 2860 1012 ί
2953 1012 2956 1014 ’
3162 1011 3178 1019 ”
3213 1013 3216 1016 ’
3243 1013 3248 1016 ’
3331 1012 3340 1020 ’
3371 1013 3374 1016 ’

2023 1115 2248 1172 CAPUT
2287 1117 2430 1172 XIX.
2460 1150 2525 1159 -—
2560 1119 2707 1193 Hunc
2730 1139 2834 1177 esse
2852 1140 3020 1178 verum
3046 1125 3225 1181 Deum.

1879 1205 1968 1260 2'7.
2002 1207 2106 1263 Sed
2152 1207 2307 1264 fuerit
2356 1212 2451 1265 ista
2480 1228 2612 1267 vana
2644 1215 2953 1282 necessitas,
2986 1227 3039 1271 et
3078 1218 3296 1273 ridenda
3331 1221 3398 1274 ti-

1808 1297 2024 1354 miditas
2064 1316 2077 1351 :
2122 1317 2262 1356 nunc
2288 1303 2576 1372 quaerimus
2605 1305 2730 1374 quid
2765 1306 2830 1361 de
2870 1308 2972 1361 isto
3016 1310 3124 1364 Deo
3168 1312 3398 1376 sentiant

1811 1389 2074 1457 homines,
2100 1393 2291 1462 quibus
2319 1394 2494 1463 placet
2530 1411 2716 1468 omnes
2746 1397 2876 1468 deos
2901 1400 3152 1462 colendos
3173 1416 3311 1456 esse.
3338 1402 3396 1458 Si

1808 1482 1951 1536 enim
1976 1483 2075 1538 iste
2099 1481 2352 1558 colendus
2377 1503 2479 1540 non
2505 1498 2606 1555 est,
2631 1491 2898 1559 quomodo
2919 1493 3166 1567 coluntur
3185 1509 3392 1560 omnes,

1809 1591 1931 1630 cum
1980 1576 2080 1631 iste
2123 1592 2228 1631 non
2271 1578 2494 1634 colitur?
2544 1582 2588 1635 si
2625 1591 2800 1636 autem
2831 1584 3087 1638 colendus
3127 1595 3240 1654 est,
3285 1601 3391 1642 non

1806 1683 1996 1723 omnes
2020 1670 2226 1725 colendi
2252 1683 2401 1736 sunt;
2433 1666 2553 1742 quia
2581 1675 2679 1730 nisi
2710 1676 2854 1730 solus
2882 1678 3114 1748 colatur,
3159 1679 3259 1740 iste
3286 1697 3391 1738 non

1807 1760 2016 1814 colitur.
2049 1762 2127 1814 An
2161 1761 2297 1816 forte
2321 1755 2516 1818 dicturi
2550 1777 2669 1820 sunt
2713 1766 2869 1821 istum
2900 1784 3003 1822 non
3037 1750 3155 1823 esse
3183 1771 3346 1825 Deum
3378 1814 3393 1840 ,

1806 1864 1926 1905 cum
1955 1851 2077 1906 illos
2102 1851 2232 1907 deos
2257 1853 2451 1918 dicant,
2487 1857 2596 1926 qui,
2630 1857 2761 1911 sicut
2794 1872 2890 1911 nos
2926 1860 3192 1914 credimus
3216 1901 3231 1926 ,
3263 1851 3395 1915 nihil

1806 1953 2070 2013 possunt,
2124 1946 2227 2001 nisi
2267 1948 2407 2023 quod
2452 1939 2815 2020 illius-judicio
2846 1932 3255 2024 permittuntur;
3287 1931 3392 2010 non

1807 2047 1865 2092 ut
1889 2039 2044 2094 alicui
2079 2041 2302 2109 prosint,
2331 2042 2422 2096 sed
2455 2051 2509 2097 ut
2541 2059 2639 2098 nec
2665 2025 2862 2100 lzcderc
2900 2047 3127 2121 valeant,
3171 2023 3277 2100 nisi
3305 2063 3397 2110 eos

1807 2145 1941 2199 quos
1968 2130 2035 2184 ita
2067 2131 2336 2188 laedendos
2365 2149 2484 2204 esse
2517 2136 2604 2189 ille
2626 2135 2848 2227 judicat,
2877 2118 2964 2220 qui
2989 2125 3163 2214 omnia
3187 2118 3397 2228 potest?

1807 2223 1957 2279 Sicut
2002 2235 2178 2280 autem
2226 2228 2324 2297 ipsi
2350 2212 2816 2298 coguntur‘fateri,
2848 2213 3051 2310 minora
3067 2212 3218 2286 certe
3239 2212 3396 2310 quam

1806 2315 1897 2370 ille
1929 2311 2252 2384 potuerunt.‘
2273 2319 2326 2372 Si
2363 2320 2504 2372 enim
2535 2319 2604 2389 dii
2636 2330 2778 2384 sunt,
2811 2337 3034 2392 quorum
3078 2333 3225 2392 vates
3266 2340 3396 2384 con-

1808 2401 1935 2464 sulti
1955 2409 2022 2463 ab
2051 2409 2372 2488 hominibus,
2398 2421 2454 2466 ttt
2482 2428 2586 2467 non
2613 2413 2784 2488 dicam
2816 2391 3140 2492 fefellerunt,
3158 2393 3396 2492 proxima

1811 2508 1986 2554 tamen
2017 2501 2233 2569 privatis
2262 2503 2487 2572 negotiis
2523 2505 2947 2578 responderunt;
2988 2507 3255 2577 quomodo
3293 2523 3397 2562 non

1805 2600 1891 2646 est
1919 2592 2079 2682 Deus,
2106 2593 2257 2679 cujus
2286 2602 2435 2664 vates
2477 2610 2582 2650 non
2619 2596 2793 2652 solum
2827 2613 2889 2652 ea
2924 2614 3042 2682 qqze
3081 2599 3147 2677 ad
3188 2607 3397 2672 tempus

1807 2681 2226 2736 consulebantur
2258 2699 2491 2754 congrue
2532 2681 2954 2757 responderunt,
3005 2704 3187 2746 verum
3237 2689 3394 2744 etiam

1808 2774 1953 2828 unde
1991 2791 2095 2828 non
2134 2778 2548 2832 consulebantur
2586 2778 2652 2848 de
2692 2761 2952 2843 universo
2976 2761 3179 2868 genere
3212 2765 3399 2856 huma;

1808 2881 1899 2933 no,
1924 2877 2079 2935 atque
2100 2868 2344 2922 omnibus
2368 2871 2612 2939 gentibus
2632 2886 2691 2924 ea
2712 2879 2857 2944 tanto
2873 2880 2996 2948 ante
3019 2871 3396 2964 prgrdizterunt,

1807 2975 1926 3028 qua:
1948 2976 2088 3034 nunc
2105 2971 2158 3015 ct
2182 2962 2406 3031 legimus
2428 2972 2482 3016 et
2502 2963 2780 3041 videmus?
2798 2963 2852 3018 Si
2883 2962 3047 3020 Deum
3071 2965 3268 3030 dicunt,
3295 2982 3399 3036 quo

1806 3049 2024 3121 impleta
2071 3051 2270 3122 Sibylla
2305 3054 2406 3106 fata
2441 3054 2456 3085 ¹
2484 3055 2675 3108 cecinit
2704 3054 3102 3130 Romanorum;
3134 3057 3398 3130 quomodo

1807 3157 1913 3196 non
1954 3151 2037 3197 est
2081 3143 2237 3209 Deus,
2274 3147 2361 3214 qui
2389 3152 2444 3198 et
2467 3144 2736 3199 Romanos
2774 3127 3043 3220 etomnes
3071 3125 3311 3220 nationes
3345 3149 3399 3220 in

1807 3249 1866 3289 se
1894 3251 2062 3290 unmn
2094 3236 2258 3289 Deum
2291 3251 2387 3305 per
2414 3235 2612 3306 Christi
2637 3214 3318 3306 Evangelium'credituras,
3343 3215 3398 3295 et

1807 3328 1986 3382 omnia
2034 3335 2245 3402 patrum
2281 3321 2499 3380 suorum
2554 3315 2836 3382 simulacra
2891 3310 3220 3402 eversuros,"
3263 3310 3400 3402 sicut

1808 3416 2213 3487 prmnuntiavit,
2249 3415 2528 3470 exhibuit?
2556 3417 2855 3483 Postremo,
2904 3402 2946 3473 si
2992 3400 3109 3475 illos
3155 3399 3283 3475 deos
3317 3399 3396 3474 di?

1807 3517 1955 3573 cunt,
1985 3508 2073 3578 qui
2118 3522 2388 3584 nunquam
2430 3508 2543 3561 ausi
2592 3517 2714 3562 sunt
2757 3523 2852 3577 per
2879 3517 3024 3564 vates
3049 3524 3173 3574 suos
3212 3490 3395 3584 contra

1809 3601 1970 3656 istum
2005 3583 2172 3656 Deum
2211 3600 2411 3675 aliquid
2454 3599 2665 3664 dicere;
2715 3601 2982 3670 quomodo
3011 3617 3115 3680 non
3150 3583 3231 3672 est
3255 3602 3395 3656 Deus

1808 3696 1898 3764 qui
1943 3709 2040 3765 per
2085 3700 2236 3748 vates
2277 3706 2404 3746 suos
2460 3691 2684 3746 istorum
2739 3691 3021 3746 simulacra
3071 3707 3176 3745 non
3226 3692 3394 3746 solum

1809 3788 1978 3843 everti
2003 3787 2161 3856 jussit
2180 3827 2194 3852 ,
2224 3800 2410 3866 verum
2434 3784 2595 3840 etiam
2624 3785 2674 3839 in
2697 3785 2942 3839 omnibus
2965 3783 3222 3839 Gentibus
3243 3767 3400 3839 ever-

1810 3897 1927 3936 sum
1983 3880 2046 3934 iri
2092 3879 2334 3958 przcdixit
2371 3877 2438 3932 ab
2480 3877 2559 3932 eis
2595 3878 2686 3949 qui
2726 3876 2829 3955 illis
2863 3876 3087 3946 desertis
3132 3891 3190 3954 se
3234 3891 3394 3948 unum

1810 3975 1988 4028 colere
2012 3953 2345 4041 juberentur,
2373 3977 2426 4025 et
2445 3967 2578 4040 jussi
2611 3953 3032 4023 famularentur?
3152 3953 3156 3954 ί
3251 3953 3254 3956 ’

1810 4065 2036 4122 CAPUT
2075 4063 2193 4119 XX.
2214 4095 2282 4104 —
2302 4057 2491 4140 Contra
2521 4061 2686 4142 Deum
2732 4061 3056 4138 Hebraeorum
3085 4059 3212 4142 nihil
3239 4076 3271 4113 a
3293 4057 3398 4114 Pa-

2049 4174 2294 4232 ganoruni
2325 4136 2516 4230 ratibus
2529 4136 2537 4142 λ
2552 4136 2849 4232 prmdictum
2874 4136 3158 4224 ieperilrur.
3199 4136 3206 4142 ’

1880 4251 1972 4307 28.
2002 4249 2107 4305 Ant
2129 4251 2323 4320 legant,
2354 4249 2396 4304 si
2424 4241 2667 4319 possunt,
2700 4248 2778 4300 vel
2801 4247 3028 4316 aliquam
3055 4245 3393 4316 Sibyllarum,

1813 4346 1896 4401 vel
1926 4334 2215 4415 quemlibet
2242 4328 2467 4396 aliorum
2499 4351 2678 4406 vatum
2709 4353 2926 4394 suorum
2957 4336 3265 4414 praedixisse
3296 4335 3397 4415 hoc

1814 4426 2071 4503 futurum,
2098 4445 2155 4488 ut
2176 4436 2315 4489 Deus
2338 4433 2680 4487 Ilcbrzeorum
2708 4431 2849 4506 Deus
2879 4427 3039 4483 Israel
3064 4427 3130 4482 ab
3148 4413 3400 4483 omnibus

1813 4516 2067 4601 gentibus
2091 4527 2385 4588 coleretur,
2439 4532 2493 4578 et
2546 4522 2688 4594 quod
2733 4536 2852 4602 eum
2888 4507 3130 4575 cultores
3176 4520 3399 4574 aliorum

1814 4599 2037 4678 deorum
2065 4628 2211 4675 recte
2237 4606 2391 4672 antea
2418 4616 2777 4688 respuissent;
2803 4599 3002 4668 futuras
3023 4599 3179 4690 etiam
3199 4613 3400 4669 litteras

1817 4715 2203 4785 PrOphetarum
2250 4711 2365 4781 ejus
2404 4711 2454 4764 in
2484 4701 2798 4784 auctoritate
2830 4708 2899 4761 ita
2928 4706 3138 4761 sublimi
3169 4707 3210 4774 ³,
3241 4715 3296 4760 ut
3321 4705 3404 4761 his

1817 4784 2191 4877 obtemperans
2218 4793 2375 4859 etiam
2403 4803 2681 4873 imperium
2704 4784 3066 4856 Romanorum
3085 4799 3292 4868 jubet-et
3313 4799 3404 4852 (lc-

1819 4901 1918 4958 leri
1950 4885 2265 4978 simulacra;
2301 4883 2573 4980 monuisse
2598 4897 2758 4977 etiam
2800 4910 2869 4951 ne
2900 4879 3100 4974 talibus
3125 4877 3404 4974 praeceptis

1821 4975 2278 5064 obtemperaretur
2303 4975 2330 5045 ἶ
2355 4991 2534 5066 legant
2555 4975 2676 5055 ista,
2708 4988 2751 5042 si
2775 4994 3014 5066 possunt,
3049 5001 3110 5066 es
3138 4983 3401 5066 aliquibus

1820 5075 1969 5143 libris
1997 5073 2175 5166 vatum
2221 5065 2460 5166 suorum.
2516 5081 2716 5162 omitto
2763 5079 2904 5161 enim
2951 5073 3297 5164 dicereqpid
3341 5089 3403 5127 ea

1821 5165 1940 5252 qua:
2052 5157 2437 5259 illorum'libr‘is
2467 5156 2711 5251 leguntur
2733 5213 2748 5250 ,
2769 5156 3114 5256 pro-nostra,
3151 5156 3249 5223 hoc
3287 5177 3368 5249 est
3388 5209 3402 5232 ,

1823 5250 2109 5328 christiana
2134 5250 2796 5348 religione'rtes'timonium
2822 5250 3037 5326 dicunt,
3060 5250 3198 5332 quod
3226 5276 3254 5314 a
3283 5275 3406 5314 san-

1824 5353 1924 5431 ctis
1958 5350 2171 5440 Angelis
2193 5408 2206 5431 ,
2234 5375 2288 5419 et
2313 5342 2381 5440 ab
2407 5343 2534 5431 ipsis
2561 5342 2755 5440 nostris
2783 5357 3060 5438 Pmpbetis
3092 5355 3273 5436 audire
3304 5369 3394 5430 po-

1826 5443 2074 5518 tuerunth
2107 5459 2244 5512 sicut
2269 5443 2327 5509 et
2349 5435 2665 5525 praesentem
2694 5434 2747 5504 in
2772 5434 2933 5504 carne
2957 5434 3223 5503 Christum
3244 5434 3404 5502 etiam

1825 5553 2084 5613 dremonia
2106 5557 2286 5603 coacta
2314 5555 2436 5602 sunt
2464 5543 2726 5598 conﬁteri.
2754 5541 2859 5624 Sed
2888 5542 3001 5620 huic
3025 5541 3241 5623 prnitto,
3287 5555 3406 5610 qtue

1827 5662 1946 5714 cum
2002 5640 2352 5714 proferimUS.
2406 5651 2436 5692 a
2485 5636 2680 5698 nostris
2724 5623 2991 5698 ﬁctaesse
3040 5623 3401 5700 contendunt:

1893 5765 1908 5795 ί
1936 5769 1985 5812 In
2006 5766 2196 5823 septem
2219 5766 2347 5824 Mss,
2371 5759 2514 5824 [actm

1892 5827 1913 5858 ³
1936 5833 2030 5876 sex
2055 5818 2180 5884 ὡδί,
2202 5818 2772 5884 futuruiit...'subliman.
