3878 6302
1964 179 1988 187 ,ε
2015 166 2099 185 ,σόα
2112 170 2210 190 ην..-

524 289 666 350 1085

522 409 625 481 ipsi
652 408 889 477 omnino,
913 408 1015 481 ipsi
1040 407 1262 483 urgendi
1283 419 1441 477 sunt,
1465 419 1524 466 ut
1547 409 1816 482 proferant
1842 425 1874 465 a
1894 408 2106 464 vatibus

522 501 747 558 deorum
790 517 1008 558 suorum
1068 511 1253 559 contra
1301 503 1467 559 Deum
1516 503 1861 559 Hebrrcorum
1910 502 2108 573 aliquid

522 595 934 667 prophetatum;
962 597 1101 653 sicut
1133 612 1234 653 nos
1256 607 1333 652 tot
1358 605 1412 653 et
1439 606 1582 653 tanta
1603 597 1670 653 de
1694 598 1841 653 libris
1869 597 2110 668 Prophe-

522 697 699 743 tarum
742 698 1046 745 nostrorum
1075 698 1260 746 contra
1288 689 1419 746 deos
1443 706 1629 747 eorum
1656 698 1711 746 et
1746 692 1894 761 jussa
1925 691 2111 746 obser-

505 756 710 835 vamus
730 821 745 844 ,
777 787 833 835 et
858 781 1110 851 prtedicta
1138 781 1423 837 reeitamus
1443 824 1457 849 ,
1486 791 1540 837 et
1563 780 1700 838 facta
1728 790 2105 837 monstramus.

521 871 651 939 Quae
675 872 752 927 illi
772 872 882 942 jam
905 872 1153 943 perpauci
1173 874 1261 945 qui
1284 882 1675 941 remanserunt,
1700 874 1905 929 malunt
1923 873 2110 931 dolere

521 963 821 1034 completa,
852 978 1011 1035 quam
1057 965 1204 1020 illum
1248 965 1412 1021 Deum
1458 979 1783 1037 agnoscere,
1811 967 1902 1038 qui
1938 968 2108 1038 potuit

522 1057 879 1128 prmnuntiare
899 1056 1210 1128 complenda
1243 1078 1256 1113 :
1288 1073 1408 1113 cum
1435 1058 1488 1113 in
1511 1058 1621 1114 suis
1642 1058 1746 1113 diis
1766 1058 1942 1126 falsis,
1987 1075 2107 1131 qum

521 1158 646 1204 sunt
670 1164 793 1205 vera
820 1149 1109 1217 daemonia,
1143 1151 1273 1205 nihil
1299 1150 1442 1206 aliud
1481 1166 1579 1222 pro
1605 1165 1797 1221 magno
1818 1161 2102 1222 appetant,

519 1257 677 1313 quam
699 1258 820 1299 cum
846 1243 1043 1316 aliquid
1074 1259 1258 1299 eorum
1285 1244 1557 1315 reSponsis
1583 1243 1684 1300 sibi
1711 1243 1945 1300 futurum
1987 1259 2108 1301 esse

518 1333 817 1390 didicerint.

516 1422 744 1480 CAPUT
781 1424 1137 1482 XXI.-—Hic
1191 1428 1330 1483 solus
1376 1426 1515 1483 Deus
1551 1429 1828 1496 colendus,
1862 1430 1950 1500 qui
1990 1446 2105 1485 cum

626 1516 753 1572 alios
772 1517 871 1571 coli
894 1518 1153 1588 prohibeat
1170 1561 1184 1585 ,
1216 1520 1314 1574 coli
1336 1536 1437 1576 non
1463 1521 1753 1591 prohibetur
1773 1524 1835 1576 ab
1858 1523 1995 1578 aliis.

589 1608 679 1665 29.
721 1608 851 1676 Qua:
874 1625 994 1665 cum
1018 1612 1089 1666 ita
1111 1612 1248 1679 sint,
1281 1628 1379 1669 cur
1407 1628 1513 1668 non
1534 1614 1709 1685 potius
1734 1614 1917 1671 miseri
1943 1615 2106 1672 intel-

519 1700 688 1771 ligunt
712 1701 858 1757 illum
879 1718 999 1760 esse
1020 1704 1188 1761 Deum
1209 1721 1417 1772 verum,
1444 1723 1603 1778 quem
1627 1708 1704 1764 sic
1727 1708 1907 1765 vident
1926 1723 1956 1763 a
1980 1724 2106 1765 suo-

516 1807 634 1846 rum
656 1792 875 1849 deorum
901 1795 1155 1854 societate
1188 1798 1487 1868 sejunctum
1507 1841 1523 1866 ,
1553 1808 1611 1855 ut
1637 1815 1795 1871 quem
1823 1800 1991 1856 Deum
2025 1800 2102 1855 fa-

516 1885 616 1942 teri
628 1897 905 1958 coguntur,
924 1890 1012 1961 qui
1024 1905 1212 1947 omnes
1222 1890 1351 1947 deos
1364 1891 1616 1947 colendos
1627 1906 1747 1949 esse
1757 1892 2101 1963 profitentur,

514 1991 637 2033 cum
673 1980 882 2035 caeteris
919 1981 1099 2043 colere
1139 1998 1246 2038 non
1289 1983 1569 2039 sinuntur?
1613 1983 1746 2039 Cum
1775 2000 1902 2057 ergo
1945 1986 2102 2042 simul

514 2070 617 2124 coli
654 2086 759 2126 non
785 2073 1023 2142 possint,
1066 2087 1163 2128 cur
1198 2088 1303 2130 non
1332 2073 1423 2130 ille
1448 2074 1691 2145 eligitur,
1722 2078 1812 2147 qui
1838 2078 1968 2135 istos
1998 2079 2102 2136 coli

514 2171 689 2231 vetat,
731 2164 929 2219 relictis
954 2165 1067 2220 istis
1096 2165 1186 2236 qui
1213 2166 1360 2221 illum
1401 2167 1506 2222 coli
1533 2182 1638 2224 non
1676 2170 1891 2226 vetant?
1919 2171 2027 2226 Ant
2053 2172 2100 2228 si

516 2261 724 2320 vetant,
765 2254 987 2325 legatur.
1029 2256 1165 2325 Quid
1204 2259 1347 2314 enim
1374 2261 1543 2331 magis
1572 2261 1781 2332 populis
1824 2278 2009 2319 eorum
2046 2266 2100 2319 in

516 2344 727 2416 templis
751 2359 935 2401 eorum
963 2346 1143 2404 debuit
1170 2350 1415 2417 recitari,
1459 2351 1547 2407 ubi
1571 2351 1701 2407 nihil
1737 2369 1970 2424 unquam
1996 2356 2102 2412 tale

515 2436 825 2506 personuit?
851 2436 917 2492 Et
944 2438 1123 2509 utique
1151 2440 1435 2509 prohibitio
1462 2452 1568 2497 tam
1593 2444 1885 2500 multorum
1914 2455 2101 2501 contra

517 2541 708 2595 unum,
739 2543 897 2598 quam
930 2530 1085 2585 unius
1121 2539 1305 2587 contra
1336 2541 1441 2588 tam
1467 2534 1666 2589 multos
1685 2576 1699 2601 ,
1728 2540 1906 2591 notior
1923 2545 1981 2592 et
2004 2551 2101 2607 po—

514 2619 709 2675 tentior
739 2620 755 2651 ¹
787 2635 906 2677 esse
925 2620 1161 2678 deberet.
1183 2623 1311 2680 Nam
1334 2626 1379 2681 si
1401 2627 1558 2697 hujus
1580 2629 1672 2685 Dei
1703 2630 1877 2685 cultus
1899 2639 1983 2686 est
2002 2630 2102 2686 im-

514 2710 663 2780 pius,
697 2710 909 2767 inutiles
947 2722 1072 2769 sunt
1093 2714 1201 2782 dii,
1229 2716 1317 2786 qui
1342 2717 1585 2775 homines
1604 2719 1673 2776 ab
1694 2722 1966 2791 impietate
1986 2737 2096 2779 non

512 2800 794 2871 prohibent
818 2820 832 2857 :
865 2803 912 2858 si
939 2819 1067 2861 vero
1095 2807 1212 2878 pius
1236 2820 1319 2864 est
1339 2809 1497 2881 hujus
1516 2812 1720 2881 cultus,
1749 2815 2001 2884 quoniam
2042 2817 2097 2872 in

512 2891 602 2947 illo
621 2894 928 2964 praecipitur
953 2910 1021 2951 ne
1048 2897 1134 2953 isti
1172 2901 1439 2969 colantur,
1470 2904 1663 2974 impius
1681 2915 1764 2961 est
1791 2908 1968 2963 cultus
1997 2923 2095 2965 eo-

510 2996 649 3037 rum.
677 2983 732 3038 Si
767 2994 945 3041 autem
975 2995 1082 3043 tam
1124 2988 1429 3049 diffidenter
1455 2994 1614 3049 istum
1639 2996 1745 3051 coll
1772 2998 2092 3070 prohibent,

511 3082 570 3128 ut
586 3074 707 3142 plus
726 3076 895 3131 audiri
918 3079 1141 3134 timeant
1157 3082 1198 3147 ³,
1218 3097 1377 3151 quam
1405 3084 1691 3154 prohibere
1706 3088 1966 3159 audeant;
1995 3091 2097 3148 hoc

509 3164 628 3233 ipso
653 3165 775 3235 quis
789 3180 895 3222 non
924 3170 1129 3240 sapiat,
1152 3171 1271 3240 quis
1300 3187 1406 3227 non
1432 3179 1661 3242 sentiat,
1684 3177 1832 3233 illum
1852 3194 1971 3236 esse
1995 3196 2095 3251 po-

510 3257 615 3313 tius
644 3258 974 3329 eligendum,
1002 3264 1091 3334 qui
1135 3263 1266 3320 istos
1302 3267 1404 3321 coli
1436 3276 1541 3323 tam
1575 3270 1789 3340 publice
1822 3273 2092 3343 prohibet,

509 3348 599 3419 qui
618 3364 804 3406 eorum
826 3351 1108 3410 simulacra
1133 3357 1300 3412 everti
1324 3359 1518 3428 jussit,
1551 3362 1829 3432 prmdixit,
1872 3366 2091 3436 evertit,

506 3456 667 3511 quam
706 3442 836 3500 istos
858 3486 874 3513 ,
902 3460 1034 3516 quos
1055 3457 1114 3502 ut
1134 3448 1223 3504 ille
1252 3464 1358 3506 non
1386 3452 1625 3520 colatur,
1667 3455 1893 3525 jussisse
1917 3460 2094 3514 nesei-

507 3548 659 3603 mus,
700 3537 1010 3606 praedixisse
1052 3555 1160 3597 non
1192 3541 1445 3613 legimus,
1495 3547 1725 3603 valuisse
1754 3549 1950 3620 aliquid
1983 3567 2089 3609 non

506 3626 787 3683 videmus?
815 3628 991 3701 Rogo,
1016 3633 1404 3704 respondeant;
1436 3638 1555 3708 quis
1574 3648 1657 3694 est
1683 3640 1824 3697 Deus
1849 3642 1969 3712 iste,
1998 3646 2092 3715 qui

505 3733 694 3775 omnes
719 3721 857 3777 Deos
888 3721 1137 3780 Gentium
1162 3727 1239 3782 sic
1277 3730 1613 3800 persequitur
1630 3772 1647 3795 ,
1676 3733 1767 3803 qui
1794 3735 1971 3790 omnia
1994 3751 2090 3792 eo-

505 3826 626 3866 rum
654 3827 805 3868 sacra
827 3815 905 3869 sic
930 3816 1135 3886 prodit,
1164 3818 1243 3873 sic
1267 3821 1594 3891 exstinguit?

575 3903 801 3960 CAPUT
840 3905 1091 3962 XXll.-—
1111 3909 1297 3979 Opinio
1328 3911 1563 3969 Gentium
1599 3916 1663 3971 de
1690 3916 1798 3973 Deo
1823 3930 2015 3977 nostra.

576 3993 665 4049 30.
706 3994 841 4063 Quid
865 3998 1183 4070 interrogem
1211 4001 1454 4059 homines
1473 4007 1562 4076 qui
1587 4023 1919 4067 evanuerunt
1944 4016 2090 4086 cogi-

505 4083 665 4141 tando
690 4087 808 4158 quis
835 4089 934 4145 iste
958 4092 1065 4146 sit?
1088 4091 1193 4147 Alii
1231 4093 1447 4164 dicunt,
1483 4096 1745 4158 Saturnus
1767 4114 1847 4159 est
1881 4122 1892 4157 :
1925 4083 2088 4161 credo

505 4188 724 4248 propter
747 4180 951 4237 sabbati
984 4185 1487 4257 sanetiﬁcationem,
1518 4191 1643 4262 quia
1674 4192 1763 4249 isti
1794 4209 1916 4250 eum
1940 4196 2083 4252 diem

504 4266 735 4325 Saturno
765 4272 1080 4331 tribuerunt.
1123 4275 1292 4333 Varro
1331 4288 1510 4337 autem
1538 4281 1773 4352 ipsorum
1794 4327 1809 4353 ,
1851 4301 1959 4358 quo
1988 4287 2084 4344 do-

500 4361 722 4416 ctiorem
741 4363 878 4433 apud
897 4379 954 4420 se
972 4366 1235 4423 neminem
1253 4368 1547 4438 inveniunt,
1580 4373 1744 4430 Deum
1772 4376 2082 4436 Judaeorum

500 4452 683 4509 Jovem
736 4458 967 4526 putavit,
1016 4459 1149 4514 nihil
1180 4461 1437 4519 interesse
1477 4479 1702 4524 censeas
1728 4484 1836 4540 quo
1864 4474 2082 4530 nomine

499 4557 852 4617 nuncupatur,
882 4550 1006 4607 dum
1032 4553 1219 4610 eadem
1248 4570 1336 4611 res
1358 4557 1720 4631 intelligatur:
1749 4566 1910 4621 credo
1937 4568 2081 4626 illius

498 4638 802 4695 summitate
829 4640 1132 4700 deterritus.
1162 4646 1290 4702 Nam
1316 4650 1437 4719 quia
1474 4650 1603 4707 nihil
1634 4656 1877 4724 superius
1904 4659 2081 4716 solent

497 4730 676 4786 colere
702 4730 924 4789 Romani
952 4752 1109 4806 quam
1137 4739 1352 4807 Jovem,
1381 4743 1523 4813 quod
1551 4745 1866 4817 Capitolium
1892 4767 2077 4810 eorum

496 4822 626 4877 satis
649 4832 935 4895 aperteque
954 4837 1196 4898 testatur,
1227 4848 1458 4907 eumque
1482 4851 1660 4908 regem
1682 4842 1921 4898 omnium
1948 4845 2077 4901 deo-

496 4927 611 4967 rum
638 4914 992 4983 arbitrantur;
1040 4934 1160 4975 cnm
1188 4923 1637 4983 animadverteret
1683 4930 1896 4989 Judacos
1926 4949 2074 4993 sum-

441 4992 451 5007 “
494 5018 639 5058 mum
670 5005 833 5061 Deum
859 5007 1061 5075 colere,
1094 5011 1222 5065 nihil
1249 5013 1390 5068 aliud
1418 5016 1589 5085 potuit
1615 5022 1873 5090 suspicari
1914 5040 2074 5095 quam

490 5095 696 5153 Jovem.
724 5097 829 5155 Sed
852 5099 964 5157 sive
989 5104 1076 5173 qui
1104 5102 1387 5160 Saturnum
1405 5148 1420 5173 ,
1451 5108 1564 5164 sive
1590 5112 1678 5181 qui
1699 5112 1884 5171 Jovem
1906 5116 2076 5176 Deum

489 5189 795 5246 Judzeorum
818 5202 1035 5262 putant,
1065 5195 1236 5251 dicant
1262 5199 1474 5267 quando
1496 5199 1761 5259 Saturnus
1791 5208 2075 5276 prohibere

489 5298 651 5338 ausus
678 5293 761 5340 est
783 5286 887 5340 coli
916 5288 1140 5344 alterum
1173 5289 1336 5347 Deum
1361 5309 1375 5358 ;
1403 5308 1503 5349 nec
1533 5294 1704 5366 ipsum
1732 5297 1918 5355 Jovem
1936 5343 1951 5366 ,
1981 5306 2070 5373 qui

488 5391 610 5431 cum
659 5392 824 5448 regno
852 5380 1120 5450 expulisse
1162 5384 1491 5454 perhibetur,
1546 5399 1751 5459 patrem
1784 5390 1940 5450 ﬁlius.
1969 5394 2069 5463 Qui

598 5473 627 5491 θ

551 5556 569 5631 ἶ
593 5561 706 5631 ἕξὲ
726 5557 1153 5631 summatim:

547 5615 728 5690 inditi,
746 5615 931 5670 'audére
948 5615 1161 5690 timeam.
1182 5624 1272 5673 Sed
1296 5627 1462 5677 verius
1482 5632 1610 5690 Mss,
1633 5630 1802 5682 audiri
1830 5633 2023 5687 timeant
2049 5650 2069 5689 :

482 5674 669 5758 adliget
689 5674 936 5758 daemones
959 5688 1252 5758 verebantur
1275 5698 1339 5758 ne
1351 5674 2069 5758 néis‘i'e'r'usi,"s"{}».}d§"c'ii'tﬁni

482 5738 819 5803 prohiberent,
838 5755 928 5804 per
951 5756 1037 5794 eos
1057 5746 1185 5807 ipsos
1206 5738 1552 5805 innotesceret.

1323 291 1414 350 ne
1452 290 1801 351 consensu
1837 289 2492 368 EVANGELISTARUM,
2532 298 2589 358 s.
2626 300 2994 363 AUGUSTINI
3269 280 3329 373 ii.
3443 364 3448 368 .
3634 323 3729 387 ωδε

3792 70 3812 429 Ὺ

2217 412 2262 467 si
2286 422 2535 487 tanquam
2560 422 2829 489 potentior
2856 433 2910 480 et
2936 425 3107 482 victor
3128 428 3328 500 placuit
3349 435 3613 498 cultoribus
3633 447 3726 517 suis,

2216 506 2503 567 Saturnum
2531 513 2728 571 vietum
2779 520 3165 593 expulsumque
3210 541 3319 583 non
3345 530 3528 588 colant.
3552 532 3637 593 Sed
3807 548 3812 581 ι

2216 615 2320 671 que
2348 602 2507 659 istum
2534 606 2635 662 coli
2675 607 2821 664 Jovis
2852 611 3151 681 prohibuit;
3182 625 3241 672 et
3264 634 3420 689 quem
3447 625 3630 684 vincere
3658 648 3725 703 po-

2218 692 2315 747 tuit
2332 734 2347 756 .
2378 694 2536 750 deum
2561 706 2735 755 tamen
2761 715 2880 757 esse
2905 706 3162 773 permisit.

2285 972 2374 1028 51.
2417 971 2536 1031 ἰδίω
2559 1017 2574 1042 ,
2608 977 2883 1049 inquiunt,
2907 982 3099 1040 fabula:
3122 997 3247 1043 sunt
3271 999 3364 1045 aut
3389 992 3725 1065 interpretanda

2213 1078 2246 1119 a
2273 1066 2633 1137 sapientibus,
2662 1080 2755 1127 aut
2778 1073 3016 1132 ridenda:
3046 1094 3058 1134 :
3088 1093 3187 1135 nos
3227 1089 3407 1138 autem
3443 1084 3606 1144 Jovem
3630 1092 3724 1147 coli-
3810 1090 3811 1139 ἓ

2214 1168 2361 1223 mus,
2390 1155 2458 1213 de
2483 1173 2588 1231 quo
2609 1160 2685 1216 ait
2715 1162 2889 1233 Maro,

2753 1275 2884 1326 Jovis
2903 1278 3063 1328 omnia
3080 1278 3225 1342 plena
3245 1295 3261 1342 ;

3139 1321 3333 1410 ῖὲἓιοθ.
3356 1348 3404 1408 3,
3426 1361 3468 1398 υ.
3490 1349 3589 1423 ω.)

2212 1434 2266 1490 id
2309 1444 2430 1504 est,
2462 1439 2640 1495 omnia
2679 1442 3030 1500 vivificantem
3062 1447 3331 1517 spiritum.
3371 1452 3545 1511 Merito
3565 1471 3667 1527 ergo
3687 1467 3725 1512 et

2212 1526 2382 1584 Varro
2404 1528 2590 1587 Jovem
2621 1534 2867 1604 opinatus
2904 1546 2988 1594 est
3011 1539 3113 1595 coli
3162 1556 3194 1595 a
3235 1541 3462 1612 Judaeis,
3501 1548 3606 1617 quia
3624 1526 3725 1605 dicit

2210 1637 2307 1693 per
2349 1625 2661 1696 prophetam
2681 1670 2697 1697 ,
2728 1627 2922 1686 Caelum
2946 1642 2993 1687 et
3022 1644 3209 1691 terram
3245 1654 3338 1710 ego
3365 1638 3537 1709 impleo
3561 1640 3719 1714 (Imm.

2212 1730 2351 1771 χχιιι
2370 1755 2388 1783 ,
2413 1716 2529 1790 94).
2573 1719 2710 1788 Quid
2739 1721 2867 1778 illud
2892 1725 3035 1794 quod
3060 1726 3202 1782 idem
3229 1738 3383 1800 poeta
3407 1729 3525 1787 dicit
3543 1733 3722 1787 aethera?

2209 1810 2477 1880 quomodo
2505 1814 2810 1886 accipiunt?
2836 1815 2926 1873 Sic
2950 1821 3093 1875 enim
3121 1824 3198 1877 ait
3226 1842 3241 1879 :

2332 1932 2451 2001 tum
2472 1933 2613 2001 Pater
2634 1932 2941 2001 omnipotens
2955 1932 3176 2001 fecundis
3201 1939 3432 1991 imbribus
3449 1940 3606 2001 ﬁber,

2332 1990 2555 2052 conjugis
2576 1991 2626 2040 in
2648 1990 2888 2055 gremium
2905 1994 3031 2047 laetae
3056 1999 3331 2051 descendit.

2846 2057 3049 2127 (Georg.
3076 2059 3157 2112 lib.
3179 2062 3228 2125 2,
3253 2077 3322 2114 vv.
3345 2064 3447 2124 324,
3471 2063 3594 2127 325.)

2209 2152 2488 2212 JEtherem
2527 2159 2723 2231 quippe
2766 2176 2873 2218 non
2898 2165 3142 2236 spiritum
3170 2212 3185 2236 ,
3213 2171 3308 2227 sed
3333 2188 3512 2245 corpus
3545 2190 3640 2232 esse
3660 2176 3718 2231 di-

2206 2256 2334 2303 cunt
2374 2250 2633 2321 sublime,
2673 2270 2781 2326 quo
2822 2258 3019 2315 coelum
3048 2276 3213 2334 super
3236 2280 3411 2323 aerem
3451 2268 3717 2325 distenditur.

2208 2341 2288 2397 An
2319 2352 2491 2413 poeta:
2516 2348 2827 2406 conceditur
2867 2368 3008 2410 nunc
3046 2357 3341 2415 secundum
3371 2359 3656 2425 Platonicos,
3677 2370 3717 2415 ut

2206 2450 2312 2491 non
2341 2451 2559 2509 corpus,
2590 2441 2684 2497 sed
2708 2445 2926 2514 spiritus
2944 2489 2959 2513 ,
2993 2465 3135 2507 nunc
3156 2453 3441 2509 secundum
3462 2454 3634 2511 Stoicos
3663 2454 3716 2508 lu.

2204 2529 2293 2599 qui
2312 2571 2326 2596 ,
2360 2538 2418 2586 ut
2443 2547 2637 2603 corpus
2665 2536 2735 2591 sit
2758 2537 2934 2594 Deus?
2957 2540 3094 2610 Quid
3138 2545 3300 2617 igitur
3335 2547 3384 2601 in
3412 2545 3630 2618 Capitolio
3648 2560 3715 2601 co-

2206 2620 2360 2676 lunt?
2389 2622 2446 2680 Si
2480 2626 2755 2697 spiritum,
2788 2632 2834 2687 si
2861 2632 3094 2707 denique
3145 2638 3320 2709 ipsum
3363 2640 3536 2697 omium
3573 2654 3715 2709 corpo-

2203 2727 2376 2782 reum,
2409 2716 2536 2787 quid
2565 2718 2672 2776 illie
2694 2719 2820 2777 facit
2848 2733 3056 2782 scutum
3085 2728 3217 2786 illud
3247 2730 3408 2800 Jovis,
3434 2731 3558 2803 quod
3580 2731 3717 2802 appel-

2204 2805 2315 2861 lant
2336 2806 2565 2879 Egida?
2589 2810 2792 2885 Nempe
2810 2818 2962 2888 origo
2982 2821 3218 2878 nominis
3247 2823 3399 2895 hujus
3425 2824 3490 2880 ita
3511 2823 3707 2887 redditur.

2202 2900 2326 2970 quia
2352 2900 2539 2959 Jovem
2567 2920 2598 2960 a
2627 2916 2798 2965 matre
2823 2913 3141 2971 occultatum
3171 2932 3327 2990 capra
3353 2918 3581 2974 nutrivit:
3605 2931 3655 2971 an
3676 2922 3715 2970 et

2204 2991 2306 3048 hoc
2338 3004 2509 3063 poetae
2532 2999 2895 3058 mentiuntur?
2924 3003 3195 3078 Numquid
3234 3018 3291 3065 et
3314 3008 3545 3080 Capitolia
3565 3007 3710 3063 Roma-

2204 3098 2395 3139 norum
2416 3127 2431 3153 ,
2463 3101 2625 3158 opera
2655 3102 2779 3147 sunt
2814 3100 3132 3163 poetarum?
3175 3100 3310 3169 Quid
3337 3100 3433 3156 sibi
3465 3106 3612 3154 autem
3631 3095 3712 3150 vult

2202 3176 2303 3233 ista
2331 3193 2438 3235 non
2465 3183 2698 3251 poetica,
2753 3186 2849 3241 sed
2901 3189 3058 3259 plane
3103 3194 3318 3250 mimica
3345 3194 3575 3257 varietas,
3615 3189 3710 3244 deos

2200 3271 2491 3327 secundum
2539 3274 2888 3347 philosophos
2928 3280 2980 3335 in
3012 3282 3165 3339 libris
3188 3299 3420 3359 quaerere
3440 3325 3453 3351 ,
3482 3281 3709 3340 secundum

2200 3370 2385 3431 poetas
2408 3363 2464 3419 in
2490 3368 2701 3438 templis
2721 3370 2985 3427 adorare?

2269 3452 2359 3508 32.
2400 3453 2507 3511 Sed
2537 3460 2795 3530 numquid
2823 3461 2982 3518 etiam
3010 3464 3102 3521 ille
3131 3466 3598 3537 Euhemeruspoeta
3619 3461 3705 3527 ΐηῑιν

2197 3545 2288 3615 qui
2316 3554 2373 3601 et
2396 3547 2567 3616 ipsum
2612 3548 2801 3607 Jovem
2852 3561 2907 3608 et
2950 3555 3238 3615 Saturnum
3284 3568 3472 3630 patrem
3510 3557 3628 3626 ejus,
3667 3560 3705 3606 οι

2197 3634 2477 3692 Plutonem
2500 3647 2658 3710 atque
2680 3640 2981 3710 Neptunum
3009 3645 3201 3706 fratres
3225 3650 3358 3721 ejus,
3377 3650 3441 3704 ita
3462 3645 3703 3718 planissime

2198 3726 2442 3784 homines
2463 3728 2628 3787 fuisse
2647 3733 2842 3803 prodit,
2865 3745 3124 3797 uteorum
3139 3743 3368 3799 cultores
3382 3741 3558 3812 gratias
3577 3734 3701 3804 magis

2197 3816 2369 3885 poetis
2394 3833 2553 3890 agere
2573 3820 2820 3892 debeant,
2848 3828 2970 3898 quia
2993 3845 3096 3885 nou
3119 3833 3189 3889 ad
3214 3848 3305 3889 eos
3324 3825 3698 3888 dehonestandOS.

2195 3907 2290 3964 sed
2336 3911 2512 3979 potius
2535 3914 2603 3969 ad
2628 3919 2966 3975 exornandos
3011 3923 3182 3980 multa
3210 3922 3495 3981 ﬁnxerunt?
3516 3914 3699 3990 quamvis

2194 4008 2247 4053 et
2287 4000 2458 4071 ipsum
2486 4003 2845 4065 Euhemerum
2870 4011 2940 4067 ab
2964 4012 3144 4073 Ennio
3169 4025 3320 4088 poeta
3349 4015 3397 4070 in
3424 4013 3608 4068 latinam
3628 4007 3699 4060 lin-

2192 4105 2348 4160 gnam
2368 4108 2490 4150 esse
2513 4110 2832 4156 conversum
2858 4102 3048 4161 Cicero
3078 4114 3448 4164 commemoret
3468 4101 3581 4175 (Lib.
3610 4099 3627 4152 l
3653 4095 3699 4147 de

2196 4181 2324 4239 Nat.
2351 4184 2555 4259 Deor.).
2587 4189 2849 4263 Numquid
2876 4204 2931 4250 et
2959 4197 3072 4267 ipse
3116 4198 3302 4257 Cicero
3328 4205 3470 4270 poeta
3493 4192 3604 4256 fuit,
3628 4185 3693 4257 qui

2192 4290 2314 4331 cum
2336 4318 2351 4341 ,
2379 4293 2500 4334 cum
2544 4296 2650 4351 quo
2682 4283 2734 4338 in
2762 4283 3079 4346 Tusculanis
3105 4293 3368 4362 disputat,
3397 4296 3607 4356 tan‘lnam
3627 4291 3695 4376 δεῖ

2190 4377 2456 4425 cretorum
2483 4374 2753 4431 conscium
2782 4377 3034 4437 admonet
3056 4382 3238 4441 dicens
3270 4401 3282 4437 :
3310 4380 3369 4437 Si
3399 4392 3501 4434 vero
3528 4374 3691 4427 mla"

2189 4470 2352 4515 uetera
2369 4503 2385 4529 ,
2416 4473 2464 4517 et
2506 4480 2571 4519 ea:
2606 4467 2678 4522 eis
2699 4484 2813 4538 quae
2841 4469 3127 4544 Scriptores
3155 4474 3357 4531 erciw
3388 4464 3661 4540 prodiderim
3675 4493 3688 4520 ν

2187 4568 2360 4608 eruere
2378 4570 2546 4622 coner,
2565 4556 2666 4628 ipsi
2687 4558 2764 4613 illi
2789 4563 3039 4632 majorum
3061 4566 3279 4636 gentium
3297 4562 3366 4616 dii
3387 4557 3465 4625 qui
3482 4551 3688 4607 Ιιαδεκεπο

2189 4646 2305 4700 hinc
2333 4663 2365 4700 a
2399 4648 2539 4704 nobis
2561 4653 2774 4722 profecti
2793 4654 2844 4708 in
2864 4655 3042 4711 ccelum
3081 4657 3395 4730 reperiemur.
3419 4648 3572 4715 Quave
3592 4649 3687 4704 (μηθ’

2185 4754 2302 4793 rum
2343 4740 2743 4801 demonstrantur
2783 4750 3015 4817 sepulcra
3056 4753 3111 4806 in
3141 4749 3361 4812 ercia;
3402 4735 3683 4796 reminiscm.

2183 4832 2420 4902 quoniam
2443 4850 2494 4889 es
2517 4836 2762 4905 initiatus,
2794 4856 2907 4911 qua:
2934 4843 3198 4901 tradantur
3221 4836 3451 4912 mysteriis
3476 4850 3490 4885 :
3514 4839 3597 4920 tum

2183 4923 2332 4994 nique
2367 4941 2517 4995 quam
2557 4926 2652 4982 hac
2689 4930 2790 4986 late
2827 4943 2996 5004 pateat
3025 4937 3266 5008 intelliges
3289 4924 3499 5003 (Tuscul-
3527 4919 3591 4987 ¹)ο
3613 4911 3685 4966 me

2183 5027 2330 5070 certe
2384 5019 2604 5074 istorum
2650 5020 2781 5080 deos
2808 5023 3051 5084 homines
3080 5028 3239 5085 fuisse
3273 5022 3395 5079 satis
3435 5008 3682 5070 eonﬁtewﬂ

2181 5107 2235 5163 in
2251 5107 2441 5164 etelum
2453 5119 2630 5167 autem
2648 5116 2959 5184 pervenisse
2973 5117 3226 5175 benevole
3240 5111 3534 5203 suspicati":

2179 5216 2337 5271 quam
2380 5212 2432 5257 et
2476 5203 2617 5260 hunc
2663 5206 2919 5265 honorem
2950 5211 3216 5282 opinionis
3251 5205 3317 5260 ab
3343 5190 3602 5257 hominibus
3623 5189 3683 5282 εξ

2179 5266 2297 5349 esse
2321 5294 2589 5362 delatum,
2624 5312 2729 5353 non
2772 5266 3031 5358 dubitavit
3072 5302 3275 5374 publice
3301 5294 3484 5352 dicere.
3508 5266 3680 5374 αωξξ

2180 5385 2406 5442 Romulo
2432 5359 2770 5458 loqueretur:
2798 5390 2898 5458 Qui
2920 5394 3053 5449 hanc
3069 5359 3264 5457 urbm,
3287 5381 3455 5454 inquit,
3480 5359 3675 5427 conditi“.

2177 5477 2449 5533 Romulum
2471 5479 2541 5533 ad
2559 5481 2677 5536 deos
2694 5482 3001 5541 immortale:
3025 5478 3348 5542 benevolentia
3371 5471 3574 5545 [αηωφκ
3590 5462 3676 5505 ⁸⁸³⁸

2176 5571 2380 5625 tulimus
2400 5572 2427 5687 ις
2447 5570 2513 5625 In
2539 5571 2744 5628 Catilio.
2773 5586 2903 5635 orat.
2929 5578 3006 5650 5).
3034 5578 3168 5649 Quid
3211 5573 3358 5687 igitur
3393 5548 3667 5687 ξηῗξῗιθέἔξ

2176 5662 2349 5687 λεια...
2424 5675 2635 5687 ---__-_.
3052 5673 3064 5687 .
3340 5674 3366 5687 η
3415 5667 3444 5687 n
3541 5681 3551 5687 .

2174 5662 2220 5717 si
2251 5662 2351 5717 hoc
2400 5662 2639 5720 fecerunt
2683 5647 3008 5739 antiquiores
3051 5647 3282 5730 homines
3304 5660 3371 5778 ἀεῖ
3385 5647 3667 5778 “tisi:

2178 5767 2331 5810 turno
2361 5764 2414 5810 et
2438 5757 2665 5826 caeteris,
2691 5726 2833 5829 quod
2857 5726 3079 5822 Romani
3095 5726 3169 5821 ac
3194 5749 3430 5816 Romulo.
3461 5726 3579 5795 σειοά
