3878 6244
121 272 288 332 105⁸1
1038 260 1044 265 ’
1068 261 1074 266 ’
1523 260 1729 318 LIBER

1859 261 2039 321 lllUS.

121 393 314 462 nique
341 388 453 460 jam
480 384 868 443 recentioribus
897 381 1228 455 temporibus
1262 380 1424 438 etiam
1450 379 1517 436 de
1536 379 1750 436 Caesare

123 486 334 542 facere
380 482 699 538 voluerunt?
746 479 950 548 Quibus
997 487 1052 535 et
1096 476 1347 549 Virgilius
1389 474 1748 533 adulationem

122 577 413 636 carminis
441 573 675 643 addidit,
703 573 887 629 dicens
917 591 930 626 :

89 665 111 758 ll
266 699 402 743 Ecce
425 690 604 741 Dionaei
623 686 1300 812 processit
1319 757 1347 796 υ
1385 744 1444 795 47
1480 744 1499 808 )

103 763 111 775 ⁸
1211 782 1222 794 .
1281 781 1296 807 ,
1353 783 1363 795 .
1449 779 1462 792 ι

103 745 111 812 ἴ
624 745 640 753 ”
1029 747 1050 812 (
1063 745 1222 812 Eclog.
1247 746 1296 807 9,
1319 757 1363 796 υ.
1385 745 1462 795 47.

90 809 108 842 J

122 857 385 914 Videant
415 871 542 926 ergo
572 869 641 910 ne
678 853 818 909 forte
864 850 1116 908 historica
1138 849 1335 905 veritas
1363 846 1607 916 sepulcra
1650 843 1749 899 fal-

83 941 98 949 ’
123 966 336 1006 sorum
368 949 588 1005 deorum
620 946 866 1003 ostendat
892 945 945 999 in
975 952 1148 1007 terra;
1177 941 1383 996 vanitas
1409 948 1586 994 autem
1617 951 1746 1007 poe-

125 1047 238 1102 tica
267 1044 468 1101 stellas
487 1058 672 1099 eorum
700 1056 806 1096 non
837 1040 982 1110 ligat,
1010 1035 1104 1092 sed
1126 1036 1289 1105 lingat
1307 1033 1357 1086 in
1375 1031 1532 1088 ccelo.
1562 1029 1748 1100 Neque

121 1140 285 1196 enim
314 1153 511 1195 revera
531 1135 682 1191 stella
713 1134 800 1188 illa
825 1131 972 1188 Jovis
997 1139 1107 1196 est,
1135 1137 1226 1182 aut
1255 1127 1341 1182 illa
1370 1123 1582 1181 Saturni
1603 1140 1621 1190 ;
1640 1121 1748 1184 ,sed

123 1241 259 1302 post
283 1245 482 1286 eorum
515 1235 740 1282 mortem
758 1221 1021 1279 sideribus
1042 1221 1107 1275 ab
1139 1219 1291 1273 initio
1311 1215 1496 1271 mundi
1517 1213 1748 1270 conditis

125 1324 255 1381 haec
289 1322 515 1378 nomina
536 1320 904 1389 imposuerunt
928 1312 1193 1391 homines,
1217 1308 1308 1380 qui
1333 1308 1452 1363 illos
1483 1314 1744 1371 mortuos,

122 1418 294 1491 quasi
327 1417 467 1472 deos
497 1413 697 1468 habere
720 1391 1020 1465 voluerunt.
1047 1404 1124 1460 De
1169 1402 1362 1473 quibus
1391 1398 1516 1471 quid
1543 1407 1747 1452 tantum

124 1511 262 1566 mali
293 1508 520 1565 castitas
539 1549 554 1573 ,
582 1515 674 1561 aut
721 1501 849 1575 quid
872 1508 1072 1556 tantum
1097 1495 1223 1553 boni
1252 1495 1492 1564 volUptas
1513 1506 1747 1548 comme-

122 1606 274 1672 ruit,
313 1613 378 1658 ut
397 1604 534 1658 inter
562 1610 725 1666 astra,
744 1612 863 1668 qua:
883 1609 1004 1651 cum
1030 1592 1144 1648 sole
1163 1599 1218 1646 et
1241 1590 1365 1642 luna
1390 1587 1743 1652 circumeunt,

123 1692 326 1754 Ven'us
357 1693 553 1748 habeat
578 1690 784 1746 stellam
807 1729 821 1753 ,
853 1697 908 1743 et
931 1685 1166 1740 Minerva
1195 1697 1304 1736 non
1333 1677 1569 1734 habeat?

198 1791 300 1846 '55.
350 1787 460 1843 Sed
489 1785 644 1840 fuerit
662 1791 717 1839 et
740 1781 930 1836 Cicero
951 1776 1288 1834 academicus
1311 1772 1562 1828 incertior
1586 1785 1744 1842 quam

124 1891 338 1952 poetae,
370 1879 461 1948 qui
489 1875 730 1946 sepulcra
755 1873 976 1928 deorum
1000 1881 1422 1926 commemorare
1445 1880 1607 1968 ausus
1625 1871 1709 1968 est
1727 1903 1742 1930 ,

123 1974 447 2041 litterisque
495 1967 748 2024 mandare
781 1984 794 2020 :
836 1961 1078 2035 quamvis
1110 1960 1212 2016 hoc
1249 1975 1355 2014 non
1384 1974 1448 2014 ex
1494 1960 1746 2028 opinione

124 2064 361 2136 prepria
398 2058 824 2132 praesumpserit,
853 2055 947 2111 sed
978 2071 1043 2110 ex
1072 2053 1307 2124 ipsorum
1329 2064 1602 2106 sacrorum
1632 2057 1743 2102 tra-

122 2157 348 2212 ditione
372 2149 892 2210 commemoraverit.
945 2143 1209 2216 Numquid
1234 2151 1288 2198 et
1305 2140 1486 2219 )larro
1520 2139 1602 2196 vel
1629 2148 1746 2194 tan-

123 2265 299 2320 quam
355 2253 512 2317 poeta
562 2244 738 2313 ﬁngit,
788 2240 875 2295 vel
908 2247 1157 2308 tanquam
1198 2233 1550 2290 Academicus
1585 2230 1745 2286 dubie

123 2340 322 2414 ponit,
373 2336 517 2408 quod
547 2335 672 2390 dicit
701 2333 886 2388 talium
933 2330 1154 2386 deorum
1201 2342 1350 2382 sacra
1375 2341 1442 2381 ex
1485 2325 1745 2394 cujusque

125 2447 330 2489 eorum
364 2429 474 2482 vita
515 2426 598 2482 vel
652 2432 862 2488 morte,
894 2438 996 2492 qua
1049 2421 1187 2475 inter
1216 2419 1459 2474 homines
1500 2417 1746 2472 vixerunt

123 2524 216 2580 vel
249 2521 550 2584 obierunt,
583 2532 702 2574 esse
730 2513 1066 2584 composita?
1092 2510 1355 2581 Numquid
1385 2519 1439 2566 et
1479 2509 1625 2564 Leon
1655 2509 1744 2564 ille

126 2612 405 2670 sacerdos
431 2608 750 2680 Egyptius,
798 2615 955 2677 poeta
1000 2604 1085 2659 vel
1113 2601 1448 2658 academicus
1473 2601 1606 2664 fuit,
1651 2600 1742 2670 qui

127 2706 426 2765 Macedoni
453 2703 758 2760 Alexandro
777 2743 792 2769 ,
825 2700 1087 2755 diversam
1133 2697 1347 2768 quidem
1375 2711 1406 2750 a
1434 2695 1743 2752 Graecorum

129 2804 403 2875 opinione
429 2801 651 2854 istorum
676 2796 899 2851 deorum
943 2794 1204 2864 originem
1225 2833 1240 2857 ,
1271 2800 1640 2848 verumtamen
1671 2790 1742 2845 ita

128 2895 364 2968 prodit,
411 2901 472 2948 ut
497 2905 590 2946 eos
616 2889 858 2944 homines
889 2887 1049 2942 fuisse
1073 2884 1349 2939 declaret?

206 2990 305 3046 34.
349 2985 461 3042 Sed
504 2982 629 3056 quid
659 2981 725 3036 ad
756 2995 853 3036 nos
882 2979 925 3033 ‘?
967 2979 1154 3033 Dicant
1181 2993 1240 3033 se
1265 2976 1448 3032 Jovem
1471 3017 1486 3042 ,
1519 2991 1622 3031 non
1655 2975 1744 3032 bo-

130 3081 347 3138 minem
386 3084 654 3132 mortuum
679 3073 891 3136 colere,
923 3085 1022 3126 nec
1049 3068 1250 3125 homini
1271 3076 1482 3122 mortuo
1523 3066 1740 3138 Capito-

3313 281 3454 339 1058

1861 379 2138 452 Platonici,
2189 387 2278 457 qui
2320 387 2430 458 jam
2486 390 2791 451 christianis
2839 398 3166 473 temporibus
3197 401 3445 469 fuerunt;

1861 484 1918 531 et
1944 477 2230 534 Saturnum
2255 479 2410 535 aliter
2449 481 2786 554 interpretari
2811 487 2986 541 conati
3039 498 3182 556 sunt,
3212 491 3450 550 dicentes

1862 572 2188 640 appellatum
2247 585 2427 645 χρόνον,
2456 576 2604 632 velut
2644 593 2674 632 a
2721 580 2968 636 satietate
3011 579 3336 652 intellectus,
3381 602 3448 642 eo

1860 660 2000 731 quod
2019 678 2194 732 grmce
2212 665 2431 721 satietas
2452 678 2607 739 χόρος,
2633 668 2934 727 intellectus
2953 682 3130 730 autem
3153 674 3269 732 sive
3293 692 3451 734 mens

1859 767 1960 816 νοῦς
1982 755 2175 814 dicitur
2201 777 2214 812 :
2245 759 2328 813 cui
2357 758 2565 815 videtur
2602 760 2945 834 suﬂ'ragariet
2965 765 3187 822 latinum
3224 783 3442 838 nomen,

1860 847 2010 917 quasi
2032 863 2097 902 ex
2124 849 2290 918 prima
2317 850 2480 906 latina
2510 861 2660 921 parte
2685 863 2741 908 et
2767 870 2939 924 graeca
2968 859 3271 927 posteriore
3297 875 3450 916 com-

1859 937 2112 1006 positum,
2145 948 2204 994 ut
2231 940 2496 996 diceretur
2516 941 2796 1012 Saturnus,
2827 955 3076 1018 tanquam
3105 959 3251 1006 satur
3277 963 3439 1022 esset,

1863 1038 1984 1091 νοῦς.
2016 1028 2277 1086 Viderunt
2322 1032 2464 1086 enim
2497 1048 2656 1103 quam
2706 1045 2851 1091 esset
2895 1037 3205 1107 absurdum,
3235 1042 3281 1096 si
3311 1043 3450 1099 filius

1860 1120 2117 1188 temporis
2147 1119 2351 1192 Jupiter
2377 1121 2680 1191 haberetur,
2706 1142 2860 1196 quem
2887 1126 3045 1183 deum
3077 1139 3336 1187 mternum
3360 1133 3445 1190 vel

1859 1211 2114 1280 putabant
2135 1213 2216 1267 vel
2245 1215 2417 1282 putari
2445 1216 2709 1273 volebant.
2734 1219 2804 1272 At
2826 1235 2952 1275 vero
2978 1222 3268 1278 secundum
3288 1225 3444 1282 istam

1860 1303 2124 1356 novellam
2176 1304 2688 1375 interpretationem,
2746 1325 2905 1380 quam
2947 1321 3155 1369 veteres
3182 1331 3366 1371 eorum
3395 1319 3442 1373 si

1858 1391 2186 1458 habuissent,
2212 1395 2404 1450 mirum
2427 1397 2470 1452 si
2502 1398 2810 1456 Ciceronem
2838 1401 3234 1476 Varronemque
3259 1407 3445 1464 latuis-

1858 1493 1962 1549 set,
2016 1482 2232 1540 Saturni
2285 1487 2448 1542 lilium
2476 1489 2662 1544 Jovem
2707 1492 2910 1560 dicunt,
2957 1503 3203 1567 tanquam
3243 1500 3308 1554 ab
3354 1500 3443 1557 illa

1856 1594 2064 1634 summa
2108 1589 2285 1637 mente
2335 1583 2686 1651 proﬂuentem
2741 1586 3008 1656 spiritum,
3051 1605 3209 1659 quem
3261 1595 3448 1651 volunt

1857 1686 1980 1727 esse
2001 1675 2143 1728 velut
2180 1674 2412 1730 animam
2441 1677 2624 1734 mundi
2666 1678 2844 1749 hujus,
2885 1683 3064 1738 omnia
3109 1685 3348 1742 coelestia
3390 1697 3446 1744 et

1857 1772 2068 1819 terrena
2094 1780 2316 1836 corpora
2367 1768 2700 1838 implentem.
2721 1769 2876 1828 Unde
2906 1772 3036 1828 illud
3065 1774 3294 1832 Maronis
3340 1788 3440 1845 est,

1856 1856 1998 1926 quod
2046 1859 2202 1927 paulo
2248 1869 2374 1915 ante
2420 1863 3022 1929 commemoraviJovis
3050 1867 3221 1921 omnia
3271 1870 3440 1938 plena.

1855 1945 2120 2018 Numquid
2142 1965 2270 2017 non,
2299 1951 2342 2005 si
2365 1960 2586 2020 possent
2610 1952 2718 2019 isti,
2748 1954 2884 2009 sicut
2928 1956 3094 2027 ipsam
3129 1959 3445 2031 interpreta-

1857 2039 2076 2108 tionem,
2108 2043 2177 2098 ila
2204 2045 2363 2099 etiam
2387 2048 2820 2116 superstitionem
2849 2048 3122 2106 hominum
3145 2065 3445 2111 commuta-

1855 2140 1993 2198 rent,
2023 2142 2076 2188 et
2102 2135 2352 2190 autnulla
2379 2137 2684 2205 simulacra,
2710 2149 2798 2196 aut
2821 2151 2969 2197 certe
3000 2144 3231 2201 Saturno
3265 2148 3442 2216 potius

1855 2238 2012 2292 quam
2034 2225 2151 2281 Jovi
2171 2225 2430 2297 Capitolia
2450 2231 2878 2288 constituerent?
2903 2232 3085 2305 Neque
3113 2237 3253 2292 enim
3281 2240 3441 2297 ullam

1855 2318 2083 2373 animam
2137 2319 2448 2377 rationalem
2503 2323 2801 2395 sapientem
2851 2325 2965 2381 ﬁeri
2994 2326 3292 2400 disputant,
3339 2333 3440 2389 nisi

1853 2410 2258 2480 participatione
2304 2430 2529 2471 summa:
2577 2417 2719 2474 illius
2770 2419 3323 2496 incommutabilisque
3357 2442 3442 2483 sa-

1853 2501 2067 2570 pientia:
2096 2520 2109 2568 ;
2143 2520 2249 2559 non
2279 2506 2452 2562 solum
2481 2509 2793 2581 cujusquam
2814 2511 3045 2570 hominis
3068 2517 3321 2585 animam,
3345 2521 3441 2576 sed

1854 2591 2021 2660 ipsius
2049 2594 2207 2648 etiam
2235 2597 2438 2665 mundi,
2469 2615 2625 2668 quam
2674 2601 2856 2657 dicunt
2883 2602 3090 2662 Jovem.
3139 2606 3245 2663 Nos
3288 2625 3437 2678 vero,

1855 2698 1974 2739 esse
2001 2684 2283 2754 quamdam
2310 2703 2571 2745 summam
2599 2691 2695 2747 Dei
2734 2695 3070 2764 sapientiam,
3093 2698 3248 2770 cujus
3276 2705 3442 2771 parti-

1853 2777 2117 2851 cipatiqne
2140 2779 2196 2835 ﬁt
2237 2783 2448 2852 sapiens
2499 2800 2849 2859 quaecumque
2897 2791 3073 2847 anima
3113 2794 3170 2848 fit
3197 2811 3325 2852 vere
3354 2811 3441 2853 sa-

1853 2868 2025 2939 piens,
2059 2889 2163 2926 non
2194 2882 2396 2929 tantum
2443 2879 2802 2947 concedimus,
2836 2899 3021 2939 verum
3051 2887 3210 2942 etiam
3271 2893 3440 2947 maxi-

1853 2977 1940 3017 me
1966 2963 2332 3032 prmdicamus.
2367 2967 2558 3025 Utrum
2587 2981 2764 3030 autem
2789 2975 3032 3032 universa
3059 2978 3157 3033 ista
3185 2995 3438 3053 corpora-

1851 3052 1918 3109 lis
1945 3058 2134 3122 moles,
2163 3074 2282 3128 quae
2311 3061 2542 3118 mundus
2570 3066 2889 3146 appellatur,
2931 3067 3129 3126 habeat
3153 3052 3436 3144 quamdam

133 3174 272 3229 lium
321 3168 604 3225 dedicasse
624 3207 638 3232 ,
692 3163 787 3220 sed
836 3162 1045 3232 spiritui
1076 3160 1358 3215 vivificanti
1387 3161 1565 3215 omnia
1589 3201 1604 3226 ,
1634 3174 1742 3230 quo

133 3262 383 3320 mundus
408 3259 681 3328 impletur,
703 3264 758 3312 et
782 3263 990 3310 scutum
1017 3254 1133 3324 ejus
1158 3255 1211 3307 in
1237 3252 1497 3308 honorem
1517 3251 1742 3307 nutricis

133 3357 256 3427 ejus
289 3355 491 3409 factum
522 3349 588 3405 de
617 3347 755 3418 pelle
797 3345 1013 3416 caprina
1035 3385 1049 3409 ,
1104 3344 1521 3412 interpretentur
1545 3351 1604 3396 ut
1648 3356 1744 3396 vo-

135 3451 278 3505 lunt.
332 3443 473 3514 Quid
501 3443 685 3498 dicunt
707 3439 774 3495 de
804 3438 1068 3495 Saturno?
1094 3450 1251 3506 quem
1279 3438 1300 3468 ³
1330 3435 1618 3491 Saturnum
1645 3449 1742 3490 co-

135 3539 297 3596 lunt?
323 3536 520 3592 Nonne
547 3534 635 3588 ille
656 3541 736 3588 est
762 3531 852 3602 qui
881 3531 1084 3601 primus
1112 3528 1180 3583 ab
1200 3528 1428 3600 Olympo
1457 3528 1630 3597 venit,

269 3683 415 3722 Anna
437 3670 578 3737 Jovis_
589 3668 798 3737 fugiens,
827 3666 1066 3737 et_regnis
1091 3662 1231 3713 exsul
1252 3663 1507 3737 ademptis:

265 3736 359 3797 Qui
384 3745 545 3800 genus
565 3725 774 3800 indocile
789 3725 1139 3800 'et_dis.p'ersnm
1159 3725 1406 3776 montibus
1423 3725 1535 3800 altis

268 3789 548 3862 Composuit
569 3792 812 3862 legesque
826 3789 987 3862 dedit,
1004 3790 1282 3862 Latiumque
1306 3790 1463 3862 vocari

267 3852 453 3920 Maluit,
481 3856 558 3907 his
579 3852 804 3918 quoniam
826 3852 1044 3923 latuisset
1070 3858 1214 3923 tutus
1219 3852 1267 3899 in
1285 3853 1420 3923 onis}i

841 3913 1050 3979 (/Eneid.
1077 3912 1159 3964 lib.
1185 3913 1232 3972 8,
1259 3927 1304 3964 υ.
1321 3912 1585 3977 320-324.)

141 4029 339 4084 Nonne
365 4026 540 4094 ipsum
567 4024 684 4093 ejus
712 4019 1074 4083 simulacrum,
1119 4017 1261 4088 quod
1288 4027 1542 4087 cooperto
1567 4017 1740 4086 capite

142 4121 390 4192 ﬁngitur,
417 4117 569 4188 quasi
621 4116 876 4170 latentem
927 4111 1172 4166 indicat?
1201 4125 1378 4164 nonne
1426 4110 1540 4181 ipse
1596 4109 1740 4164 Italis

142 4212 392 4270 ostendit
439 4207 835 4280 agriculturam,
865 4202 1005 4274 quod
1031 4201 1173 4257 falce
1202 4201 1571 4257 demonstrat?
1595 4201 1734 4266 Non,

141 4305 438 4376 inquiunt:
467 4315 591 4356 nam
639 4298 837 4355 videris
868 4297 913 4350 si
935 4294 1030 4349 fuit
1067 4293 1193 4350 ille8
1219 4293 1380 4349 homo
1400 4303 1454 4348 et
1481 4308 1579 4348 rex
1618 4293 1738 4363 qui-

142 4400 269 4454 dam
295 4440 313 4465 ,
362 4395 433 4451 de
457 4409 564 4466 quo
620 4395 720 4449 ista
749 4398 1070 4456 narrantur;
1103 4404 1200 4445 nos
1248 4398 1425 4444 tamen
1454 4388 1739 4444 Saturnum

143 4493 570 4560 interpretamur
584 4486 901 4542 Universum
924 4493 1151 4553 tempus,
1171 4482 1308 4554 quod
1330 4497 1560 4553 grzecum
1580 4482 1740 4538 etiam

144 4582 475 4641 vocabulum
499 4578 615 4648 ejus
652 4575 920 4632 ostendit:
951 4583 1170 4630 vocatur
1213 4574 1356 4629 enim
1386 4584 1566 4644 χρόνος,
1595 4573 1738 4645 quod

145 4675 480 4749 aspiratione
501 4671 701 4737 addita,
731 4671 889 4726 etiam
912 4668 1164 4738 temporis
1207 4682 1402 4722 nomen
1443 4678 1526 4723 est
1551 4684 1566 4732 ;
1596 4667 1735 4723 unde

146 4776 201 4822 et
229 4767 400 4822 latine
444 4763 706 4820 Saturnus
751 4759 1070 4830 appellatur,
1098 4758 1249 4828 quasi
1275 4766 1543 4813 saturetur
1561 4759 1736 4814 annis.

148 4858 284 4926 Quid
309 4857 423 4927 jam
442 4870 564 4910 cum
595 4853 712 4908 istis
737 4851 999 4922 agendum
1020 4850 1111 4916 sit,
1140 4849 1340 4914 nescio,
1369 4850 1458 4920 qui
1487 4858 1740 4906 conantes

153 4950 205 5003 in
233 4949 428 5005 melius
476 4944 812 5015 interpretari
857 4943 1071 4998 nomina
1099 4951 1153 4997 et
1183 4942 1466 4998 simulacra
1513 4941 1737 4998 deorum

1852 3145 2106 3215 animam,
2137 3149 2220 3205 vel
2245 3153 2394 3220 quasi
2444 3155 2675 3210 animam
2703 3145 2876 3226 suam,
2906 3159 2956 3214 id
3006 3171 3090 3218 est
3124 3165 3440 3224 rationalem

1853 3238 2040 3305 vitam,
2073 3256 2174 3310 qua
2224 3243 2295 3296 ita
2341 3254 2554 3314 regatur
2578 3247 2714 3302 sicut
2755 3253 3169 3324 unumquodque
3215 3258 3434 3325 animal,

1853 3345 2041 3400 magna
2067 3342 2229 3401 atque
2254 3332 2434 3388 abdita
2466 3339 2690 3405 quaestio
2712 3350 2796 3396 est
2821 3361 2833 3395 :
2866 3358 2968 3398 nec
3000 3344 3253 3403 alIirmari
3281 3350 3441 3408 debet

1853 3417 1950 3472 ista
1972 3421 2170 3489 opinio,
2207 3423 2307 3478 nisi
2329 3438 2600 3496 comperta
2631 3430 2771 3499 quod
2806 3447 2928 3488 vera
2976 3437 3080 3501 sit;
3114 3453 3213 3493 nec
3236 3441 3430 3509 refelli,

1852 3513 1954 3568 nisi
1975 3526 2244 3585 comperta
2267 3518 2408 3588 quod
2429 3518 2558 3574 falsa
2584 3521 2672 3576 sit.
2697 3523 2832 3589 Quid
2857 3534 3033 3581 autem
3057 3527 3158 3585 hoc
3181 3531 3246 3586 ad
3264 3531 3436 3589 homi-

1852 3623 1995 3673 nem,
2020 3611 2228 3665 ctiamsi
2251 3627 2462 3682 semper
2483 3631 2604 3670 eum
2629 3617 2788 3672 lateat
2811 3637 2826 3685 ;
2860 3623 3288 3695 quandoquidem
3312 3630 3434 3684 nul-

1852 3699 1900 3755 la
1918 3701 2091 3756 anima
2110 3702 2168 3757 lit
2187 3705 2398 3774 sapiens
2419 3707 2499 3761 vel
2520 3709 2671 3764 beata
2691 3726 2753 3766 ex
2772 3713 2870 3767 alia
2888 3730 3217 3788 quacumque
3237 3721 3434 3789 anima,

1851 3793 1944 3849 sed
1967 3811 2028 3850 ex
2052 3796 2137 3851 illa
2176 3798 2289 3854 sola
2329 3815 2536 3856 summa
2561 3811 2720 3875 atque
2764 3807 3179 3866 incommutabili
3224 3814 3315 3871 Dei
3345 3829 3436 3870 sa-

1851 3889 2048 3959 pientia
2072 3890 2094 3942 ?

1922 3981 2009 4036 56.
2041 3981 2264 4039 Romani
2289 3993 2484 4054 tamen,
2509 3990 2596 4060 qui
2630 4006 2732 4047 non
2760 3993 3009 4062 Saturno,
3049 3996 3145 4052 sed
3185 3997 3304 4054 Jovi
3333 4001 3436 4057 Ca-

1851 4074 2093 4145 pitolium
2121 4077 2514 4148 condiderunt;
2542 4083 2624 4139 vel
2655 4085 2771 4141 alia:
2796 4088 3059 4157 nationes,
3089 4107 3208 4162 qua:
3245 4092 3434 4152 Jovem

1851 4167 2117 4238 praecipue
2148 4183 2307 4240 supra
2346 4183 2569 4229 caeteros
2597 4177 2728 4232 deos
2752 4179 3035 4234 colendum
3061 4196 3180 4237 esse
3206 4193 3431 4252 putave-

1851 4269 1995 4326 runt,
2039 4276 2146 4316 non
2196 4262 2300 4319 hoc
2344 4264 2484 4336 quod
2535 4267 2620 4321 isti
2667 4279 2983 4324 senserunt:
3015 4272 3106 4341 qui
3138 4273 3434 4330 secundum

1854 4351 2007 4407 istam
2037 4369 2186 4409 suam
2213 4372 2404 4410 novam
2433 4358 2758 4427 opinionem,
2790 4370 2845 4416 et
2871 4377 3109 4419 summas
3153 4381 3304 4422 arces
3323 4369 3362 4436 ί,
3389 4369 3435 4424 si

1861 4445 2146 4516 quidquam
2177 4447 2228 4502 in
2251 4447 2334 4501 his
2360 4448 2521 4504 rebus
2547 4454 2825 4522 potestatis
2871 4454 3201 4524 habuissent,
3244 4459 3433 4516 Satur-

1852 4558 1923 4598 no
1953 4543 2125 4612 potius
2147 4541 2457 4599 dedicarent
2483 4560 2496 4610 ;
2520 4553 2574 4601 et
2595 4545 2995 4604 Mathematicos
3021 4550 3106 4604 vel
3127 4550 3438 4608 Genetlilia-

1852 4652 1944 4692 cos
1974 4635 2204 4691 maxime
2233 4635 2492 4702 delerent,
2519 4638 2610 4708 qui
2652 4637 2958 4706 Saturnum,
3013 4657 3170 4712 quem
3219 4645 3438 4714 sapien-

1854 4737 1962 4782 tum
1986 4726 2296 4784 effectorem
2348 4729 2434 4782 isti
2464 4728 2724 4795 dicerent,
2771 4731 3074 4786 maleficum
3099 4732 3259 4789 deum
3300 4735 3468 4808 intvr,

1851 4820 1950 4875 alia
1976 4819 2152 4876 sidera
2172 4820 2580 4875 constituerunt.
2610 4820 2742 4889 Qua:
2788 4823 2968 4892 opinio
3008 4833 3211 4880 tantum
3250 4837 3435 4882 contra

1853 4915 1975 4971 illos
2004 4917 2054 4971 in
2081 4916 2273 4972 animis
2319 4915 2568 4972 humanis
2592 4918 2887 4987 prmvaluit,
2915 4928 2973 4973 ut
3012 4934 3112 4975 nec
3153 4923 3438 4977 nominare

1851 5009 1998 5064 illum
2024 5009 2208 5076 velint,
2243 5023 2427 5066 senem
2460 5011 2638 5080 potius
2659 5026 2817 5081 quam
2847 5010 3134 5065 Saturnum
3163 5000 3521 5102 appellati-:3

1854 5110 1968 5155 ws;
1997 5109 2105 5155 tam
2133 5100 2313 5155 umida
2344 5101 2740 5171 superstitione,
2766 5109 2822 5155 ut
2843 5101 2952 5170 jam
2973 5100 3425 5174 Carthaginenses

1853 5210 1989 5266 pene
2012 5195 2132 5251 vico
2174 5211 2271 5251 suo
2299 5211 2493 5252 nomen
2534 5195 2878 5260 mutaverint,
2913 5195 3099 5251 Vicum
3135 5197 3279 5254 senis
3320 5213 3439 5255 cre-

1853 5291 1865 5309 .
2089 5306 2231 5309 _,,-__
2267 5290 2446 5309 ιημμ,
2484 5289 2696 5309 a_._____,
3509 5297 3512 5306 .

1850 5291 2021 5357 brius,
2079 5306 2237 5361 quam
2267 5290 2452 5345 Vicum
2484 5289 2697 5344 Saturni
2725 5289 3072 5359 appellantes.
3479 5283 3523 5309 “"

1851 5386 2076 5445 CAPUT
2113 5386 2304 5443 XXIV.
2332 5416 2402 5426 —
2424 5383 2546 5440 Non
2566 5402 2737 5440 omnes
2761 5383 2898 5440 Deos
2918 5385 3109 5450 colunt,
3141 5389 3226 5458 qui
3272 5387 3434 5445 Deum

1925 5480 2091 5535 Israel
2114 5479 2348 5548 reficiunt
2377 5497 2395 5545 ;
2425 5495 2518 5533 nec
2543 5495 2656 5532 eum
2685 5477 2872 5542 colunt,
2915 5477 3001 5549 qui
3022 5478 3150 5533 alios
3170 5481 3359 5534 colunt.

1923 5573 2010 5627 37.
2047 5571 2240 5626 Notum
2277 5579 2358 5626 est
2409 5585 2558 5640 ergo,
2587 5569 2713 5641 quid
2753 5569 2928 5625 colere
2955 5571 3355 5639 convincuntur,
3383 5582 3437 5631 ct

152 5056 397 5104 suorum,
427 5038 658 5093 fatentur
687 5036 940 5107 majorem
967 5035 1123 5090 deum
1151 5050 1304 5089 suum
1327 5045 1381 5090 et
1407 5046 1611 5106 patrem
1637 5052 1741 5091 eteo

157 5138 396 5185 terarum
443 5139 652 5199 tempus
707 5142 851 5183 esse.
901 5127 1038 5195 Quid
1091 5128 1234 5182 enim
1286 5127 1428 5182 aliud
1478 5128 1736 5196 indicant,

157 5238 315 5291 quam
343 5238 530 5278 omnes
556 5221 689 5277 deos
716 5235 843 5274 suos
867 5219 1189 5290 temporales
1220 5234 1359 5288 esse,
1390 5236 1613 5290 quorum
1643 5236 1737 5291 pa-

161 5321 292 5369 trem
315 5316 487 5385 ipsum
513 5325 720 5385 tempus
740 5313 1104 5370 constituunt?

231 5405 319 5462 55.
343 5406 683 5462 Erubuerunt
707 5405 829 5462 hinc
857 5405 1153 5476 philosophi
1184 5421 1368 5461 eorum
1419 5408 1741 5464 recentiores

226 5545 242 5575 ί
267 5543 386 5606 edin
409 5556 424 5592 :
448 5543 540 5606 sed
553 5543 670 5606 quid
687 5542 753 5594 ad
768 5555 852 5594 nos
874 5543 916 5606 si
939 5544 1115 5595 dicunt.
1143 5551 1196 5594 Al
1213 5557 1241 5594 a
1265 5552 1367 5595 Mss.
1393 5544 1550 5604 abest,
1573 5543 1630 5596 si.

223 5605 388 5681 ξῑλξὲιξ
412 5619 425 5654 =
446 5603 1137 5681 ριιίεειιιιηξυῖη.εοιιριες.ωεξς
1163 5621 1298 5668 vero.
1326 5620 1482 5681 ιιιιεηιο
1537 5603 1541 5604 ί
1600 5668 1645 5681 ..
1710 5668 1721 5681 .

229 5666 420 5732 {Edim
444 5665 566 5722 [iam
585 5666 773 5722 mni
804 5668 950 5732 fuerit
969 5665 1068 5723 ille.
1092 5677 1198 5721 Mss.
1225 5665 1349 5723 vero
1372 5685 1382 5720 :
1405 5678 1524 5722 Nam
1565 5668 1744 5726 videris

166 5740 208 5782 st
226 5727 332 5787 fuit.
804 5727 815 5732 ⁷
1919 5732 1935 5763 ⁸
1960 5735 2037 5784 ετ.
2057 5735 2111 5783 et
2131 5735 2261 5794 Lov,
2283 5735 2412 5782 artes
2435 5741 2452 5783 .'
2475 5728 2876 5786 dissentientibus
2892 5738 2996 5786 Mss.
3019 5739 3072 5786 ct
3089 5739 3187 5786 ttat.
