3878 6352
494 238 631 304 1059

492 361 613 433 quid
635 361 875 416 colorare
895 359 911 391 ⁸
924 363 1181 413 conentur
1201 353 1510 409 adoratores
1530 338 1954 407 simulacrorum.
1974 333 2076 400 Ve-

492 468 608 508 rum
631 459 685 507 et
728 452 795 506 ab
817 450 933 506 istis
956 447 1172 504 novitiis
1197 446 1413 501 Saturni
1464 439 1963 513 ihierpretatdribus
1989 454 2076 494 re-

489 544 804 616 quirendum
853 545 956 607 est,
985 539 1110 612 quid
1165 537 1231 595 de
1277 539 1386 594 Deo
1429 535 1662 593 sentiant
1709 533 2074 591 Hebrazorum.

491 636 665 690 Etiam
708 634 838 704 ipsis
864 633 1006 688 enitn
1034 631 1233 702 placuit
1282 629 1470 685 amnes
1513 630 1643 684 deos
1687 642 1806 683 cum
1836 627 2078 697 gentibus

491 727 687 792 colere,
707 739 826 781 eum
843 733 938 780 eos
961 717 1220 794 superbos
1239 721 1460 792 puderet
1480 719 1576 790 pro
1597 719 1930 791 peccatorum
1950 734 2077 774 suo-

491 834 607 872 rum
662 818 973 873 remissione
1029 809 1296 870 humiliari
1349 814 1450 867 sub
1496 811 1730 868 Christo.
1763 807 1900 880 Quid
1949 817 2079 881 ergo

492 909 730 965 sentiunt
775 907 843 962 de
872 908 979 962 Deo
1019 905 1425 974 lsraei?Quen1
1480 905 1525 959 Si
1574 901 1681 959 noli
1721 903 1921 967 colunt,
1973 913 2076 959 nOn

492 1015 680 1056 omnes
699 999 829 1053 deos
847 998 1060 1053 colunt:
1088 998 1133 1053 si
1161 1000 1342 1052 antem
1374 997 1578 1061 colunt,
1602 1009 1706 1051 non
1731 995 1912 1051 colunt
1942 995 2080 1050 sicut

491 1108 549 1147 se
569 1091 669 1146 coli
712 1090 888 1160 jussit,
917 1090 1037 1161 quia
1061 1096 1116 1145 et
1143 1090 1275 1144 alios
1297 1089 1502 1155 colunt,
1533 1099 1667 1159 quos
1698 1087 1800 1144 eoli
1834 1087 1925 1144 ille
1959 1085 2079 1158 pro-

492 1183 677 1238 hibuit;
712 1183 811 1238 Per
839 1193 934 1238 eos
971 1182 1112 1237 enim
1145 1188 1289 1237 rates
1339 1182 1436 1235 iSta
1484 1180 1770 1252 prohibuit,
1807 1187 1904 1251 per
1945 1187 2079 1251 quos

492 1275 605 1330 ha-e
627 1276 736 1344 ipsa
754 1289 869 1344 quae
896 1287 1035 1329 nunc
1065 1289 1093 1328 a
1123 1272 1440 1329 Christianis
1461 1283 1646 1328 eorum
1676 1273 1956 1327 simulacra
1989 1287 2074 1341 pa-

491 1368 709 1427 tiuntur,
766 1365 939 1421 futura
975 1365 1237 1436 przedixit.
1265 1363 1389 1420 Sive
1416 1364 1556 1418 enim
1611 1364 1797 1434 Angeii
1843 1361 1910 1417 ad
1959 1359 2077 1418 illos

491 1459 782 1528 Prophetas
811 1457 958 1512 missi
985 1457 1108 1522 sint,
1133 1457 1220 1527 qui
1237 1457 1315 1511 eis
1331 1456 1495 1511 Deum
1521 1455 1755 1509 omnium
1778 1455 2076 1510 creatore-in

490 1566 653 1605 unum
684 1565 866 1605 verum
899 1549 1084 1612 Deum,
1137 1548 1220 1602 eui
1254 1548 1500 1601 univcha
1552 1546 1786 1614 subjecta
1849 1551 1994 1612 sunt,
2025 1553 2078 1599 et

490 1659 586 1713 per
621 1641 949 1696 sensibilium
999 1651 1176 1694 rerum
1229 1639 1522 1710 congruam
1567 1637 1802 1707 speciem
1855 1636 2077 1706 figurate

489 1733 850 1798 ostenderent,
875 1740 927 1788 et
961 1729 1404 1802 quemadmodum
1431 1734 1488 1784 ἐρ
1511 1730 1610 1784 coli
1641 1729 1970 1800 przecipcret,
2000 1728 2078 1782 ina-

489 1826 764 1890 dicarem;
794 1824 904 1880 sive
933 1825 1228 1895 aliquorum
1259 1825 1312 1878 in
1344 1824 1422 1877 eis
1446 1834 1651 1878 mentes
1675 1837 1769 1892 per
1819 1821 2074 1891 Spiritum

490 1928 728 1972 sanctum
749 1918 818 1971 ita
842 1914 1138 1972 sublimata:
1161 1916 1286 1981 sint,
1315 1923 1370 1970 ut
1391 1930 1456 1970 eo
1475 1915 1589 1969 visu
1606 1930 1668 1969 ea
1692 1914 1952 1974 viderent,
1972 1929 2078 1984 quo

501 2020 556 2066 et
587 2011 686 2082 ipsi
714 2011 897 2081 Angeli
928 2009 1110 2065 vident
1139 2026 1152 2062 :
1179 2013 1386 2064 constat
1409 2013 1583 2062 tamen
1611 2023 1704 2062 eos
1735 2007 1808 2062 illi
1839 2005 1948 2062 Deo
1965 2021 2078 2062 ser—

491 2103 649 2167 visse,
674 2103 760 2172 qui
805 2101 941 2155 alios
987 2101 1116 2155 deos
1159 2099 1261 2154 coli
1295 2100 1598 2169 prOhibuit;
1633 2099 1862 2154 servisse
1897 2108 2075 2155 autem

395 2199 404 2202 ·
491 2192 592 2246 fide
611 2193 817 2261 pietatis
834 2192 886 2246 'm‘
928 2205 1091 2262 regno
1113 2199 1170 2246 et
1194 2189 1495 2246 sacerdotio
1521 2185 1827 2260 reipublica:
1867 2203 1996 2256 suae,
2025 2201 2078 2246 et

488 2287 755 2343 Christum
772 2297 1054 2342 venturum
1078 2293 1258 2340 verum
1277 2289 1458 2355 regem
1475 2297 1538 2339 ac
1554 2279 1888 2340 sacerdotem
1913 2283 2079 2355 signi-

492 2380 768 2434 ficantibus
793 2382 976 2435 sacris.

489 2470 712 2528 CAPUT
752 2471 915 2526 XXV.
945 2501 1016 2513 --
1041 2471 1129 2526 Dii
1158 2471 1278 2544 falsi
1299 2472 1427 2527 alios
1452 2472 1551 2527 ’coli
1571 2477 1738 2528 aecum
1763 2488 1864 2526 non
1901 2467 2078 2544 profit-

561 2565 689 2619 bent.
720 2564 881 2619 Deum
911 2564 1075 2619 Israel
1114 2576 1218 2619 esse
1269 2565 1430 2618 Deum
1480 2575 1648 2619 verum
1678 2565 1988 2619 coittvmcitur
2017 2580 2081 2618 ea:

561 2659 793 2727 operibus
817 2659 926 2729 ejus
947 2667 996 2712 et
1013 2658 1270 2729 prwdictis
1297 2669 1344 2712 ct
1367 2657 1609 2730 impletis.

559 2752 646 2806 58.
692 2752 857 2807 POrro
877 2759 1053 2807 autem
1073 2754 1124 2806 in
1141 2752 1242 2806 diis
1263 2750 1509 2808 Gentium
1537 2749 1704 2824 (quos
1732 2750 1815 2806 isti
1839 2751 1962 2805 dum
1990 2765 2081 2806 co-

491 2847 601 2902 lere
627 2845 831 2911 voiunt,
863 2846 1010 2900 ilium
1033 2845 1122 2915 qui
1150 2860 1271 2900 cum
1297 2844 1412 2899 istis
1438 2844 1542 2900 coli
1566 2853 1670 2898 non
1694 2847 1887 2913 p'otcSt,
1904 2845 2082 2899 colere

489 2939 735 3010 nolunt),
767 2937 945 2994 dicant
974 2937 1100 3009 quid
1129 2952 1305 2993 causa:
1332 2945 1417 2993 est
1445 2946 1501 2992 ut
1524 2935 1697 2991 nullus
1718 2953 1904 2992 eorum
1930 2937 2072 2991 inve.

489 3033 664 3087 niatur
692 3031 778 3102 qui
797 3031 1022 3085 alterum
1052 3030 1156 3084 coli
1183 3029 1483 3101 prohibeat,
1502 3023 1625 3084 cum
1652 3041 1746 3084 eos
1773 3029 1822 3083 in
1854 3029 2082 3085 diversis

488 3123 680 3179 ofilciis
711 3121 1126 3191 muneribusque
1155 3122 1498 3184 constituant,
1527 3129 1579 3175 et
1610 3119 1770 3176 rebus
1797 3119 1862 3174 ad
1886 3131 2078 3190 quem-

488 3230 592 3285 que
644 3214 858 3284 proprie
909 3213 1304 3283 pertinen'libus
1353 3207 1606 3282 prtesidcs
1635 3214 1755 3268 esse
1804 3211 1988 3267 velint.
2021 3207 2080 3268 Si

489 3307 631 3362 enim
661 3305 867 3376 Jupiter
893 3317 996 3360 non
1051 3301 1298 3376 prohibet
1333 3306 1623 3360 Saturnum
1663 3303 1788 3371 coli,
1821 3305 1942 3376 quia
1977 3305 2083 3362 nOn

487 3408 572 3458 est
600 3401 686 3456 ille
708 3400 888 3466 homo,
907 3400 996 3471 qui
1048 3400 1198 3454 illum
1249 3398 1518 3455 hominem
1548 3401 1754 3470 patrem
1807 3398 1875 3454 de
1915 3415 2083 3470 regno

489 3495 708 3565 expulit,
736 3492 829 3548 sed
846 3499 937 3547 aut
960 3493 1082 3549 coeli
1110 3499 1328 3562 corphs,
1355 3498 1446 3546 aut
1464 3492 1684 3562 spiritus
1709 3491 1940 3561 impicns
1969 3508 2081 3547 coe-

489 3586 597 3640 lmn
615 3593 667 3639 et
688 3595 883 3640 terram
913 3600 928 3650 ;
961 3594 1011 3639 et
1037 3584 1154 3638 ideo
1173 3600 1276 3638 non
1302 3592 1476 3654 potest
1504 3582 1790 3653 prohibere
1817 3583 1918 3638 coli
1937 3601 2082 3639 men-

491 3687 597 3733 tem
619 3693 925 3746 supernam,
955 3690 1019 3732 ex
1049 3693 1149 3748 qua
1176 3677 1372 3732 dicitur
1400 3691 1706 3741 emanasse:
1741 3675 1785 3731 si
1816 3691 1878 3732 ea
1911 3678 2080 3732 ratio-

492 3785 560 3824 ne
587 3787 685 3825 nec
713 3770 974 3824 Saturnus
1000 3769 1189 3823 Jovem
1216 3769 1318 3824 coli
1347 3768 1615 3839 prohibet,
1653 3769 1774 3839 quia
1799 3783 1902 3824 non
1930 3769 1996 3823 ab
2017 3772 2082 3824 eo

494 3861 784 3916 rebellante
804 3869 1083 3930 superatus
1107 3869 1210 3926 est,
1235 3860 1372 3914 sicut
1396 3860 1488 3916 ille
1523 3877 1550 3914 a
1579 3860 1709 3915 Jove
1740 3860 1921 3916 nescio
1951 3875 2077 3931 quo,

495 3951 647 4022 cujus
663 3968 808 4005 arma
837 3952 1040 4019 fugiens
1062 3951 1207 4006 venit
1233 3952 1283 4004 in
1323 3950 1554 4016 Italiam;
1582 3952 1676 4006 sed
1728 3951 1869 4006 favet
1913 3952 2082 4021 prima

495 4057 646 4097 mens
670 4043 858 4098 animae
879 4057 908 4095 a
954 4057 1012 4096 sc
1045 4043 1237 4112 genita:
1263 4060 1274 4095 :
1305 4043 1494 4097 saltem
1529 4043 1793 4098 Vulcanus
1824 4044 2079 4114 prohibe-

498 4147 584 4192 ret
606 4136 709 4190 coli
726 4135 945 4189 Martem
975 4135 1154 4190 uxoris
1188 4133 1509 4203 adulterum,
1539 4135 1798 4192 llercules
1821 4137 2084 4194 Junonem

497 4229 912 4301 perseentricem
935 4242 1106 4282 suam.
1127 4228 1257 4295 Quae
1282 4228 1383 4282 ista
1415 4228 1554 4282 inter
1577 4241 1671 4283 cus
1700 4235 1782 4284 est
1804 4235 1909 4283 tam
1940 4229 2080 4285 fteda‘

495 4320 798 4386 consensio,
833 4328 1010 4376 utnec
1058 4319 1219 4373 Diana
1250 4320 1397 4389 virgo
1444 4325 1588 4374 casta
1633 4320 1736 4374 cuii
1783 4313 2080 4390 prohibeat,

495 4428 602 4469 non
631 4413 800 4470 dicam
830 4413 1115 4478 Venerem,
1145 4411 1238 4467 sed
1265 4411 1555 4482 Priapum?
1583 4411 1714 4467 Nam
1739 4413 1783 4468 si
1819 4424 1956 4467 unus
1986 4411 2084 4468 ho-

497 4523 588 4563 mo
609 4518 659 4563 et
675 4516 894 4564 venator
915 4515 968 4561 et
981 4507 1212 4577 agricola
1234 4513 1354 4561 esse
1372 4506 1620 4572 voluerit,
1646 4521 1832 4562 servus
1853 4509 1955 4563 erit
1979 4523 2087 4563 am-

497 4601 688 4656 borum
721 4617 734 4652 :
766 4599 958 4669 quibus
984 4607 1162 4653 tamen
1187 4597 1268 4651 vel
1286 4597 1458 4652 Vicina
1475 4599 1670 4667 templa
1696 4597 1956 4654 fabricare
1973 4615 2087 4655 eru-

498 4691 688 4749 bescit.
715 4690 820 4746 Sed
847 4691 1260 4759 interpretentur
1291 4689 1509 4744 Dianam
1535 4691 1782 4745 virtutem
1814 4705 1971 4760 quam
1991 4707 2086 4747 vo-

501 4785 633 4851 lunt,
686 4783 1096 4853 interpretentur
1121 4792 1175 4836 et
1205 4783 1451 4853 Priapum
1483 4781 1819 4837 fecunditatis
1861 4783 2018 4837 deum
2041 4783 2084 4849 ’,

501 4879 575 4933 ita
599 4891 728 4932 sane
757 4883 815 4931 ut
852 4875 908 4929 in
934 4871 1161 4929 fetandis
1186 4873 1393 4928 feminis
1415 4873 1606 4944 pudeat
1625 4874 1888 4930 Junoneni
1921 4875 2084 4929 talem

1281 235 1366 293 ne
1404 233 1757 293 consessu
1799 223 2446 298 EVANGELISTARUM,
2489 229 2546 285 s.
2590 217 2953 288 AUGUSTtNl

3657 233 3763 294 1060

2187 329 2240 400 et
2353 362 2472 428 esse
2499 364 2679 403 verum
2702 363 2766 428 ac
2789 364 3033 405 veracem
3057 349 3242 405 Deum.
3465 415 3476 424 ε

2257 421 2344 497 39.
2377 425 2510 497 istos
2536 431 2712 520 auiem
2732 419 3067 520 iatnpaucos
3093 429 3313 498 deorum
3350 419 3658 520 multorum
3680 419 3758 500 ia-

2185 533 2472 606 soruiiiq‘u'e
2497 517 2748 600 culiores,
2777 517 2896 607 quis
2942 531 3053 591 lion
3073 527 3291 593 iniretur
3325 517 3491 594 nollé
3510 525 3763 610 obtempe-
3826 545 3827 548 “

2185 646 2304 686 rare
2329 631 2420 695 illi,
2441 630 2505 685 de
2525 647 2630 700 quo
2645 646 2766 684 cum
2793 630 2861 684 ab
2879 631 2962 686 eis
2977 621 3232 701 quaeritur
3251 623 3522 700 quisnam
3545 630 3613 685 sit
3635 607 3768 699 beas,

2183 723 2458 795 quodlibet
2485 717 2752 794 opinartdb‘
2772 711 3113 795 respondeat,
3144 714 3307 778 libum
3343 717 3546 778 tamen
3564 726 3678 778 esse
3697 743 3772 781 ne-

2184 831 2309 886 gare
2363 807 2470 870 non
2517 816 2749 871 audent?
2774 817 2893 887 quia
2945 818 2990 870 si
3039 825 3251 885 negent,
3277 817 3557 886 operibus
3587 817 3699 884 ejus
3724 831 3767 874 et

2185 901 2451 976 pradicas
2476 901 2632 978 atque
2657 891 2933 979 υόιημίειὶέ
2959 897 3205 979 Γάὸίῐῐίιὴίξ
3224 895 3652 963 convincuntur.
3682 899 3770 966 Ne.

2183 992 2285 1068 q'ue
2314 998 2456 1054 enim
2478 977 2702 1064 caidico,
2735 977 2850 1070 qum
2883 995 3106 1054 liberum
3141 977 3238 1054 ’sibi
3272 987 3482 1072 putant
3531 993 3652 1055 esse
3685 1016 3769 1057 non

2182 1079 2422 1158 credere,
2446 1089 2566 1160 quia
2599 1089 2778 1161 ipsein
2805 1089 3059 1162 principio
3087 1075 3208 1146 fecit
3236 1075 3448 1172 cdelu'm
3481 1099 3538 1166 et
3567 1081 3763 1160 iet-ram,

2183 1178 2236 1237 ei
2261 1181 2435 1236 omnia
2466 1181 2583 1252 quae
2628 1181 2682 1236 iri
2723 1183 2801 1236 eis
2829 1189 2952 1237 Sttnt
2973 1181 2992 1254 (
3015 1179 3140 1238 Cen.
3166 1189 3181 1236 i
3273 1171 3478 1252 Neque
3512 1171 3603 1236 illa
3633 1181 3768 1238 niiitis

2181 1275 2418 1347 atttiqua,
2451 1276 2592 1346 quod
2619 1263 2800 1332 Enocli
2829 1275 3097 1332 transiitlit
3118 1276 3136 1350 (
3158 1275 3240 1330 Id.
3267 1271 3318 1341 ir,
3353 1273 3433 1331 2-5
3461 1271 3503 1346 Ῑ,
3529 1269 3668 1348 quod
3687 1278 3770 1332 int-

2184 1367 2298 1438 pios
2350 1367 2548 1423 diluvio
2590 1353 2809 1434 delevit,
2856 1367 2999 1439 quod
3035 1355 3148 1446 Noe
3197 1365 3408 1438 justum
3464 1363 3768 1438 (initiumque

2182 1462 2297 1531 ejus
2321 1457 2417 1532 'pci'
2447 1461 2645 1532 lignum
2674 1461 2798 1517 inde
2817 1461 3058 1516 liberavit
3084 1455 3209 1531 (Id.
3231 1465 3304 1515 vn‘
3328 1461 3374 1532 ).
3416 1449 3504 1514 Al)
3523 1451 3766 1515 Abraham

2182 1555 2234 1609 in
2264 1553 2567 1610 hominibus
2595 1549 2729 1608 facta
2756 1553 2871 1632 ejus
2891 1552 3160 1608 exordior.
3193 1552 3326 1607 Huic
3351 1551 3507 1606 enim
3534 1537 3671 1606 facta
3696 1563 3765 1605 est

2181 1651 2277 1715 per
2297 1647 2593 1717 angeliCun‘i
2625 1643 2895 1702 oraculum
2950 1641 3226 1702 inanifcsta'
3271 1645 3593 1716 promissio,
3622 1643 3757 1715 quam

2183 1756 2321 1795 nunc
2350 1738 2592 1795 videmus
2616 1735 2842 1809 ini'pieri.
2869 1735 3000 1793 lluic
3029 1738 3224 1809 quippe
3245 1737 3459 1793 dictum
3491 1743 3596 1803 est,
3621 1733 3679 1788 Ia’
3700 1753 3763 1790 se.

2183 1831 2316 1884 mine
2345 1821 2430 1884 tuo
2475 1825 2827 1885 benedicentur
2871 1837 3040 1884 omnes
3090 1815 3304 1902 Ceutes(
3336 1819 3426 1882 Id.
3468 1829 3598 1895 ix",
3631 1813 3690 1884 18
3709 1830 3761 1896 )z

2181 1933 2244 1978 ex
2262 1922 2412 1994 'cnjus
2439 1923 2643 1979 Semine
2666 1923 2893 1994 populus
2917 1921 3098 1989 Israel,
3121 1915 3262 1978 unde
3286 1921 3449 1991 virgo
3473 1909 3636 1975 Maria
3657 1924 3756 1989 qua:

2186 2015 2388 2084 peperit
2419 2011 2712 2081 Christian,
2738 2015 2788 2068 in
2817 2019 2920 2084 quo’
2967 2007 3205 2068 benedici
3233 2015 3432 2068 omnes
3463 2001 3661 2067 Gentes
3684 2025 3760 2064 au-

2182 2101 2343 2162 deant
2363 2109 2471 2177 jam
2496 2111 2688 2177 negare
2716 2105 2758 2160 Si
2787 2105 3022 2176 possunt.
3060 2105 3184 2159 llaec
3211 2103 3512 2176 promissio
3555 2097 3762 2156 factaest

2183 2199 2342 2253 etiam
2371 2189 2438 2252 ad
2483 2197 2629 2252 lSaac
2658 2195 2824 2251 filiuni
2851 2195 3115 2266 Abraha:(
3144 2182 3233 2249 Id.
3257 2191 3412 2259 “ﬁt,
3441 2193 3479 2249 4
3501 2192 3542 2266 ).
3571 2183 3685 2247 Iheb
3720 2200 3760 2247 et

2183 2283 2248 2344 ad
2305 2285 2469 2344 Iacob
2519 2294 2770 2359 nepotem
2821 2281 3205 2357 AbraltzeUd.
3262 2283 3458 2351 iisut,
3521 2275 3587 2339 14
3616 2284 3656 2355 ),
3684 2282 3756 2352 qui

2185 2386 2344 2438 etiam
2375 2377 2533 2437 Israel
2563 2382 2859 2451 appellatus
2889 2387 2991 2445 est,
3021 2383 3085 2435 ex
3114 2379 3217 2450 quo
3239 2377 3535 2436 Universos
3557 2379 3642 2433 ille
3677 2381 3759 2446 po-

2183 2474 2342 2546 pulus
2368 2482 2421 2528 et
2438 2479 2754 2543 propagatus
2779 2481 2835 2527 et
2863 2463 3168 2526 nominatas
3191 2475 3293 2536 est,
3328 2480 3391 2525 ut
3409 2467 3567 2538 htljus
3599 2467 3751 2538 populi

2187 2567 2328 2622 Deus
2353 2565 2710 2636 appellaretur
2728 2564 2865 2619 Deus
2893 2561 3054 2619 l3ra'el
3084 2581 3096 2616 :
3130 2573 3235 2618 non
3262 2562 3412 2633 quod
3443 2562 3561 2633 ipse
3583 2565 3680 2614 non
3701 2557 3756 2612 sit

2189 2661 2328 2717 Deus
2355 2659 2594 2714 omnium
2654 2653 2924 2723 Gentium,
2963 2658 3080 2712 sive
3109 2656 3493 2723 nescientimn,
3524 2657 3628 2709 Sive
3663 2651 3751 2720 iam

2187 2751 2500 2817 scientiam;
2535 2750 2627 2806 sed
2657 2749 2780 2822 quia
2808 2751 2860 2804 in
2885 2750 2985 2803 isto
3007 2743 3205 2819 popqu
3230 2748 3406 2802 voluit
3434 2739 3740 2800 manifestius

2186 2855 2444 2916 apparere
2466 2844 2711 2899 virtutem
2741 2843 3121 2913 promissorum
3145 2846 3387 2896 suorum.
3417 2838 3511 2896 me
3526 2835 3656 2892 clihn
3677 2847 3748 2903 po-

2187 2940 2342 3009 pulus
2373 2938 2611 3008 primoin
2642 2925 2874 3008 Egypto
2896 2927 3292 3005 multiplicatus,
3313 2943 3370 2990 et
3403 2933 3470 2988 de
3499 2929 3582 2986 illa
3607 2923 3748 2983 sei-ri-

2188 3033 2298 3086 tute
2328 3045 2419 3100 per
2443 3027 2658 3101 Moysen
2682 3028 2733 3083 in
2762 3017 2945 3083 multis
2973 3028 3139 3100 signis
3167 3028 3544 3099 portentisque
3569 3022 3737 3076 libera-

2188 3124 2294 3188 tus,
2329 3113 2608 3177 debellatis
2657 3113 2898 3191 pllit‘itttis
2947 3113 3206 3174 Gentibus
3232 3123 3437 3173 terram
3468 3115 3620 3172 etiam
3646 3113 3742 3181 pra-

2187 3213 2458 3269 missionis
2475 3211 2699 3283 accepit,
2732 3212 2786 3267 in‘
2813 3210 2915 3283 qua
2955 3208 3193 3281 regnavit
3222 3225 3318 3280 per
3359 3215 3518 3279 reges
3554 3209 3666 3260 suos
3687 3199 3741 3254 tle

2190 3305 2325 3363 tribu
2354 3305 2486 3362 Juda
2509 3315 2742 3362 exertos.
2780 3305 2881 3373 Qui
2910 3304 3075 3360 Judas
3101 3307 3236 3359 unus
3255 3291 3350 3358 fuit
3381 3315 3447 3358 ex
3495 3294 3740 3355 duodecim

2189 3395 2306 3454 filiis
2328 3387 2490 3454 lsracl
2520 3399 2728 3469 nepotis
2755 3389 3014 3463 Abrahte;
3042 3403 3202 3468 atque
3224 3396 3351 3452 inde
3379 3389 3548 3453 ludat
3567 3403 3738 3461 cogno-
3826 3399 3827 3410 ‘

2187 3491 2392 3555 minati,
2427 3491 2588 3545 multa
2623 3491 2736 3560 ipso
2761 3487 2868 3544 Deo
2895 3481 3178 3559 adjuvante
3209 3483 3472 3552 fecerunt,
3497 3483 3647 3540 multa
3665 3485 3738 3550 pro

2187 3581 2421 3653 peccatis
2447 3581 2557 3636 suis
2585 3581 2699 3649 ipso
2730 3579 3028 3651 flagellante
3055 3577 3293 3652 perpessi
3321 3586 3467 3642 sunt,
3489 3571 3646 3630 donec
3670 3583 3737 3622 rc-

2187 3679 2328 3732 nirct
2353 3692 2536 3732 semen
2563 3675 2648 3730 cui
2676 3676 2991 3745 promissum
3013 3682 3114 3738 est,
3141 3674 3192 3727 in
3211 3688 3319 3743 quo
3331 3670 3736 3727 benedicerenlur

2187 3783 2373 3825 omnes
2397 3779 2601 3838 gentes,
2643 3774 2696 3822 ct
2722 3773 2934 3838 patrum
2976 3775 3193 3822 sdorum
3248 3761 3534 3820 simulacra
3578 3764 3733 3828 Spome

2186 3860 2607 3930 confringerent.

2185 3949 2413 4007 CAPUT
2456 3949 2646 4006 XXVI.
2676 3945 3077 4005 -έΙάοΙόΙαει-ἰα
3125 3966 3211 4021 per
3252 3948 3441 4003 Christi
3491 3958 3650 4000 nomen
3687 3944 3725 3988 ει

2349 4045 2755 4100 Christianorum
2779 4045 2932 4113 fidem
2947 4045 3104 4112 juxta
3125 4042 3422 4114 prophetia:
3437 4049 3612 4095 eversa.-

2258 4139 2348 4195 40.
2378 4138 2559 4210 Neque
2580 4139 2722 4194 enim
2759 4136 3088 4208 temporibus
3121 4131 3460 4196 'christianis,
3489 4127 3578 4185 sed
3615 4129 3732 4178 tanta

2188 4245 2312 4289 ante
2341 4234 2652 4304 p‘raadictum
2675 4240 2757 4288 est
2801 4230 2944 4302 quod
2985 4241 3082 4302 per
3127 4228 3464 4285 Christianos
3500 4220 3727 4290 intpletur.

2191 4328 2295 4399 ipsi
2318 4328 2485 4384 Judrei
2506 4327 2597 4399 qui
2627 4332 3001 4382 remanserunt
3035 4322 3234 4378 inimici
3278 4321 3512 4377 nominis
3546 4307 3722 4370 Bittis”.

2190 4422 2258 4477 de
2284 4437 2510 4491 quorum
2555 4422 2714 4476 etiam
2739 4419 2914 4475 futura
2939 4417 3156 4488 perfidia
3210 4417 3268 4472 in
3312 4416 3424 4471 illis
3444 4402 3725 4486 propheticis

2192 4517 2640 4572 Litteristacitnm
2667 4527 2772 4570 non
2795 4523 2895 4579 est,
2920 4514 3019 4584 ip9i
3052 4513 3316 4567 habentet
3335 4505 3510 4580 legunt
3539 4497 3728 4574 vi!!er

2193 4618 2301 4664 tam
2329 4609 2592 4664 dicentem
2627 4625 2641 4663 :
2670 4607 2889 4662 Domine
2922 4604 3064 4660 Deus
3086 4605 3250 4670 mw;
3273 4611 3318 4657 et
3341 4595 3582 4672 refugium
3594 4599 3727 4647 meum

2191 4705 2245 4755 in
2273 4702 2355 4756 die
2394 4702 2667 4767 mutorum,
2691 4701 2757 4754 ad
2779 4707 2826 4755 te
2850 4707 3017 4772 gentes
3046 4697 3238 4751 partem
3259 4695 3321 4750 ab
3357 4700 3566 4750 επιτενπο
3589 4693 3720 4741 ΗΓῙῆ

2193 4805 2241 4850 et
2265 4796 2451 4862 dicent,
2475 4795 2601 4850 Vere
2620 4794 2880 4849 mendacia
2906 4791 3166 4847 beluarum
3186 4794 3356 4860 patre":
3375 4785 3526 4844 ﬂbstri
3546 4774 3723 4835 stulttia-

2194 4903 2281 4944 cra
2307 4897 2352 4944 et
2394 4905 2492 4944 non
2515 4898 2584 4943 est
2615 4889 2668 4943 in
2706 4887 2811 4942 illis
2836 4887 3028 4941 milites
3058 4885 3285 4957 (1mm.
3326 4885 3434 4949 lvi;
3467 4877 3530 4936 19
3544 4881 3581 4949 ):
3613 4865 3725 4923 Εεεε

465 5026 474 5036 ,
504 4971 703 5028 habere
728 4971 1047 5040 adjutorem.
1077 4969 1264 5022 Dicant
1285 4967 1428 5037 quod
1457 4971 1646 5038 placet,
1673 4969 2091 5038 interpretentur

503 5064 644 5136 quod
669 5065 917 5134 sapiunt;
949 5062 1076 5117 dum
1107 5069 1284 5115 tamen
1311 5062 1488 5116 omnia
1532 5068 1719 5116 eorum
1779 5052 2088 5133 argumenta

459 5196 476 5244 λ
503 5158 778 5229 perturbet
795 5157 933 5212 Deus
963 5154 1144 5211 lsrael.
1177 5154 1276 5221 Qui
1297 5159 1418 5209 cuni
1446 5153 1561 5208 illus
1584 5167 1768 5208 omnes
1789 5155 1889 5209 cuii
1913 5156 2092 5225 prohi-

504 5250 700 5312 buerit,
731 5258 785 5304 et
808 5263 839 5302 a
862 5247 1006 5302 nullo
1031 5259 1214 5302 eorum
1241 5247 1342 5302 coli
1367 5246 1660 5316 prohibitus
1680 5247 1768 5312 sit,
1798 5255 2092 5319 eorumque

506 5343 804 5398 simulacris
831 5351 886 5396 et
914 5341 1080 5396 sacris
1109 5341 1441 5396 eversionem
1472 5340 1803 5410 praeceperit,
1830 5341 2091 5410 praedisc-

505 5435 596 5500 rit,
625 5433 844 5497 fecerit;
871 5432 1000 5488 satis
1025 5432 1258 5487 ostendit
1283 5433 1403 5488 illos
1457 5431 1620 5487 falsos
1657 5433 1816 5504 atque
1856 5433 2086 5502 fallaces,

2197 4997 2337 5038 "“"°
2362 4983 2438 5049 ﬁ"
2467 4993 2594 5038 θεοθ
2623 4997 2763 5036 "uno
2791 4985 2974 5052 sentes
2994 4979 3062 5036 ab
3089 4981 3332 5036 extremo
3366 4981 3516 5034 term
3537 4963 3717 5025 veniunt

2195 5075 2260 5129 ad
2305 5073 2573 5130 Christum
2620 5075 2717 5128 ista
2750 5073 3007 5138 dicentes,
3037 5075 3090 5127 et
3115 5071 3398 5126 simulacra
3445 5055 3714 5132 frangentes.

2197 5167 2264 5222 Et
2284 5166 2385 5222 hoc
2409 5167 2548 5222 enim
2567 5177 2814 5238 magnum
2839 5173 2941 5231 est,
2971 5163 3114 5234 quod
3140 5163 3282 5218 Deus
3313 5158 3544 5234 pfmstltit
3567 5145 3714 5238 Eisele!

2197 5263 2290 5317 size
2320 5277 2429 5316 sua:
2455 5261 2652 5331 ubique
2667 5236 2897 5327 vdiil‘usas,
2928 5265 2983 5314 ut
3009 5263 3137 5329 gens
3168 5253 3351 5313 Judz‘e'a
3378 5251 3552 5310 merito
3573 5236 3719 5336 ἀφ’·

2198 5356 2303 5411 lata
2331 5367 2384 5409 et
2409 5328 2646 5423 dispersa
2668 5369 2762 5421 per
2795 5361 2984 5417 terras,
3018 5328 3084 5406 ne
3104 5363 3135 5406 a
3162 5347 3316 5406 litabis
3359 5351 3470 5404 llam

2202 5455 2250 5502 ta
2277 5421 2608 5516 putarentur,
2639 5443 2847 5498 codices
2896 5441 3295 5513 prdpiie‘tiitt'nni
3326 5433 3598 5497 nostrarum
3623 5421 3711 5478 πω·

2200 5555 2300 5610 que
2341 5538 2612 5607 portaret1
2637 5553 2651 5602 ;
2676 5544 2732 5591 et
2776 5537 2992 5592 inimica
3017 5535 3140 5592 Γιιαί
3170 5545 3396 5601 inustum,
3431 5528 3566 5590 testis
3600 5519 3715 5593 lieni

2266 5656 2280 5685 ι
2308 5654 2422 5723 {aditi
2450 5649 2677 5703 :(‘odices
2702 5651 3044 5723 prophetarum
3063 5647 3333 5723 hggquyipm
3826 5637 3827 5682 ι

2204 5715 2258 5767 At
2282 5715 2450 5773 plures
2471 5725 2597 5778 Mss.
2623 5711 2978 5774 prdp/téifarum
3002 5713 3288 5769 ηυευωιηῑ.

571 5587 587 5618 ι
614 5583 685 5634 sic
706 5585 756 5636 in
780 5592 882 5634 Mss.
910 5592 963 5634 At
987 5586 1035 5633 in
1060 5585 1218 5642 editis,
1239 5584 1412 5636 colere.

508 5648 723 5757 malm.
739 5671 752 5709 ς
779 5644 1029 5710 foeditatis.
1054 5648 1174 5699 Editi
1197 5656 1359 5700 autem
1389 5647 1468 5698 alii
1493 5655 1544 5701 et
1564 5651 1713 5701 nostri
1731 5649 1856 5716 Mss,
1885 5651 2093 5718 [recondi-
