3878 6300
531 269 672 330 1065

526 394 574 439 et
606 381 909 438 exaltabitur
953 378 1202 432 Dominus
1243 375 1382 430 solus
1419 375 1474 429 in
1512 373 1606 428 illa
1646 373 1745 428 die.
1780 371 1845 427 Et
1878 372 2110 427 manibus

525 474 772 546 fabricata
794 470 964 526 omnia
1000 466 1304 523 abscondent
1331 467 1384 520 in
1411 464 1662 537 speluncis
1681 507 1696 531 ,
1723 474 1769 519 et
1808 465 1861 518 in
1884 463 2116 519 scissuris

527 577 814 636 petrarum,
837 571 884 616 et
911 563 964 616 in
1005 561 1233 615 cavernis
1261 569 1407 614 terra:
1442 575 1474 611 a
1499 558 1630 630 [acie
1659 558 1852 611 timoris
1874 555 2110 623 Domini,

521 665 569 710 et
588 673 620 708 a
643 655 902 725 majestate
928 651 1137 707 Virtutis
1156 653 1284 724 ejus,
1310 667 1424 704 cum
1439 648 1778 704 exsurrexerit
1794 648 2114 720 confringere

523 757 729 802 terram.
759 744 865 799 Illa
893 745 1026 798 enim
1047 744 1128 798 die
1156 743 1385 816 projiciet
1414 742 1563 795 homo
1594 740 1990 794 abominationes
2015 755 2113 792 au-

458 848 467 900 ἱ
521 855 633 892 reas
658 846 704 892 et
732 845 1012 908 argenteas,
1039 849 1151 906 qua:
1175 838 1400 905 fecerunt
1427 841 1483 886 ut
1505 832 1777 886 adorarent
1803 847 2111 900 supervaca-

457 908 469 926 ’
522 946 617 984 nea
653 937 700 983 et
725 927 910 993 noxia;
958 935 1011 979 ut
1058 926 1242 979 intrent
1291 924 1346 977 in
1403 922 1657 993 foramina
1711 920 1890 976 solidae
1935 930 2109 992 petrae,

521 1030 570 1076 et
593 1022 646 1074 in
677 1021 921 1074 scissuras
969 1026 1247 1088 petrarum,
1295 1031 1327 1068 a
1365 1015 1496 1086 facie
1539 1013 1734 1068 timoris
1791 1013 2012 1079 Domini,
2065 1021 2112 1066 et

521 1129 554 1166 a
579 1112 840 1182 majestate
877 1108 1084 1163 Virtutis
1107 1109 1246 1179 ejus,
1274 1123 1390 1161 cum
1413 1107 1750 1161 exsurrexerit
1774 1105 2111 1160 comminuere

442 1199 465 1260 η’
520 1213 704 1257 terram
725 1200 874 1272 (lsai.
905 1217 941 1255 ll
962 1241 976 1267 ,
1008 1199 1182 1270 ὅθι).

519 1337 744 1395 CAPUT
771 1336 962 1392 XXIX.
986 1365 1056 1376 ——
1082 1333 1244 1389 Deum
1265 1333 1433 1389 Israel
1459 1334 1638 1405 quidni
1665 1334 1833 1388 colant
1881 1333 2103 1405 pagani,

590 1432 634 1486 si
674 1446 788 1485 eum
831 1429 907 1484 vel
952 1428 1277 1499 prtepositum
1328 1426 1686 1480 elementorum
1733 1442 1841 1480 esse
1893 1427 2111 1496 opinan-

591 1530 692 1575 tur.

590 1653 677 1707 45.
717 1650 854 1720 Quid
878 1650 1062 1706 dicunt
1085 1649 1152 1705 de
1183 1648 1285 1704 isto
1331 1649 1442 1704 Deo
1481 1647 1704 1704 sabaoth
1726 1689 1740 1713 ,
1773 1647 1915 1718 quod
1941 1647 2108 1703 inter-

517 1754 756 1817 pretatur
778 1744 919 1799 Deus
941 1743 1196 1798 virtutum
1218 1741 1304 1797 vel
1328 1741 1660 1796 exercituum
1685 1756 1700 1806 ;
1732 1740 1854 1811 quia
1883 1739 1961 1794 illi
1985 1754 2104 1795 ser-

515 1840 668 1894 viunt
692 1839 913 1894 virtutes
961 1833 1018 1893 et
1063 1837 1329 1892 exercitus
1371 1833 1740 1906 Angelorurn?
1765 1833 1892 1905 quid
1918 1833 2104 1888 dicunt

514 1933 583 1989 de
612 1932 714 1989 isto
743 1932 852 1987 Deo
877 1930 1037 1986 Israel
1057 1971 1072 1997 ,
1095 1930 1216 2000 quia
1245 1929 1387 1984 Deus
1407 1937 1490 1983 est
1516 1928 1654 1982 illius
1675 1927 1878 1997 populi,
1908 1926 1974 1982 de
2001 1941 2108 1996 quo

513 2024 660 2080 venit
689 2038 869 2078 semen
893 2063 907 2086 ,
939 2021 993 2076 in
1021 2037 1128 2092 quo
1159 2019 1601 2076 benedicerentur
1642 2034 1830 2075 omnes
1873 2018 2109 2074 Gentes?

513 2115 620 2170 Cur
644 2114 813 2169 solum
840 2128 946 2168 non
979 2113 1194 2177 colunt,
1227 2111 1318 2182 qui
1343 2125 1528 2166 omnes
1553 2110 1688 2166 deos
1707 2109 1961 2166 colendos
1988 2123 2108 2164 esse

512 2204 872 2261 contendunt?
899 2218 994 2259 cur
1017 2203 1066 2258 ei
1095 2218 1201 2257 non
1231 2200 1491 2268 credunt,
1521 2201 1612 2271 qui
1640 2200 1774 2255 alios
1792 2199 1922 2255 deos
1944 2198 2107 2254 falsos

512 2306 566 2352 et
584 2295 834 2362 ostendit,
853 2305 907 2350 et
920 2295 1142 2351 evertit?
1167 2293 1357 2348 Audivi
1380 2293 1663 2364 quemdam
1690 2307 1876 2347 eorum
1900 2291 2102 2359 dicere,

511 2401 573 2444 se
604 2387 793 2458 :egisse
821 2386 962 2457 apud
1005 2385 1186 2442 nescio
1223 2400 1380 2456 quem
1415 2383 1826 2454 philosophum,
1858 2383 2000 2455 quod
2039 2399 2106 2440 ex

510 2477 577 2536 iis
601 2493 720 2549 qua
739 2476 906 2533 Judaei
933 2477 986 2531 in
1010 2477 1122 2532 suis
1150 2476 1502 2531 sacramentis
1534 2483 1786 2547 agerent,
1817 2475 2107 2531 intellexis-

510 2578 592 2626 set
611 2559 770 2639 quem
792 2568 958 2624 Deum
978 2567 1254 2624 colerent:
1285 2586 1303 2618 ι
1335 2567 1720 2638 Praepositum,
1745 2567 1948 2637 inquit,
1977 2567 2106 2624 isto-

520 2681 531 2717 '.
581 2679 700 2718 rum
741 2662 1162 2727 elementorum,
1189 2661 1384 2732 quibus
1424 2661 1524 2716 iste
1554 2661 1776 2717 visibilis
1815 2671 1870 2716 et
1913 2676 2106 2733 corpo-

515 2780 520 2785 -
581 2769 704 2810 reus
728 2753 958 2808 mundus
1002 2762 1306 2808 exstructus
1345 2761 1465 2808 est:
1498 2771 1517 2802 ι
1547 2768 1670 2808 cum
1711 2753 1764 2806 in
1813 2751 2103 2824 Scripturis

510 2845 706 2902 sanctis
748 2845 1137 2916 Prophetarum
1177 2843 1292 2914 ejus
1338 2851 1521 2912 aperte
1567 2841 1903 2907 ostendatur,
1955 2842 2102 2897 illum

510 2937 680 2992 Deum
727 2934 1012 2991 colendum
1041 2943 1369 3006 praeceptum
1413 2949 1534 2990 esse
1563 2935 1761 3004 populo
1791 2933 1984 3001 Israel,
2013 2939 2102 3005 qui

513 3024 636 3082 fecit
657 3025 849 3080 omium
892 3033 946 3078 et
977 3033 1175 3079 terram
1194 3065 1208 3089 ,
1235 3033 1290 3078 et
1317 3039 1346 3077 a
1385 3038 1492 3093 quo
1529 3032 1613 3078 est
1652 3025 1826 3078 omnis
1855 3040 1979 3080 vera
2009 3040 2099 3081 sa-

509 3116 729 3187 pientia.
751 3114 856 3171 Sed
882 3114 1007 3185 quid
1028 3130 1161 3184 opus
1181 3123 1266 3170 est
1288 3114 1412 3170 hinc
1438 3114 1638 3195 diutjus
1657 3115 1952 3185 disputare,
1976 3133 2098 3173 eum

507 3206 578 3263 ad
605 3205 660 3262 id
683 3205 824 3278 quod
853 3220 952 3277 ago
977 3205 1241 3273 sufliciat,
1279 3205 1423 3276 quod
1463 3205 1537 3260 illi
1563 3206 1799 3276 qualibet
1839 3223 2099 3278 prmsum-

507 3301 691 3372 ptione
714 3299 998 3369 opinantur
1027 3297 1094 3354 de
1121 3299 1209 3354 illo
1231 3298 1362 3366 Deo,
1387 3313 1543 3369 quem
1568 3299 1735 3354 Deum
1764 3315 1885 3357 esse
1905 3317 2102 3374 negare

507 3406 618 3447 non
661 3392 915 3462 possunt?
942 3389 999 3447 Si
1047 3390 1190 3446 enim
1233 3391 1546 3461 praepositus
1585 3401 1668 3446 est
1715 3392 2099 3449 elementorum

506 3483 698 3555 quibus
723 3483 954 3539 mundus
975 3484 1074 3538 iste
1100 3482 1377 3549 consistit,
1408 3498 1504 3538 cur
1529 3497 1634 3538 non
1667 3483 1780 3554 ipse
1803 3486 1978 3555 potius
2003 3502 2100 3541 co-

509 3574 653 3642 litur,
690 3591 847 3646 quam
890 3574 1196 3644 Neptunus,
1228 3574 1320 3644 qui
1368 3574 1536 3630 solius
1580 3577 1744 3630 maris
1785 3577 2101 3646 praepositus

506 3667 628 3725 est?
657 3683 815 3739 quam
859 3667 1093 3738 denique
1137 3666 1421 3731 Silvanus,
1451 3668 1541 3737 qui
1585 3667 1822 3724 solorum
1849 3684 2098 3740 agrorum

506 3769 667 3832 atque
695 3761 982 3816 silvarum?
1003 3775 1163 3831 quam
1189 3758 1318 3826 Sol,
1344 3759 1437 3830 qui
1464 3759 1632 3816 solius
1659 3759 1802 3827 diei,
1827 3761 1910 3816 vel
1935 3762 2098 3817 etiam

506 3853 742 3909 universi
786 3851 1022 3908 caelestis
1064 3850 1297 3906 caloris?
1323 3865 1492 3926 quam
1535 3850 1714 3917 Luna,
1765 3867 1883 3922 qum
1933 3852 2099 3910 solius

508 3944 704 4010 noctis,
732 3942 819 3997 vel
847 3942 1008 3996 etiam
1036 3940 1277 3996 humoris
1303 3949 1567 4010 potestate
1591 3941 1911 4012 praefulget?
1936 3958 2095 4014 quam

508 4034 681 4102 Juno,
720 4048 842 4104 quae
889 4033 1065 4088 solum
1113 4046 1293 4088 aerem
1341 4039 1524 4088 tenere
1572 4033 1915 4104 perhibetur?
1937 4033 2099 4092 Certe

507 4125 650 4180 enim
673 4123 759 4179 isti
783 4123 1011 4194 partium
1032 4122 1334 4195 praepositi,
1357 4123 1680 4194 quicumque
1705 4134 1849 4192 sunt,
1879 4141 2100 4183 necesse

507 4223 592 4272 est
617 4222 674 4271 ut
698 4214 796 4270 sub
822 4214 914 4270 illo
939 4213 1048 4268 sint
1065 4255 1081 4283 ,
1108 4212 1198 4284 qui
1227 4215 1466 4268 omnium
1491 4213 1876 4269 elementorum
1904 4226 1957 4270 et
1978 4216 2097 4271 uni-

506 4322 678 4363 versae
708 4306 865 4375 hujus
892 4305 1048 4361 molis
1091 4305 1497 4376 prteposituram
1533 4305 1690 4376 gerit.
1721 4307 1791 4360 At
1836 4307 1937 4363 iste
1979 4308 2099 4365 illos

506 4414 696 4457 omnes
719 4399 823 4456 coli
847 4399 1095 4470 prohibet
1119 4416 1133 4452 :
1156 4413 1253 4454 cur
1276 4413 1404 4470 ergo
1433 4397 1522 4452 isti
1547 4407 1732 4454 contra
1769 4408 2098 4469 praeceptum

507 4491 728 4562 majoris
766 4491 1008 4557 illorum,
1050 4505 1158 4547 non
1187 4490 1362 4546 solum
1401 4504 1496 4546 eos
1535 4490 1713 4546 colere
1755 4491 1971 4558 volunt,
2002 4491 2098 4548 sed

509 4592 724 4654 propter
753 4583 884 4638 istos
905 4583 1052 4638 illum
1073 4583 1298 4638 nolunt?
1322 4581 1514 4638 Adhuc
1541 4598 1647 4638 non
1676 4583 1954 4639 inveniunt
1972 4584 2099 4654 quid

507 4672 576 4729 de
605 4673 708 4728 isto
735 4673 846 4728 Deo
874 4673 1034 4730 Israel
1050 4681 1362 4730 constanter
1381 4674 1688 4746 liquidoque
1713 4678 2095 4746 pronuntient;

509 4783 611 4824 nec
638 4781 872 4838 unquam
902 4767 1210 4834 invenient,
1241 4767 1413 4822 donec
1447 4782 1570 4823 eum
1614 4767 1885 4825 inveniant
1930 4770 2099 4825 Deum

491 4863 684 4987 'solum
709 4875 923 4928 verum,
954 4875 986 4915 a
1009 4875 1115 4932 quo
1145 4869 1322 4916 creata
1349 4870 1474 4915 sunt
1503 4860 1703 4916 omnia.

479 4989 736 5085 ,CAPUT
777 4994 948 5051 XXX.
975 5023 1048 5036 —-
1075 4992 1213 5048 Deus
1247 4991 1412 5047 Israel
1440 4993 1657 5063 impletis
1684 4995 1962 5066 prapltetiis
1984 4996 2098 5066 jam

1079 5086 1262 5156 ubique
1288 5085 1524 5140 innotuit.

475 5161 486 5228 ἵ
581 5203 670 5260 46.
711 5201 941 5259 Proinde
987 5199 1202 5273 quidam
1255 5197 1500 5253 Lucanus
1546 5212 1770 5269 magnus
1812 5214 1996 5256 eorum
2045 5201 2100 5257 in

509 5297 746 5354 carmine
772 5296 1122 5363 declamator,
1150 5293 1312 5350 credo
1337 5302 1392 5348 et
1417 5293 1533 5364 ipse
1556 5292 1646 5349 diu
1673 5309 1922 5366 querens
1941 5336 1956 5364 ,
1987 5297 2099 5353 sive

509 5406 608 5463 per
638 5407 763 5448 suas
789 5390 1138 5462 cogitationes
1157 5429 1172 5454 ,
1199 5389 1312 5443 sive
1339 5402 1435 5457 per
1475 5401 1693 5442 suorum
1723 5389 1890 5444 libros
1911 5430 1924 5456 ,
1949 5390 2098 5462 quis-

510 5497 634 5537 nam
664 5490 806 5538 esset
829 5480 1139 5536 Judteorum
1171 5479 1341 5545 Deus;
1373 5486 1428 5534 et
1456 5479 1578 5550 quia
1608 5495 1714 5534 non
1758 5480 1844 5552 pie
1890 5496 2099 5553 quaere-

511 5570 637 5639 bat,
665 5587 770 5628 non
822 5572 1144 5637 inveniens;
1173 5569 1357 5624 maluit
1407 5576 1583 5624 tamen
1622 5570 1883 5628 incertum
1933 5573 2098 5628 Deum

512 5679 670 5734 quem
712 5680 820 5720 non
866 5665 1204 5730 inveniebat,
1233 5678 1391 5732 quam
1436 5663 1640 5718 nullum
1686 5666 1849 5722 Deum
1879 5667 2058 5724 dicere
2080 5709 2094 5735 ,
2152 5650 2163 5694 I’
2206 5656 2401 5713 (Ποίων
2431 5659 2608 5729 Plures
2637 5663 2774 5719 “"05
2800 5664 3028 5724 ἀθδθτῑω
3058 5650 3290 5738 futuros;
3326 5685 3473 5744 quam
3503 5667 3599 5739 eius
3619 5671 3705 5732 ηπ
3802 5650 3803 5704 Τ

515 5755 667 5828 cujus
695 5765 803 5820 tam
825 5772 1016 5832 magna
1041 5756 1358 5815 documenta
1379 5755 1659 5815 sentiebat.
1695 5758 1786 5817 Ait
1807 5761 1952 5820 enim
1980 5780 1994 5818 :

1987 5889 2042 5901 ιυρ-

1329 262 1417 318 DE
1454 259 1802 318 CONSENSU
1844 257 2493 332 EVANGELISTARUM,
2534 264 2591 320 S.
2632 263 3002 323 AUGUSTINI

2653 382 2707 426 Ει
2725 377 2889 430 dedita
2909 382 3058 432 sacris

2377 438 2550 487 Incerti
2571 437 2732 488 Judaea
2753 441 2855 490 Dei.

2747 520 3003 584 (Lucanus,
3030 524 3113 576 lib.
3139 527 3187 590 2,
3208 530 3299 580 sub
3319 530 3500 600 ﬁnem.)

2220 595 2290 652 Et
2317 599 2549 654 nondum
2582 601 2718 657 Deus
2758 603 2858 660 iste
2882 618 3096 664 sanctus
3139 620 3193 666 et
3231 595 3388 671 verus
3422 595 3550 677 Deus
3584 623 3727 697 Israel,

2222 689 2458 785 nonidum
2489 706 2581 761 per
2601 692 2797 750 Christi
2821 712 3016 754 nomen
3044 709 3186 757 tanta
3215 704 3270 759 in
3293 710 3531 768 omnibus
3549 689 3732 785 gentibus

2221 777 2442 848 fecerat,
2464 793 2662 853 quanta
2688 801 2857 858 usque
2882 788 2933 844 in
2961 790 3278 851 hodiernum
3303 799 3443 856 diem
3593 808 3734 868 Lucam

2220 877 2464 940 tempora
2493 886 2776 932 consecuta
2821 889 2965 936 sunt.
2992 881 3146 940 Nunc
3185 902 3315 944 vero
3356 894 3470 962 quis
3507 904 3598 952 tam
3618 900 3734 958 durus

2218 965 2634 1059 nonﬂectatur?
2658 973 2778 1040 quis
2809 981 2916 1028 tam
2947 978 3186 1055 torpidus
3217 982 3236 1012 ί
3266 998 3372 1039 non
3397 986 3625 1059 ignescat,
3649 1010 3732 1050 cum

2220 1054 2470 1152 impletur
2501 1061 2641 1130 quod
2671 1065 2927 1133 scriptum
2955 1077 3059 1135 est,
3089 1071 3208 1140 quia
3239 1090 3340 1129 non
3381 1054 3452 1132 est
3481 1081 3558 1152 qui
3587 1054 3632 1138 se
3656 1086 3733 1141 aln-

2219 1149 2403 1205 condat
2432 1169 2464 1205 a
2503 1154 2675 1209 calore
2696 1156 2847 1226 ejus?
2870 1161 3082 1229 quando
3101 1162 3213 1232 jam
3234 1149 3519 1226 clarissima
3538 1174 3635 1230 luce
3655 1194 3734 1232 ma-

2217 1239 2538 1299 nifestantur
2577 1259 2695 1315 qua:
2723 1247 2778 1301 in
2805 1249 2994 1306 eodem
3025 1254 3266 1323 psalmo,
3311 1259 3451 1316 unde
3487 1266 3734 1325 versiculum
3802 1279 3803 1325 l

2223 1332 2386 1388 istum
2414 1340 2866 1408 commemoravi,
2899 1350 3048 1399 tanto
3075 1354 3200 1402 ante
3225 1350 3475 1418 praedicta
3499 1357 3735 1416 suntme-

2217 1424 2394 1481 lorum
2421 1427 2564 1482 enim
2593 1429 2809 1486 nomine
2837 1433 3082 1502 Apostoli
3109 1436 3314 1494 Christi
3337 1441 3591 1512 signiﬁcati
3620 1460 3732 1517 sunt,

2218 1517 2360 1586 quod
2397 1517 2449 1573 in
2486 1520 2566 1575 eis
2596 1521 2736 1577 Deus
2774 1525 3120 1596 praesideret,
3151 1539 3209 1585 ut
3232 1532 3559 1605 Evangelium
3579 1554 3733 1596 annuu-

2219 1609 2432 1665 tiarent.
2474 1609 2592 1666 Jam
2613 1629 2743 1685 ergo
2779 1616 2900 1672 coeli
2939 1632 3328 1678 enarraverunt
3347 1625 3556 1696 gloriam
3579 1630 3677 1697 Dei,
3698 1642 3734 1688 et

2219 1715 2382 1771 opera
2424 1718 2677 1760 manuum
2714 1705 2830 1777 ejus
2874 1712 3209 1768 annuntiavit
3246 1715 3625 1777 ﬁrmamentum.
3648 1724 3732 1780 Dies

2217 1795 2323 1852 diei
2352 1799 2612 1854 eructavit
2634 1800 2877 1869 verbum,
2898 1811 2954 1858 et
2977 1820 3081 1860 nox
3108 1808 3256 1863 nocti
3281 1813 3590 1869 annuntiavit
3608 1816 3733 1873 scien-

2221 1886 2367 1940 tiam.
2394 1887 2510 1942 Jam
2529 1903 2635 1944 non
2657 1901 2782 1946 sunt
2807 1891 3032 1962 loduelze
3060 1912 3237 1968 neque
3258 1915 3541 1969 sermones,
3561 1921 3729 1975 quorum

2217 1993 2325 2033 non
2355 1979 2637 2035 audiantur
2682 1998 2841 2038 voces
2866 2000 3074 2040 eorum.
3115 1988 3238 2044 Jam
3273 1991 3324 2046 in
3352 2009 3549 2049 omnem
3589 2005 3730 2053 terram

2215 2069 2380 2126 exivit
2422 2087 2587 2129 sonus
2626 2090 2843 2144 eorum,
2884 2086 2939 2133 et
2976 2079 3029 2134 in
3071 2080 3205 2138 ﬁnes
3256 2085 3401 2143 orbis
3446 2095 3581 2144 terra:
3615 2091 3730 2146 verba

2217 2175 2423 2252 eorum.
2455 2163 2571 2218 Jam
2599 2165 2651 2219 in
2680 2167 2813 2232 sole,
2833 2167 2936 2224 hoc
2961 2180 3043 2226 est
3065 2171 3118 2226 in
3150 2176 3584 2248 manifestatione,
3604 2183 3731 2252 posuit

2215 2251 2616 2308 tabernaculum
2645 2271 2797 2311 suum
2819 2298 2834 2322 ,
2862 2259 3004 2328 quod
3033 2270 3116 2317 est
3141 2263 3382 2321 Ecclesia
3422 2269 3585 2338 ipsius.
3607 2271 3728 2336 Quia,

2214 2352 2273 2397 ut
2319 2343 2421 2400 hoc
2461 2345 2694 2413 faceret,
2738 2348 2884 2418 ipse,
2918 2351 3053 2406 sicut
3098 2352 3171 2408 ibi
3236 2358 3485 2427 sequitur,
3539 2369 3728 2432 tanquam

2213 2451 2441 2508 sponsus
2469 2443 2732 2511 processit
2752 2443 2818 2499 de
2847 2443 3081 2503 thalamo
3100 2463 3219 2516 suo,
3243 2450 3296 2505 id
3325 2461 3431 2518 est,
3459 2455 3727 2526 conjugatum

2214 2526 2445 2584 Verbum
2470 2533 2616 2587 carni
2647 2532 2891 2590 humanae
2935 2541 3201 2607 processit
3245 2541 3314 2598 de
3358 2553 3501 2600 utero
3523 2546 3726 2616 virginali.

2211 2618 2327 2674 Jam
2381 2625 2666 2679 exsultavit
2712 2635 2770 2681 ut
2812 2629 2994 2700 gigas,
3024 2640 3081 2688 et
3117 2636 3354 2692 cucurrit
3406 2639 3552 2693 viam.
3590 2638 3679 2694 lam
3705 2655 3725 2693 a

2211 2727 2421 2769 summo
2449 2717 2570 2772 θα)ιί
2601 2717 2739 2774 facta
2780 2730 2860 2774 est
2884 2725 3122 2794 egressio
3155 2731 3304 2797 ejus,
3327 2740 3380 2786 et
3415 2747 3626 2788 recursus
3645 2733 3726 2802 ejus
3802 2717 3803 2758 ἶ

2212 2821 2381 2877 usque
2406 2808 2472 2863 ad
2501 2823 2769 2866 summum
2797 2814 2942 2870 caeli.
2977 2816 3042 2870 Et
3069 2817 3193 2874 ideo
3234 2823 3516 2879 rectissime
3546 2823 3726 2894 sequitur
3802 2831 3803 2894 ᾖ

2209 2912 2425 2963 versus,
2457 2915 2614 2969 quem
2654 2903 2808 2971 paulo
2851 2913 2976 2961 ante
3017 2915 3462 2980 commemoravi,
3489 2913 3550 2969 Et
3574 2924 3725 2967 nonest

2210 2990 2298 3058 qui
2315 3006 2370 3044 se
2389 2990 2663 3046 abscondat
2687 3012 2716 3047 a
2742 2996 2910 3050 calore
2937 2999 3044 3069 ejus
3061 2999 3240 3070 (Psal.
3272 3021 3413 3072 xvttt,
3444 3007 3567 3076 1-7).
3594 3007 3644 3061 Et
3657 3004 3724 3059 ad-

2210 3080 2316 3136 huc
2350 3082 2436 3137 isti
2465 3083 2681 3156 fragiles
2703 3091 3250 3151 contradictiunculas
3275 3099 3549 3170 garrientes
3571 3099 3724 3170 eligunt

2208 3171 2313 3226 isto
2339 3172 2492 3243 igne,
2522 3176 2660 3231 sicut
2699 3179 2894 3249 stipula
2936 3183 2989 3237 in
3018 3185 3258 3242 cinerem
3288 3189 3447 3255 verti,
3474 3205 3605 3261 quam
3624 3190 3724 3244 sicut

2208 3278 2396 3319 aurum
2421 3282 2452 3321 a
2479 3268 2637 3324 sorde
2662 3274 2874 3343 purgari
2907 3293 2920 3328 :
2947 3290 3069 3331 cum
3095 3287 3149 3333 et
3167 3280 3394 3338 deorum
3417 3283 3632 3338 falsorum
3642 3284 3722 3352 jam

2209 3354 2416 3411 fallacia
2439 3373 2783 3417 monumenta
2807 3364 3052 3421 frustrata
3075 3369 3220 3436 sint,
3245 3382 3297 3427 et
3323 3373 3456 3429 illius
3481 3374 3636 3429 incerti
3654 3371 3720 3428 Dei

2214 3447 2423 3501 veraCia
2453 3450 2718 3518 promissa
2739 3463 2883 3508 certa
2900 3455 3012 3526 jam
3043 3457 3180 3515 facta
3211 3463 3339 3518 sint.

2289 3538 2515 3595 CAPUT
2544 3542 2736 3598 XXXI.
2757 3576 2829 3584 —
2850 3545 3127 3621 Prop/retia
3155 3555 3223 3609 de
3243 3555 3432 3612 Christo
3458 3560 3650 3628 impleta.

2280 3633 2368 3687 47.
2411 3632 2664 3690 Desinant
2698 3653 2825 3708 ergo
2857 3638 3037 3698 dicere
3070 3646 3196 3701 mali
3239 3649 3521 3706 laudatores
3549 3649 3715 3713 Christi.

2207 3722 2297 3793 qui
2341 3725 2530 3780 nolunt
2566 3743 2684 3783 esse
2722 3729 3030 3803 christiani,
3077 3739 3220 3808 quod
3263 3740 3490 3798 Christus
3529 3757 3614 3798 non
3645 3741 3716 3796 do-

2205 3815 2377 3870 cuerit
2417 3815 2548 3872 deos
2593 3834 2776 3876 eorum
2823 3823 3037 3895 deseri,
3084 3838 3139 3884 et
3179 3832 3455 3890 simulacra
3495 3833 3714 3902 confringi.

2205 3903 2347 3998 Deus
2383 3907 2526 3963 enim
2562 3909 2754 3980 Israel,
2794 3913 2862 3970 de
2894 3931 3000 3987 quo
3040 3922 3351 3991 prmdictum
3376 3937 3451 3983 est
3473 3926 3591 3998 quod
3616 3926 3736 3980 Deus

2206 3997 2469 4054 universa:
2494 4009 2651 4058 terrae
2672 4005 2966 4074 vocabitur,
2990 4022 3044 4066 et
3063 4012 3205 4070 Deus
3228 3997 3626 4075 universeterrm
3637 4017 3716 4086 jam

2205 4101 2452 4181 vocatur;
2480 4093 2582 4150 hoc
2601 4110 2697 4166 per
2719 4098 3011 4170 Prophetas
3033 4103 3269 4165 futurum
3291 4112 3536 4181 praedixit,
3555 4111 3635 4166 hoc
3649 4124 3716 4180 per

2206 4179 2477 4238 Christum
2518 4200 2754 4257 congruo
2791 4199 3029 4263 tempore
3070 4179 3328 4269 implevii.
3369 4203 3511 4259 Certe
3542 4179 3659 4258 enim,
3684 4200 3714 4252 si

2199 4272 2313 4343 jam
2354 4275 2494 4330 Deus
2535 4276 2695 4334 lsrael
2717 4320 2732 4346 ,
2778 4281 2918 4338 Deus
2953 4287 3214 4346 universa:
3245 4302 3396 4350 terra:
3425 4303 3624 4358 vocatur,
3649 4305 3715 4344 ne-

2205 4377 2356 4420 cesse
2381 4375 2463 4421 est
2491 4376 2548 4422 ut
2575 4369 2667 4424 ﬁat
2691 4372 2830 4441 quod
2852 4375 3040 4444 jussit,
3075 4383 3289 4451 quando
3315 4386 3398 4455 qui
3415 4385 3576 4455 jussit,
3599 4385 3712 4438 inno-

2207 4455 2324 4508 tuit.
2349 4455 2483 4523 Quia
2508 4473 2635 4513 vero
2658 4476 2753 4531 per
2775 4462 3046 4523 Christum
3070 4479 3125 4525 et
3149 4472 3202 4528 iu
3227 4474 3432 4530 Christo
3451 4473 3653 4536 innotuit,
3675 4479 3715 4524 ut

2207 4543 2442 4600 Ecclesia
2485 4547 2600 4617 ejus
2640 4566 2734 4619 per
2767 4554 2947 4610 orbem
2985 4557 3383 4632 diffunderetur,
3413 4575 3462 4622 et
3485 4580 3566 4635 per
3590 4563 3714 4632 ipsam

2206 4635 2350 4692 Deus
2379 4636 2537 4694 Israel
2564 4642 2823 4699 universae
2852 4655 3006 4704 terra:
3032 4665 3327 4722 vocaretur,
3357 4656 3504 4728 paulo
3526 4651 3714 4723 superius

2205 4728 2346 4798 apud
2384 4731 2629 4788 eumdem
2669 4739 2982 4806 prophetam
3011 4743 3190 4815 legant
3215 4749 3305 4820 qui
3333 4750 3504 4804 volunt
3532 4764 3542 4800 :
3571 4746 3656 4802 imo
3676 4751 3714 4796 ct

2206 4835 2236 4874 a
2266 4837 2354 4877 me
2380 4837 2846 4899 commemoretur.
2877 4831 3061 4904 Neque
3087 4840 3228 4895 enim
3259 4842 3325 4897 ita
3353 4841 3545 4913 longum
3570 4846 3648 4903 es"
3676 4842 3715 4888 υι

2207 4924 2449 4984 oporteat
2486 4921 2839 4988 praetermitti.
2879 4925 3135 4985 Dicuntur
3170 4933 3310 4988 enim
3343 4933 3490 4988 multa
3523 4930 3580 4985 de
3611 4941 3705 4998 Ριῖυ·

2206 5005 2376 5059 scntia
2419 5016 2474 5061 et
2513 5007 2807 5067 humilitate
2845 5025 2902 5070 et
2937 5019 3184 5085 passione
3215 5021 3432 5089 Christi,
3465 5030 3513 5078 et
3541 5028 3713 5087 corpore

2207 5098 2322 5169 ejus
2342 5140 2356 5166 ,
2388 5100 2472 5156 cui
2499 5112 2656 5173 caput
2681 5114 2797 5173 est,
2831 5108 2883 5162 id
2911 5120 2993 5165 est
3020 5111 3088 5168 de
3115 5113 3348 5172 Ecclesia
3367 5115 3503 5187 ejus,
3528 5127 3624 5168 cum
3644 5121 3708 5176 aP‘

2205 5191 2434 5263 pellatur
2458 5203 2707 5266 tanquam
2734 5201 2933 5257 sterilis
2958 5219 3077 5274 qua:
3103 5223 3208 5263 non
3237 5209 3474 5280 pariebat.
3501 5207 3586 5262 Per
3607 5199 3708 5257 mul-
3746 5263 3748 5270 ν

2206 5294 2292 5341 tos
2321 5287 2464 5342 enim
2491 5303 2659 5346 annos
2686 5291 2947 5362 Ecclesia,
2978 5314 3096 5369 qua:
3124 5301 3292 5358 futura
3320 5302 3497 5359 eratin
3522 5295 3709 5354 omnibus

2206 5377 2464 5436 Gentibus
2502 5381 2557 5437 in
2584 5383 2707 5439 ﬁliis
2736 5386 2880 5453 suis,
2921 5388 3026 5446 hoc
3060 5401 3139 5448 est
3185 5393 3236 5448 in
3257 5393 3442 5450 sanctis
3477 5390 3599 5454 suis,
3630 5396 3707 5440 non

2205 5474 2477 5544 apparuit,
2521 5477 2758 5533 nondum
2793 5478 3008 5538 Christo
3045 5489 3350 5542 annuntiato
3373 5502 3459 5558 per
3490 5475 3708 5549 Evangeli-

2207 5574 2337 5634 stas,
2370 5567 2447 5623 eis
2467 5570 2658 5635 quibus
2675 5588 2780 5627 non
2804 5584 2887 5630 est
2904 5581 3244 5635 annuntiatus
3266 5596 3358 5652 per
3378 5576 3628 5650 Prophetas
3644 5584 3655 5621 ε
3670 5573 3708 5620 ει

2185 5747 2206 5796 ὶ
2275 5772 2290 5803 ³
2318 5777 2391 5822 ⁸⁵³³·
2421 5781 2471 5825 Cl
2493 5781 2623 5840 ιον-ι
2645 5775 2849 5843 lepidus.
2875 5788 2973 5836 nat.
3003 5791 3200 5854 etuss.,
3226 5784 3444 5853 ιοι-ρίάαδ,
3474 5836 3480 5846 ,
3599 5769 3731 5853 ἰ

3635 69 3804 407 ml
