3878 6232
154 274 308 333 1065

152 386 333 443 habet
355 387 560 452 virum;
582 383 732 454 cujus
754 382 852 437 viri
874 382 1086 437 nomine
1105 382 1394 452 signiﬁcata
1416 389 1497 436 est
1521 380 1653 447 Lex,
1675 380 1759 435 vel

152 478 279 535 Rex
309 492 477 549 quem
503 474 705 545 accepit
728 474 929 544 primus
954 473 1176 543 populus
1196 472 1357 527 Israel
1382 490 1395 526 :
1420 486 1515 526 nec
1536 485 1759 541 accepe-

152 578 285 625 rant
316 576 513 640 gentes
538 566 732 635 Legem
762 580 827 619 eo
856 572 1091 633 tempore
1111 602 1126 628 ,
1155 578 1259 632 quo
1289 561 1543 632 pr0pheta
1572 562 1758 631 loque-

153 659 368 725 batur;
416 673 586 728 neque
623 657 734 711 Rex
777 654 1193 709 Christianorum
1232 662 1547 723 apparuerat
1586 651 1757 705 adhuc

154 749 458 815 Gentibus,
490 763 557 802 ex
584 746 775 816 quibus
800 755 975 800 tamen
1006 744 1262 799 Gentibus
1288 744 1440 812 longe
1459 742 1682 797 fertilior
1707 749 1761 795 et

152 841 514 896 numerosior
552 846 853 894 sanctorum
890 834 1170 889 multitudo
1208 834 1466 904 provenit.
1512 831 1585 886 Ita
1632 846 1759 901 ergo

151 932 295 987 dicit
341 930 544 994 Isaias,
584 928 838 997 incipiens
872 926 938 980 ab
976 925 1269 979 humilitate
1296 924 1311 954 ί
1349 922 1580 987 Christi,
1620 930 1674 975 et
1701 936 1759 974 se

151 1030 357 1094 postea
403 1028 717 1077 convertens
752 1017 819 1071 ad
858 1015 1225 1085 alloquendam
1264 1013 1554 1067 Ecclesiam
1592 1025 1760 1080 usque

152 1115 224 1169 ad
256 1129 395 1170 eum
424 1126 632 1167 versum
661 1124 817 1180 quem
845 1105 1406 1168 commemoravimus,
1441 1102 1527 1155 ubi
1555 1102 1627 1154 ait
1646 1142 1660 1165 ,
1692 1097 1760 1152 Et

153 1224 243 1278 qui
267 1206 410 1261 eruit
432 1215 478 1258 te
494 1245 509 1269 ,
532 1204 639 1274 ipse
665 1200 801 1254 Deus
823 1198 988 1253 Israel
1007 1240 1021 1265 ,
1044 1198 1285 1251 universa:
1308 1206 1453 1249 teme
1471 1193 1758 1247 vocabitur:

156 1297 321 1362 Ecce,
362 1295 555 1366 inquit,
588 1294 640 1346 in
669 1291 921 1345 intellectu
946 1289 1037 1342 erit
1056 1291 1077 1319 ²
1108 1304 1231 1359 puer
1258 1302 1413 1351 meus,
1445 1295 1491 1338 et
1520 1282 1761 1339 exaltabi-

156 1402 267 1451 tur.
302 1399 353 1443 et
387 1385 803 1455 honoriﬁcabitur
825 1384 1153 1438 vehementer.
1200 1378 1462 1445 Quomodo
1494 1377 1636 1430 multi
1664 1376 1760 1428 mi-

154 1484 423 1537 rabuntur
456 1495 607 1550 super
638 1486 683 1531 te
702 1517 716 1542 ,
758 1476 829 1529 sic
863 1484 1025 1527 tamen
1054 1482 1099 1526 et
1129 1472 1389 1525 inhonesta
1428 1467 1670 1522 videbitur
1698 1465 1758 1517 ab

155 1573 407 1627 omnibus
445 1570 631 1642 species
668 1576 781 1630 tua,
822 1577 866 1619 et
905 1565 1061 1618 honor
1099 1571 1213 1615 tuus
1247 1560 1307 1613 ab
1348 1558 1643 1612 hominibus.
1678 1554 1761 1608 Ita

152 1664 296 1724 enim
323 1658 650 1719 mirabuntur
670 1664 838 1732 gentes
859 1655 1030 1707 multa:
1048 1668 1197 1721 super
1221 1666 1353 1715 eum,
1379 1659 1422 1701 et
1442 1645 1761 1702 continebant

152 1775 303 1830 reges
336 1773 400 1811 os
431 1771 595 1809 suum.
641 1750 890 1817 Quoniam
923 1743 1102 1815 quibus
1146 1758 1246 1798 non
1285 1748 1352 1793 est
1387 1738 1672 1791 nuntiatum
1701 1736 1763 1788 de

152 1828 273 1917 sub,
295 1848 575 1911 videbunt;
592 1854 637 1899 et
661 1843 746 1914 qui
773 1858 873 1895 non
894 1838 1177 1899 audierunt,
1201 1833 1499 1906 intelligent.
1525 1828 1757 1894 Domine,

152 1942 271 2013 quis
314 1938 535 1995 credidit
576 1934 773 1990 auditui
813 1932 1023 1986 nostro?
1056 1940 1099 1982 et
1138 1927 1395 1981 brachium
1435 1920 1641 1977 Domini
1681 1920 1761 1973 cui

153 2033 449 2089 revelatum
483 2029 596 2083 est?
637 2024 995 2080 Nuntiavimus
1038 2036 1205 2073 coram
1246 2017 1368 2079 illo,
1409 2024 1461 2068 ut
1504 2027 1661 2083 puer,
1710 2018 1763 2062 ut

156 2126 321 2180 radix
348 2123 410 2176 in
437 2131 570 2175 terra
593 2116 779 2172 sitienti
806 2130 946 2169 :non
971 2120 1041 2167 est
1064 2111 1250 2181 species
1274 2108 1372 2173 illi,
1404 2121 1559 2175 neque
1580 2105 1760 2156 honor.

160 2218 231 2272 Et
252 2216 483 2271 vidimus
502 2212 666 2275 illum,
689 2218 735 2263 et
760 2225 861 2261 non
889 2204 1058 2258 habuit
1084 2201 1295 2273 speciem
1319 2214 1473 2264 neque
1496 2196 1721 2249 decorem
1744 2209 1762 2246 :

154 2310 247 2362 sed
291 2304 469 2360 vultus
504 2305 612 2371 ejus
654 2297 875 2369 abjectus
916 2303 962 2348 et
1006 2290 1277 2363 deformis,
1326 2287 1505 2358 positio
1549 2286 1655 2355 ejus
1701 2284 1762 2336 ab

157 2398 410 2454 omnibus
440 2390 758 2455 hominibus;
790 2389 936 2441 homo
966 2386 1016 2439 in
1038 2384 1199 2454 plaga
1220 2423 1234 2448 ,
1277 2390 1323 2434 et
1361 2380 1442 2450 qui
1478 2379 1602 2431 sciat
1634 2378 1763 2447 ferre

158 2488 519 2559 inﬁnititates,
548 2490 749 2556 prapter
776 2479 907 2548 quod
932 2487 979 2531 et
1005 2475 1180 2529 avertit
1206 2490 1258 2527 se
1289 2472 1440 2543 facies
1469 2470 1596 2539 ejus,
1623 2468 1761 2536 inju-

158 2580 301 2633 riata
332 2586 430 2642 est,
461 2591 549 2629 nec
576 2573 744 2642 magni
770 2570 1017 2625 cestimata
1045 2574 1135 2619 est.
1173 2564 1269 2617 Hic
1298 2562 1614 2632 inﬁrmitates
1667 2575 1764 2611 no-

161 2679 301 2723 stras
333 2677 525 2739 portat,
553 2673 598 2717 et
624 2679 714 2733 pro
743 2660 949 2714 nobisin
970 2657 1224 2710 doloribus
1252 2663 1344 2708 est.
1374 2652 1441 2705 Et
1472 2669 1560 2705 nos
1590 2650 1764 2705 existi-

162 2764 425 2819 mavimus
446 2760 590 2813 illum
614 2760 667 2812 in
689 2756 945 2811 doloribus
975 2771 1095 2819 esse,
1131 2762 1176 2807 et
1200 2753 1251 2805 in
1281 2751 1432 2822 plaga
1456 2759 1501 2803 et
1526 2750 1575 2802 in
1598 2764 1763 2819 poena.

164 2855 295 2927 Ipse
309 2863 484 2909 autem
511 2852 796 2905 vulneratus
817 2858 885 2903 est
908 2856 1114 2918 propter
1126 2856 1327 2914 peccata
1348 2853 1539 2907 nostra,
1554 2850 1597 2895 et
1622 2842 1671 2894 in
1677 2842 1768 2910 ﬁr-

166 2958 341 3002 matus
389 2956 460 3000 est
506 2953 708 3015 prapter
756 2940 1037 3013 iniquitates
1082 2947 1299 2991 nostras.
1352 2935 1582 2988 Emditio
1628 2935 1767 3004 pacis

167 3048 364 3093 nostra:
390 3038 443 3090 in
469 3052 600 3099 eum,
635 3036 787 3087 livore
815 3033 921 3103 ejus
946 3030 1110 3084 sanati
1137 3045 1330 3083 sumus.
1364 3026 1548 3080 Omnes
1575 3036 1627 3079 ut
1655 3041 1767 3081 oves

166 3130 485 3191 erravimus,
529 3136 574 3180 et
608 3124 855 3178 Dominus
884 3122 1090 3176 tradidit
1120 3122 1260 3173 illum
1288 3136 1377 3189 pro
1428 3119 1640 3189 peccatis
1671 3135 1768 3171 no-

174 3221 319 3274 stris.
352 3217 423 3272 Et
442 3218 550 3287 ipse
568 3217 802 3285 quoniam
826 3214 957 3266 male
982 3222 1216 3265 tractatus
1241 3220 1440 3275 est,non
1464 3212 1657 3279 aperuit
1682 3225 1768 3264 os:

168 3322 223 3366 ut
254 3312 367 3366 ovis
396 3310 463 3361 ad
485 3306 847 3360 immolandum
871 3306 1047 3357 ductus
1072 3314 1163 3363 est,
1193 3312 1238 3354 ct
1260 3312 1310 3354 ut
1333 3318 1492 3370 agnus
1519 3310 1633 3354 ante
1655 3318 1770 3354 eum

166 3404 254 3473 qui
288 3419 344 3455 se
375 3398 602 3453 tonderet
631 3398 727 3468 fuit
756 3397 863 3449 sine
884 3411 999 3448 voce
1020 3435 1033 3459 ,
1061 3396 1131 3446 sic
1164 3408 1264 3444 non
1293 3392 1488 3458 aperuit
1519 3408 1573 3443 os
1602 3408 1765 3444 suum.

169 3495 239 3548 In
271 3490 564 3546 humilitate
591 3489 842 3543 sublatum
872 3495 942 3540 est
964 3484 1217 3554 judicium
1237 3484 1361 3552 ejus.
1391 3480 1769 3535 Generationem

171 3585 284 3655 ejus
307 3580 425 3652 quis
446 3577 737 3634 enarrabit?
760 3575 1009 3640 Quoniam
1036 3574 1236 3627 tolletur
1259 3572 1320 3624 de
1347 3581 1477 3624 terra
1501 3572 1599 3624 vita
1625 3572 1769 3641 ejus:

171 3676 235 3727 ab
264 3672 617 3743 iniquitatibus
646 3669 821 3739 papuli
848 3667 944 3720 ntei
973 3666 1150 3720 ductus
1178 3674 1247 3719 est
1279 3665 1343 3717 ad
1371 3674 1595 3717 mortem.
1629 3664 1769 3718 Dabo

173 3784 296 3837 ergo
330 3766 494 3819 malos
532 3771 734 3835 prapter
767 3761 1079 3830 sepulturam
1112 3760 1218 3825 eius
1239 3799 1252 3821 ,
1294 3768 1338 3810 et
1368 3758 1540 3811 divites
1570 3768 1771 3829 prepter

173 3867 392 3911 mortem
418 3856 557 3925 ejus;
578 3853 638 3907 ob
660 3853 752 3906 hoc
769 3851 903 3922 quod
919 3850 1228 3919 iniquitatem
1247 3866 1344 3901 non
1363 3849 1549 3916 fecerit,
1572 3866 1659 3902 nec
1680 3851 1770 3903 (lo-

174 3950 283 4003 lum
311 3950 366 4003 in
393 3964 478 4001 ore
502 3963 614 4001 suo.
640 3944 886 3998 Dominus
902 3941 1004 3995 vult
1027 3957 1243 4011 purgare
1266 3940 1409 3993 illum
1430 3939 1492 3993 de
1518 3940 1686 4010 plaga.
1710 3940 1769 3994 Si

175 4040 422 4095 dederitis
449 4055 531 4092 vos
558 4037 617 4091 ob
645 4036 825 4089 delicta
853 4044 1012 4088 vestra
1043 4033 1260 4085 animam
1286 4042 1515 4098 vestram,
1544 4032 1767 4085 videbitis

174 4148 347 4187 semen
373 4129 677 4201 longissian
701 4127 831 4180 vitaz.
858 4124 923 4178 Et
943 4125 1045 4177 vult
1075 4122 1319 4177 Dominus
1340 4123 1537 4191 auferre
1565 4140 1595 4174 (ι
1623 4123 1767 4175 dolo-

174 4223 317 4276 ribus
346 4222 570 4274 animam
595 4220 719 4289 ejus,
755 4215 1012 4270 ostendere
1034 4214 1110 4267 illi
1141 4213 1327 4278 lucem,
1363 4224 1406 4266 et
1436 4214 1657 4283 ﬁgurare
1681 4229 1769 4284 per

176 4328 385 4367 sensum
404 4353 417 4376 ,
440 4309 727 4380 justi/icere
745 4307 940 4377 justum
971 4304 1089 4357 bene
1117 4304 1407 4357 servientem
1434 4302 1693 4373 pluribus;
1723 4314 1768 4357 et

179 4411 391 4471 peccata
425 4398 627 4452 illorum
663 4400 770 4467 ipse
808 4394 1084 4449 sustinebit.
1120 4393 1395 4463 Propterea
1420 4394 1526 4464 ipse
1552 4395 1766 4449 Incredi-

178 4490 305 4544 tabit
349 4487 661 4558 complures,
705 4495 750 4539 et
793 4485 997 4556 fortium
1040 4484 1281 4553 partietur
1317 4482 1501 4553 spolia.
1552 4483 1768 4552 Propter

176 4580 319 4651 quod
344 4578 530 4632 tradita
559 4586 629 4631 est
657 4577 723 4629 ad
747 4584 953 4629 mortem
983 4576 1150 4627 anima
1182 4575 1321 4644 ejus,
1348 4584 1391 4627 et
1420 4576 1547 4627 inter
1572 4577 1767 4646 iniquos

179 4669 433 4723 cestimata
460 4676 531 4721 est
554 4682 572 4720 :
592 4675 637 4720 et
664 4666 771 4736 ipse
792 4675 993 4730 peccata
1019 4664 1287 4716 multorum
1307 4664 1559 4730 sustinuit,
1584 4675 1629 4719 et
1650 4682 1767 4735 pro-

182 4770 294 4829 pter
331 4759 621 4831 iniquitates
659 4774 827 4813 corum
867 4756 1080 4809 traditus
1115 4766 1204 4809 est.
1248 4753 1541 4822 Delectare,
1586 4758 1767 4813 sterilis

182 4868 297 4921 qua:
317 4868 421 4906 non
443 4850 615 4922 paris;
636 4848 831 4905 exsulta
848 4858 894 4901 et
915 4848 1098 4911 clama,
1129 4862 1239 4915 qua:
1256 4863 1353 4899 non
1376 4848 1591 4917 parturis
1604 4865 1621 4912 ;
1649 4848 1767 4917 quia

183 4943 331 4998 multi
358 4943 454 5012 filii
481 4942 691 4996 deserta:
709 4983 723 5009 ,
769 4940 927 5010 magis
967 4955 1117 5009 quam
1142 4939 1250 5009 ejus
1277 4955 1389 5007 qua:
1414 4938 1555 4992 habet
1583 4940 1762 4993 virum.

185 5034 329 5091 Dixit
363 5036 499 5091 enim
536 5034 786 5089 Dominus
805 5076 819 5099 ,
857 5033 1028 5086 Dilata
1057 5032 1219 5086 locum
1249 5034 1552 5087 tabernaculi
1583 5037 1654 5088 tui
1677 5077 1691 5102 ,
1719 5046 1766 5089 et

188 5128 334 5182 aulas
360 5127 382 5160 ⁸
409 5137 522 5181 tuas
548 5127 775 5197 conﬁge;
804 5142 905 5179 non
928 5134 999 5179 est
1024 5127 1155 5193 quod
1185 5141 1363 5195 parcas
1391 5143 1408 5177 :
1436 5129 1633 5197 porrige
1657 5128 1765 5181 lon-

187 5218 297 5288 gius
328 5220 613 5291 funiculos,
650 5228 698 5272 et
728 5218 869 5289 palos
897 5216 1086 5271 validos
1115 5217 1371 5271 constitue.
1414 5217 1583 5271 Etiam
1622 5229 1766 5289 atque

250 5332 266 5362 ³
293 5331 539 5402 sic‘editio
562 5337 659 5381 nat.
678 5324 1050 5394 suﬁi‘agantibus
1066 5333 1172 5378 Mss.
1194 5334 1336 5379 AlEt‘.
1377 5335 1429 5379 ct
1449 5335 1581 5392 Ima,
1604 5330 1662 5382 ab
1679 5331 1767 5382 hu-

142 5402 167 5423 ⁶
185 5398 431 5444 mam'tate.

250 5457 271 5487 ⁸
295 5461 403 5504 Mss.
427 5461 639 5516 septem,
655 5452 943 5516 intellectum
965 5450 1207 5515 intelliget.

254 5516 275 5547 ³
298 5523 372 5564 Er.
400 5522 452 5566 et
464 5513 580 5577 illov.
601 5513 817 5576 ,'caulas.
843 5522 942 5564 nat.
965 5528 1081 5563 vero
1111 5513 1161 5563 et
1183 5522 1288 5577 Mss.
1314 5528 1463 5577 prope
1486 5527 1656 5564 omnes
1683 5516 1765 5566 ha-

193 5574 345 5635 bent,
389 5576 525 5626 aulas
554 5588 571 5627 :
587 5574 771 5687 guibus
813 5578 1120 5626 consentiunt
1160 5574 1351 5626 codices
1394 5574 1490 5625 non
1534 5579 1671 5639 pauci
1715 5579 1763 5627 in

193 5638 332 5687 Epist.
356 5638 461 5687 105.
488 5652 537 5686 n.
560 5639 581 5687 1
633 5650 767 5687 :auo
787 5644 949 5686 tamen
970 5636 1075 5687 loco
1096 5646 1203 5687 post
1226 5638 1487 5687 editionem
1510 5644 1617 5687 ιον.
1642 5638 1763 5687 1θαὶ-

190 5638 537 5750 ἷίἓιξειὰἐὲἓᾶδη.
560 5636 629 5687 15
633 5651 649 5698 ;
671 5650 767 5701 quo
787 5644 949 5686 tamen
970 5636 1075 5687 loco
1096 5646 1203 5700 post
1226 5638 1487 5689 editionem
1510 5636 1617 5689 ὼν.
1642 5638 1764 5702 legi-

434 5782 658 5847 Sauc'r.
691 5782 963 5844 Ληουεῖ.
1002 5782 1109 5843 III.

1557 269 1754 324 LIBER
1792 268 2062 325 PRIMUS.

3304 272 3439 328 1066

1868 381 2015 433 etiam
2043 380 2094 432 in
2124 380 2375 432 dexteram
2406 389 2550 448 atque
2577 383 2830 437 sinistram
2858 392 3048 453 partem
3077 385 3299 439 extende.
3335 386 3436 442 Se-

1866 487 1979 523 men
2006 470 2135 523 enim
2165 478 2301 522 tuum
2328 470 2635 525 htereditabit
2664 484 2863 543 gentes,
2896 484 2941 528 et
2966 475 3185 531 civitates
3209 493 3320 547 qua:
3346 479 3437 533 de-

1865 568 2008 613 serta:
2030 568 2189 625 erant,
2212 560 2509 615 inhabitabis
2526 603 2542 623 ,
2566 579 2666 616 non
2696 576 2764 618 cst
2784 565 2918 634 quod
2941 575 3150 619 metuas.
3179 566 3439 625 Praevale-

1866 653 1940 705 bis
1965 654 2115 719 enim,
2149 669 2237 707 nec
2264 654 2523 708 erubescas
2548 656 2681 727 quod
2711 657 3008 712 detestabilis
3034 658 3208 729 fueris.
3239 660 3437 731 Confu-

1866 745 2056 798 sionem
2084 745 2216 797 enim
2234 745 2286 797 in
2306 755 2597 815 perpetuum
2617 747 2936 814 Oblivisceris,
2963 747 3251 819 ignominia
3273 749 3441 804 vidui-

1867 837 1981 891 tatis
2021 845 2119 890 tuae
2156 853 2256 890 non
2290 837 2385 890 eris
2421 853 2646 891 memor:
2672 838 2909 907 quoniam
2946 853 3035 909 ego
3068 838 3314 895 Dominus
3355 842 3440 911 qui

1865 929 1996 997 facio
2026 938 2071 982 te
2090 970 2103 991 ,
2145 927 2390 981 Dominus
2417 945 2594 982 nomen
2623 930 2703 992 ei;
2732 939 2776 982 et
2802 930 2885 999 qui
2910 930 3039 983 eruit
3058 940 3104 984 te
3122 974 3134 993 ,
3166 932 3274 1003 ipse
3304 930 3439 986 Deus

1866 1018 2050 1083 Israel,
2080 1019 2322 1071 universa:
2349 1027 2494 1071 terra:
2518 1018 2770 1071 vocabitur
2799 1017 2947 1090 (Isai.
2976 1034 3066 1087 LII,
3098 1021 3201 1075 15-
3228 1037 3329 1085 LIV,
3359 1021 3439 1092 5).

1936 1108 2023 1163 48.
2055 1107 2190 1175 Quid
2216 1117 2399 1161 contra
2430 1107 2563 1163 hanc
2591 1108 2911 1163 evidentiam
2941 1109 3441 1179 expressionemque

1866 1215 2041 1254 rerum
2077 1207 2133 1253 et
2159 1200 2527 1268 prmdictarum
2561 1208 2614 1254 ct
2650 1199 2981 1268 impletarum
3010 1198 3113 1254 dici
3141 1202 3350 1270 potest?
3382 1200 3441 1254 Si

1865 1290 1933 1344 de
1959 1289 2158 1344 Christi
2188 1291 2457 1346 divinitate
2487 1291 2771 1361 discipulos
2796 1292 2911 1361 ejus
2936 1301 3121 1361 putant
3146 1307 3264 1348 esse
3289 1310 3442 1348 men-

1867 1380 2022 1444 titos,
2063 1380 2313 1450 numquid
2350 1381 2415 1435 de
2452 1381 2645 1436 Christi
2688 1383 2935 1451 passione
2962 1383 3312 1439 dubitabunt?
3338 1384 3442 1440 Rc-

1865 1470 2161 1524 surrexisse
2187 1486 2295 1523 non
2320 1471 2493 1526 solent
2513 1472 2729 1527 credere
2756 1491 2766 1523 :
2790 1483 2843 1527 at
2865 1474 2951 1527 illa
2977 1476 3154 1529 omnia
3182 1475 3248 1529 ab
3276 1477 3446 1530 homi-

1865 1561 2019 1616 nibus
2046 1560 2273 1616 humana
2298 1577 2608 1633 perpessum
2630 1565 2790 1619 etiam
2810 1566 3038 1622 libenter
3058 1568 3297 1635 credunt,
3322 1570 3441 1639 quia

1867 1650 2133 1707 hominem
2161 1655 2524 1710 tantummodo
2550 1656 2695 1711 credi
2721 1658 2924 1712 volunt.
2961 1658 3053 1714 Ille
3094 1660 3269 1733 itaque
3308 1663 3442 1716 sicut

1865 1743 1979 1797 ovis
2007 1743 2072 1798 ad
2102 1744 2483 1801 immolandum
2511 1747 2729 1815 ductus,
2762 1748 2851 1804 ille
2880 1749 3018 1805 inter
3045 1751 3253 1822 iniquos
3281 1753 3445 1823 depu-

1867 1842 2005 1889 tatus
2025 1877 2038 1902 ,
2088 1836 2177 1890 ille
2216 1837 2522 1893 vulneratus
2553 1848 2769 1909 propter
2796 1849 3011 1909 peccata
3047 1851 3265 1908 nostra;
3296 1845 3447 1914 cujus

1866 1925 2034 1982 livore
2065 1929 2236 1982 sanati
2275 1943 2491 1997 sumus,
2532 1930 2681 2000 cujus
2721 1929 2882 1986 facies
2920 1932 3164 2001 injuriata
3198 1942 3312 2001 est,
3350 1952 3449 1989 nce

1868 2019 2041 2088 magni
2072 2020 2359 2087 aestimata,
2395 2021 2584 2090 palmis
2615 2036 2749 2078 carsa
2770 2065 2783 2089 ,
2817 2032 2871 2079 et
2914 2026 3081 2093 sputis
3108 2025 3235 2080 illita
3255 2066 3271 2093 ,
3299 2028 3449 2095 cujus

1867 2109 2120 2165 deformis
2147 2112 2201 2166 in
2229 2127 2390 2168 cruce
2419 2112 2609 2181 positio
2639 2130 2651 2165 :
2679 2113 2769 2169 ille
2794 2114 2862 2169 ab
2883 2114 3242 2184 iniquitatibus
3268 2118 3447 2187 populi

1870 2201 2030 2256 Israel
2059 2203 2249 2258 ductus
2275 2204 2341 2258 ad
2371 2210 2596 2259 mortem
2623 2220 2637 2269 ;
2682 2202 2773 2259 ille
2800 2205 2890 2275 qui
2920 2220 3024 2259 non
3064 2206 3289 2261 habebat
3329 2223 3449 2277 spe-

1866 2292 2001 2347 ciem
2030 2309 2205 2364 neque
2231 2294 2503 2363 decorem,
2533 2294 2743 2365 quando
2772 2295 3010 2365 colaphis
3036 2297 3445 2365 percutiebatur,

1865 2383 2078 2454 quando
2103 2385 2269 2456 spinis
2294 2387 2665 2453 coronabatur,
2696 2386 2907 2457 quando
2933 2387 3168 2457 pendens
3196 2389 3449 2445 irrideba-

1867 2482 1985 2539 tur;
2028 2475 2114 2529 ille
2153 2476 2274 2545 qui,
2314 2477 2449 2531 sicut
2473 2493 2641 2548 agnus
2670 2492 2851 2533 coram
2879 2478 3133 2535 tondente
3159 2495 3263 2535 non
3294 2483 3450 2539 habet

1867 2580 2077 2629 vocem,
2108 2566 2183 2619 sic
2213 2581 2316 2619 non
2348 2568 2555 2636 aperuit
2581 2582 2642 2621 os
2671 2583 2845 2635 suum,
2875 2584 2995 2624 cum
3024 2571 3073 2624 ei
3098 2570 3363 2626 diceretur
3386 2575 3449 2627 ab

1868 2655 2264 2722 insultantibus,
2298 2656 2607 2727 Prophetiza
2637 2659 2798 2724 nobis,
2826 2657 3020 2714 Christe
3048 2660 3259 2729 (Matth.
3292 2679 3410 2717 xxvi
3431 2703 3448 2729 ,

1869 2762 2045 2813 xxvu;
2077 2747 2241 2802 Marc.
2276 2765 2383 2814 xw,
2418 2762 2519 2815 xv;
2543 2749 2668 2804 Luc.
2700 2766 2831 2817 χιιι,
2858 2767 3011 2815 nm,
3042 2762 3088 2805 et
3111 2751 3266 2807 Joan.
3295 2770 3443 2820 xvni,

1871 2838 1981 2913 xxx)
2009 2858 2021 2893 :
2054 2856 2244 2911 nempe
2266 2843 2373 2911 jam
2400 2843 2659 2898 exaltatus
2684 2852 2766 2897 est
2789 2886 2802 2907 ,
2829 2843 2938 2913 jam
2966 2843 3345 2901 honoriﬁcalus
3370 2858 3450 2903 est

1870 2931 2234 2987 vehementer.
2258 2931 2459 3003 Nempe
2479 2934 2586 3003 jam
2612 2934 2868 2989 mirantur
2887 2943 3072 3004 gentes
3094 2937 3272 2991 multa:
3293 2952 3449 3006 super

1870 3038 2011 3079 eum.
2040 3024 2156 3080 Jam
2178 3026 2549 3081 continuerunt
2573 3040 2725 3097 reges
2750 3040 2810 3081 os
2832 3029 3019 3093 suum,
3056 3043 3159 3097 quo
3196 3028 3451 3085 adversus

1871 3113 2203 3172 Christianos
2244 3116 2387 3187 leges
2430 3116 2748 3171 suavissimas
2787 3118 3208 3187 promulgabant.
3253 3117 3451 3189 Nempe

1872 3205 2065 3274 quibus
2092 3222 2196 3261 non
2229 3214 2312 3261 est
2340 3206 2636 3260 nuntiatum
2665 3205 2730 3260 de
2755 3206 2844 3260 illo
2864 3249 2878 3273 ,
2898 3207 3007 3276 jam
3038 3208 3247 3272 vident,
3279 3218 3332 3263 et
3361 3210 3451 3279 qui

1873 3313 1977 3351 non
2000 3298 2279 3351 audierunt
2299 3298 2406 3366 jam
2433 3296 2727 3365 intelligunt
2759 3296 2932 3369 (Rom.
2962 3314 3047 3363 xv,
3077 3298 3285 3369 16-21).
3310 3300 3485 3366 Quo-~

1874 3388 2015 3440 niam
2054 3395 2239 3456 gentes
2279 3386 2469 3455 quibus
2507 3400 2612 3439 non
2656 3387 3098 3442 annuntiaverunt
3137 3387 3450 3456 Prophetas,

1871 3482 2039 3550 magis
2065 3481 2191 3549 ipsae
2224 3479 2405 3534 vident
2440 3494 2595 3549 quam
2628 3494 2752 3533 vera
2787 3480 3020 3533 nuntiata
3061 3480 3164 3533 sint
3200 3494 3294 3549 per
3320 3480 3451 3535 Pro-

1872 3573 2077 3643 phetas.
2110 3572 2179 3627 Et
2216 3573 2304 3643 qui
2347 3587 2451 3627 non
2482 3572 2761 3627 audierunt
2801 3573 2971 3642 ipsum
3002 3572 3186 3627 Isaiam
3227 3574 3451 3644 loquen-

1874 3673 2000 3729 tem,
2023 3664 2127 3732 jam
2152 3663 2202 3717 in
2233 3662 2448 3718 Litteris
2468 3663 2584 3731 ejus
2603 3663 2668 3715 dc
2698 3677 2803 3732 quo
2829 3664 2927 3717 ista
2954 3664 3020 3717 sit
3044 3664 3267 3731 locutus,
3296 3666 3452 3721 intel-

1873 3757 2057 3827 ligunt.
2098 3755 2228 3809 Nam
2260 3766 2313 3809 et
2342 3756 2395 3808 in
2426 3758 2535 3824 ipsa
2566 3763 2722 3825 gente
2749 3754 3051 3810 Judarorum
3082 3757 3199 3824 quis
3227 3757 3452 3812 credidit

1872 3848 2069 3903 auditui
2092 3847 2495 3917 Prophetarum,
2527 3856 2616 3900 aut
2639 3846 2909 3901 brachium
2940 3848 3167 3914 Domini,
3201 3848 3339 3919 quod
3371 3860 3451 3903 est

1870 3940 2115 3995 Christus
2140 3940 2253 4010 ipse
2274 3982 2286 4006 ,
2323 3940 2409 4009 qui
2440 3955 2533 4008 per
2560 3953 2653 3993 eos
2678 3939 3104 4003 annuntiabatur,
3138 3940 3221 3993 cui
3252 3941 3452 3995 revela~

1872 4040 1981 4086 tum
2011 4039 2091 4085 est
2124 4028 2298 4101 (Joan.
2328 4046 2400 4083 xu
2422 4071 2437 4097 ,
2466 4030 2532 4083 57
2553 4071 2566 4094 ,
2598 4028 2665 4083 58
2686 4070 2698 4093 ,
2727 4038 2774 4083 et
2800 4029 2950 4084 Rom.
2979 4045 3043 4095 χ,
3081 4030 3205 4100 16);
3235 4030 3447 4100 quando

1871 4123 2115 4178 manibus
2144 4122 2252 4176 suis
2278 4137 2340 4177 ea
2370 4121 2569 4176 scelera
2596 4121 2649 4174 in
2674 4120 2888 4176 Christo
2916 4121 3298 4187 admittebant,
3331 4139 3450 4193 qua:

1871 4213 2043 4269 futura
2075 4212 2429 4283 prccdixerant
2454 4211 2731 4281 Prophetas
2756 4227 2889 4282 quos
2911 4212 3211 4267 habebant?
3246 4213 3449 4283 Nempe

1871 4307 1976 4377 jam
2008 4305 2315 4360 haereditate
2347 4304 2580 4375 possidet
2616 4305 2845 4371 multos,
2884 4314 2937 4360 et
2979 4305 3189 4361 fortium
3225 4308 3447 4377 partitur

1871 4401 2059 4468 spolia,
2084 4414 2205 4454 cum
2230 4413 2289 4453 ea
2313 4414 2429 4467 qum
2454 4398 2692 4453 diabolus
2719 4407 2773 4453 et
2794 4399 3063 4455 daemones
3086 4402 3443 4471 possidebant,

1871 4505 1966 4559 per
1993 4490 2334 4544 ecclesiarum
2362 4504 2575 4543 suarum
2605 4489 2861 4556 fabricas,
2891 4502 2945 4546 et
2971 4493 3236 4561 quoslibet
3258 4509 3442 4552 neces-

1870 4580 2039 4634 sarios
2066 4595 2212 4645 usus,
2246 4578 2349 4632 illis
2375 4579 2607 4648 expulsis
2632 4580 2954 4652 proditisque
2981 4582 3265 4640 distribuit.

1869 4669 2094 4726 CAPUT
2132 4669 2347 4725 XXXII.
2381 4699 2452 4711 -—-
2492 4668 2849 4741 Apostolorum
2893 4682 3068 4728 contra
3106 4675 3446 4733 idololatriam

2186 4763 2412 4818 doctrina
2441 4764 2723 4819 vindicatur
2746 4782 2807 4819 ea:
2833 4768 3123 4838 praphetiis.

1940 4857 2027 4912 49.
2056 4855 2191 4923 Quid
2228 4872 2355 4927 ergo
2389 4856 2454 4910 ad
2496 4856 2609 4912 haec
2649 4857 2829 4913 dicunt
2866 4861 3096 4928 perversi
3140 4860 3440 4918 laudatores

1869 4948 2065 5003 Christi
2086 4990 2099 5014 ,
2133 4956 2185 5002 et
2212 4947 2631 5004 Christianorum
2662 4950 3078 5005 obtrectatores?
3097 4950 3358 5022 Numquid
3387 4962 3443 5008 ut

1870 5038 1965 5092 ista
1989 5053 2085 5108 per
2104 5036 2395 5107 Prophetas
2426 5047 2570 5093 tanto
2595 5047 2717 5094 ante
2743 5040 3171 5109 praedicerentur,
3201 5041 3442 5098 Christus

1870 5128 2088 5199 magicis
2113 5128 2313 5183 artibus
2334 5128 2477 5193 fecit,
2505 5138 2595 5183 aut
2613 5130 2851 5198 discipuli
2877 5130 2990 5201 ejus
3017 5132 3114 5185 ista
3142 5132 3432 5188 tinxerunt.

1868 5219 2131 5289 Numquid
2168 5229 2225 5274 ut
2260 5219 2549 5275 delectetur
2580 5220 2595 5251 ¹
2628 5220 2859 5274 Ecclesia
2896 5220 3081 5275 diﬂ'usa
3121 5238 3216 5291 per
3256 5232 3437 5294 gentes

1869 5310 2132 5380 quondam
2172 5310 2397 5376 sterilis,
2435 5324 2574 5363 nunc
2610 5310 2661 5363 in
2700 5310 2933 5379 pluribus
2960 5311 3113 5377 liliis,
3156 5328 3313 5383 quam
3350 5316 3439 5370 illa

1869 5401 2143 5472 Synagoga
2164 5416 2278 5470 quae
2304 5400 2498 5469 Legem
2524 5400 2635 5456 sive
2661 5400 2855 5472 Regem
2884 5412 3128 5473 tanquam
3154 5406 3322 5460 virum
3348 5421 3439 5463 ac-
3512 5432 3521 5443 ο

1932 5516 2027 5584 {in
2050 5514 2181 5584 prius
2207 5512 2386 5584 editis,
2414 5511 2737 5584 dilatetur._t_tt
2766 5515 2816 5564 in
2975 5516 3272 5584 ._delect_etur
3300 5532 3318 5569 :
3340 5534 3443 5584 quo

1868 5573 2065 5638 quidem
2096 5573 2261 5638 alludit
2282 5576 2483 5635 primum
2506 5576 2793 5638 Augustinus
2818 5577 2877 5626 ad
2900 5573 3041 5638 illud,
3078 5578 3321 5632 Delectare
3343 5573 3438 5633 ἐκ·

1993 5649 2010 5696 ;
2029 5634 2351 5707 explicatutfus
2366 5643 2539 5707 postea
2559 5634 2685 5687 aliud
2708 5639 2956 5702 Pr0pbette
2977 5634 3175 5704 dictum,
3200 5642 3356 5694 Dilata
3372 5643 3439 5696 lo-

1868 5710 1974 5749 cum
1993 5695 2285 5747 tabernaculi
2307 5704 2391 5748 tui.

2460 5782 3026 5867 (Tremo-quarm}
