3878 6358
448 308 586 369 1067

444 434 660 496 ceperat
683 443 697 480 :
720 424 974 496 numquid
1002 434 1059 481 ut
1083 426 1160 480 sic
1187 424 1371 480 dilatet
1392 428 1564 481 locum
1595 424 1917 482 tabernaculi
1943 424 2025 479 sui

445 532 635 581 omnes
663 519 903 578 nationes
927 529 980 575 et
1008 520 1212 590 linguas
1238 536 1520 591 occupans,
1552 529 1607 575 ut
1638 521 1840 590 longius
1868 534 2025 588 quam

445 609 671 673 Romani
716 609 922 679 imperii
954 608 1074 678 jura
1112 611 1417 674 tenduntur,
1460 627 1628 681 usque
1665 612 1717 665 in
1756 611 1945 665 Persas
1974 618 2029 664 et

444 699 604 769 Indos
626 700 861 771 aliasque
890 700 1142 757 barbaras
1168 711 1353 773 gentes
1382 703 1640 759 funiculus
1672 704 1935 774 porrigat;
1968 711 2026 758 ut

443 794 497 857 in
521 793 794 851 dexteram
821 810 916 865 per
934 810 1091 851 veros
1112 794 1450 859 christianos,
1475 805 1530 852 et
1555 796 1608 852 in
1637 797 1900 850 sinistram
1933 810 2028 866 per

442 887 597 949 ﬁctos
622 887 941 949 christianos
981 889 1031 943 in
1077 898 1181 944 tam
1220 890 1398 944 multis
1431 889 1641 959 populis
1679 904 1871 945 nomen
1912 888 2026 959 ejus

443 981 794 1047 extendatur;
827 988 887 1036 ut
912 996 1095 1037 semen
1121 983 1235 1051 ejus
1260 982 1537 1038 haereditet
1556 990 1745 1055 gentes
1764 1025 1777 1047 ,
1808 991 1864 1037 ut
1892 983 2027 1037 (εἰκυία-

444 1082 580 1135 tates
605 1090 723 1145 quae
746 1088 776 1128 a
804 1088 929 1129 vero
958 1074 1050 1129 Dei
1073 1075 1214 1129 cuitu
1236 1083 1288 1130 et
1314 1090 1343 1130 a
1366 1091 1487 1131 vera
1516 1075 1771 1145 religione
1800 1077 2025 1132 deserta:

443 1164 672 1232 fuerant,
691 1164 800 1235 iam
822 1179 962 1220 nunc
981 1164 1266 1231 inhabitet;
1289 1174 1348 1222 ut
1370 1181 1475 1221 non
1499 1167 1735 1221 timuerit
1752 1166 2024 1221 hominum

442 1257 616 1313 minas
647 1266 703 1313 et
740 1257 931 1325 furias,
967 1258 1177 1329 quando
1211 1259 1263 1313 in
1299 1259 1555 1329 sanguine
1592 1267 1884 1331 martyrum
1912 1269 2027 1314 tan-

440 1366 598 1421 quam
628 1351 830 1406 honore
856 1365 1124 1421 purpureo
1143 1350 1483 1417 vestiebatur,
1508 1361 1565 1406 ut
1587 1351 1897 1424 praevaleret
1919 1360 2023 1406 tam

440 1444 623 1499 multis
650 1454 863 1515 tamque
890 1444 1293 1499 vehementibus
1320 1454 1373 1499 ct
1395 1445 1696 1515 potentibus
1718 1452 2025 1517 persecuto-

440 1536 589 1591 ribus
608 1536 745 1601 suis;
769 1543 956 1591 utnon
978 1537 1317 1592 erubesceret
1335 1536 1473 1607 quod
1495 1536 1820 1591 detestabilis
1841 1535 2023 1601 fuerit,

441 1626 653 1694 quando
670 1641 914 1697 magnum
937 1635 1051 1681 erat
1065 1628 1265 1682 crimen
1283 1628 1397 1682 fieri
1417 1628 1497 1683 vel
1515 1643 1631 1681 esse
1653 1626 2021 1690 christianum;

442 1727 500 1775 ut
535 1717 901 1773 confusionem
943 1718 994 1772 in
1034 1728 1343 1787 perpetuum
1381 1718 1737 1781 obliviscatur,
1780 1718 1898 1789 quia
1935 1718 2023 1772 ubi

441 1810 800 1867 abundaverat
824 1816 1128 1878 peccatum,
1163 1808 1608 1878 superabundavit
1644 1810 1807 1879 gratia
1846 1806 2021 1880 (Rom.

440 1900 613 1973 v,'%0)
639 1918 653 1967 ;
694 1909 752 1956 ut
782 1902 1081 1971 ignominia:
1112 1899 1379 1955 viduitatis
1408 1915 1518 1955 sure
1548 1915 1751 1955 memor
1779 1914 1882 1953 non
1913 1899 2019 1967 sit,

440 1993 562 2063 quia
593 1992 861 2062 paululum
899 1993 1149 2048 derelicta
1179 2001 1227 2047 et
1256 1992 1543 2061 opprobrio
1577 1993 1809 2062 subjecta
1834 1992 1873 2055 ί,
1916 1999 2021 2045 tam

439 2086 694 2143 eminenti
720 2085 886 2157 gloria
916 2086 1203 2142 reﬂorescit
1233 2105 1245 2139 :
1274 2085 1531 2156 numquid
1555 2094 1824 2156 postremo
1846 2093 1899 2138 ut
1922 2083 2025 2139 Do-

440 2177 617 2233 minus
640 2178 727 2248 qtti
759 2177 883 2232 fecit
904 2192 1043 2242 eam,
1076 2187 1128 2233 et
1156 2193 1184 2230 a
1211 2177 1485 2232 dominatu
1514 2175 1709 2230 diaboli
1741 2187 1793 2231 et
1818 2174 2021 2230 dmmo-

438 2285 567 2328 num
594 2272 732 2326 eruit
760 2286 906 2335 eam,
941 2272 1053 2341 ipse
1080 2271 1219 2326 Deus
1247 2270 1409 2326 Israel
1442 2270 1703 2326 universa:
1735 2279 1890 2324 terra:
1912 2268 2024 2339 jam

428 2370 677 2426 vocetur,
707 2361 953 2432 discipuli
970 2348 1179 2417 Christi
1208 2360 1472 2416 ﬁnxerunt
1492 2404 1504 2427 ,
1542 2361 1680 2431 quod
1712 2361 2018 2431 Prophetze,

438 2469 664 2525 quorum
703 2454 848 2510 Libri
888 2470 1028 2510 nunc
1070 2455 1121 2510 in
1162 2456 1407 2511 manibus
1450 2455 1787 2510 inimicorum
1826 2453 2022 2510 Christi

437 2547 721 2617 habentur,
749 2557 856 2605 tam
882 2549 1037 2621 longe
1064 2558 1343 2622 antequam
1366 2548 1606 2605 Christus
1635 2549 1771 2606 ﬁlius
1792 2549 2022 2605 hominis

438 2642 611 2708 fleret,
643 2642 1035 2712 prmdixerunt?

508 2733 595 2790 50.
639 2733 772 2789 Hinc
796 2750 923 2805 ergo
951 2734 1264 2804 intelligant,
1288 2734 1427 2804 quod
1461 2750 1526 2789 nc
1555 2735 1867 2801 tardissimis
1896 2734 2021 2804 qui-

437 2825 559 2882 dem
581 2834 740 2897 atque
769 2825 1129 2882 obtusissimis
1154 2828 1175 2858 '
1221 2814 1508 2883 obscurum
1538 2825 1755 2883 dubiutn
1768 2843 1829 2883 ve
1856 2827 2020 2883 relin-

436 2919 653 2999 quitur:
687 2916 848 2984 hinc,
903 2918 1153 2989 inquam,
1198 2918 1493 2985 intelligant
1536 2918 1735 2977 Christi
1783 2917 2020 2999 perversi

435 2996 740 3063 laudatores
759 3017 813 3063 et
833 3007 1135 3063 Christianae.
1160 3008 1431 3077 religionis
1447 2996 1829 3074 exsecratores,
1860 3010 2020 3064 etiam

435 3097 633 3153 Christi
658 3097 945 3166 discipulos
975 3105 1161 3152 contra
1192 3097 1321 3153 deos
1348 3114 1530 3153 eorum
1573 3114 1631 3153 ea
1659 3098 1908 3154 didicisse
1936 3108 2021 3153 at-

437 3205 541 3259 que
592 3189 839 3245 docuisse
886 3207 1004 3260 qum
1050 3190 1287 3246 doctrina
1341 3191 1577 3247 continet
1616 3192 1853 3259 Christi;
1899 3194 2022 3273 quia

435 3279 579 3337 Deus
607 3278 802 3345 Israel,
858 3279 946 3350 qui
975 3278 1091 3335 haec
1128 3280 1305 3335 omnia
1333 3297 1449 3353 qua:
1475 3280 1562 3336 isti
1586 3283 1762 3338 colere
1800 3283 2017 3357 volunt,

436 3370 787 3430 abominanda
825 3382 983 3445 atque
1016 3375 1301 3431 evertenda
1340 3376 1391 3430 in
1431 3375 1604 3435 Libris
1630 3378 2018 3449 PrOpltetarum

434 3464 752 3537 praecepisse
775 3466 1060 3533 invenitur,
1086 3468 1199 3537 ipse
1228 3469 1365 3524 Deus
1386 3469 1648 3526 universa:
1679 3479 1857 3543 teme,
1887 3473 2025 3529 sicut

433 3567 583 3626 tanto
602 3568 724 3616 ante
740 3559 1001 3630 promisit,
1025 3575 1121 3631 per
1134 3559 1402 3616 Christum
1424 3570 1475 3616 et
1500 3561 1696 3618 Christi
1723 3562 2020 3620 Ecclesium

433 3652 544 3725 jam
570 3660 807 3708 vocatur.
841 3650 897 3707 Si
926 3650 1067 3707 enim
1094 3649 1361 3707 Christum
1394 3653 1527 3710 mira
1555 3651 1820 3710 dementia
1850 3655 2023 3737 suspi-

436 3755 629 3804 cantur
651 3746 783 3802 deos
812 3760 998 3802 eorum
1041 3746 1299 3811 coluisse,
1347 3761 1411 3801 ac
1453 3761 1550 3817 per
1590 3747 1686 3803 hos
1724 3761 1844 3803 eum
1877 3755 2022 3803 tanta

433 3841 703 3913 pctuisse;
726 3837 980 3909 numquid
1003 3847 1056 3892 et
1082 3838 1222 3893 Deus
1252 3837 1415 3893 Israel
1441 3837 1571 3894 deos
1600 3855 1784 3895 eorum
1814 3839 1977 3905 coluit
2002 3882 2017 3915 η

436 3932 526 4003 qui
548 3931 615 3987 de
639 3946 699 3986 se
726 3946 821 4000 per
843 3944 1029 3984 omnes
1053 3938 1238 4011 gentes
1264 3929 1488 3984 colendo
1519 3940 1572 3987 et
1597 3931 1664 3987 de
1690 3932 1792 3987 illis
1813 3932 2021 3988 abomi-
2090 3997 2103 4001 ,ν

435 4023 630 4080 nandis
669 4029 826 4093 atque
850 4020 1151 4077 evertendis
1181 4019 1358 4091 (Deut.
1388 4037 1481 4086 vn,
1511 4022 1567 4095 5)
1587 4063 1602 4090 ,
1634 4038 1727 4093 per
1751 4022 2022 4083 Christum

437 4114 579 4186 quod
607 4114 849 4186 promisit
878 4113 1151 4189 implevit?
1180 4112 1280 4171 Ubi
1321 4122 1444 4171 sunt
1463 4114 1533 4169 dii
1562 4117 1786 4172 eorum?
1818 4118 1905 4173 ubi
1932 4135 2026 4179 va-

436 4209 615 4265 ticinia
646 4192 997 4267 fanaticorum
1024 4251 1037 4274 ,
1087 4217 1138 4263 et
1169 4207 1522 4277 divinationes
1554 4210 1891 4283 pythonum?
1931 4214 2021 4275 ubi

437 4302 689 4373 auguria,
716 4298 798 4356 vel
826 4299 1081 4372 auspicia,
1123 4300 1204 4355 vel
1230 4301 1529 4383 aruspicia,
1574 4302 1660 4357 vel
1680 4302 1891 4371 oracula
1916 4304 2024 4360 da:-

436 4392 695 4449 rnonum?
723 4389 829 4449 Cur
852 4408 955 4447 non
978 4390 1245 4463 profertur
1287 4408 1350 4447 ex
1379 4392 1673 4449 istiusmodi
1704 4395 1933 4477 antiquis
1956 4397 2021 4453 li-

436 4484 552 4540 bris
572 4484 901 4540 admonitum
925 4480 1123 4553 aliquid
1151 4492 1204 4538 et
1233 4482 1543 4553 praedictum
1571 4495 1756 4541 contra
1779 4486 2024 4551 christia-

437 4592 565 4633 nam
584 4576 761 4640 ﬁdem,
789 4586 842 4630 ct
861 4585 1043 4631 contra
1069 4575 1452 4647 PrOphetarum
1476 4586 1777 4633 nostrorum
1798 4594 2021 4651 expres-

439 4684 556 4727 sam
591 4669 699 4751 iam
732 4669 785 4722 in
814 4669 1060 4724 omnibus
1100 4670 1348 4753 gentibus
1377 4678 1484 4725 tam
1516 4672 1848 4743 perspicuam
1877 4675 2021 4739 veri-

436 4760 661 4816 tatem?
706 4757 1075 4825 Oll‘endimus,
1131 4759 1412 4831 inquiunt,
1470 4760 1599 4816 deos
1662 4772 1908 4830 nostros,
1968 4772 2025 4820 et

438 4852 789 4908 deseruerunt
809 4863 906 4904 nos
933 4867 946 4902 :
973 4848 1091 4904 ideo
1111 4850 1365 4906 adversus
1388 4865 1486 4906 nos
1505 4850 1787 4907 Christiani
1816 4870 1988 4935 pracva
2008 4886 2022 4897 ο

436 4945 679 5012 ltteruut,
732 4953 783 4999 et
825 4944 1173 4998 humanarum
1214 4958 1392 4999 rerum
1422 4944 1643 5011 felicitas
1676 4944 1885 5003 defessa
1912 4949 1933 4979 ³
1959 4964 2023 5009 ac

436 5038 711 5103 deminuta
737 5035 1002 5091 dilabitur.
1050 5033 1165 5091 Hoc
1218 5034 1316 5089 sibi
1366 5043 1509 5090 certe
1564 5052 1658 5106 per
1695 5038 2022 5105 Christianos

437 5130 603 5187 fuisse
629 5138 963 5195 eventurum,
989 5127 1165 5201 legant
1183 5142 1247 5183 ex
1268 5126 1419 5197 libris
1442 5137 1623 5193 vatum
1646 5145 1861 5189 suorum
1890 5150 1903 5186 :
1928 5135 2020 5197 sed

438 5239 505 5281 ea
534 5225 731 5305 legant,
758 5221 846 5278 ubi
876 5221 919 5278 si
949 5236 1056 5291 non
1077 5219 1341 5288 Christus,
1373 5222 1495 5293 quia
1518 5237 1639 5283 cum
1665 5222 1885 5291 deorum
1908 5241 2022 5283 suo-

502 5398 521 5431 ⁸
544 5398 617 5466 sic
633 5397 817 5466 optime
834 5402 982 5466 _vetus
1003 5394 1158 5466 coget;
1181 5397 1512 5466 Corbeieusis;
1537 5398 1591 5466 id
1606 5402 1735 5466 enim
1752 5405 2022 5466 resmndet

437 5456 691 5529 Propheta?
712 5458 876 5529 verbis
895 5466 1011 5529 ante
1029 5456 1224 5529 allatis:
1249 5456 1525 5529 tgnpntim’é
1545 5460 1787 5514 viduitatis
1808 5456 1906 5515 tum
1928 5456 2024 5518 non

436 5518 755 5592 eris'_mm.r-
782 5518 1082 5592 ιορρνρρτέίε
1106 5518 1308 5592 objecta.

437 5581 849 5697 “greges
872 5581 1113 5643 codicibus
1143 5581 1421 5645 constanter
1450 5586 1678 5653 scriptum
1715 5596 1823 5651 est.
1859 5588 2022 5649 051m-

443 5682 678 5822 ἇιξξῖἷῖ,
703 5704 944 5767 depressa.
968 5703 1085 5755 ﬁdit!
1108 5717 1227 5756 vero
1248 5703 1358 5768 alii,
1382 5707 1756 5777 suffragantibus
1776 5719 1911 5777 ωδε,
1932 5716 2018 5769 de.

1229 304 1314 360 DE
1345 305 1689 363 CONSENSU
1732 305 2374 376 EVANGELISTAIIUM,
2414 310 2469 366 S.
2512 310 2877 369 AUGUSTINI
2912 276 2913 281 γ

3611 306 3716 377 ita

3784 56 3814 391 l

2137 439 2254 481 rum
2285 425 2467 482 volunt
2497 427 2657 486 fuisse
2681 430 2936 486 cultorem
2959 472 2973 497 ,
3023 431 3219 488 saltem
3256 431 3417 488 Deus
3458 426 3617 490 Israel
3640 437 3716 493 im-
3800 402 3816 493 Ἰ

2136 518 2388 589 probatus
2436 531 2489 576 et
2533 521 2825 579 detestatus
2873 524 2982 591 sit,
3033 532 3192 595 quem
3255 534 3489 593 constat
3530 527 3714 588 istorum
3812 590 3813 593 η

2137 625 2467 667 eversorem.
2514 614 2618 671 Sed
2650 631 2919 687 nunquam
2959 617 3061 674 hoc
3089 618 3429 699 profer-ent,
3479 622 3578 676 nisi
3604 626 3717 705 quod

2138 701 2298 793 modo
2320 702 2456 760 forte
2482 706 2854 762 confinxerint.
2887 707 3038 777 Quod
3062 725 3182 765 cum
3217 711 3557 783 protulerint
3578 701 3716 793 appa-

2137 792 2295 859 rebit,
2325 809 2390 850 eo
2416 795 2528 866 ipse
2546 809 2713 865 certe,
2740 799 2880 879 quod
2904 809 3045 855 tanta
3067 816 3153 856 res
3173 811 3295 857 tam
3326 808 3516 876 ignota
3541 792 3717 876 profer-

2134 891 2239 951 tur,
2262 901 2381 956 quze
2400 888 2580 961 utique
2595 886 2776 945 debuit
2804 901 3087 963 antequam
3111 893 3219 950 hoc
3243 895 3401 965 quod
3430 894 3710 967 praedictum

2135 986 2236 1043 est,
2268 978 2567 1048 accidisset,
2599 983 2650 1037 in
2675 982 2897 1040 deorum
2927 985 3136 1057 templis
3160 986 3178 1018 ί
3222 987 3483 1057 omnium
3508 989 3713 1065 gentium

2134 1070 2386 1138 recitari,
2441 1081 2499 1127 ut
2540 1081 2983 1145 prmstruerentur
3020 1087 3075 1134 et
3116 1088 3602 1165 prmmonerentur
3643 1083 3713 1163 qui

2136 1177 2275 1217 nunc
2305 1164 2488 1219 volunt
2513 1167 2535 1198 ⁸
2560 1179 2679 1222 esse
2706 1166 3001 1225 christiani.

2135 1255 2359 1313 CAPUT
2390 1258 2629 1314 XXXIII.
2659 1292 2730 1301 —
2758 1260 2826 1317 In
2850 1278 2932 1321 eos
2957 1263 3044 1337 qui
3074 1280 3253 1319 rerum
3295 1266 3631 1331 humanarum
3654 1272 3711 1343 [a-

2205 1349 2439 1404 licitatem
2464 1369 2552 1425 per
2580 1354 2858 1410 christiana
2880 1364 3103 1437 tempora
3123 1358 3454 1427 deminutam
3474 1377 3579 1425 esse
3612 1378 3713 1417 con-

2204 1452 2497 1510 queruntur.

2204 1533 2291 1588 51.
2339 1534 2538 1590 Deinde
2564 1536 2702 1609 quod
2732 1538 2800 1596 de
2843 1538 3109 1597 felicitatis
3139 1557 3338 1599 rerum
3385 1541 3708 1609 humanarum

2131 1623 2491 1681 deminutione
2511 1644 2606 1698 per
2631 1629 2919 1686 christiana
2940 1640 3181 1704 tempora
3213 1645 3639 1711 conquerantur,
3671 1639 3707 1694 si

2132 1714 2295 1771 libros
2321 1718 2754 1791 philosophorum
2777 1738 2991 1779 suorum
3017 1725 3217 1799 legant,
3245 1742 3313 1785 ea
3342 1727 3709 1805 reprehenden-

2132 1807 2282 1875 tium,
2314 1826 2433 1885 qure
2459 1829 2598 1869 nunc
2624 1814 2703 1869 eis
2727 1816 2895 1872 etiam.
2914 1820 3295 1887 recusantibus
3321 1828 3381 1876 et
3399 1837 3706 1887 murmuran-

2130 1899 2271 1993 tihus
2293 1901 2676 1963 subtrahuntur
2698 1948 2713 1973 ,
2745 1917 2853 1964 tum
2883 1925 3011 1965 vero
3038 1927 3296 1983 magnam
3330 1913 3540 1975 laudem
3578 1929 3704 1993 repe-

2129 1990 2270 2046 rient
2297 2001 2592 2063 temporum
2624 1997 3056 2056 ehristianorum.
3080 2001 3222 2071 Quid
3253 2004 3408 2075 enim
3429 2006 3507 2061 eis
3537 1990 3701 2073 minui-

2131 2090 2217 2135 tur
2244 2081 2507 2142 felicitatis
2530 2130 2543 2153 ,
2576 2088 2675 2143 nisi
2698 2089 2840 2161 quod
2863 2092 3093 2169 pessime
3123 2094 3518 2169 luxurioseque
3543 2096 3701 2161 abute-

2130 2170 2323 2228 bantur
2348 2175 2401 2230 in
2429 2192 2674 2249 magnam
2701 2179 2970 2239 Creatoris
2991 2181 3245 2259 injuriam
3262 2185 3288 2239 ?
3310 2184 3427 2251 Nisi
3453 2185 3579 2243 forte
3599 2187 3700 2243 hinc

2129 2274 2250 2317 sunt
2275 2273 2515 2336 tempora
2542 2270 2703 2334 mala,
2736 2271 2857 2343 quia
2887 2289 2980 2353 per
3005 2290 3195 2329 omnes
3220 2292 3365 2347 pene
3388 2277 3617 2335 civitates
3635 2292 3697 2332 ca-

2128 2353 2255 2409 dunt
2287 2355 2522 2423 theatra,
2559 2373 2740 2416 cavete
2773 2362 3156 2434 turpitudinum
3189 2375 3246 2420 ct
3264 2354 3496 2437 publica:
3518 2368 3695 2439 profes-

2129 2444 2308 2501 siones
2347 2446 2662 2520 llagitiorum
2687 2449 2750 2519 ³;
2800 2452 2996 2509 cadunt
3042 2463 3095 2509 et
3126 2455 3244 2511 fora
3274 2458 3361 2513 vel
3407 2444 3589 2513 moenia
3611 2500 3624 2527 ,
3651 2458 3693 2513 in

2127 2536 2317 2607 quibus
2343 2539 2606 2599 daemonia
2635 2543 2964 2601 colebantur.
2996 2544 3151 2603 Unde
3179 2549 3330 2604 enim
3362 2548 3584 2615 cadunt,
3611 2549 3692 2605 nisi

2129 2627 2307 2700 inopia
2344 2646 2556 2700 rerum,
2600 2649 2822 2713 quarum
2862 2635 3063 2692 lascivo
3089 2648 3141 2694 et
3173 2641 3444 2712 sacrilego
3483 2656 3571 2705 usu
3592 2656 3691 2701 con-

2127 2726 2326 2775 structa
2372 2722 2541 2778 sunt?
2589 2724 2776 2781 Nonne
2824 2725 3010 2783 Cicero
3055 2746 3249 2788 eorum
3302 2749 3427 2788 cum
3473 2733 3689 2787 Roscium

2128 2809 2410 2880 quemdam
2439 2812 2679 2870 laudaret
2703 2815 3053 2888 histrionem,
3100 2822 3170 2876 ita
3199 2824 3431 2895 peritum
3457 2824 3605 2888 dixit,
3644 2832 3688 2879 ut

2129 2901 2275 2957 solus
2300 2914 2443 2960 esset
2470 2905 2661 2977 dignus
2686 2909 2775 2979 qui
2805 2909 2859 2964 in
2883 2926 3096 2967 scenam
3128 2913 3358 2971 deberet
3387 2917 3604 2977 intrare;
3632 2915 3685 2967 ita

2128 2992 2299 3047 virum
2338 2994 2558 3060 bonum,
2592 3008 2645 3052 ut
2669 2999 2812 3054 solus
2840 3011 2983 3058 esset
3006 3002 3199 3075 dignus
3219 3006 3311 3076 qui
3338 3022 3403 3062 eo
3431 3023 3528 3060 non
3549 3004 3684 3063 debe-

2127 3091 2212 3139 ret
2236 3086 2491 3143 accedere
2515 3089 2643 3161 (Cic.
2680 3090 2825 3145 Orat.
2850 3110 2942 3164 pro
2964 3093 3171 3169 Roscio)
3194 3097 3217 3151 ?
3243 3098 3371 3168 quid
3410 3097 3541 3152 aliud
3560 3110 3684 3167 aper-

2128 3177 2332 3235 tissime
2353 3183 2663 3250 ostendens,
2688 3186 2787 3241 nisi
2810 3187 2951 3241 illam
2979 3203 3194 3244 scenam
3217 3199 3463 3246 essetam
3485 3200 3678 3259 turpem.

2128 3278 2186 3325 ut
2224 3279 2369 3326 tanto
2407 3274 2581 3329 minus
2621 3276 2688 3329 ibi
2725 3292 2845 3332 esse
2872 3279 3032 3333 homo
3067 3278 3298 3345 debeat,
3334 3289 3525 3360 quanto
3552 3277 3680 3333 fuerit

2127 3363 2295 3434 magis
2330 3366 2411 3418 vir
2455 3365 2666 3422 bonus?
2708 3378 2761 3424 et
2792 3378 2966 3425 tamen
3009 3369 3081 3426 dii
3111 3387 3302 3429 eorum
3335 3373 3423 3426 tali
3450 3369 3673 3425 dedecore

2127 3456 2495 3524 placabantur,
2532 3460 2689 3530 quale
2734 3477 2761 3514 a
2813 3461 2941 3517 viris
2980 3463 3133 3527 bonis
3173 3463 3547 3520 removendum
3583 3474 3680 3515 esse

2127 3549 2395 3604 censebat.
2444 3550 2539 3605 Est
2578 3555 2735 3607 etiam
2784 3553 2909 3609 hinc
2947 3557 3187 3624 ejusdem
3234 3557 3401 3629 ipsius
3443 3550 3673 3617 Ciceronis

2127 3650 2309 3710 aperta
2332 3642 2619 3709 confessio,
2644 3646 2728 3698 ubi
2747 3646 2839 3713 ait,
2860 3648 2959 3702 sibi
2984 3646 3195 3705 Floram
3220 3659 3443 3713 matrem
3468 3645 3672 3705 ludorum

2127 3732 2436 3788 celebritate
2463 3736 2773 3815 placandam
2797 3735 2923 3811 (Cic.
2949 3741 3001 3795 in
3034 3739 3265 3815 Verrem,
3290 3751 3386 3795 act.
3409 3740 3480 3811 5).
3512 3738 3558 3795 In
3573 3735 3669 3808 qui-

2128 3824 2227 3880 bus
2254 3824 2390 3880 ludis
2434 3835 2575 3881 tanta
2607 3828 2848 3885 exhiberi
2880 3833 3154 3903 turpitudo
3192 3833 3501 3901 consuevit,
3546 3837 3594 3885 ut
3627 3827 3671 3885 in

2128 3930 2310 3970 eorum
2335 3919 2732 3988 comparatione
2760 3923 2936 3976 cmteri
2960 3922 3167 3979 honesti
3197 3928 3327 3993 sint,
3355 3940 3381 3977 a
3409 3922 3580 3994 quibus
3600 3928 3666 3973 ta-

2129 4023 2252 4063 men
2276 4009 2434 4063 etiam
2464 4010 2591 4079 ipsis
2620 4012 2840 4082 agendis
2869 4016 2967 4069 viri
3008 4015 3129 4071 boni
3170 4018 3528 4091 prohibentur.
3564 4011 3669 4078 Qua!

2128 4097 2228 4189 ista
2254 4107 2335 4154 est
2367 4098 2521 4155 Flora
2549 4111 2717 4157 mater
2736 4144 2751 4171 ,
2793 4105 2964 4177 qualis
2984 4105 3080 4163 dea
3107 4116 3221 4174 est,
3267 4122 3419 4189 quam
3447 4100 3664 4165 celebrior

2128 4196 2183 4243 et
2212 4187 2433 4246 habenis
2477 4191 2817 4253 ell‘usioribus
2855 4196 3027 4260 laxata
3069 4199 3318 4254 conciliat
3355 4206 3409 4263 et
3457 4190 3665 4281 propitiat

2129 4279 2434 4351 turpitudo?
2462 4281 2675 4349 Quanto
2699 4284 2807 4355 jam
2839 4284 3115 4344 honestius
3157 4290 3209 4355 in
3242 4303 3449 4357 scenam
3466 4279 3661 4341 Bosel“

2130 4372 2379 4441 intrabat,
2410 4391 2566 4445 quam
2595 4375 2783 4433 Cicero
2811 4378 2964 4439 deam
2992 4382 3149 4439 talem
3173 4381 3415 4447 colebat?
3449 4378 3498 4435 Si
3523 4371 3660 4449 detai-

2129 4472 2255 4517 nuta
2278 4480 2455 4519 rerum
2478 4468 2630 4535 copia
2651 4508 2663 4531 ,
2698 4485 2815 4541 qtnc
2844 4469 2894 4524 in
2918 4469 3033 4535 haec
3052 4472 3367 4539 celebranda
3393 4467 3655 4537 ittttdtmlllfa

2129 4554 2200 4610 dii
2228 4554 2472 4611 Gentium
2495 4557 2851 4629 offenduntur,
2880 4573 3098 4634 apparet
3120 4567 3305 4645 quales
3331 4565 3435 4637 sint
3464 4559 3542 4639 qui
3568 4553 3657 4615 talia

2128 4647 2228 4702 bus
2252 4647 2599 4705 deleCIantur.
2622 4651 2676 4706 Si
2701 4661 2877 4717 autem
2903 4655 3000 4725 ipsi
3024 4656 3139 4717 irati
3167 4658 3267 4723 ista
3295 4657 3541 4725 minutum
3569 4646 3652 4715 till"

2128 4736 2230 4831 lius
2258 4738 2557 4831 irascuntur
2584 4757 2740 4815 quam
2764 4743 3059 4825 placantur.
3092 4747 3431 4831 Quapropter,
3461 4748 3543 4809 aut

2127 4829 2381 4903 losophos
2400 4847 2524 4887 suos
2544 4843 2783 4905 arguant,
2817 4837 2909 4906 qui
2934 4838 3056 4907 talia
3080 4841 3135 4907 in
3159 4826 3436 4909 iniuriosis
3456 4826 3649 4903 humilit-

2127 4922 2224 4977 bus
2246 4923 2735 4995 reprehenderunt;
2764 4936 2853 4982 aut
2872 4928 2999 4987 deos
3028 4944 3152 4991 suos
3176 4932 3431 5011 frangant,
3451 4924 3529 5001 qui
3552 4918 3650 4985 “lilii

2126 5014 2195 5070 de
2224 5016 2333 5071 suis
2355 5016 2647 5072 cultoribus
2668 5032 2995 5099 exegerunt:
3023 5023 3070 5085 si
3099 5024 3392 5099 tamenim
3412 5013 3644 5087 ίηπρυῑιιηι

2127 5108 2210 5162 vel
2239 5122 2371 5178 quos
2394 5107 2670 5179 frangant,
2704 5110 2787 5165 vel
2815 5126 2949 5187 quos
2973 5113 3297 5187 abscondant
3325 5131 3338 5171 ί
3367 5104 3645 5179 οιιτῑειίδιιαη

2127 5213 2242 5252 rum
2283 5213 2407 5252 vero
2452 5200 2777 5270 temporibus
2815 5200 3075 5267 defectum
3125 5222 3300 5279 rerum

2126 5291 2317 5361 quibus
2349 5293 2399 5346 in
2430 5292 2600 5382 turpia
2631 5302 2685 5348 et
2722 5294 2879 5348 noxia
2906 5294 3239 5382 deﬂpebant,
3280 5276 3640 5382 ’διωριιθιΞι-οιξάε

2127 5382 2387 5453 imputare
2411 5381 2689 5450 desistant,
2707 5399 2774 5439 ne
2796 5385 2963 5456 magis
2989 5364 3086 5444 n'os
3109 5364 3245 5445 unde
3263 5364 3468 5457 amplius
3485 5364 3643 5439 CW
3655 5374 3711 5470 “
3766 5366 3773 5372 θ

2127 5483 2361 5545 potestas
2382 5473 2641 5541 laudetur,
2664 5474 3002 5532 admoneant.

2188 5658 2208 5749 ξ
2228 5665 2284 5763 ἔῃ
2301 5657 2864 5769 editione
2884 5660 3093 5722 aedium,
3109 5663 3314 5719 unius.

2228 5732 2299 5767 κιο
2322 5727 2418 5769 Rat.
2445 5726 2497 5769 et
2579 5727 2697 5769 auct
2712 5726 2818 5769 Mss.
2845 5729 2899 5769 At
2921 5729 3027 5769 Lov.
3056 5731 3108 5769 et
3128 5731 3200 5769 Er.
3218 5761 3233 5769 -
3255 5737 3314 5769 no

2228 5722 2306 5786 Sig
2322 5722 2818 5786 nat._et_aliquqt
2845 5729 2899 5772 At
2921 5729 3027 5772 Lov.
3056 5731 3108 5776 et
3128 5731 3200 5774 Er.
3218 5761 3233 5786 ,
3255 5722 3417 5786 notauit;
3472 5772 3481 5783 ,

2190 5780 2211 5813 ³
2230 5780 2348 5830 Editi
2368 5779 2627 5841 habebant,
2640 5779 2980 5846 [legitimum
2996 5797 3013 5835 :
3029 5800 3118 5849 pro
3137 5779 3237 5851 quo
3254 5796 3369 5845 MSS-1

3804 617 3816 991 l
