3878 6310
158 315 336 377 1069
1578 299 1781 366 LIBER
1818 298 1826 363 1

1918 295 2069 359 ΙΜΗΒ

375 426 601 483 CAPUT
632 423 871 481 XXXIV.
896 451 970 464 --
995 421 1242 491 Epilogus
1264 417 1602 488 superiorum.

249 520 363 577 52.
404 519 563 574 Multa
589 517 712 573 hinc
741 516 994 581 dicerem,
1028 512 1126 567 nisi
1154 525 1239 565 me
1261 509 1371 579 jam
1399 507 1591 573 librum
1622 506 1782 565 istum

159 611 539 675 concludere,
570 618 728 679 atque
752 606 819 661 ad
842 605 1164 676 prepositam
1185 600 1533 655 intentionem
1566 596 1739 651 redire
1765 638 1779 662 ,

161 703 435 778 suscepti
457 702 637 778 operis
657 701 946 759 necessitas
974 705 1209 768 cogeret.
1230 691 1360 753 Cum
1387 692 1531 751 enim
1557 703 1787 758 evange-

161 798 323 853 licas
354 776 711 867 quaestiones,
760 791 852 847 ubi
896 789 1145 845 videntur
1186 784 1504 858 quibusdam
1557 790 1787 853 quatuor

162 887 559 959 Evangelista:
588 901 695 940 non
732 884 871 953 inter
905 896 963 937 se
983 888 1229 937 constare
1250 919 1264 941 ,
1297 876 1505 930 solvere
1535 870 1793 942 aggrede-

165 993 272 1035 rer
301 1020 321 1046 ,
391 986 450 1044 ut
494 976 641 1058 potui
680 973 935 1055 expositis
983 967 1363 1031 intentionibus
1415 963 1785 1037 singulorum,

163 1069 377 1141 primo
425 1051 554 1133 milli
597 1051 988 1129 discutiendum
1037 1059 1301 1127 occurrit,
1359 1053 1500 1139 quod
1547 1051 1786 1123 nonnulli

162 1174 443 1234 quterere
470 1158 661 1224 solent,
691 1173 786 1215 cur
811 1155 977 1227 ipsius
997 1152 1193 1219 Christi
1216 1150 1357 1215 nulla
1383 1148 1577 1219 scripta
1610 1143 1789 1215 proie-

160 1268 403 1320 ramus.
433 1251 508 1317 lla
538 1250 678 1317 enim
715 1249 898 1315 Volunt
940 1254 994 1303 et
1036 1246 1208 1319 ipsum
1252 1240 1399 1305 credi
1442 1239 1623 1299 nescio
1665 1234 1793 1307 quid

164 1344 334 1411 aliud
365 1343 648 1421 scripsisse
674 1339 814 1421 quod
835 1338 1080 1411 diligunt,
1103 1334 1338 1413 nihilque
1356 1331 1589 1401 sensisse
1606 1336 1793 1393 contra

162 1437 321 1497 deos
354 1451 525 1504 suos,
563 1433 655 1495 sed
699 1447 793 1491 eos
832 1429 1009 1507 potius
1048 1428 1252 1503 magico
1290 1425 1394 1483 ritu
1438 1421 1669 1489 coluisse
1701 1428 1794 1483 :et

166 1527 493 1601 discipulos
520 1526 636 1599 eius
663 1538 770 1591 non
800 1522 970 1585 solum
1002 1519 1068 1574 de
1097 1519 1187 1587 illo
1206 1515 1371 1579 fuisse
1397 1514 1681 1585 mentitos,
1710 1511 1793 1573 die

165 1620 371 1683 cendo
410 1620 561 1681 illum
604 1618 770 1679 Deum
808 1630 902 1697 per
930 1627 1086 1689 quem
1115 1610 1250 1671 facta
1278 1617 1404 1671 sunt
1428 1606 1606 1669 omnia
1627 1646 1641 1673 ,
1673 1620 1794 1671 eum

167 1710 330 1779 aliud
356 1709 492 1775 nihil
515 1723 671 1783 quam
693 1696 855 1762 homo
871 1703 1050 1783 fuerit,
1075 1701 1319 1773 quamvis
1334 1696 1796 1757 excellentissima:

171 1800 485 1874 sapientia}
505 1780 542 1871 ς’
574 1812 759 1855 verum
788 1795 945 1853 etiam
988 1780 1056 1853 de
1076 1794 1176 1853 diis
1202 1806 1387 1859 eorum
1432 1804 1537 1853 non
1566 1786 1669 1845 hoc
1697 1786 1795 1853 do-

170 1880 373 1957 cuisse
417 1888 560 1962 quod
589 1888 658 1951 ab
699 1887 789 1951 illo
822 1885 1150 1951 didicissem.
1206 1880 1357 1947 Unde
1395 1877 1592 1939 factum
1625 1886 1706 1931 est
1742 1882 1800 1935 ut

170 1998 279 2039 eos
308 1981 386 2047 de
415 1982 525 2043 Deo
551 1978 711 2043 lsrael
738 1977 911 2052 potius
934 1987 1265 2047 urgeremus,
1286 1972 1373 2049 qui
1396 1986 1488 2051 per
1505 1968 1797 2035 Ecclesiam

172 2073 629 2131 Christianorum
651 2071 718 2137 ab
740 2069 985 2137 omnibus
1001 2066 1250 2140 gentibus
1275 2064 1483 2129 colitur,
1507 2072 1560 2117 et
1577 2062 1797 2127 istorum

173 2166 497 2237 sacrilegas
521 2164 782 2231 vanitates
806 2161 1001 2237 ubique
1016 2160 1126 2228 jam
1143 2156 1354 2221 evertit,
1383 2153 1523 2217 sicut
1551 2168 1644 2229 per
1666 2152 1798 2213 Pro:

174 2259 397 2332 phetas
428 2269 555 2312 suos
585 2263 732 2315 tanto
781 2261 903 2309 ante
930 2248 1208 2321 praedixit,
1257 2257 1311 2307 et
1338 2260 1432 2317 per
1473 2243 1668 2303 Christi
1708 2256 1801 2307 nos

175 2367 317 2417 men
344 2392 363 2429 ,
424 2349 476 2409 in
504 2360 610 2427 quo
636 2344 879 2410 benedici
898 2355 1088 2399 omnes
1115 2348 1303 2412 gentes
1335 2336 1649 2417 promiserat
1675 2375 1688 2399 ,
1737 2347 1801 2395 ea

178 2459 318 2520 quae
350 2427 654 2513 iprzcdixit,
696 2438 954 2513 implevit.
1002 2436 1082 2495 Ex
1128 2448 1234 2503 quo
1277 2430 1571 2507 intelligere
1607 2427 1807 2489 debent

184 2552 302 2598 nec
332 2533 617 2598 Christum
647 2531 790 2591 aliud
821 2529 888 2597 de
918 2528 1020 2593 diis
1049 2541 1234 2589 eorum
1277 2524 1359 2580 vel
1405 2538 1565 2581 nosse
1594 2521 1676 2589 vel
1704 2521 1803 2583 d0-

182 2644 323 2693 cere
356 2624 635 2701 potuisse,
672 2636 829 2692 quam
863 2620 1002 2688 Deus
1035 2617 1199 2685 Israel
1226 2632 1320 2697 per
1352 2615 1647 2689 Prophetas
1672 2626 1801 2677 suos

183 2717 364 2791 jussit
400 2726 563 2789 atque
589 2712 868 2787 praedixit,
898 2725 993 2789 per
1022 2724 1157 2788 quos
1187 2708 1360 2785 ipsum
1386 2704 1654 2765 Christum
1681 2718 1805 2783 pro-

186 2811 352 2877 misit
381 2818 440 2864 et
477 2806 656 2871 misit;
699 2804 752 2861 in
794 2804 948 2871 cujus
978 2801 1191 2865 nomine
1232 2796 1523 2865 secundum
1550 2796 1810 2865 pollicita-

188 2899 414 2965 tionem
444 2911 600 2977 quam
626 2894 870 2957 Patribus
892 2891 1037 2958 fecit,
1071 2905 1190 2945 cum
1226 2887 1669 2953 benedicercntur
1693 2900 1811 2953 om-

190 3007 298 3049 nes
320 2998 540 3062 gentes,
561 2987 756 3041 factum
780 2994 860 3040 est
884 2992 1014 3039 utet
1037 2983 1149 3053 ipse
1172 2981 1311 3037 Deus
1333 2978 1514 3043 lsrael,
1548 2977 1809 3041 universa:

194 3093 371 3141 terrae
415 3089 695 3147 vocaretur
737 3096 750 3131 :
800 3092 899 3137 nec
923 3074 1213 3153 discipulos
1252 3072 1365 3142 ejus
1404 3087 1431 3124 a
1465 3072 1542 3124 sui
1578 3070 1811 3141 magistri

195 3176 461 3233 doctrina
480 3174 741 3239 deviasse,
764 3185 886 3227 cum
905 3168 1034 3231 deos
1051 3166 1296 3231 Gentium
1318 3164 1420 3220 coli
1442 3161 1809 3234 prohiberent,

199 3285 274 3325 ne
303 3267 398 3323 vel
431 3264 715 3327 insensatis
735 3259 1033 3321 simulacris
1060 3240 1506 3327 supplicaremus,
1532 3254 1616 3309 vel
1638 3254 1811 3307 socie-

199 3368 379 3435 tatem
408 3371 531 3410 cum
556 3352 833 3408 daemoniis
864 3350 1205 3415 haberemus,
1239 3346 1322 3399 vel
1349 3354 1610 3403 creatura:
1639 3346 1814 3419 potius

200 3466 377 3524 quam
407 3446 652 3502 Creatori
676 3441 945 3511 religionis
978 3437 1237 3508 obsequio
1263 3436 1601 3499 serviremus.

201 3537 453 3599 CAPUT
483 3533 700 3603 XXXV.
741 3561 813 3573 --
844 3529 1141 3589 Medialoris
1164 3526 1456 3598 mysterium
1484 3525 1703 3599 antiquis
1730 3542 1819 3599 per

345 3629 688 3702 prophetiam,
719 3624 859 3691 nobis
885 3639 973 3695 per
995 3618 1332 3691 Evangelium
1357 3616 1683 3686 praedicatur.

266 3708 383 3783 '53
431 3721 799 3794 Quapropter,
848 3733 969 3777 cum
1017 3715 1087 3770 sit
1114 3714 1227 3789 ipse
1264 3709 1509 3769 Christus
1552 3708 1821 3779 Sapientia

212 3820 354 3887 Dei,
408 3832 507 3889 per
534 3831 689 3887 quem
729 3822 908 3877 creata
949 3819 1077 3869 sunt
1128 3807 1343 3877 omnia,
1390 3820 1615 3877 cumque
1665 3804 1822 3867 nulla:

212 3919 442 3967 mentes
466 3906 749 3963 rationales
774 3905 885 3964 sive
905 3903 1228 3976 Angelorum
1250 3902 1363 3957 sive
1392 3898 1689 3963 hominum.
1720 3894 1823 3957 nisi

215 4002 638 4085 participatione
667 4000 833 4071 ipsius
862 3997 1129 4068 sapientes
1157 3994 1307 4059 ﬁant,
1341 3990 1425 4051 cui
1452 4004 1547 4060 per
1570 3988 1821 4059 Spiritum

219 4077 514 4171 sanctum,
562 4109 658 4165 per
698 4107 855 4163 quem
884 4089 1115 4153 Charitas
1145 4087 1195 4140 in
1226 4082 1473 4145 cordibus
1501 4080 1696 4135 nostris
1718 4077 1823 4141 dii-

222 4192 511 4253 funditur,
541 4185 897 4249 inhaeremus,
926 4196 1045 4256 qua:
1070 4176 1302 4245 Trinitas
1345 4188 1481 4231 unus
1522 4171 1662 4237 Deus
1705 4177 1821 4237 est;

224 4280 544 4341 consultum
573 4283 655 4343 est
679 4273 854 4329 divina
880 4268 1209 4352 providentia
1238 4262 1573 4329 mortalibus,
1604 4275 1825 4331 quorum

3332 298 3462 374 ιθῑρ

1890 424 2011 464 cum
2029 409 2185 463 rebus
2205 408 2418 461 mternis
2432 407 2901 477 contemplantium
2921 410 3114 465 veritas
3141 410 3468 481 perfruatur,

1892 501 2051 567 rebus
2071 512 2245 561 autem
2271 500 2402 573 ortis
2427 499 2555 567 ﬁdes
2581 500 2907 556 credentium
2921 501 3195 570 debeatur,
3219 515 3468 575 purgatur

1894 592 2055 647 homo
2076 608 2171 662 per
2194 608 2369 647 rerum
2408 592 2772 661 temporalium
2808 592 2965 649 ﬁdem
2992 635 3006 659 ,
3053 604 3111 649 ut
3151 605 3467 652 aeternorum

1894 685 2149 755 percipiat
2180 685 2475 749 veritatem.
2508 684 2639 747 Nam
2664 692 2716 747 et
2745 685 2958 757 quidam
2987 701 3173 757 eorum
3197 688 3469 762 nobilissi-

1895 795 2012 833 mus
2055 778 2403 847 philosophus
2448 778 2624 843 Plato,
2675 779 2726 832 in
2758 793 2825 833 eo
2862 778 3002 836 libro
3034 795 3192 850 quem
3214 781 3471 837 Timaeum

1894 879 2116 933 vocant,
2165 870 2242 924 sic
2292 869 2404 922 ait:
2442 886 2460 919 ι
2489 868 2755 934 Quantum
2784 869 2851 923 ad
2896 869 2948 924 id
2982 870 3122 941 quod
3176 880 3349 927 ortum
3391 882 3474 928 est

1897 959 2166 1027 aeternitas
2188 958 2362 1041 valet,
2405 966 2607 1012 tantum
2651 958 2715 1012 ad
2760 957 2918 1029 ﬁdem
2946 961 3160 1021 veritas.
3193 980 3211 1014 ι
3250 962 3362 1017 Duo
3388 962 3476 1019 illa

1899 1065 2113 1113 sursum
2137 1059 2277 1117 sunt,
2311 1050 2577 1103 mternitas
2607 1057 2659 1103 et
2682 1050 2879 1113 veritas
2908 1067 2921 1103 :
2950 1050 3055 1105 duo
3082 1051 3181 1106 ista
3205 1051 3473 1119 deorsum,

1898 1141 2036 1213 quod
2060 1150 2232 1207 ortum
2262 1149 2343 1195 est
2367 1182 2379 1205 ,
2428 1150 2479 1195 et
2506 1141 2653 1195 lides.
2697 1138 2767 1196 Ut
2793 1155 2917 1213 ergo
2946 1140 3013 1196 ab
3034 1140 3153 1195 imis
3178 1142 3245 1197 ad
3270 1158 3474 1198 summa

1898 1247 2245 1301 revocemur,
2278 1239 2433 1315 atque
2461 1229 2511 1284 id
2539 1229 2677 1305 quod
2704 1238 2876 1291 ortum
2904 1238 2987 1285 est
3018 1231 3240 1300 recipiat
3260 1235 3473 1288 aeterni-

1900 1332 2084 1393 tatem,
2116 1340 2208 1395 per
2230 1322 2387 1387 ﬁdem
2418 1322 2733 1387 veniendum
2756 1330 2833 1376 est
2860 1321 2926 1377 ad
2952 1323 3246 1387 veritatem.
3266 1323 3334 1378 Et
3357 1325 3480 1394 quia

1901 1416 2076 1470 omnia
2106 1430 2223 1486 qua:
2245 1414 2295 1467 in
2313 1413 2639 1469 contrarium
2660 1421 2903 1483 pergunt,
2922 1428 3017 1482 per
3033 1412 3230 1483 aliquid
3247 1414 3480 1469 medium

1901 1506 2228 1571 reducuntur
2248 1546 2261 1569 ,
2295 1514 2347 1559 et
2366 1505 2432 1560 ab
2456 1513 2653 1557 mterna
2682 1490 2882 1579 justitia
2906 1504 3211 1574 temporalis
3233 1504 3483 1575 iniquitas

1901 1612 2000 1653 nos
2029 1596 2325 1660 alienabat;
2365 1610 2497 1667 opus
2535 1609 2661 1664 ergo
2685 1602 2799 1657 erat
2826 1593 2998 1648 media
3033 1594 3235 1664 justitia
3273 1604 3482 1665 tempo—

1902 1689 2022 1757 rali,
2055 1703 2171 1760 quae
2198 1687 2473 1761 medietas,
2502 1686 2806 1755 temporalis
2825 1692 2969 1740 esset
2991 1684 3060 1749 de
3080 1684 3199 1740 imis
3222 1727 3236 1753 ,
3252 1685 3394 1755 justa
3413 1685 3483 1742 de

1903 1781 2125 1841 summis
2157 1779 2208 1845 ι,
2244 1788 2403 1851 atque
2433 1778 2503 1831 ita
2530 1793 2589 1843 se
2619 1792 2717 1832 nec
2744 1777 3065 1847 abrumpcns
3088 1792 3118 1831 a
3140 1778 3394 1844 summis,
3433 1786 3489 1834 et

1904 1881 2313 1947 contemperans
2342 1870 2478 1941 imis,
2512 1869 2618 1937 ima
2646 1867 2891 1933 redderet
2915 1869 3159 1923 summis.
3189 1869 3312 1924 ideo
3335 1868 3490 1924 Chri-

1905 1976 2019 2037 stus
2047 1966 2305 2031 mediator
2328 1964 2417 2018 Dei
2450 1972 2503 2017 et
2529 1962 2800 2016 hominum
2828 1961 2998 2024 dictus
3024 1969 3126 2026 est,
3151 1962 3289 2017 inter
3317 1962 3484 2018 Deum

1906 2058 2260 2127 immortalem
2302 2064 2358 2127 et
2407 2054 2677 2113 hominem
2720 2053 2996 2123 mortalem
3051 2054 3192 2108 Deus
3233 2062 3289 2123 et
3328 2054 3490 2111 homo

1909 2149 1948 2218 (l
1972 2126 2105 2213 Tim.
2140 2163 2195 2213 ιι,
2224 2148 2278 2217 5)
2297 2126 2317 2209 ,ν
2340 2126 2685 2199 ιροοιῗοῑιίίιιις
2717 2144 2985 2199 hominem
3006 2143 3117 2200 Deo
3134 2184 3149 2211 ,
3174 2159 3397 2201 manens
3424 2146 3479 2213 id

1908 2240 2047 2319 quod
2078 2248 2191 2303 erat
2215 2279 2229 2305 ,
2272 2238 2440 2292 factus
2473 2237 2611 2309 quod
2638 2252 2741 2297 non
2768 2244 2903 2291 erat.
2932 2236 3048 2306 Ipse
3076 2246 3158 2301 est
3181 2237 3335 2293 nobis
3356 2236 3491 2294 fides

1910 2331 1961 2385 in
1993 2330 2151 2384 rebus
2173 2330 2323 2397 ortis,
2357 2328 2447 2403 qui
2469 2336 2551 2385 est
2580 2327 2773 2389 veritas
2800 2327 2851 2381 in
2882 2326 3116 2382 aeternis.

1981 2420 2067 2490 5i.
2112 2419 2221 2474 lloc
2265 2434 2511 2487 magnum
2558 2427 2612 2473 et
2656 2417 3008 2485 inenarrabile
3054 2427 3481 2487 sacramentum,

1912 2511 2013 2573 hoc
2044 2526 2262 2581 regnum
2292 2520 2345 2565 et
2378 2509 2731 2564 sacerdotium
2772 2510 3001 2580 antiquis
3039 2525 3135 2582 per
3158 2510 3490 2581 prophetiam

1912 2603 2243 2657 revelabatur
2264 2644 2277 2667 ,
2321 2602 2549 2671 posteris
2575 2617 2756 2656 eorum
2789 2617 2884 2670 per
2922 2602 3265 2674 Evangelium
3294 2604 3494 2691 prtedi-

1912 2705 2080 2748 catur.
2104 2692 2397 2761 Oportebat
2420 2693 2562 2747 enim
2588 2702 2642 2745 ut
2668 2692 2954 2762 aliquando
2974 2693 3026 2748 in
3053 2695 3297 2765 omnibus
3319 2696 3489 2768 genti-

1913 2786 2012 2843 bus
2035 2783 2365 2852 redderetur,
2394 2783 2536 2853 quod
2558 2783 2644 2837 diu
2675 2799 2769 2852 per
2790 2799 2945 2838 unam
2971 2792 3183 2855 gentem
3215 2787 3491 2856 promitte-

1912 2877 2088 2932 batur.
2144 2875 2373 2937 Proinde
2419 2875 2509 2945 qui
2561 2875 2859 2945 Prophetas
2912 2884 3036 2931 ante
3090 2876 3492 2934 descensionem

1914 2982 2065 3022 suam
2108 2967 2396 3043 prmmisit,
2438 2966 2551 3036 ipse
2575 2974 2630 3021 et
2671 2966 2952 3035 Apostolus
2979 2976 3098 3037 post
3125 2970 3494 3037 ascensionem

1917 3074 2064 3113 suam
2095 3057 2254 3113 misit.
2287 3057 2543 3123 Omnibus
2569 3067 2743 3123 autem
2766 3056 3037 3143 discipulis
3065 3060 3175 3127 suis
3205 3074 3298 3130 per
3324 3060 3499 3125 homi-

1918 3166 2040 3205 nem
2072 3165 2226 3225 quem
2255 3149 2560 3231 assumpsit,
2588 3159 2833 3220 tanquam
2864 3138 3117 3205 membris
3144 3138 3226 3207 sui
3250 3155 3493 3225 corporis

1918 3252 2078 3314 caput
2105 3253 2205 3298 est.
2239 3242 2419 3317 Itaque
2445 3258 2564 3295 cum
2597 3242 2670 3295 illi
2699 3244 3023 3317 scripserunt
3049 3257 3170 3315 quae
3196 3244 3286 3299 ille
3311 3254 3497 3302 osten-

1920 3336 1998 3389 dit
2026 3345 2080 3389 et
2104 3334 2267 3401 dixit,
2295 3349 2625 3419 nchaquam
2658 3333 2939 3395 dicendum
2977 3318 3220 3405 estquod
3248 3336 3361 3407 ipse
3390 3353 3498 3395 non

1922 3425 2228 3494 scripserit;
2274 3416 2696 3507 quandoquidem
2742 3425 2979 3479 membra
3027 3416 3143 3507 ejus
3185 3427 3236 3482 id
3278 3440 3497 3501 operata

1925 3527 2082 3585 sunt,
2133 3518 2273 3589 quod
2320 3502 2552 3575 dictante
2597 3518 2769 3597 capite
2812 3502 3190 3595 cognoverunt.
3236 3520 3502 3592 Quidquid

1925 3610 2065 3665 enim
2090 3610 2176 3663 ille
2204 3608 2269 3662 de
2299 3611 2407 3663 suis
2428 3608 2578 3665 factis
2600 3616 2652 3661 ct
2679 3608 2836 3673 dictis
2865 3624 2960 3662 nos
2990 3610 3164 3680 legere
3192 3611 3377 3679 voluit,
3403 3612 3505 3670 hoc

1927 3701 2265 3759 scribendum
2312 3701 2416 3755 illis
2468 3710 2712 3785 tanquam
2763 3700 2872 3755 suis
2918 3700 3160 3769 manibus
3202 3702 3500 3775 imperavit.

1929 3794 2041 3863 lloc
2072 3794 2285 3848 unitatis
2310 3792 2633 3847 consortium
2665 3802 2715 3848 ct
2740 3792 2790 3859 in
2818 3791 3042 3847 diversis
3063 3792 3251 3848 ofﬁciis
3275 3809 3501 3850 concor-

1929 3886 2074 3943 dium
2110 3885 2475 3940 membrorum
2509 3883 2607 3939 sub
2643 3900 2746 3938 uno
2781 3884 2953 3954 capite
2986 3883 3335 3943 ministerium
3358 3886 3506 3957 quis-

1930 3981 2046 4050 quis
2075 3978 2423 4045 intellexerit,
2455 3994 2557 4032 non
2581 3978 2734 4049 aliter
2759 3976 2979 4053 accipiet
2999 3977 3138 4048 quod
3166 3978 3499 4035 narrantibus

1931 4073 2203 4145 discipulis
2226 4071 2421 4126 Christi
2447 4072 2494 4125 in
2530 4071 2814 4143 Evangelia
2842 4070 3057 4143 legerit,
3082 4086 3237 4143 quam
3258 4071 3303 4126 si
3333 4071 3503 4145 ipsam

1932 4165 2380 4234 manumDomini,
2402 4179 2558 4237 quam
2573 4164 2623 4217 in
2639 4164 2851 4250 proprio
2864 4178 3083 4232 corpore
3098 4144 3357 4235 gestabat,
3374 4164 3513 4219 scri-

1934 4261 2146 4327 bentem
2164 4258 2523 4328 conspexerit.
2539 4256 2891 4335 Quamobrem
2922 4255 3008 4323 illa
3025 4256 3318 4339 potiusjam
3334 4255 3505 4312 videa-

228 4369 555 4441 temporalis
590 4367 696 4420 vita
736 4364 787 4419 in
824 4361 985 4427 rebus
1027 4356 1319 4421 orientibus
1360 4364 1413 4411 et
1466 4351 1829 4419 occidentibus

228 4468 499 4539 occupata
530 4456 840 4521 tenebatur,
888 4461 945 4507 ut
973 4450 1158 4505 eadem
1189 4449 1299 4519 ipsa
1330 4446 1422 4503 Dei
1465 4444 1730 4515 Sapientia
1764 4442 1830 4499 ad

230 4538 505 4611 unitatem
543 4562 785 4620 personae
829 4560 939 4609 suae
987 4541 1206 4601 homine
1262 4547 1566 4607 assumpto,
1624 4538 1674 4591 in
1727 4550 1831 4606 quo
1878 4545 1880 4547 ’

232 4644 617 4718 temporaliter
644 4646 955 4699 nasceretur
976 4678 991 4704 ,
1024 4634 1257 4701 viveret,
1289 4638 1615 4691 moreretur,
1648 4642 1829 4684 resur-

233 4748 413 4813 geret,
449 4748 682 4809 congrua
710 4731 865 4791 saluti
897 4736 1091 4795 nostrae
1112 4724 1338 4783 dicendo
1364 4732 1417 4791 et
1444 4721 1706 4786 faciendo,
1736 4735 1832 4791 pa-

235 4810 427 4886 tiendo
459 4836 514 4881 et
553 4822 897 4888 sustinendo,
942 4820 1097 4885 ﬁeret
1142 4827 1195 4873 et
1236 4816 1485 4879 deorsum
1528 4810 1832 4877 hominibus

238 4920 555 5005 exemplum
586 4914 840 4983 redeundi
866 4955 882 4987 ι
912 4922 969 4983 et
994 4913 1075 4969 eis
1100 4909 1187 4981 qui
1218 4922 1429 4973 sursum
1463 4912 1586 4975 sunt
1620 4903 1833 5004 Angelis

240 4994 551 5083 exemplum
578 5005 846 5071 manendi.
870 5003 983 5062 Nisi
1012 5002 1154 5067 enim
1184 5008 1240 5055 et
1264 4999 1316 5055 in
1343 4998 1534 5057 anima:
1560 4994 1834 5049 rationalis

240 5114 435 5171 natura
463 5099 830 5175 temporaliter
853 5094 1049 5166 aliquid
1076 5093 1326 5159 oriretur,
1356 5088 1407 5149 id
1434 5097 1515 5149 est
1532 5127 1548 5154 ,
1581 5086 1838 5154 inciperet

238 5211 365 5262 esse
388 5193 536 5267 quod
562 5207 667 5249 non
698 5198 835 5258 erat,
856 5201 1127 5258 nunquam
1138 5200 1207 5243 ex
1224 5182 1329 5239 vita
1352 5180 1581 5251 pessima
1600 5188 1654 5233 et
1670 5177 1835 5241 stulta

242 5290 313 5356 Id
664 5294 827 5357 mue
851 5282 1106 5354 optimam
1132 5276 1453 5339 perveniret.
1484 5273 1562 5335 At:
1592 5287 1687 5342 per
1710 5271 1831 5338 hoc,

1934 4368 2053 4419 mus
2097 4351 2266 4421 qualia
2328 4349 2465 4413 sint,
2512 4362 2631 4421 qua:
2674 4356 2858 4415 putant
2906 4345 3270 4417 Evangelistas
3298 4345 3513 4401 sibimet

1937 4443 2068 4519 ipsis
2083 4442 2361 4511 scripsisse
2390 4430 2651 4501 contraria
2688 4438 2859 4508 (quod
2884 4424 3072 4521 parum
3100 4438 3511 4521 intelligentibus

1938 4532 2103 4589 videri
2128 4531 2357 4603 potest);
2385 4539 2440 4583 ut
2470 4529 2551 4582 his
2582 4530 2962 4599 quaestionibus
3000 4520 3291 4601 dissolutis,
3322 4545 3387 4586 ex
3406 4529 3511 4586 hoc

1938 4637 2149 4705 quoque
2176 4629 2455 4699 appareat,
2494 4620 2634 4689 illius
2665 4621 2853 4691 capitis
2893 4620 3161 4691 membra,
3209 4635 3314 4677 non
3338 4621 3512 4693 solum

1940 4714 2079 4783 idem
2109 4713 2403 4779 sentiendo,
2439 4727 2617 4766 verum
2640 4712 2799 4766 etiam
2822 4713 3186 4787 convenientia
3208 4712 3511 4783 scribendo,

1942 4805 1994 4873 in
2025 4804 2261 4875 corporis
2284 4804 2448 4883 ipsius
2478 4802 2677 4857 unitate
2700 4818 3007 4879 germanam
3026 4818 3273 4877 servasse
3293 4818 3515 4873 concor-

1940 4898 2103 4955 diam.

2008 5094 2023 5129 ³
2050 5093 2121 5141 sic
2155 5091 2481 5161 olim_fer_ebat
2506 5091 2650 5161 editio
2673 5092 3050 5161 natisponensis,
3184 5090 3308 5161 hanc
3326 5103 3520 5157 germa-

1942 5167 2054 5204 nam
2089 5160 2235 5225 certe
2269 5152 2527 5225 lectionem
2567 5156 2616 5201 in
2657 5146 3521 5225 mterioribus_editioiiibus‘coutra

1952 5216 2381 5287 ωδιιιιεξωίριοτιιω
2412 5216 2557 5287 ﬁdem
2592 5212 2895 5287 mutaverant
2924 5212 2987 5287 ei
3008 5212 3138 5287 iam
3376 5228 3389 5263 ε
3412 5224 3519 5277 (Μ

1948 5277 2176 5341 ηιεαὶαίιε
2192 5270 2464 5342 temporalis
2484 5281 2603 5343 esset
2616 5275 2677 5341 de
2700 5274 2807 5337 ﬁnis
2996 5279 3045 5337 βε
