3878 6320
478 290 610 350 1071

1290 284 1375 340 DE
1416 283 1757 343 CONSENSU
1810 284 2453 360 EVANGELISTARUM,
2491 292 2549 349 S.
2588 293 2954 352 AUGUSTINI

3590 306 3694 366 lim

1389 491 1859 601 LIBER
1942 491 2794 608 SECUNDUS.

471 699 522 744 In
561 700 670 754 H00
708 687 912 754 Μεὲιιιεεί
963 681 1275 754 Evangelia!!!
1295 692 1471 754 Ρείῖυθ
1490 678 1576 754 .5?“
1610 689 1770 754 φαιὲ
1784 678 2240 754 33"??‘39'39'593
2263 679 2434 754 ρτβίιιθ

2474 682 3363 770 ἓξὲξιὲξᾼξειξξείίξιξξίεψίριεί
3395 706 3474 770 eo.
3488 708 3694 765 compara:

532 739 626 804 alia
664 739 822 810 Marci,
846 756 981 799 Lucae
1015 752 1067 797 et
1081 739 1274 795 Joannis
1295 739 1568 806 Evangelia,
1599 740 1941 790 demonstrans
1964 744 2250 802 perpetuam
2268 741 2396 792 inter
2410 739 2616 806 quatuor
2646 739 2975 811 Evangelist
3004 739 3476 816 reperit-{Em
3400 739 3620 812 "'onWe-E

1880 853 2300 899 -ο-δῦὓωιεε-κ-

537 989 907 1045 Pa0Loeus.——
919 984 944 1038 i
957 1022 971 1038 .
985 980 1244 1050 Quoniam
1257 990 1504 1033 sermone
1514 989 1622 1031 non
1637 974 1784 1031 brevi
1803 982 1857 1029 et
1870 972 2048 1028 admo-

464 1083 591 1140 dum
633 1078 1125 1146 necessario,quem
1161 1072 1297 1127 libro
1326 1085 1433 1126 uno
1462 1067 1724 1140 complexi
1740 1079 1941 1132 sumus,
1959 1079 2047 1120 re-

463 1175 750 1231 futavimus
796 1185 980 1226 eorum
1023 1166 1331 1231 vanitatem,
1384 1162 1473 1234 qui
1522 1160 1807 1232 discipulos
1850 1157 2047 1215 Christi

462 1264 806 1336 Evangelium
825 1259 1239 1324 conscribentes,
1254 1255 1376 1311 ideo
1392 1251 1809 1311 contemnendos
1837 1256 2041 1323 putant,

459 1357 580 1426 quia
603 1354 766 1425 ipsius
791 1350 988 1408 Christi
1018 1363 1176 1419 quem
1209 1347 1333 1403 licet
1352 1360 1456 1401 non
1490 1353 1549 1399 ut
1566 1346 1755 1411 Deum,
1784 1352 1959 1399 tamen
1988 1349 2047 1396 ut

459 1449 729 1504 hominem
774 1444 1033 1515 sapientia
1076 1442 1233 1512 longe
1280 1452 1391 1510 prae
1432 1438 1641 1495 caeteris
1697 1435 2045 1493 excellentem

459 1536 827 1595 honorandum
857 1548 976 1589 esse
1015 1546 1121 1587 non
1158 1530 1422 1595 dubitant,
1449 1528 1592 1583 nulla
1630 1527 1825 1598 scripta
1866 1524 2039 1596 profe-

456 1642 645 1689 runtur
672 1646 703 1685 a
730 1628 883 1683 nobis
907 1643 921 1692 ;
951 1637 1005 1681 et
1034 1639 1158 1679 eum
1183 1622 1303 1677 talia
1331 1621 1608 1691 scripsisse
1631 1619 1799 1675 videri
1832 1618 2039 1685 volunt,

455 1723 630 1794 qualia
667 1718 902 1790 perversi
932 1715 1183 1785 diligunt,
1217 1727 1323 1768 non
1346 1710 1593 1784 qualibus
1617 1709 1768 1765 lectis
1792 1716 1846 1764 et
1870 1708 2046 1765 credi-

456 1814 523 1869 tis
549 1829 578 1866 a
600 1810 951 1882 perversitate
971 1805 1165 1875 corrigi
1190 1811 1415 1876 possunt
1437 1820 1450 1856 :
1476 1816 1616 1857 nunc
1634 1800 1744 1871 jam
1765 1799 2043 1855 videamus

454 1919 516 1960 ea
541 1917 661 1974 qum
689 1908 919 1972 quatuor
957 1896 1308 1967 Evangelistae
1342 1893 1412 1950 de
1437 1891 1652 1949 Christo
1691 1890 2039 1960 scripserunt,

453 1991 899 2066 quemadmodum
951 1989 1053 2046 sibi
1099 1997 1258 2058 atque
1299 1986 1440 2041 inter
1482 1999 1541 2040 se
1583 1988 1917 2054 congruant;
1972 1994 2043 2036 ne

452 2087 579 2157 quid
606 2101 671 2140 ex
713 2083 816 2139 hoc
846 2083 899 2137 in
939 2080 1043 2136 ﬁde
1078 2077 1367 2135 christiana
1408 2074 1713 2132 oﬁ'endiculi
1751 2074 2036 2145 patiantur,

451 2179 540 2251 qui
568 2177 885 2234 curiosiores
914 2188 1072 2245 quam
1103 2171 1408 2242 capaciores
1445 2176 1587 2233 sunt,
1628 2166 1771 2240 quod
1810 2180 1921 2222 non
1958 2173 2040 2220 ut-

450 2284 679 2340 cumque
712 2264 990 2338 perlectis,
1030 2262 1127 2319 sed
1162 2261 1315 2333 quasi
1352 2260 1655 2331 diligentius
1694 2256 2039 2331 perscrutatis

450 2359 770 2430 evangelicis
808 2356 1015 2421 Libris,
1045 2352 1471 2410 inconvenientia
1509 2351 1753 2423 quaedam
1792 2358 1847 2406 et
1881 2364 2042 2420 repu-

448 2450 662 2523 gnantia
690 2464 747 2504 se
774 2444 1190 2518 deprehendisse
1213 2444 1600 2511 existimantes,
1629 2441 1797 2514 magis
1823 2456 1884 2498 ea
1908 2456 2040 2498 eon-

450 2542 677 2598 tentiose
722 2536 1058 2608 objectanda,
1105 2552 1265 2609 quam
1315 2535 1605 2608 prudenter
1647 2531 2036 2590 consideranda

447 2648 567 2690 esse
586 2631 929 2687 arbitrantur.

446 2724 674 2782 CAPUT
701 2722 990 2779 PRIMUM.
1018 2753 1091 2763 -—
1118 2722 1289 2788 Quare
1316 2737 1470 2792 usque
1498 2720 1566 2774 ad
1601 2716 1796 2789 Ioseph
1823 2732 2035 2789 genera-

531 2827 662 2871 tores
699 2813 890 2871 Christi
916 2824 1392 2881 commemorentur,
1431 2829 1547 2868 cum
1581 2812 1643 2867 de
1678 2812 1819 2867 illius
1852 2809 2039 2866 semine

518 2907 747 2963 Christus
772 2923 873 2960 non
899 2906 964 2960 sit
987 2914 1152 2973 natus,
1184 2904 1275 2959 sed
1298 2904 1362 2960 de
1398 2901 1601 2975 Virgine
1630 2903 1820 2957 Maria.

512 2996 569 3052 2.
609 2996 887 3051 Matthazus
911 2996 1236 3067 evangelista
1263 2994 1341 3049 sic
1369 3008 1524 3049 orsus
1548 3001 1631 3048 est
1655 3011 1668 3046 :
1702 2991 1852 3046 Liber
1879 3008 2035 3063 gene-

445 3087 655 3143 rationis
672 3085 799 3140 Iesu
816 3085 1023 3151 Christi,
1042 3084 1138 3154 ﬁlii
1157 3083 1343 3150 David,
1368 3083 1463 3152 ﬁlii
1481 3081 1737 3135 Abraham
1760 3080 1973 3151 (Matth.
1992 3099 2031 3149 ι,

445 3176 540 3251 1).
590 3179 707 3245 Quo
745 3175 973 3233 exordio
1018 3190 1116 3231 suo
1164 3176 1294 3230 satis
1337 3173 1590 3243 ostendit,
1635 3174 2032 3246 generationem

441 3270 644 3327 Christi
684 3268 977 3326 secundum
1004 3283 1221 3325 carnem
1265 3283 1325 3323 se
1362 3267 1662 3338 suscepisse
1688 3268 2027 3323 narrandam.

440 3361 744 3420 Secundum
793 3360 934 3418 hanc
973 3360 1114 3417 enim
1160 3358 1407 3416 Christus
1448 3359 1589 3415 ﬁlius
1632 3358 1864 3415 hominis
1907 3369 2027 3425 est,

440 3453 583 3525 quod
611 3453 769 3510 etiam
799 3468 859 3508 se
897 3452 1013 3522 ipse
1038 3450 1333 3520 saepissime
1369 3449 1602 3520 appellat
1627 3449 1754 3521 (1d.
1792 3465 1904 3515 Vill,
1934 3448 2025 3516 20,

440 3555 487 3599 et
512 3561 591 3613 ιι,
623 3542 720 3617 6),
752 3542 1136 3601 commendans
1162 3541 1315 3598 nobis
1353 3540 1478 3613 quid
1507 3541 1920 3598 misericorditer
1948 3541 2029 3595 di-

440 3643 633 3705 gnatus
656 3636 725 3690 sit
753 3648 873 3689 esse
896 3648 993 3704 pro
1022 3633 1195 3689 nobis.
1219 3632 1354 3688 Nam
1381 3632 1472 3687 illa
1496 3647 1724 3703 superna
1750 3641 1805 3687 et
1828 3640 2027 3688 aeterna

437 3725 715 3798 generatio
733 3767 750 3795 ,
790 3725 1081 3782 secundum
1116 3739 1277 3795 quam
1306 3724 1472 3778 Filius
1497 3723 1591 3778 Dei
1622 3723 1922 3793 unigenitus
1947 3731 2030 3779 est

438 3828 563 3875 ante
591 3833 805 3874 omnem
831 3825 1129 3873 creaturam
1151 3857 1167 3883 ,
1196 3816 1318 3886 quia
1344 3815 1524 3871 omnia
1555 3831 1649 3885 per
1676 3815 1846 3886 ipsum
1888 3815 2026 3870 facta

437 3919 586 3976 sunt,
618 3911 689 3964 ita
716 3908 999 3965 ineffabilis
1022 3916 1141 3976 est,
1170 3916 1229 3963 ut
1255 3907 1323 3963 de
1352 3907 1441 3961 illa
1472 3907 1672 3963 dictum
1700 3924 1729 3961 a
1764 3909 2025 3979 prepheta

442 4001 794 4071 intelligatur,
828 3997 1212 4053 Generationem
1257 3997 1368 4067 eius
1403 3998 1514 4068 quis
1543 3999 1796 4052 enen-abit
1855 3998 2024 4072 (lsai.

440 4108 562 4159 un,
593 4090 711 4163 8)?
749 4089 1073 4160 Exsequitur
1127 4103 1256 4160 ergo
1297 4088 1582 4143 humanam
1629 4090 2025 4160 generationem

434 4182 633 4240 Christi
667 4181 946 4237 Matthaeus
964 4222 980 4248 ,
1008 4179 1078 4236 ab
1107 4179 1375 4236 Abraham
1405 4188 1747 4251 generatores
1784 4197 2023 4238 comme-

435 4291 673 4344 morans,
715 4290 850 4347 quos
896 4272 1137 4345 perducit
1179 4273 1246 4329 ad
1288 4272 1489 4344 Ioseph
1532 4272 1701 4328 virum
1742 4273 1919 4329 Maria:
1956 4274 2025 4331 de

436 4382 541 4438 qua
571 4375 726 4423 natus
762 4376 846 4422 est
869 4365 1043 4422 Jesus.
1073 4364 1258 4436 Neque
1284 4366 1425 4421 enim
1464 4365 1541 4421 fas
1580 4373 1698 4421 erat
1731 4374 1787 4421 ut
1823 4364 1894 4420 ob
1924 4364 2025 4422 hoc

433 4474 559 4515 eum
579 4475 610 4514 a
639 4457 886 4530 conjugio
911 4455 1092 4513 Mariae
1117 4458 1471 4529 separandum
1498 4467 1725 4529 putaret,
1748 4457 1889 4530 quod
1915 4472 2022 4514 non

432 4565 497 4605 ex
524 4550 639 4618 ejus
674 4547 993 4614 concubitu,
1033 4548 1129 4604 sed
1156 4548 1306 4621 virgo
1344 4549 1551 4620 peperit
1589 4549 1877 4605 Christum.
1909 4549 2021 4605 lloc

435 4640 580 4698 enim
607 4639 853 4710 exemplo
875 4640 1154 4710 magniﬁce
1178 4641 1478 4697 insinuatur
1502 4640 1744 4697 ﬁdelibus
1772 4640 2022 4712 conjuga-

431 4733 522 4799 tis,
558 4730 719 4787 etiam
759 4739 970 4786 servata
1009 4732 1123 4801 pari
1161 4746 1428 4788 consensu
1470 4734 1828 4799 continentia,
1860 4749 2021 4804 posse

433 4836 753 4895 permanere
783 4819 1066 4891 vocarique
1094 4821 1395 4892 conjugium
1413 4865 1427 4889 ,
1472 4838 1576 4878 non
1606 4824 1874 4893 permixto
1900 4840 2022 4880 cor-

430 4917 579 4988 poris
602 4931 755 4985 sexu,
792 4913 888 4971 sed
920 4914 1185 4970 custodito
1213 4914 1413 4970 mentis
1439 4915 1629 4971 affectu
1663 4934 1677 4967 :
1721 4918 2018 4986 praesertim

433 5008 555 5079 quia
595 5008 742 5063 nasci
771 5007 851 5062 eis
876 5006 1037 5063 etiam
1070 5004 1212 5061 ﬁlius
1238 5004 1409 5075 potuit
1448 5006 1563 5060 sine
1600 5005 1709 5061 ullo
1737 5008 2016 5077 complexu

433 5100 653 5166 carnali,
680 5099 770 5170 qui
799 5105 1017 5170 propter
1041 5097 1184 5154 solos
1208 5095 1499 5169 gignendos
1526 5096 1659 5152 ﬁlios
1682 5097 2017 5156 adhibendus

430 5205 532 5252 est.
581 5193 765 5265 Neque
819 5194 962 5249 enim
1011 5200 1292 5265 prepterea
1348 5207 1454 5248 non
1499 5200 1614 5248 erat
1668 5193 2016 5263 appellandus

428 5284 627 5358 Ioseph
669 5293 820 5356 pater
864 5284 1080 5354 Christi,
1111 5285 1232 5356 quia
1280 5298 1393 5340 non
1437 5299 1560 5341 eum
1609 5285 2015 5343 coneumbendo

426 5387 706 5452 genuerat,
732 5378 1158 5451 quandoquidem
1189 5388 1332 5436 recte
1360 5388 1511 5451 pater
1538 5388 1682 5436 esset
1711 5380 1869 5436 etiam
1900 5381 2014 5452 ejus

430 5488 587 5543 quem
629 5487 735 5527 non
760 5486 827 5527 ex
857 5486 951 5528 sua
982 5472 1204 5543 conjuge
1246 5479 1577 5542 procreatum
1597 5514 1611 5540 ,
1641 5472 1853 5529 aliunde
1885 5472 2016 5530 ado-

427 5572 646 5635 ptasset.

499 5661 553 5714 5.
594 5656 887 5714 Putabatur
922 5657 1134 5728 quidem
1179 5655 1421 5719 Christus
1469 5657 1625 5713 etiam
1674 5660 1828 5716 aliter
1873 5659 2010 5717 ﬁlius

428 5747 649 5815 Ioseph,
681 5756 927 5812 tanquam
966 5764 1031 5803 ex
1069 5748 1184 5814 ejus
1213 5748 1430 5804 omnino
1462 5765 1621 5806 carne
1661 5754 2004 5824 progenitus;

2155 970 2251 1025 sed
2277 971 2345 1065 ab
2368 973 2446 1028 eis
2479 974 2583 1032 hoc
2610 979 2911 1048 putabatur,
2931 997 3066 1055 quos
3095 984 3273 1043 Maria:
3302 989 3498 1046 latebat
3520 992 3697 1065 virgini-

2156 1070 2257 1117 tas.
2291 1063 2419 1120 Nam
2449 1066 2620 1125 Lucas
2643 1070 2754 1125 ait:
2783 1071 2853 1126 Et
2890 1074 2997 1144 ipse
3020 1073 3170 1132 Iesus
3195 1090 3305 1133 erat
3333 1081 3563 1155 incipiens

2154 1168 2403 1247 annorum
2433 1159 2657 1230 triginta,
2689 1171 2745 1216 ut
2773 1164 3063 1235 putabatur,
3095 1168 3236 1237 ﬁlius
3263 1170 3456 1244 Ioseph
3480 1173 3611 1247 (Luc.
3636 1193 3693 1244 Ill,

2153 1241 2269 1315 25).
2299 1246 2399 1314 Qui
2428 1256 2603 1306 tamen
2631 1251 2801 1308 Lucas
2825 1270 2930 1311 non
2972 1259 3089 1328 ejus
3118 1241 3399 1330 parentem
3430 1241 3584 1322 solum
3607 1241 3694 1323 Ma;

2152 1334 2309 1404 riam,
2337 1338 2431 1393 sed
2458 1341 2643 1398 ambos
2678 1355 2928 1415 parentes
2957 1347 3073 1420 ejus
3100 1355 3377 1423 appellare
3400 1358 3597 1416 minime
3619 1360 3693 1416 du-

2152 1422 2356 1522 bitavit,
2379 1429 2469 1484 ubi
2495 1431 2605 1487 ait:
2637 1432 2779 1489 Puer
2804 1447 2971 1493 autem
2994 1422 3246 1498 crescebat
3271 1455 3318 1500 et
3367 1451 3695 1522 confortaer

2151 1517 2330 1587 plenus
2374 1522 2641 1595 sapientia,
2672 1535 2720 1582 et
2759 1531 2922 1601 gratia
2965 1531 3065 1588 Dei
3102 1537 3224 1592 erat'
3248 1538 3303 1592 in
3341 1517 3468 1596 illo;
3489 1541 3550 1597 Et
3582 1545 3692 1599 ibant

2151 1620 2383 1678 parentes
2427 1615 2538 1685 ejus
2574 1634 2665 1688 per
2711 1637 2883 1678 omnes
2923 1641 3084 1681 annos
3125 1628 3178 1682 in
3231 1627 3510 1687 Ierusalem
3552 1634 3596 1688 in
3632 1636 3695 1690 die

2149 1701 2362 1758 solemni
2396 1704 2632 1764 Paschaa.
2662 1709 2767 1767 Sed
2793 1727 2861 1770 ne
2898 1716 3177 1788 quisquam
3209 1719 3301 1776 hie
3328 1732 3560 1792 parentes
3590 1740 3692 1781 con-

2150 1795 2471 1864 sanguineos
2503 1800 2677 1868 potius
2705 1802 2882 1860 Maria:
2911 1820 3030 1861 cum
3059 1808 3171 1878 ipsa
3198 1820 3373 1868 matre
3400 1813 3509 1884 ejus
3530 1816 3691 1871 intelli-

2148 1885 2349 1980 gendos
2390 1898 2575 1957 putet,
2622 1894 2750 1966 quid
2788 1896 2855 1952 ad
2885 1898 3015 1955 illud
3045 1903 3424 1974 respondebit,
3451 1908 3577 1980 quod
3605 1908 3690 1980 ipse

2149 1972 2275 2070 item
2307 1976 2479 2035 Lucas
2508 1984 2752 2053 superius
2778 1986 2930 2044 dixit.
2954 1989 3022 2046 Et
3046 1972 3153 2047 erat
3192 2004 3338 2066 pater
3366 1972 3535 2070 ejus'et
3562 1972 3690 2055 mater

2147 2065 2387 2160 mirantes
2404 2086 2561 2160 super
2584 2074 2649 2130 iis
2683 2092 2796 2145 quis
2826 2078 3119 2138 dicebantur
3142 2085 3209 2141 de
3246 2088 3338 2144 illo
3367 2065 3398 2160 (⁷
3418 2089 3501 2146 Id.
3526 2108 3584 2160 ιι,
3608 2092 3686 2160 40,

2146 2155 2236 2224 ii,
2267 2156 2421 2232 35)?
2450 2160 2582 2218 Cum
2627 2165 2786 2237 igitur
2824 2169 2939 2240 ipse
2968 2184 3169 2242 narret,
3200 2193 3311 2234 non
3349 2155 3414 2236 ex
3453 2155 3689 2239 concubitu

2145 2244 2375 2319 Ioseph:
2399 2251 2494 2307 sed
2519 2267 2585 2309 ex
2611 2254 2773 2311 Maria
2812 2260 3015 2331 virgine
3042 2274 3228 2322 natum
3256 2268 3552 2339 Christum;
3579 2272 3688 2329 unde

2146 2352 2270 2395 eum
2296 2350 2503 2411 patrem
2541 2347 2658 2417 ejus
2685 2351 2936 2421 appellat,
2969 2354 3069 2411 nisi
3099 2359 3225 2429 quia
3256 2371 3312 2418 et
3350 2363 3510 2420 virum
3546 2365 3687 2422 Marica

2147 2440 2306 2529 recte
2326 2434 2671 2509 intelligimus
2709 2442 2826 2498 sine
2866 2448 3249 2510 commixtione
3277 2457 3467 2525 carnis,
3494 2458 3592 2529 ipsa
3612 2474 3685 2514 co—

2146 2522 2415 2623 pulatione
2454 2528 2723 2623 conjugii;
2758 2542 2814 2589 et
2841 2536 2912 2592 ob
2949 2537 3054 2595 hoc
3092 2543 3257 2601 etiam
3298 2522 3685 2623 Christi

2144 2618 2314 2674 multo
2357 2621 2734 2693 conjunctius,
2784 2627 2873 2698 qui
2920 2644 2985 2685 ex
3024 2632 3140 2703 ejus
3183 2638 3407 2710 conjuge
3446 2618 3581 2697 natus
3615 2642 3683 2710 sit,

2143 2725 2301 2781 quam
2337 2715 2380 2768 si
2421 2725 2564 2771 esset
2603 2717 2819 2776 aliunde
2856 2721 3182 2794 adoptatus?
3214 2729 3370 2789 Unde
3396 2733 3685 2789 manifestum

2143 2812 2226 2899 est
2248 2802 2398 2899 illud,
2421 2808 2561 2878 quod
2586 2810 2681 2878 ait,
2710 2810 2779 2866 Ut
2803 2815 3095 2886 putabatur,
3124 2821 3267 2890 ﬁlius
3288 2823 3488 2899 Ibseplt,
3510 2837 3685 2898 prepter

2142 2894 2263 2950 illos
2300 2896 2515 2964 dixisse,
2547 2901 2636 2971 qui
2664 2917 2786 2958 eum
2826 2922 2892 2961 ex
2930 2904 3152 2981 Ioseph,
3186 2914 3328 2970 sicut
3363 2894 3447 2972 alii
3481 2894 3682 2972 homines

2143 2996 2455 3055 nascuntur,
2484 2999 2669 3048 natum
2700 2996 3101 3057 arbitrabantur

2142 3077 2366 3135 CAPUT
2405 3080 2469 3136 ll.
2495 3112 2568 3123 ——
2598 3084 2863 3151 Quomodo
2886 3092 2951 3145 sit
2979 3091 3211 3152 Christus
3238 3099 3376 3168 [ilius
3400 3099 3568 3168 David,
3593 3116 3679 3155 cunt

2282 3188 2349 3225 ea:
2373 3171 2567 3246 Ioseph
2594 3178 2691 3245 ﬁlii
2716 3178 2885 3234 David
2908 3186 3175 3241 concubitu
3200 3207 3305 3246 non
3331 3194 3394 3248 sit
3420 3204 3568 3250 natus.

2210 3263 2266 3360 4.
2292 3264 2371 3319 Ac
2394 3281 2489 3336 per
2508 3268 2631 3337 hoe,
2655 3272 2813 3327 etiam
2837 3275 2881 3329 si
2911 3275 3283 3339 demonstrare
3301 3286 3483 3360 aliquis
3507 3296 3668 3360 posset,

2140 3352 2356 3453 hiariam
2398 3373 2462 3413 ex
2509 3359 2674 3417 David
2720 3365 2916 3421 nullam
2960 3352 3433 3444 consanguinitatis
3466 3352 3675 3453 originem

2138 3445 2356 3542 ducere,
2386 3457 2468 3504 sat
2507 3460 2626 3507 erat
2666 3458 2956 3514 secundum
2988 3461 3142 3518 istam
3187 3469 3443 3526 rationem
3480 3445 3677 3542 accipere

2137 3536 2407 3633 Christum
2454 3541 2620 3599 ﬁlium
2670 3545 2874 3617 David,
2925 3568 3026 3622 qua
3074 3557 3287 3616 ratione
3332 3562 3482 3617 etiam
3515 3536 3675 3633 Ioseph

2137 3637 2288 3725 pater
2326 3631 2441 3702 ejus
2468 3645 2626 3725 recte
2669 3641 2967 3709 appellatus
3001 3654 3082 3701 est
3113 3665 3125 3701 :
3157 3660 3358 3720 quanto
3392 3654 3559 3725 magis,
3582 3631 3674 3707 cum

2136 3719 2408 3777 evidenter
2449 3723 2593 3780 dicat
2635 3731 2906 3798 apostolus
2948 3719 3185 3804 Paulus,
3210 3757 3277 3797 ex
3321 3719 3510 3799 semine
3543 3738 3673 3798 David

2134 3811 2425 3867 secundum
2452 3830 2669 3873 carnem
2696 3818 2964 3879 Christum
2990 3826 3182 3897 (Rom.
3217 3848 3254 3901 ι,
3285 3832 3373 3905 5),
3400 3834 3549 3905 ipsam
3570 3847 3673 3903 quo-

2134 3918 2238 3975 que
2278 3905 2494 3997 blariam
2525 3909 2593 3965 de
2621 3912 2787 3983 stirpe
2827 3915 2990 3972 David
3030 3921 3262 3992 aliquam
3295 3925 3670 3997 consanguinita-

2135 4001 2242 4050 tem
2287 3994 2529 4066 duxisse,
2572 4000 2817 4061 dubitare
2861 4008 3043 4079 utique
3090 4028 3197 4068 non
3248 3994 3507 4073 debemus.
3541 4015 3670 4085 Cujus

2135 4086 2349 4145 feminae
2391 4092 2640 4162 quoniam
2686 4111 2784 4152 nec
2813 4101 3146 4160 sacerdotale
3184 4122 3356 4177 genus
3385 4118 3581 4175 tacetur,
3603 4106 3666 4161 in—

2132 4180 2377 4237 sinuante
2420 4181 2583 4253 Luca,
2623 4186 2765 4256 quod
2812 4199 3034 4261 cognata
3079 4194 3195 4264 ejus
3243 4209 3381 4255 esset
3424 4195 3663 4265 Elisabeth,

2131 4286 2290 4342 quam
2314 4272 2443 4329 dicit
2468 4273 2534 4330 de
2560 4276 2771 4333 ﬁliabus
2794 4280 2975 4337 Aaron
3006 4283 3173 4354 (Luc.
3205 4304 3244 4357 I,
3275 4290 3361 4357 '56,
3386 4291 3484 4362 5);
3510 4288 3666 4344 tinnis-

2130 4363 2265 4419 sime
2290 4365 2576 4422 tenendum
2601 4378 2685 4424 est
2708 4384 2924 4428 carnem
2955 4374 3151 4434 Christi
3177 4395 3246 4436 ex
3277 4394 3486 4455 utroque
3507 4391 3664 4453 genere

2132 4466 2494 4527 propagatam,
2524 4469 2578 4516 et
2603 4476 2789 4533 regum
2817 4466 3019 4523 scilicet
3045 4480 3100 4526 et
3129 4475 3477 4544 sacerdotum,
3500 4474 3550 4529 in
3571 4468 3662 4542 qui-

2128 4546 2229 4604 bus
2255 4552 2498 4620 personis
2522 4554 2664 4623 apud
2702 4555 2850 4612 illum
2887 4562 3138 4633 populum
3170 4566 3497 4625 Hebraeorum
3530 4565 3660 4621 etiam
3690 4614 3693 4623 .

2126 4640 2351 4711 mystica
2398 4644 2580 4700 unctio
2625 4645 2970 4721 ﬁgurabatur,
3017 4655 3070 4710 id
3119 4667 3221 4726 est,
3271 4659 3504 4725 chrisma,
3548 4653 3659 4713 unde

2125 4729 2323 4786 Christi
2361 4749 2557 4792 nomen
2588 4737 2796 4807 elucet,
2830 4751 2979 4800 tanto
3004 4756 3128 4804 ante
3158 4750 3317 4807 etiam
3356 4751 3441 4806 illa
3475 4747 3657 4806 eviden-

2126 4822 2328 4879 tissima
2356 4825 2744 4897 signiﬁcatione
2769 4837 3197 4903 praenuntiatum.

2195 4914 2421 4974 CAPUT
2665 4924 2835 4991 Quare
2861 4926 2989 4985 alios
3018 4945 3419 5006 progeneratores
3444 4932 3602 4992 Christi

2441 4989 2717 5049 Matthteus
2744 4989 3030 5069 enumerat,
3048 4989 3175 5060 alias
3201 4989 3381 5062 Lucas.

2192 5080 2245 5134 5.
2286 5080 2430 5147 Quos
2470 5092 2649 5139 autem
2693 5099 2896 5158 movet,
2925 5093 3066 5163 quod
3107 5097 3240 5154 alios
3268 5103 3650 5172 progeneratores

2120 5170 2401 5229 Mattharus
2441 5187 2739 5247 enumerat,
2768 5180 3098 5244 descendens
3143 5205 3172 5245 a
3216 5170 3382 5248 David
3417 5202 3562 5260 usque
3597 5180 3649 5239 ad

2118 5261 2321 5336 Ioseph
2346 5263 2556 5338 (Matth.
2583 5285 2619 5335 ι,
2654 5269 2824 5346 1-16),
2849 5275 2983 5331 alios
3010 5288 3186 5336 autem
3215 5281 3380 5339 Lucas
3400 5276 3647 5337 ascendens

2118 5370 2147 5410 a
2174 5357 2375 5430 Ioseph
2404 5376 2574 5433 usque
2602 5364 2666 5419 ad
2697 5365 2860 5424 David
2892 5369 3042 5442 (Luc.
3073 5389 3147 5443 lli,
3175 5375 3380 5447 23-38),
3404 5371 3544 5430 facile
3563 5374 3644 5433 esi.

2118 5457 2177 5503 ut
2223 5448 2499 5508 advertant
2541 5453 2676 5512 duos
2720 5466 2898 5527 patres
2944 5461 3140 5521 habere
3180 5467 3406 5538 potuisse
3442 5458 3640 5532 Ioseph.

2116 5557 2281 5599 unum
2320 5560 2350 5599 a
2389 5561 2495 5617 quo
2529 5550 2761 5619 genitus,
2798 5552 3024 5610 alterum
3063 5572 3093 5612 a
3135 5574 3238 5630 quo
3271 5557 3424 5614 fuerit
3456 5554 3641 5623 adopta-

2118 5642 2203 5689 tus
2229 5635 2323 5707 (a).
2346 5638 2575 5711 Antiqua
2599 5651 2681 5697 est
2707 5642 2846 5699 enim
2873 5650 3200 5706 consuetudo
3221 5648 3483 5723 adoptandi
3508 5645 3637 5703 etiam

2177 5768 2249 5831 (a)
2280 5775 2313 5817 lt
2338 5776 2539 5823 Retract.
2557 5786 2663 5838 cap.
2704 5774 2776 5826 16.

3806 732 3812 769 i
