3878 6338
216 287 383 376 1075’

215 430 269 485 in
315 429 411 484 illo
450 427 645 500 populo
683 427 800 496 Dei,
833 436 891 484 ut
930 428 1031 484 sibi
1076 428 1212 484 ﬁlios
1248 426 1480 483 facerent
1520 439 1654 497 quos
1691 438 1796 478 non

214 522 319 593 ipsi
363 520 691 592 genuissent.
728 519 861 575 Nam
910 529 1135 590 excepto
1167 519 1310 590 quod
1352 518 1457 573 ﬁlia
1500 515 1797 573 Pharaonis

212 613 433 686 Moysen
461 612 805 683 adoptaverat
833 610 853 683 (
877 609 1050 666 Exod.
1069 627 1127 676 II,
1157 608 1263 684 10)
1296 610 1423 682 (illa
1449 608 1644 680 quippe
1670 607 1798 663 alie-

213 704 410 774 nigena
429 703 567 775 fuit),
590 703 704 773 ipse
727 702 892 759 Iacob
914 709 1138 772 nepotes
1161 715 1289 756 suos
1311 715 1375 755 ex
1401 699 1600 770 Joseph
1619 707 1795 764 natos,

213 795 396 851 verbis
423 795 870 850 manifestissimis
900 793 1171 866 adoptavit
1195 792 1378 848 dicens
1403 810 1416 846 :
1450 789 1606 846 Nunc
1629 790 1800 861 itaque

213 887 310 956 ﬁlii
339 887 412 941 tati
441 886 541 941 duo
561 927 576 952 ,
603 887 692 958 qui
726 886 848 956 facti
886 893 1002 940 sunt
1030 884 1118 939 tibi
1157 885 1449 954 priusquam
1473 882 1540 936 ad
1581 890 1628 936 te
1658 881 1799 935 veni-

210 994 337 1042 rent,
374 977 470 1031 mei
505 985 664 1030 sunt:
693 975 935 1046 Ephmm
971 986 1018 1029 et
1058 974 1328 1043 Manasse,
1356 985 1592 1045 tanquam
1618 972 1798 1028 Ruben

209 1079 256 1122 et
284 1067 495 1124 Simeon
524 1076 673 1121 erunt
698 1067 842 1120 mihi.
883 1065 1050 1120 Natos
1077 1075 1244 1119 autem
1270 1065 1314 1120 si
1341 1065 1569 1136 genueris
1598 1072 1794 1134 postea,

211 1159 298 1212 tibi
323 1167 468 1212 erunt
495 1155 514 1229 (
539 1155 666 1210 Gen.
699 1172 882 1222 XLVIII,
914 1157 968 1224 5,
999 1155 1089 1228 6).
1118 1155 1271 1212 Unde
1294 1156 1453 1210 etiam
1490 1154 1686 1210 factum
1717 1161 1800 1209 est

212 1257 266 1303 ut
296 1247 581 1302 duodecim
615 1246 784 1301 tribus
809 1254 989 1301 essent
1019 1245 1200 1310 Israel,
1228 1254 1449 1315 excepta
1477 1245 1614 1300 tribu
1646 1244 1794 1310 Levi,

208 1355 326 1410 quae
360 1338 561 1409 templo
599 1337 903 1402 serviebat;
934 1353 1055 1392 cum
1093 1351 1155 1391 ea
1181 1335 1376 1406 quippe
1404 1333 1657 1388 tredecim
1685 1332 1801 1388 fue-

207 1440 366 1496 runt,
397 1446 520 1485 cum
550 1429 829 1485 duodecim
870 1429 1095 1484 fuissent
1123 1427 1218 1481 ﬁlii
1240 1427 1422 1482 Iacob.
1456 1425 1608 1481 Unde
1637 1425 1796 1480 intel-

207 1523 390 1593 ligitur
422 1522 592 1576 Lucas
620 1530 824 1591 patrem
849 1519 1069 1589 Ioseph,
1103 1534 1209 1574 non
1239 1533 1269 1572 a
1294 1534 1399 1588 quo
1442 1517 1670 1587 genitus,
1701 1515 1798 1571 sed

203 1631 234 1670 a
267 1630 376 1685 quo
406 1615 578 1670 fuerat
603 1613 903 1684 adoptatus,
939 1613 1236 1682 suscepisse
1264 1611 1313 1664 in
1354 1609 1640 1679 Evangelio
1675 1624 1794 1674 suo,

207 1708 360 1778 cujus
406 1707 776 1778 progenitores
815 1722 1025 1762 sursum
1079 1720 1266 1761 versus
1313 1713 1794 1769 commemoraret,

206 1798 379 1854 donec
416 1799 590 1855 exiret
627 1797 690 1853 ad
725 1797 909 1852 David.
939 1797 1071 1854 Cum
1104 1797 1243 1854 enim
1285 1809 1502 1851 necesse
1530 1795 1617 1859 sit,
1649 1802 1797 1850 utro-

206 1906 310 1961 que
340 1890 672 1961 evangelista
701 1904 824 1946 vera
855 1899 1132 1954 narrante,
1167 1897 1220 1942 et
1243 1887 1487 1942 Matthaeo
1516 1886 1718 1940 scilicet
1745 1894 1799 1941 et

206 1982 376 2052 Luca,
421 1990 478 2037 ut
519 1996 654 2037 unus
698 1996 883 2038 eorum
921 1982 1036 2052 ejus
1077 1980 1239 2050 patris
1275 1979 1530 2047 originem
1572 1977 1802 2032 tenuerit

207 2077 296 2148 qui
323 2063 601 2146 genuerat,
626 2075 760 2129 alter
780 2074 894 2143 ejus
923 2072 1012 2142 qui
1033 2071 1375 2140 adeptaverat
1398 2069 1615 2137 Joseph,
1641 2083 1800 2138 quem

206 2167 541 2238 probabilius
565 2165 908 2236 intelligimus
933 2163 1232 2233 adoptantis
1257 2160 1513 2231 originem
1541 2160 1796 2226 tenuisse,

206 2275 370 2330 quam
400 2274 524 2314 eum
554 2258 643 2329 qui
683 2256 852 2311 noluit
891 2253 1089 2323 Ioseph
1117 2251 1355 2322 genitum
1385 2249 1562 2304 dicere
1601 2249 1668 2303 ab
1708 2249 1800 2302 illo

209 2351 365 2419 cujus
393 2364 516 2404 eum
547 2347 710 2402 lilium
740 2361 860 2402 esse
883 2341 1170 2399 narrabat?
1194 2339 1536 2396 Commodius
1564 2339 1704 2393 enim
1735 2339 1800 2392 ﬁ-

208 2441 316 2495 lius
365 2439 484 2508 ejus
530 2437 701 2492 dictus
744 2446 846 2502 est,
879 2450 908 2490 a
953 2449 1058 2504 quo
1100 2431 1274 2488 fuerat
1311 2431 1611 2500 adeptatus,
1641 2444 1800 2500 quam

175 2544 184 2557 "
207 2533 484 2589 diceretur
509 2531 578 2586 ab
616 2530 707 2585 illo
736 2529 943 2600 genitus
969 2527 1120 2596 cujus
1147 2540 1307 2582 carne
1334 2539 1439 2579 non
1472 2532 1588 2579 erat
1621 2531 1799 2579 natus.

208 2622 498 2679 Matthacus
525 2628 703 2675 autem
734 2619 936 2684 dicens,
969 2618 1223 2672 Abraham
1251 2617 1418 2687 genuit
1447 2614 1617 2681 Isaac,
1649 2613 1802 2670 Isaac

211 2714 388 2787 genuit
414 2710 594 2778 Iacob,
628 2720 785 2781 atque
811 2710 881 2764 ita
911 2709 964 2763 in
989 2709 1092 2763 hoc
1116 2706 1282 2762 verbo
1309 2705 1449 2777 quod
1475 2714 1572 2769 est,
1608 2705 1798 2775 genuit,

214 2817 566 2877 perseverans
592 2801 764 2857 donec
792 2801 845 2854 in
874 2799 1060 2853 ultimo
1088 2797 1305 2862 diceret,
1337 2795 1498 2849 Iacob
1525 2803 1689 2848 autem
1713 2811 1801 2865 ge-

212 2898 325 2952 nuit
351 2895 589 2966 Ioseph;
618 2894 746 2949 satis
784 2891 1048 2962 expressit
1074 2889 1140 2944 ad
1170 2903 1290 2944 eum
1334 2897 1537 2959 patrem
1581 2902 1637 2942 se
1679 2902 1803 2957 per-

214 2990 434 3048 duxisse
476 2987 717 3044 ordinem
757 2987 774 3018 ¹
818 2983 1205 3056 generantium,
1246 2996 1275 3035 a
1317 2996 1422 3051 quo
1458 2978 1657 3050 Joseph
1697 2993 1801 3034 non

215 3081 523 3153 adoptatus,
552 3077 645 3134 sed
670 3077 880 3148 genitus
909 3083 1042 3132 erat.

288 3173 343 3228 6.
367 3171 679 3240 Quanquam
701 3169 746 3224 si
766 3168 926 3224 etiam
941 3166 1111 3222 Lucas
1131 3164 1366 3237 genitum
1385 3163 1586 3219 diceret
1605 3161 1804 3232 Joseph

217 3263 286 3318 ab
314 3261 459 3328 Heli,
491 3274 592 3316 nec
618 3259 696 3314 sic
727 3245 828 3314 nos
855 3258 957 3312 hoc
982 3257 1203 3312 verbum
1230 3256 1541 3326 perturbare
1566 3254 1803 3319 deberet,

217 3362 277 3409 ut
302 3351 449 3407 aliud
469 3349 811 3406 crederemus
833 3362 988 3417 quam
1013 3347 1082 3401 ab
1110 3361 1218 3400 uno
1244 3345 1566 3414 evangelista
1588 3343 1809 3414 gignen-

217 3453 352 3507 tem,
385 3441 455 3495 ab
483 3439 651 3494 altero
675 3437 1016 3507 adoptantem
1057 3445 1262 3506 patrem
1289 3435 1452 3490 fuisse
1479 3449 1805 3489 commemo-

217 3541 421 3590 ratum.
469 3528 652 3600 Neque
711 3527 855 3583 enim
905 3525 1135 3582 absurde
1195 3525 1419 3596 quisque
1466 3523 1657 3579 dicitur
1700 3540 1808 3579 non

219 3637 407 3689 carne,
449 3620 543 3677 sed
571 3619 830 3676 charitate
858 3617 1124 3690 genuisse,
1155 3631 1313 3687 quem
1356 3615 1520 3670 ﬁlium
1547 3615 1647 3670 sibi
1676 3615 1807 3670 adu-

220 3717 490 3791 ptaverit:
522 3724 613 3770 aut
638 3727 764 3770 vero
790 3713 950 3768 etiam
979 3726 1077 3767 nos
1101 3710 1292 3782 quibus
1322 3708 1468 3765 dedit
1493 3709 1634 3764 Deus
1660 3718 1812 3778 pote-

223 3817 418 3865 statem
461 3805 600 3861 ﬁlios
641 3804 758 3874 ejus
799 3802 946 3869 ﬁeri,
986 3801 1053 3857 de
1096 3810 1282 3856 natura
1321 3809 1480 3869 atque
1519 3799 1810 3853 substantia

225 3915 322 3954 sua
348 3912 450 3953 nos
477 3897 682 3968 genuit,
714 3895 852 3950 sicut
884 3893 1094 3948 unicum
1133 3891 1357 3958 Filium,
1388 3890 1482 3945 sed
1521 3889 1702 3960 utique
1726 3888 1812 3943 di-

226 3990 458 4045 lectione
483 3985 769 4057 adoptavit.
793 3987 909 4052 Quo
935 3984 1099 4038 verbo
1129 3981 1414 4052 Apostolus
1440 3997 1581 4050 saepe
1605 3980 1680 4034 uti
1706 3995 1811 4035 non

228 4082 300 4138 ob
330 4079 475 4135 aliud
508 4078 816 4148 intelligitur
845 4074 1034 4145 (Rom.
1072 4089 1186 4140 Vill,
1220 4072 1305 4139 15,
1338 4082 1383 4126 et
1411 4087 1468 4137 II,
1497 4070 1589 4143 4),
1617 4071 1716 4124 nisi
1747 4071 1813 4125 ad

229 4171 643 4230 discernendum
691 4162 1032 4240 UIIigenitum
1075 4176 1198 4222 ante
1237 4180 1448 4220 omnem
1496 4172 1812 4232 creaturam,

227 4281 326 4338 per
357 4278 518 4336 quem
547 4262 684 4320 facta
725 4271 848 4318 sunt
880 4261 1055 4316 omnia
1076 4301 1090 4325 ,
1122 4258 1212 4328 qui
1241 4257 1388 4338 solus
1425 4256 1492 4310 de
1523 4256 1816 4310 substantia

227 4331 406 4418 Dalri—s
446 4366 601 4412 natus
645 4362 748 4421 est,
790 4351 1080 4408 secundum
1127 4331 1481 4419 aequalitatem
1530 4347 1817 4402 divinitatis

230 4451 335 4506 hoc
365 4448 584 4504 omnino
623 4443 763 4514 quod
790 4443 945 4497 Pater
970 4459 981 4494 :
1011 4456 1167 4511 quem
1198 4441 1417 4493 missum
1447 4438 1574 4493 dicit
1598 4438 1662 4492 ad
1693 4453 1816 4493 sus-

232 4540 535 4611 cipiendam
563 4550 778 4591 carnem
808 4549 873 4588 ex
912 4534 1004 4586 illo
1042 4547 1258 4602 genere,
1285 4547 1388 4600 quo
1415 4539 1469 4585 et
1498 4546 1595 4585 nos
1623 4545 1817 4584 secun-

233 4633 364 4688 dum
413 4636 657 4683 naturam
703 4633 935 4680 nostram
979 4636 1181 4686 sumus,
1233 4630 1290 4675 ut
1334 4621 1424 4675 illo
1474 4621 1820 4690 partieipante

232 4721 615 4781 mortalitatem
645 4729 878 4772 nostram
909 4730 1006 4785 per
1047 4713 1406 4778 dilectionem,
1448 4727 1545 4766 nos
1585 4711 1822 4766 efficeret

233 4813 524 4887 participes
565 4807 856 4864 divinitatis
891 4821 1000 4860 suae
1040 4820 1134 4873 per
1172 4803 1531 4872 adoptionem.
1563 4803 1636 4856 Ita
1677 4804 1816 4857 enim

236 4907 401 4962 dicit:
433 4903 560 4959 Cum
591 4911 757 4954 autem
795 4898 924 4951 venit
956 4895 1212 4967 plenitudo
1254 4894 1654 4963 tentporis,misit
1682 4893 1820 4949 Deus

239 4996 432 5051 Filium
463 5009 612 5049 suum
651 4995 842 5062 factum
882 5005 942 5042 ea:
981 4987 1204 5051 muliere,
1234 4986 1422 5056 factum
1453 4988 1542 5040 sub
1572 4986 1736 5057 Lege,
1768 4999 1821 5040 ut

239 5106 322 5144 eos
340 5089 428 5162 qui
449 5086 540 5141 sub
566 5081 698 5153 Lege
720 5090 859 5135 erant
879 5079 1158 5145 redimeret,
1182 5087 1235 5131 ut
1255 5077 1576 5146 adoptiuum
1599 5079 1819 5146 ﬁliorum

238 5179 569 5250 reciperemus
588 5173 610 5205 ¹
632 5169 824 5243 (Galat.
851 5185 924 5235 Iv,
948 5170 1001 5235 4,
1024 5166 1101 5239 5).
1125 5167 1191 5221 Et
1213 5175 1387 5220 tamen
1414 5166 1637 5221 dicimur
1660 5169 1819 5222 etiam

241 5269 350 5323 nati
391 5283 456 5324 ex
502 5266 634 5330 Deo,
667 5261 720 5317 id
765 5268 869 5327 est,
896 5266 1111 5329 accepta
1157 5265 1418 5328 potestate
1465 5268 1522 5312 ut
1569 5259 1659 5312 ﬁlii
1707 5260 1822 5328 ejus

243 5358 537 5414 efﬁciamur
555 5398 570 5422 ,
599 5354 688 5426 qui
715 5353 823 5423 jam
866 5351 1108 5405 homines
1135 5363 1345 5403 eramus
1369 5366 1381 5404 :
1415 5349 1706 5404 efﬁciamur
1731 5365 1824 5404 au-

245 5456 351 5504 tem
378 5463 475 5520 per
496 5446 742 5518 gratiam,
770 5458 877 5498 non
904 5457 999 5512 per
1025 5450 1285 5495 naturam.
1317 5439 1447 5494 Nam
1476 5440 1518 5494 si
1545 5456 1640 5510 per
1671 5450 1823 5496 natu-

247 5555 360 5596 ram
402 5525 498 5594 ﬁlii
545 5550 806 5602 essemus,
849 5548 1114 5604 nunquam
1159 5531 1300 5587 aliud
1349 5531 1650 5589 fuissemus.
1687 5531 1820 5590 Cum

314 5673 330 5702 ι
355 5673 429 5720 sic
448 5672 498 5720 in
518 5675 627 5719 Mss.
655 5676 710 5719 At
729 5668 781 5730 in
805 5667 964 5730 editis,
987 5663 1234 5730 originem,

315 5735 335 5764 ³
358 5730 579 5796 Plerique
602 5736 654 5781 et
675 5725 969 5790 antiquiores
985 5725 1109 5788 Mssi,
1128 5725 1430 5791 recipiam.

1521 312 1724 369 LIBER
1760 307 2139 370 SECUNDUS.

2989 209 3093 257 νέξ-,ί
3173 231 3185 238 α

3346 324 3365 373 1
3378 319 3483 375 074

1908 441 2049 480 enim
2075 425 2296 480 dixisset
2322 425 2574 493 Joannes,
2600 426 2750 481 Dedit
2779 429 2849 483 eis
2876 438 3166 500 potestatem
3195 430 3356 487 Filios
3389 433 3484 489 Dei

1909 518 2019 580 ﬁeri
2039 518 2144 602 ,liis
2172 517 2256 586 qui
2284 517 2489 571 credunt
2527 518 2579 571 in
2603 520 2800 574 nomine
2827 522 2974 589 ejus;
3012 530 3224 576 secutus
3253 524 3345 590 ait,
3384 523 3486 589 Qui

1908 625 2007 662 non
2033 625 2094 664 ea:
2115 609 2460 678 sanguinibus,
2493 625 2648 680 neque
2671 626 2734 664 ea:
2757 611 3010 664 voluntate
3039 613 3225 679 carnis,
3253 630 3407 682 neque
3428 632 3486 670 ex

1907 701 2159 754 voluntate
2183 700 2296 766 viri,
2333 699 2421 754 sed
2456 716 2520 754 ea;
2545 699 2653 754 Deo
2681 701 2786 754 nati
2810 711 2946 756 sunt.
2976 701 3049 756 Ita
3077 718 3208 773 quos
3234 704 3367 758 dixit
3392 721 3482 760 ac-

1907 801 2058 861 cepta
2105 799 2363 861 potestate
2412 791 2577 846 factos
2626 791 2720 848 Dei
2767 793 2926 860 ﬁlios,
2957 793 3098 862 quod
3141 793 3230 849 illa
3274 795 3488 865 adoptio

1907 882 2166 953 significat
2210 897 2366 951 quam
2412 882 2604 937 Paulus
2647 892 3047 950 commemorat,
3089 884 3305 939 eosdem
3353 885 3488 942 dixit

1908 984 2062 1030 natos
2090 990 2153 1030 ex
2185 975 2315 1028 Deo.
2355 975 2526 1044 Atque
2553 983 2611 1028 ut
2637 975 2872 1043 apertius
2901 975 3206 1030 ostenderet
3230 991 3332 1046 qua
3361 993 3485 1047 gra-

1909 1066 1980 1120 tia
2017 1064 2208 1120 factum
2237 1065 2327 1130 sit,
2358 1063 2422 1116 Et
2461 1062 2690 1128 Verbum,
2721 1065 2910 1134 inquit,
2938 1082 3055 1119 caro
3086 1066 3273 1134 factum
3302 1077 3394 1133 est,
3441 1077 3490 1123 ct

1909 1159 2147 1212 habitavit
2170 1158 2224 1210 in
2252 1159 2392 1211 nobis
2425 1156 2617 1228 (Ioan.
2651 1175 2687 1224 I,
2720 1159 2874 1213 12-14
2900 1159 2918 1229 )
2944 1179 2955 1212 :
2988 1169 3235 1228 tanquam
3265 1160 3486 1229 diceret,

1908 1249 2043 1316 Quid
2073 1249 2264 1303 mirum
2301 1249 2344 1303 si
2382 1249 2474 1304 filii
2515 1251 2605 1304 Dei
2649 1250 2773 1306 facti
2809 1261 2931 1307 sunt
2969 1268 3087 1307 cum
3125 1269 3249 1309 caro
3287 1266 3486 1324 essent,

1910 1349 2124 1409 prOpter
2167 1355 2299 1410 quos
2346 1341 2530 1395 unicus
2573 1356 2696 1396 caro
2737 1340 2904 1397 factus
2947 1353 3056 1412 est,
3097 1360 3214 1400 cum
3259 1346 3490 1402 Verbum

1907 1433 2093 1486 esset?
2120 1432 2225 1486 IIac
2251 1447 2378 1486 sane
2402 1446 2590 1501 magna
2626 1431 2894 1498 distantia,
2928 1434 3048 1503 quia
3079 1449 3176 1488 nos
3200 1434 3370 1490 effecti
3397 1435 3490 1491 ﬁlii

1909 1524 2002 1577 Dei
2047 1532 2312 1576 mutamur
2355 1525 2404 1576 in
2444 1522 2652 1586 melius,
2684 1523 2770 1577 ille
2806 1532 2981 1578 autem
3027 1523 3191 1580 Filius
3235 1525 3328 1602 Dei
3368 1541 3490 1581 eum

1908 1615 2048 1668 ﬁlius
2081 1614 2309 1668 hominis
2354 1614 2521 1668 factus
2547 1623 2709 1680 esset,
2741 1629 2844 1668 non
2876 1624 2956 1670 est
2985 1623 3215 1668 mutatus
3255 1617 3308 1669 in
3338 1616 3488 1670 dete-

1907 1707 2037 1773 rius,
2069 1707 2160 1762 sed
2191 1709 2476 1776 assumpsit
2503 1707 2644 1777 quod
2673 1717 2787 1763 erat
2814 1708 3049 1764 inferius.
3081 1710 3216 1764 Dicit
3244 1721 3296 1764 et
3330 1711 3488 1764 Jaco-

1907 1796 2007 1852 bus
2044 1815 2057 1850 :
2098 1796 2392 1851 Voluntaria
2432 1799 2598 1868 genuit
2637 1815 2726 1852 nos
2767 1800 2909 1852 verba
2943 1800 3194 1865 veritatis,
3237 1809 3288 1852 ut
3326 1802 3484 1854 simus

1906 1887 2105 1941 initium
2129 1886 2335 1957 aliquod
2363 1898 2606 1942 creatura:
2629 1890 2737 1959 ejus
2765 1888 2962 1957 (Jacobi
2983 1905 3020 1956 ι,
3054 1888 3162 1959 18).
3189 1889 3266 1945 Ne
3288 1891 3493 1945 scilicet

1908 1979 1961 2032 in
1991 1993 2055 2032 eo
2083 1977 2223 2048 quod
2252 1978 2344 2040 ait,
2375 1979 2564 2048 genuit,
2606 1980 2706 2033 hoc
2749 1994 2845 2032 nos
2875 1979 2986 2034 ﬁeri
3015 1989 3320 2049 putaremus
3347 1981 3488 2051 quod

1908 2069 2023 2138 ipse
2050 2076 2148 2132 est,
2176 2068 2295 2123 ideo
2317 2069 2669 2138 principatum
2697 2069 2978 2139 quemdam
3000 2071 3051 2124 in
3073 2079 3316 2126 creatura
3339 2071 3491 2126 nobis

1908 2157 2009 2214 bac
2040 2158 2324 2228 adOptione
2353 2174 2665 2214 concessum
2694 2161 2822 2214 satis
2850 2161 3104 2216 ostendit.

1980 2250 2033 2301 7.
2062 2248 2173 2302 Non
2204 2263 2330 2318 ergo
2354 2249 2586 2303 alienum
2606 2259 2746 2304 esset
2768 2265 2797 2303 a
2823 2251 3064 2317 veritate,
3087 2252 3293 2306 etiamsi
3315 2253 3487 2308 Lucas

1907 2338 1977 2393 ab
2007 2339 2098 2394 illo
2117 2353 2232 2395 esse
2258 2339 2455 2410 Joseph
2478 2343 2712 2410 genitum
2740 2342 2960 2407 diceret,
2982 2358 3012 2395 a
3033 2358 3140 2413 quo
3169 2345 3336 2399 fuerat
3355 2345 3486 2398 ado-

1909 2438 2105 2499 ptatus.
2133 2431 2303 2484 Etiam
2331 2431 2409 2486 sic
2448 2432 2640 2501 quippe
2675 2433 2856 2502 genuit
2893 2449 3036 2499 eum,
3081 2450 3184 2488 non
3228 2443 3284 2489 ut
3327 2435 3487 2490 homo

1908 2532 2071 2587 esset,
2103 2523 2195 2577 sed
2227 2531 2281 2576 ut
2307 2522 2445 2576 ﬁlius
2481 2533 2622 2578 esset
2651 2543 2662 2579 :
2693 2526 2829 2579 sicut
2871 2541 2968 2580 nos
3009 2527 3188 2596 genuit
3230 2528 3400 2593 Deus,
3433 2536 3490 2582 ut

1912 2611 2005 2665 ﬁlii
2035 2612 2150 2681 ejus
2194 2611 2382 2677 simus,
2432 2628 2566 2682 quos
2603 2613 2801 2669 fecerat
2845 2625 2901 2670 ut
2941 2616 3182 2672 homines
3230 2633 3488 2673 essemus.

1911 2703 2136 2760 Unicum
2181 2713 2356 2759 autem
2401 2708 2614 2774 genuit,
2660 2721 2765 2761 non
2809 2709 2978 2762 solum
3029 2719 3084 2763 ut
3128 2710 3292 2765 Filius
3329 2718 3488 2777 esset,

1909 2794 2051 2864 quod
2079 2794 2236 2849 Pater
2263 2810 2368 2850 non
2396 2805 2510 2862 est;
2543 2797 2634 2852 sed
2663 2798 2821 2852 etiam
2849 2807 2905 2853 ut
2928 2799 3066 2855 Deus
3089 2811 3250 2867 esset,
3279 2801 3419 2871 quod
3441 2811 3494 2856 et

1909 2887 2070 2944 Pater
2094 2897 2194 2944 est.
2222 2889 2325 2945 Sed
2351 2890 2506 2958 plane
2532 2891 2577 2945 si
2610 2890 2713 2946 hoc
2741 2892 2900 2947 verbo
2929 2892 3088 2948 etiam
3117 2894 3286 2948 Lucas
3311 2903 3490 2949 utere-

1911 2989 2018 3046 tur,
2067 2982 2211 3035 omni
2248 2981 2407 3036 modo
2431 2990 2575 3038 esset
2618 2983 2920 3052 ambiguum
2964 2986 3084 3054 quis
3129 3000 3313 3041 eorum
3357 2985 3490 3040 ado-

1912 3080 2168 3141 ptantem,
2226 3072 2345 3142 quis
2391 3087 2458 3126 ex
2486 3073 2696 3142 propria
2724 3089 2885 3129 carne
2929 3075 3228 3146 gignentem
3290 3088 3493 3147 patrem

1911 3173 2426 3218 commemorasset:
2471 3165 2738 3233 quomodo
2764 3167 2862 3220 etsi
2892 3175 3078 3222 neuter
3117 3184 3306 3223 eorum
3348 3170 3494 3224 dice-

1914 3263 2018 3322 ret,
2047 3256 2244 3325 genuit,
2278 3255 2370 3310 sed
2396 3265 2450 3310 et
2475 3257 2574 3310 iste
2605 3273 2724 3312 eum
2760 3258 2922 3313 ﬁlium
2953 3259 3124 3323 illius,
3157 3270 3208 3314 et
3236 3261 3323 3316 ille
3356 3262 3496 3315 illius

1913 3346 2148 3413 diceret,
2177 3345 2521 3400 nihilominus
2549 3357 2695 3402 esset
2724 3349 3026 3418 ambiguum
3063 3351 3181 3420 quis
3215 3366 3397 3406 eorum
3425 3353 3492 3405 il-

1915 3435 2024 3491 lum
2053 3435 2119 3490 de
2144 3451 2249 3506 quo
2278 3446 2432 3492 natus
2453 3479 2466 3501 ,
2499 3437 2619 3507 quis
2661 3439 2808 3492 illum
2837 3455 2866 3494 a
2911 3456 3016 3508 quo
3057 3441 3337 3511 adeptatus
3383 3454 3497 3498 erat

1915 3537 2402 3583 commemorasset.
2433 3527 2580 3583 Nune
2609 3543 2737 3584 vero
2761 3545 2882 3584 cum
2906 3532 3040 3585 alter
3055 3531 3200 3599 dicit,
3219 3532 3378 3586 Iacob
3407 3552 3495 3604 ge-

1916 3620 2024 3673 nuit
2051 3618 2278 3688 Ioseph;
2318 3618 2450 3671 alter
2473 3659 2487 3684 ,
2513 3616 2706 3688 Ioseph
2731 3621 2816 3689 qui
2857 3623 2951 3689 fuit
2978 3620 3117 3690 [ilius
3147 3621 3268 3676 Heli
3291 3640 3308 3676 :
3335 3624 3494 3678 etiam

1917 3711 2030 3780 ipsa
2074 3709 2356 3764 verborum
2405 3708 2698 3764 differentia
2745 3710 2870 3780 quid
2919 3711 3110 3781 singuli
3140 3713 3499 3782 suscepissent

1918 3803 2190 3872 eleganter
2210 3800 2604 3856 intimaverunt.
2632 3802 2737 3856 Sed
2760 3799 2866 3856 hoc
2906 3803 3056 3858 facile
3089 3819 3249 3871 sane,
3294 3805 3497 3872 utdixi,

1918 3902 2101 3965 posset
2166 3907 2448 3948 occurrere
2498 3893 2698 3949 homini
2752 3896 3038 3966 religioso,
3087 3899 3176 3967 qui
3228 3899 3499 3968 quodlibet

1919 3983 2061 4038 aliud
2095 3983 2438 4054 quaerendum
2477 3986 2652 4056 potius
2698 3985 2980 4055 judicaret,
3019 4003 3175 4058 quam
3235 3990 3503 4060 evangeli-

1922 4085 2060 4132 stam
2084 4075 2328 4131 crederet
2358 4091 2476 4131 esse
2505 4078 2812 4143 mentitum;
2843 4077 3016 4145 facile,
3049 4079 3282 4149 inquam,
3313 4095 3500 4135 occur-

1923 4177 2090 4234 reret,
2119 4175 2177 4222 ut
2199 4166 2407 4222 videret
2431 4167 2621 4237 quibus
2663 4168 2838 4221 causis
2879 4184 3013 4223 unus
3042 4169 3202 4224 homo
3247 4170 3380 4225 duos
3410 4186 3503 4240 pa-

1925 4268 2033 4315 tres
2060 4259 2258 4315 habere
2280 4260 2511 4330 potuerit
2543 4277 2556 4313 :
2587 4259 2689 4313 hoc
2715 4269 2767 4314 et
2798 4261 2902 4314 illis
2932 4261 3270 4318 calumniosis
3313 4278 3501 4318 occur-

1923 4359 2088 4416 reret,
2117 4350 2218 4404 nisi
2244 4350 2449 4419 litigare
2488 4365 2644 4418 quam
2675 4350 3011 4404 considerare
3041 4353 3365 4408 maluissent.

1924 4441 2147 4497 CAPUT
2176 4440 2264 4494 IV.
2294 4469 2363 4480 -—
2390 4439 2559 4504 Quare
2590 4440 2924 4509 quadraginta
2961 4444 3330 4510 generationes,
3355 4461 3500 4499 cxce-

1997 4541 2082 4601 pto
2123 4531 2233 4599 ipso
2257 4527 2478 4597 Christo,
2508 4530 2823 4583 inveniuntur
2851 4532 2989 4599 apud
3033 4532 3349 4601 .ilattltwttm,
3391 4553 3504 4590 cum

1997 4619 2374 4691 quatuordecim
2397 4619 2630 4689 triplicet.

1996 4712 2048 4766 8.
2081 4711 2214 4766 Illud
2241 4719 2415 4765 autem
2444 4710 2584 4781 quod
2611 4711 2861 4782 deinceps
2890 4713 3261 4770 insinuaudum
3289 4727 3390 4784 est,
3418 4734 3503 4774 re—

1925 4819 2050 4858 vera
2076 4812 2134 4857 ut
2162 4802 2364 4857 adverti
2410 4811 2465 4856 et
2493 4801 2658 4856 videri
2701 4811 2896 4872 posset,
2931 4804 3178 4859 lectorem
3210 4809 3502 4862 attentissi-

1926 4911 2068 4950 mum
2119 4904 2173 4948 et
2213 4893 2672 4962 diligentissimum
2720 4894 3042 4961 requirebat.
3093 4899 3263 4949 Acule
3311 4897 3504 4965 quippe

1926 4984 2352 5040 animadversum
2381 4990 2480 5045 est,
2513 4983 2836 5046 Mattlneum,
2868 4986 2954 5052 qui
2987 4986 3183 5054 regiam
3215 4987 3262 5038 in
3291 4987 3503 5042 Christo

1928 5077 2231 5130 instituerat
2256 5074 2525 5128 insinuare
2552 5089 2854 5142 personam,
2876 5086 3104 5144 excepto
3136 5076 3248 5143 ipso
3269 5077 3499 5144 Christo,

1927 5171 2268 5242 quadraginta
2324 5171 2564 5224 homines
2613 5171 2663 5222 in
2699 5172 3098 5239 generationmn
3145 5173 3281 5226 serie
3328 5176 3501 5227 uomi-

1929 5276 2102 5316 nasse.
2157 5262 2417 5316 Numerus
2446 5245 2621 5314 autem
2666 5259 2765 5312 iste
2814 5260 2938 5312 illud
2970 5270 3172 5330 tempus
3222 5262 3500 5331 signiﬁcat,

1928 5369 2035 5424 quo
2083 5354 2132 5406 in
2158 5353 2260 5407 hoc
2286 5351 2481 5406 Stcculo
2510 5360 2565 5405 et
2592 5351 2645 5404 in
2678 5350 2774 5403 hac
2805 5360 2942 5405 terra
2970 5353 3082 5422 regi
3114 5368 3210 5406 nos
3237 5361 3446 5423 Oportet
3474 5371 3500 5407 a

1927 5444 2140 5501 Christo
2167 5442 2800 5512 sccundumdiseiplinam
2824 5442 3165 5510 laboriosam,
3199 5459 3299 5514 qua
3326 5445 3505 5515 ﬂagel—

1931 5537 2000 5593 lat
2022 5537 2178 5602 Deus,
2212 5545 2268 5589 ut
2295 5534 2545 5604 scriptum
2583 5543 2684 5600 est,
2717 5551 2911 5588 onmem
2941 5535 3103 5604 ﬁlium
3144 5552 3289 5604 quem
3329 5537 3505 5607 recrpit

1931 5629 2115 5707 (Hebr.
2149 5645 2242 5696 xu,
2276 5628 2328 5698 6)
2358 5647 2370 5683 :
2396 5628 2460 5682 de
2481 5643 2581 5696 qua
2607 5627 2732 5681 dicit
2761 5628 3066 5697 Apostolus,
3091 5645 3184 5700 per
3211 5629 3504 5684 tribulatio-

1932 5738 2054 5779 nem
2083 5729 2328 5790 oporterc
2378 5733 2476 5772 nos
2505 5719 2699 5773 intrare
2738 5718 2787 5774 in
2827 5734 3044 5788 regnum
3088 5720 3178 5775 Dei
3219 5719 3346 5790 (Act.
3393 5735 3497 5782 xw,
