3878 6312
164 290 340 347 Ωθτῗ

161 410 672 495 ωβιειωιυιιιιεθ.
710 417 1001 490 stt-,ﬂ-M)
1025 414 1124 500 (a).
1151 415 1266 486 ipse
1284 425 1496 484 quoque
1535 421 1787 466 numerus

165 523 363 586 quem
386 514 556 568 Lucas
586 509 924 581 exsequitur,
954 507 1254 564 certissime
1280 511 1508 576 prorSus
1545 503 1789 558 abolitio-

164 621 319 663 nem
368 595 563 662 indicat
604 610 958 674 peccatorum.
999 601 1133 669 Quia
1180 599 1323 655 enim
1368 595 1568 654 Christi
1613 595 1786 667 aliqua

171 699 493 770 iniquitas,
524 696 613 769 Qui
641 696 843 751 nullam
869 693 1090 760 habuit,
1118 699 1225 748 non
1248 691 1331 746 est
1357 690 1542 760 utique
1569 688 1789 760 conjun-

170 798 275 845 eta
313 788 690 859 iniquitatibus
717 779 989 842 hominum
1009 827 1022 850 ,
1052 797 1187 856 quas
1213 783 1268 839 in
1297 797 1394 839 sua
1420 797 1581 838 carne
1604 789 1787 836 susce-

172 885 266 955 pit
291 901 308 950 ;
343 883 466 938 ideo
493 885 746 937 humerus
777 887 942 950 penes
970 878 1293 943 Matthaaum,
1319 883 1542 945 excepto
1557 873 1788 940 Christo,

171 983 270 1032 est
302 975 787 1046 quad'ra'genarius.
829 973 962 1042 Quia
987 987 1114 1028 vero
1139 970 1358 1042 justitice
1380 981 1489 1024 sure
1516 968 1791 1038 Patrisque

169 1076 288 1122 nos
324 1065 575 1137 expiatos
603 1066 670 1120 ab
696 1065 842 1118 omni
868 1069 1087 1134 peccato
1117 1068 1471 1132 purgatosque
1497 1057 1789 1127 coniungit,

171 1171 238 1216 ut
268 1160 379 1214 ﬂat
409 1157 549 1230 quod
576 1159 650 1218 ait
678 1155 964 1227 Apostolus
983 1199 996 1222 ,
1034 1156 1133 1222 Qui
1168 1166 1335 1210 autent
1366 1152 1588 1209 adhaeret
1618 1152 1793 1206 Domi-

169 1269 270 1318 no,
309 1265 454 1306 unus
482 1251 690 1322 spiritus
729 1253 801 1305 cst
832 1250 874 1321 (l
913 1249 1030 1304 Car.
1061 1264 1134 1316 vt,
1181 1248 1309 1319 l7);
1356 1245 1476 1301 ideo
1503 1247 1556 1300 in
1587 1260 1653 1301 eo
1691 1260 1792 1300 nu-

171 1353 352 1403 mero
385 1345 473 1414 qui
497 1349 580 1400 est
605 1349 772 1416 penes
796 1343 1018 1409 Lucam,
1049 1351 1102 1398 et
1126 1342 1239 1411 ipse
1270 1339 1513 1396 Christus
1533 1355 1564 1394 a
1586 1353 1691 1410 quo
1717 1338 1797 1394 in-

171 1440 320 1510 cipit
350 1437 708 1506 enumeratio,
742 1437 795 1491 et
821 1435 959 1492 Deus
985 1427 1050 1490 ad
1097 1437 1255 1506 quem
1297 1435 1563 1504 pervenit,
1589 1448 1793 1488 connu-

173 1535 499 1596 merantur,
527 1535 581 1586 et
611 1529 671 1585 tit
695 1543 948 1585 numerus
991 1522 1324 1598 septuaginta
1351 1533 1578 1596 septem,
1606 1539 1711 1595 quo
1732 1523 1797 1578 sl-

173 1622 490 1695 ﬁtilticatu'r
515 1621 750 1677 omnium
797 1621 1015 1691 prorsus
1040 1618 1286 1674 remissio
1325 1627 1383 1672 et
1421 1615 1644 1671 abolitio
1675 1631 1798 1687 pec-

177 1715 470 1770 catorum.
517 1711 686 1781 Quam
714 1711 873 1768 etiam
921 1701 1037 1781 ipse
1083 1710 1338 1766 Dominus
1376 1725 1470 1779 per
1499 1707 1658 1779 hujus
1696 1724 1796 1762 nu-

176 1807 336 1864 meri
385 1803 702 1877 mysterium
729 1801 1003 1859 evidenter
1050 1802 1335 1872 expressit,
1387 1799 1572 1856 dicens
1616 1800 1799 1854 remit-

179 1896 430 1955 tendum
469 1909 588 1952 esse
618 1894 876 1966 peccanti,
923 1909 1030 1948 non
1060 1893 1233 1948 solum
1265 1892 1483 1964 septies,
1514 1891 1609 1947 sed
1639 1892 1799 1946 etiam

176 1989 512 2062 septuag‘ies
537 1983 732 2059 septies
774 1984 985 2060 (Matth.
1017 2001 1164 2049 xvm,
1195 1983 1314 2056 9.2).

263 2081 366 2138 15.
392 2079 504 2136 Nec
524 2078 716 2135 frustra
735 2079 833 2133 iste
854 2084 1108 2133 humerus
1124 2075 1188 2132 ad
1209 2085 1542 2148 peccatorum
1564 2076 1800 2130 omnium

180 2174 443 2247 pertinet
480 2170 881 2227 mundationem
904 2212 918 2237 ,
948 2169 991 2224 si
1019 2167 1320 2238 diligentius
1350 2167 1664 2238 inquiratur.
1698 2167 1800 2221 Dc-

183 2265 392 2322 ttarius
437 2262 631 2334 quippe
670 2269 916 2330 tanquam
955 2259 1176 2329 iustitiae
1216 2271 1467 2312 numerus
1514 2258 1565 2310 in
1617 2257 1801 2312 decem

181 2355 496 2429 praeceptis
525 2335 678 2422 Legis
708 2349 1024 2406 ostenditur.
1055 2350 1221 2404 Porro
1250 2359 1522 2419 peccatum
1540 2358 1622 2403 est
1650 2349 1804 2419 Legis

183 2443 608 2516 transgressio;
653 2450 708 2498 et
748 2441 928 2510 utique
967 2439 1318 2510 transgressio
1357 2439 1560 2493 denarii
1599 2439 1805 2494 numeri

183 2543 569 2610 congruenter
609 2534 900 2589 undenario
929 2531 1189 2604 figuratur
1224 2550 1237 2586 :
1269 2531 1408 2586 unde
1450 2543 1503 2585 et
1541 2533 1652 2585 vela
1688 2532 1803 2585 eili-

187 2635 322 2690 cina
372 2623 633 2701 iubentur
672 2629 725 2681 in
778 2621 1120 2681 tabernaculo
1160 2623 1403 2678 undecim
1441 2623 1554 2678 fieri
1595 2627 1614 2692 (
1637 2623 1804 2678 Exod.

187 2740 354 2789 xxvr,
387 2723 423 2777 7
448 2721 506 2793 );
539 2719 659 2791 quis
691 2725 869 2774 autem
908 2715 1112 2772 dubitet
1138 2713 1202 2771 ad
1233 2715 1433 2785 peccati
1463 2715 1807 2784 signiﬁcatio-

191 2821 331 2874 nexu
365 2813 600 2870 cilicium
643 2807 954 2882 pertinere?
992 2807 1070 2864 Ac
1103 2824 1198 2880 per
1227 2807 1328 2862 hoc
1357 2808 1478 2878 quia
1507 2808 1809 2863 universum

191 2913 424 2980 tempus
460 2904 762 2976 septenario
795 2903 1005 2959 dierum
1045 2916 1270 2957 numero
1308 2900 1568 2968 volvitur,
1612 2916 1809 2956 conve-

192 3005 432 3060 nienter
467 2997 760 3055 undenario
795 2997 996 3068 septies
1032 2995 1379 3066 multiplicato
1422 2994 1488 3049 ad
1532 3012 1811 3051 numerum

194 3094 662 3167 septuagesimum
681 3099 736 3148 et
751 3091 1030 3163 septimum
1043 3099 1231 3145 cuncta
1251 3099 1460 3160 peccata
1478 3092 1809 3160 perveniunt.

196 3185 261 3244 In
292 3201 409 3258 quo
449 3199 671 3239 numero
714 3183 872 3237 etiam
906 3182 963 3236 lit
994 3184 1146 3252 plena
1176 3183 1420 3237 remissio
1451 3193 1810 3252 peccatorum,

198 3280 467 3351 EXpiante
499 3284 595 3330 nos
625 3291 786 3330 carne
817 3273 1108 3328 sacerdotis
1137 3273 1333 3340 nostri,
1359 3288 1388 3325 a
1418 3288 1522 3342 quo
1551 3289 1689 3328 nunc
1715 3276 1814 3329 istc

201 3373 477 3426 ntunertts
517 3365 702 3436 incipit
727 3383 740 3431 ;
770 3375 823 3419 et
858 3363 1234 3418 reconciliantc
1273 3379 1372 3417 nos
1403 3365 1528 3428 Deo,
1562 3365 1628 3418 ad
1657 3382 1813 3433 quem

200 3469 358 3518 nunc
401 3458 503 3512 iste
551 3469 801 3510 numerus
841 3453 1083 3524 pervenit
1119 3469 1217 3524 per
1254 3452 1508 3523 Spiritum
1550 3465 1810 3519 sanctum,

202 3553 299 3624 qui
330 3555 389 3606 in
423 3535 684 3604 columbte
710 3547 888 3615 Specie
917 3545 966 3599 in
1000 3543 1100 3601 hoc
1125 3545 1410 3615 baptismo,
1443 3546 1530 3601 ubi
1562 3562 1817 3602 numerus

205 3645 314 3700 iste
347 3649 826 3703 commemoratur,
855 3637 1096 3708 apparuit
1128 3635 1275 3708 (Luc.
1309 3652 1386 3703 ttt,
1411 3635 1526 3708 2‘2).

204 3732 452 3794 CAPUT
480 3729 542 3787 ν.
576 3761 646 3772 --—
677 3728 940 3797 Quomodo
970 3719 1200 3783 Matt/uri
1233 3727 1398 3782 ordini
1425 3740 1669 3800 congruat
1695 3729 1818 3784 ordo

283 3819 452 3882 Lucae
491 3826 541 3878 in
569 3821 646 3877 his
681 3839 794 3893 qua:
822 3821 884 3876 de
913 3831 1155 3892 conceptu
1181 3831 1227 3875 et
1256 3820 1318 3873 de
1351 3821 1567 3893 infantia
1595 3822 1670 3874 vel
1698 3838 1820 3892 pue-

284 3917 416 3972 rilia
444 3911 632 3971 Christi
661 3911 792 3968 alius
819 3911 1154 3985 prwtermittit
1173 3953 1186 3977 ,
1217 3911 1345 3964 alius
1371 3922 1744 3964 commemorat.

295 3998 389 4065 14.
454 4003 584 4062 Pest
627 4009 963 4060 enumeratos
1009 4003 1382 4074 generationes
1424 3995 1701 4056 Matthaeus
1749 4003 1820 4058 ita

214 4103 507 4174 sequitur:
541 4083 727 4154 Christi
770 4109 935 4150 autent
977 4095 1228 4166 generatio
1259 4094 1330 4148 sic
1365 4105 1493 4148 erat.
1531 4095 1658 4149 Cum
1697 4105 1822 4150 esset

215 4195 533 4268 desponsata
574 4197 730 4244 mater
769 4189 876 4258 ejus
909 4177 1075 4240 Maria
1103 4180 1318 4256 Ioseph,
1351 4195 1614 4272 antequam
1647 4203 1824 4241 conve-

218 4276 414 4348 nirent,
452 4285 651 4335 inbenta
694 4287 764 4334 est
802 4279 853 4331 in
885 4288 1022 4331 utero
1064 4275 1250 4330 habens
1289 4271 1350 4330 de
1390 4271 1590 4348 Spiritu
1626 4288 1818 4332 sancto.

216 4367 337 4433 Hoc
359 4367 810 4444 (ιιιυιιὶίῆάηιοὼιιη
838 4367 1029 4422 factum
1053 4369 1140 4433 sit,
1193 4363 1332 4438 quod
1357 4367 1440 4423 hic
1463 4369 1818 4438 praetermisit,

217 4467 402 4523 Lttcas
425 4461 669 4532 exposuit
692 4469 809 4530 post
829 4467 1301 4515 commemoratum
1323 4468 1635 4530 conceptum
1659 4460 1822 4516 Joan-

220 4561 330 4625 nis,
364 4559 438 4610 ita
479 4569 734 4609 narrans:
769 4548 831 4605 In
863 4568 1027 4607 mense
1053 4560 1219 4604 autem
1245 4561 1384 4606 sexto
1422 4553 1602 4606 missus
1629 4562 1700 4606 est
1727 4570 1822 4606 an-

219 4649 373 4727 gelus
411 4641 614 4703 Gabriel
655 4664 687 4701 a
730 4647 834 4701 Deo
877 4649 926 4699 in
972 4645 1216 4699 civitatem
1260 4644 1504 4710 Galilazw,
1536 4646 1616 4698 cui
1645 4661 1827 4700 nomen

226 4739 518 4801 Nazareth.
543 4737 608 4793 ad
634 4740 873 4810 virginetn
899 4737 1253 4805 desponsatam
1280 4736 1383 4788 viro
1413 4736 1494 4788 cui
1516 4753 1694 4789 nomen
1721 4745 1826 4791 erat

223 4835 452 4909 Joseph,
488 4827 551 4887 de
579 4832 726 4886 domo
756 4828 964 4894 David;
995 4840 1040 4882 et
1083 4844 1260 4882 nomen
1290 4828 1495 4898 virginis
1537 4826 1724 4880 Maria.
1758 4827 1828 4881 Et

225 4931 490 5000 ingressus
519 4923 728 4996 angelus
753 4919 820 4975 ad
851 4938 959 4975 eam
987 4921 1111 4974 dixit
1135 4935 1154 4972 :
1180 4919 1300 4986 Ave,
1322 4919 1485 4989 gratia
1511 4919 1696 4989 plena;
1723 4918 1828 4974 Do-

229 5022 400 5077 minus
429 5013 612 5081 lecum,
646 5003 898 5070 benedicta
930 5023 982 5067 tu
1010 5015 1062 5066 in
1091 5012 1401 5066 mulieribus.
1443 5013 1568 5077 Quae
1597 5028 1710 5065 cum
1750 5012 1826 5066 vi-

233 5107 386 5169 disset
421 5101 461 5179 ί,
492 5105 690 5164 turbata
720 5119 789 5163 est
817 5107 868 5160 in
898 5121 1122 5160 sermone
1152 5105 1280 5175 ejus,
1307 5113 1352 5157 et
1380 5105 1629 5175 rogitabat
1664 5105 1828 5174 qualis

234 5203 361 5259 esset
390 5205 490 5257 ista
521 5195 780 5255 salutatio.
812 5197 875 5251 Et
905 5197 973 5250 ait
1005 5196 1212 5265 angelus
1243 5195 1287 5248 ei
1311 5211 1328 5248 .·
1359 5193 1441 5248 Nc
1468 5195 1672 5262 timeas,
1707 5193 1829 5248 Ma-

236 5299 352 5363 ria;
382 5281 620 5352 invenisti
645 5293 775 5348 enim
801 5292 1017 5362 gratiam
1044 5289 1182 5357 apud
1208 5287 1369 5343 Deum
1393 5303 1410 5342 :
1439 5305 1550 5342 ecce
1583 5289 1830 5356 concipies

234 5391 287 5444 in
320 5401 487 5455 utero,
517 5398 564 5442 et
591 5387 754 5458 paries
784 5385 962 5454 ﬁlium,
989 5391 1033 5436 et
1060 5381 1253 5435 vocabis
1281 5397 1458 5434 nomen
1483 5382 1591 5451 ejus
1616 5379 1789 5434 Iesum
1812 5397 1830 5434 :

304 5501 319 5531 ι
348 5499 470 5549 Editi
493 5499 572 5547 hic
594 5503 646 5547 et
666 5495 808 5553 infra,
831 5493 1061 5554 audisset.
1088 5498 1142 5542 At
1158 5493 1382 5554 plerique
1403 5499 1454 5542 et
1475 5492 1690 5541 melioris
1705 5501 1832 5542 notia

239 5557 349 5609 uss.
375 5557 654 5619 constanter
677 5555 892 5619 habent,
934 5553 1125 5607 vidisset
1143 5553 1170 5616 ;’
1197 5553 1334 5617 juxta
1371 5565 1582 5617 grtccum
1623 5562 1828 5616 textum,

243 5621 356 5673 eae
375 5618 566 5672 idm.-

310 5683 383 5747 la)
420 5689 452 5731 tt
492 5688 694 5732 uetract.
721 5692 826 5743 cap.
863 5679 921 5729 t6

1497 274 1696 330 LIBER
1736 270 2110 331 SECUNDUS.

3337 283 3360 339 i
3371 283 3476 341 078

1893 407 1974 463 hic
2003 411 2093 464 erit
2127 417 2358 483 magnus,
2389 424 2433 468 et
2472 416 2608 484 ﬁlius
2652 417 2892 472 ditissimi
2933 421 3224 485 vocabitur;
3255 430 3300 474 et
3335 420 3476 478 dabit

1892 503 1968 558 illi
1995 502 2240 559 Dominus
2268 503 2404 560 Deus
2428 505 2595 561 sedem
2634 507 2797 563 David
2823 512 2979 581 patris
3007 513 3136 581 ejus,
3174 523 3218 566 et
3245 513 3475 583 regnabit

1893 596 1946 648 in
1967 597 2115 650 domo
2143 597 2300 652 Jacob
2330 600 2381 652 in
2409 610 2672 664 azternum,
2714 612 2758 654 et
2787 604 2925 672 regni
2954 605 3061 673 ejus
3091 621 3191 658 non
3218 605 3308 659 erit
3337 607 3474 674 ﬁnis.

1896 685 2036 742 Dixit
2076 700 2244 744 autem
2283 690 2452 745 Maria
2489 693 2556 745 ad
2584 693 2860 764 angelum:
2889 696 3150 760 Quomodo
3189 698 3274 766 ﬁet
3316 698 3475 762 istud,

1895 786 2127 850 quoniam
2167 785 2322 837 virum
2355 803 2461 842 non.
2483 787 2766 857 cognosco?
2795 785 2860 841 Et
2900 788 3206 858 respondens
3245 793 3474 862 angelus,

1897 875 2023 929 dixit
2064 877 2106 930 ei
2131 894 2148 930 :
2177 876 2397 948 Spiritus
2441 889 2642 934 sanctus
2681 883 2990 952 superveniet
3022 883 3075 937 in
3109 893 3176 951 te,
3213 893 3260 938 et
3313 884 3480 938 Virtus

1896 965 2144 1021 Altissimi
2193 965 2498 1023 obumbrabit
2544 972 2680 1036 tibi;
2732 974 2938 1045 ideoque
2981 983 3027 1028 et
3069 975 3203 1044 quod
3250 987 3484 1031 nascetur

1896 1070 2123 1114 sanctum
2153 1061 2192 1126 ¹,
2221 1063 2472 1117 vocabitur
2503 1062 2667 1118 Filius
2695 1059 2793 1118 Dei
2818 1081 2834 1119 :
2861 1075 2914 1121 et
2945 1075 3156 1132 cartera,
3183 1084 3300 1139 qua:
3326 1069 3393 1124 ad
3430 1069 3483 1124 id

1898 1151 2037 1221 quod
2073 1169 2209 1206 nunc
2234 1154 2404 1223 agitur
2441 1171 2545 1209 non
2575 1157 2857 1226 pertinent.
2895 1158 3002 1213 Iloc
3039 1174 3168 1230 ergo
3204 1147 3483 1221 Mattltazus

1897 1249 2332 1302 commemoravit
2357 1248 2538 1302 dicens
2582 1249 2646 1303 de
2684 1249 2862 1313 Maria,
2889 1235 3100 1305 Inventa
3137 1261 3209 1305 est
3247 1253 3301 1306 in
3343 1261 3482 1308 utero

1901 1339 2086 1394 habens
2130 1342 2190 1393 de
2237 1341 2434 1410 Spiritu
2479 1353 2701 1396 sancto:
2735 1359 2832 1397 nec
2871 1346 3192 1398 contrarium
3236 1353 3319 1399 est
3361 1345 3484 1416 quia

1901 1429 2070 1486 Lucas
2110 1434 2351 1501 exposait
2392 1434 2440 1486 id
2481 1434 2618 1503 quod
2649 1434 2922 1488 Matthieus
2953 1436 3285 1504 praetermisit
3313 1453 3327 1502 ;
3360 1451 3485 1492 cum

1901 1523 1968 1578 de
1991 1524 2186 1593 Spiritu
2215 1534 2396 1578 sancto
2419 1524 2633 1578 Mariam
2658 1527 2964 1594 concepisse
2989 1535 3207 1598 uterque
3228 1535 3483 1582 testetur:

1903 1617 2037 1670 sicut
2057 1633 2160 1670 non
2184 1626 2264 1671 est
2287 1615 2608 1670 contrarium
2633 1618 2754 1687 quia
2788 1617 3064 1672 Matthaeus
3083 1618 3335 1690 deinceps
3352 1634 3486 1675 con-‘-

1902 1711 2067 1763 tteetit
2113 1710 2252 1779 quod
2304 1710 2471 1763 Lucas
2518 1710 2890 1778 praetermittit.
2937 1710 3188 1779 Sequitur
3229 1711 3394 1778 enim,
3433 1720 3490 1766 et

1903 1801 2031 1856 dicit
2051 1802 2327 1856 Matthzeus
2353 1821 2364 1855 :
2393 1802 2586 1873 Ioseph
2606 1814 2774 1856 autem
2793 1803 2867 1856 vir
2888 1804 2997 1872 ejus
3020 1820 3134 1856 cum
3155 1814 3280 1858 esset
3289 1805 3484 1874 justus,

1904 1904 1948 1946 et
1986 1894 2140 1946 nollet
2175 1911 2285 1946 eam
2325 1893 2607 1956 traducere,
2652 1894 2804 1947 voluit
2842 1895 3034 1948 occulte
3069 1895 3319 1948 dimittere
3351 1911 3482 1952 eam.

1910 1984 2031 2038 Ilaec
2059 1995 2221 2038 autem
2250 2003 2304 2038 eo
2331 1987 2595 2054 cogitante,
2623 2002 2732 2040 ecce
2755 1986 2965 2056 angelus
2995 1985 3199 2040 Domini
3223 1988 3274 2042 in
3299 1990 3489 2044 somnii

1906 2082 2141 2150 apparuit
2169 2080 2231 2141 ei,
2267 2081 2435 2133 dicens
2458 2096 2476 2132 :
2502 2078 2714 2148 Joseph,
2749 2081 2827 2148 ﬁli
2851 2079 3036 2147 David,
3068 2080 3170 2136 noli
3201 2082 3374 2136 timere
3388 2093 3488 2138 ac:

1907 2174 2071 2242 cipcre
2093 2172 2312 2226 Mariam
2346 2173 2608 2243 conjugem
2642 2182 2777 2226 tuam
2800 2191 2816 2238 ;
2836 2175 2971 2242 quod
3000 2174 3129 2227 enim
3156 2175 3206 2227 in
3231 2189 3290 2228 ea
3313 2183 3492 2230 natum

1908 2275 2000 2329 est,
2023 2265 2084 2318 de
2106 2265 2302 2333 Spiritu
2328 2274 2497 2318 sancto
2515 2275 2605 2319 est.
2637 2263 2806 2319 Pariet
2828 2274 2992 2318 autem
3017 2266 3199 2333 ﬁlium,
3223 2274 3268 2318 et
3296 2265 3494 2327 vocabis

1909 2375 2087 2411 nomen
2118 2359 2226 2427 ejus
2268 2357 2486 2411 Jesum:
2516 2359 2622 2424 ipse
2661 2357 2792 2410 enim
2830 2357 3026 2410 salvum
3059 2357 3208 2423 faciet
3250 2357 3494 2426 populum

1910 2466 2054 2501 suum
2081 2466 2110 2500 a
2137 2449 2348 2514 peccatis
2373 2465 2564 2500 eorum.
2591 2447 2703 2500 Hoc
2729 2457 2894 2501 autem
2919 2457 3077 2501 totum
3107 2447 3296 2516 factum
3319 2456 3414 2510 est,
3437 2455 3494 2501 ut

1909 2541 2201 2611 impleretur
2235 2541 2368 2610 quod
2415 2541 2600 2593 dictum
2644 2550 2715 2594 est
2757 2558 2787 2594 a
2828 2540 3044 2594 Domino
3079 2557 3167 2610 per
3196 2541 3496 2612 prophetam

1913 2634 2180 2697 dicentem,
2216 2630 2345 2684 Ecce
2372 2631 2509 2702 virgo
2539 2633 2588 2684 in
2620 2642 2761 2685 utero
2791 2632 3006 2698 habebit,-
3035 2641 3083 2686 et
3109 2634 3270 2703 pariet
3305 2633 3495 2702 ﬁlium,

1914 2733 1957 2776 ct
1975 2723 2228 2775 vocabitur
2257 2726 2276 2754 ²
2308 2740 2486 2776 nomen
2512 2724 2622 2792 ejus
2649 2723 2964 2788 Emmanuel,
2990 2725 3122 2793 quod
3148 2734 3221 2780 est
3243 2727 3494 2797 interpre-

1915 2825 2094 2881 tatum,
2149 2813 2424 2868 Nobiscum
2476 2813 2635 2868 Deus.
2686 2815 2976 2886 Exsurgens
3018 2825 3184 2869 autem
3225 2814 3418 2885 Ioseph
3466 2823 3501 2870 tt

1914 2921 2110 2968 somno,
2140 2906 2253 2974 fecit
2287 2906 2413 2957 sicut
2447 2905 2681 2974 pra’cepit
2710 2905 2753 2957 ei
2780 2906 2988 2974 angelus
3015 2905 3254 2965 Domini;
3281 2917 3327 2959 et
3353 2922 3498 2960 acce-

1916 2998 1988 3067 pit
2016 2999 2278 3068 conjugetn
2306 3014 2447 3050 suam
2475 3015 2486 3048 :
2517 3008 2560 3050 et
2591 3013 2690 3050 non
2714 2997 3038 3067 cognoscebat
3065 3013 3194 3063 eam,
3221 2999 3378 3052 donec
3408 3014 3500 3069 pe-

1917 3090 2040 3160 perit
2072 3087 2234 3156 ﬁlium
2263 3104 2411 3141 suum
2441 3088 2866 3158 primogenitum;
2892 3097 2938 3140 et
2967 3090 3156 3142 vocavit
3186 3103 3361 3142 nomen
3392 3089 3503 3158 ejus

1916 3181 2111 3234 Jesum.
2146 3180 2268 3234 Cum
2295 3197 2411 3250 ergo
2430 3190 2575 3234 natus
2603 3189 2728 3234 esset
2753 3179 2785 3233 J
2793 3197 2906 3235 esus
2927 3182 2978 3234 in
2995 3179 3249 3236 Bethleem
3274 3182 3426 3237 ludar
3448 3183 3504 3236 in

1919 3273 2089 3326 diebus
2117 3272 2337 3326 Herodis
2362 3273 2514 3342 regis,
2539 3281 2592 3326 et
2621 3283 2834 3327 caetera.

1993 3366 2077 3418 15.
2123 3365 2197 3418 De
2221 3365 2432 3418 civitate
2460 3364 2734 3419 Bethleem
2765 3364 3042 3419 Matthmus
3074 3366 3345 3436 Lucasque
3371 3382 3506 3424 con-

1920 3456 2186 3510 sentiunt:
2217 3457 2309 3510 sed
2335 3455 2602 3524 quomodo
2629 3466 2681 3511 et
2708 3471 2812 3524 qua
2837 3470 2994 3510 causa
3019 3456 3087 3511 ad
3117 3465 3234 3512 eam
3265 3459 3509 3515 venerint

1921 3550 2119 3618 Joseph
2159 3559 2212 3603 et
2254 3549 2449 3614 Maria,
2490 3550 2659 3603 Lucas
2692 3549 2939 3618 exponit,
2967 3548 3246 3604 Mattheus
3289 3555 3510 3620 prater-

1921 3642 2098 3694 mittit.
2131 3641 2345 3705 Contra,
2378 3641 2444 3694 de
2488 3640 2652 3708 Magis
2689 3639 2756 3694 ab
2798 3639 3014 3694 Oriente
3041 3641 3376 3697 venientibus
3404 3643 3510 3698 Lu-

1922 3747 2012 3784 cas
2049 3739 2207 3790 tacet.
2242 3731 2518 3784 Matth-mus
2547 3730 2709 3796 dicit,
2743 3731 2811 3783 ita
2842 3739 3172 3786 contexens:
3209 3731 3339 3787 Ecce
3367 3733 3511 3805 Magi

1923 3824 1984 3876 ab
2018 3822 2218 3875 Oriente
2246 3831 2478 3875 venerunt
2501 3822 2892 3892 Jerosolgmam,
2917 3823 3132 3877 dicentes
3155 3839 3174 3878 .'
3204 3823 3300 3879 Ubi
3325 3833 3396 3878 est
3424 3825 3514 3896 qui

1924 3925 2070 3969 natus
2099 3925 2167 3968 est
2211 3931 2301 3968 rex
2327 3913 2665 3969 JtttltL’Ot'ttttt?
2691 3915 2904 3968 vidimus
2931 3915 3064 3968 enim
3096 3916 3291 3970 stellam
3325 3917 3434 3988 ejus
3455 3918 3512 3971 in

1929 4005 2150 4071 Oriente,
2181 4015 2224 4059 et
2251 4005 2471 4058 veninms
2497 4005 2711 4059 adorare
2733 4021 2865 4058 eum.
2902 4005 3126 4059 Audiam
3151 4015 3320 4061 autem
3345 4005 3512 4063 Hero-

1926 4101 2010 4154 des
2040 4117 2129 4154 rea:
2159 4101 2385 4153 turbatus
2408 4109 2510 4162 est;
2537 4109 2590 4154 et
2615 4110 2830 4166 caetera,
2858 4115 3026 4170 usque
3065 4099 3130 4155 ad
3155 4115 3277 4155 eum
3308 4099 3508 4167 locum,

1925 4193 2013 4246 ubi
2041 4193 2294 4262 scriptum
2321 4202 2400 4246 est
2426 4191 2491 4246 de
2522 4192 2652 4261 ipsis
2681 4192 2844 4261 Magis
2867 4192 3009 4261 quod
3033 4207 3273 4262 responso
3306 4205 3508 4265 accepto

1924 4284 1978 4337 in
2007 4285 2214 4346 somnis,
2248 4300 2309 4336 ne
2333 4284 2551 4336 redirent
2579 4284 2646 4335 ad
2682 4281 2957 4346 Herodem,
2985 4299 3075 4354 per
3099 4283 3255 4338 aliam
3279 4286 3411 4338 viam
3433 4299 3515 4341 res

1926 4378 2053 4431 versi
2078 4386 2193 4430 sunt
2223 4377 2274 4428 in
2303 4376 2554 4446 regionem
2581 4392 2743 4430 suam.
2769 4375 2881 4430 Hoc
2907 4385 3073 4431 totum
3097 4377 3267 4433 Lucas
3291 4387 3516 4450 praetera

1927 4471 2108 4536 mittit,
2137 4469 2275 4525 sicut
2313 4468 2589 4524 Matthazus
2617 4484 2723 4523 non
2766 4471 2998 4524 narravit
3025 4471 3164 4541 quod
3191 4471 3363 4529 Lucas
3392 4483 3517 4529 uar-

1928 4575 2032 4631 rat,
2058 4566 2107 4618 iu
2132 4565 2351 4633 praesepi
2376 4564 2602 4632 positum
2626 4563 2943 4630 Dominum;
2970 4574 3024 4620 et
3046 4565 3187 4636 quod
3213 4567 3517 4636 pastoribus

1929 4673 2050 4713 eum
2097 4666 2275 4710 natum
2318 4655 2537 4725 angelus
2567 4657 2926 4723 nuntiaverit;
2955 4668 3010 4712 et
3048 4658 3190 4728 quod
3233 4659 3516 4716 multitudo

1931 4749 2134 4802 militiae
2177 4747 2412 4802 caelestis
2462 4747 2596 4801 facta
2640 4757 2722 4802 est
2772 4761 2890 4803 cum
2939 4749 3130 4821 angelo
3186 4751 3516 4808 laudantium

1932 4843 2096 4897 Deum
2123 4858 2136 4905 ;
2165 4851 2218 4896 et
2242 4841 2383 4911 quod
2408 4849 2667 4896 venerunt
2697 4851 2955 4911 pastores,
2981 4852 3034 4897 et
3059 4843 3303 4900 viderunt
3329 4849 3517 4901 verum

1931 4932 2219 5000 essequod
2256 4932 2335 4985 eis
2365 4932 2581 5001 augt-lus
2614 4933 2982 4999 nuntiaverat;
3017 4941 3070 4988 et
3098 4934 3238 5004 quod
3277 4933 3366 4989 die
3406 4935 3518 4990 Cir-

1931 5026 2274 5082 eumeisionis
2316 5042 2427 5080 sure
2469 5041 2661 5081 nomen
2706 5028 3008 5096 noeeperit;
3039 5037 3089 5081 et
3118 5039 3238 5098 qua:
3268 5036 3386 5098 post
3414 5029 3520 5084 ims

1933 5120 2103 5190 pletos
2144 5119 2258 5174 dies
2310 5120 2638 5188 purgationis
2686 5119 2859 5173 Maria;
2903 5119 3041 5172 idem
3089 5119 3258 5175 Lucas
3300 5117 3516 5188 narrat,

1933 5211 2072 5282 quod
2100 5211 2375 5266 attulerint
2402 5227 2524 5264 eum
2554 5211 2617 5263 ad
2644 5211 2961 5276 Jerusalem,
2985 5219 3036 5265 et
3060 5210 3130 5266 de
3154 5210 3406 5268 Bimetme
3432 5208 3521 5268 vel

1997 5371 2014 5400 ι
2041 5373 2090 5414 tn
2116 5365 2259 5414 editis
2278 5399 2291 5423 ,
2315 5377 2378 5414 ex
2411 5369 2454 5426 te
2483 5370 2716 5426 sanctum.
2743 5365 2914 5424 Abest,
2937 5378 3003 5416 ea:
3035 5372 3112 5426 te,
3145 5379 3175 5418 a
3205 5367 3363 5418 tribus
3387 5375 3526 5426 vain;

1935 5431 2068 5481 canis
2090 5433 2195 5476 Mss.
2225 5429 2276 5475 et
2299 5439 2325 5474 a
2347 5423 2598 5476 Gallicanis
2622 5425 2772 5489 pleris
2791 5441 2887 5490 pte,
2917 5442 3008 5478 nec
3031 5430 3077 5477 iu
3097 5423 3263 5492 graeco
3283 5436 3423 5480 textu
3462 5425 3522 5482 hi

1933 5493 2178 5618 mili-idin,
2203 5548 2460 5618 vocabitur.
2471 5558 2539 5618 _At_
2554 5559 2677 5611 Mss,
2700 5549 2928 5618 vocabunt
2943 5564 2960 5601 :
2973 5560 3185 5618 excepto
3199 5553 3526 5618 Audacem.

1936 5614 2018 5680 qui
2038 5607 2203 5680 habet,
2223 5609 2424 5680 vocabis.
2442 5614 2514 5680 sic
2527 5613 2576 5662 iu
2599 5607 2773 5676 grtes-is
2791 5607 3153 5677 exetuplaribus
3167 5618 3299 5668 varie
3322 5607 3526 5680 legitur;

1939 5670 2205 5727 halesousin
2233 5681 2285 5722 et
2309 5670 2526 5725 kaleseis.
