3878 6380
409 276 546 334 10⁸19

404 394 578 456 Anna,
620 404 735 461 quae
772 388 1005 444 dixerint
1041 385 1109 442 de
1147 384 1240 440 illo
1280 384 1333 439 in
1374 383 1986 454 templo,'posteaquam

404 492 765 554 cognoverunt
800 496 923 537 eum
953 479 1156 550 impleti
1180 477 1380 549 Spiritu
1418 485 1640 532 sancto:
1672 476 1847 532 omnia
1874 474 1988 531 haec

404 582 543 631 tacet
564 574 861 629 Matthaeus.

475 665 563 721 i6.
606 663 757 721 Unde
783 664 973 717 merito
1000 659 1259 732 quaeritur
1295 657 1508 729 quando
1535 657 1670 713 facta
1698 658 1840 724 sint,
1870 658 2016 718 sive.

400 771 521 828 qua:
548 754 824 813 Matthznus
853 750 1208 823 praetermittit
1248 756 1302 804 et
1345 750 1515 804 Lucas
1543 747 1700 814 dicit,
1728 748 1840 803 sive
1868 763 1987 818 quae

400 846 573 902 Lucas
596 843 954 916 prmtermittit
990 850 1045 897 et
1070 838 1349 896 Mattbaaus
1371 838 1517 894 dicit.
1547 838 1986 909 Quandoquidem

399 938 698 1004 Mattbreus,
726 936 987 1009 regressis
1013 936 1067 991 in
1096 935 1368 1006 regionem
1405 948 1557 989 suam
1595 932 1757 1004 Magis
1781 934 1871 1004 qui
1897 949 1986 989 ve-

399 1040 595 1090 nerant
617 1032 685 1088 ab
709 1030 925 1087 Oriente
948 1072 961 1095 ,
991 1029 1230 1100 sequitur
1253 1036 1307 1083 et
1331 1037 1543 1095 narrat,
1574 1027 1773 1099 Joseph
1799 1028 1865 1083 ab
1889 1043 1984 1082 an-

399 1125 521 1198 gelo
544 1125 871 1180 admonitum
901 1132 958 1177 ut
986 1136 1106 1177 cum
1127 1119 1326 1175 infante
1354 1119 1408 1174 in
1443 1117 1726 1190 Egyptum
1758 1119 1982 1190 fugeret,

398 1231 471 1272 ne
511 1216 578 1271 ab
618 1214 826 1269 Herode
860 1221 1180 1275 necaretur;
1217 1208 1408 1265 deinde
1449 1208 1715 1264 Herodem
1751 1206 1841 1263 illo
1880 1223 1987 1263 non

399 1309 637 1372 invento,
658 1322 688 1361 a
718 1306 918 1362 bimatu
945 1314 1000 1360 et
1026 1303 1160 1358 infra
1188 1317 1383 1373 pueros
1407 1300 1665 1357 occidisse
1693 1320 1704 1353 :
1734 1301 1987 1356 defuncto

397 1409 577 1455 autem
616 1397 826 1453 Herode
870 1396 1090 1452 rediisse
1132 1395 1201 1448 ab
1244 1392 1494 1464 Egypto,
1526 1400 1578 1447 et
1620 1391 1801 1447 audito
1845 1391 1987 1462 quod

397 1490 690 1548 Archelaus
719 1490 774 1543 in
812 1487 991 1543 Iudaea
1022 1494 1268 1557 regnaret
1310 1499 1406 1555 pro
1449 1483 1658 1539 Herode
1685 1492 1837 1553 patre
1865 1497 1983 1550 suo,

398 1579 673 1636 habitasse
710 1593 829 1632 cum
875 1591 1041 1642 puero
1073 1576 1123 1630 in
1164 1574 1398 1631 Galilaea:
1439 1574 1655 1629 civitate
1684 1572 1982 1631 Nazareth:

393 1664 513 1721 qua:
541 1648 720 1703 omnia
763 1648 934 1704 Lucas
963 1657 1119 1703 tacet.
1165 1647 1273 1703 Nec
1312 1649 1432 1703 ideo
1457 1658 1782 1702 contrarium
1812 1649 1985 1702 videri

391 1747 590 1811 potest,
633 1738 775 1810 quod
821 1738 906 1793 vel
938 1738 1025 1794 hic
1063 1738 1193 1794 dicit
1221 1754 1341 1808 qua:
1370 1739 1459 1794 ille
1488 1739 1875 1809 praetermittit,
1906 1741 1988 1794 vel

393 1831 487 1889 ille
514 1838 900 1886 commemorat
930 1845 1049 1901 quae
1078 1830 1179 1886 iste
1233 1845 1338 1885 non
1383 1829 1529 1885 dicit.
1578 1830 1685 1885 Sed
1734 1831 1988 1901 quaeritur

396 1921 613 1994 quando
642 1921 758 1977 ﬁeri
788 1921 1058 1992 potuerint
1080 1937 1198 1992 quae
1223 1922 1458 1976 contexit
1476 1920 1754 1976 Matthaeus
1772 1922 1839 1977 de
1866 1936 1989 1992 pro-

393 2012 626 2069 {oetione
662 2012 715 2066 in
760 2011 1048 2083 Egyptum
1098 2022 1258 2082 atque
1306 2010 1431 2067 inde
1482 2013 1817 2083 regressione
1868 2020 1989 2083 post

393 2104 621 2162 Herodis
643 2112 867 2160 mortem
888 2144 904 2171 ,
936 2113 996 2159 ut
1015 2104 1126 2174 jam
1154 2105 1206 2159 in
1244 2105 1458 2160 civitate
1482 2104 1745 2160 Nazaretb
1783 2105 1989 2160 habita-

394 2204 532 2263 rent,
559 2210 665 2267 quo
693 2210 787 2252 eos
806 2194 977 2252 Lucas
996 2237 1010 2262 ,
1042 2205 1383 2267 posteaquam
1413 2195 1753 2267 perfecerunt
1775 2198 1827 2253 in
1856 2207 1988 2253 tem-

394 2291 486 2362 plo
521 2291 663 2347 circa
690 2306 913 2361 puerum
943 2291 1121 2345 omnia
1171 2290 1464 2347 secundum
1513 2291 1709 2364 Legem
1740 2293 1984 2359 Domini,

395 2398 642 2457 reversos
675 2398 793 2439 esse
833 2392 1236 2439 commemorat.
1269 2384 1366 2438 Hic
1410 2385 1632 2454 proinde
1656 2400 1985 2455 cognoscen-

398 2476 525 2532 dum
553 2482 637 2532 est
664 2474 805 2545 quod
833 2475 1086 2545 deinceps
1111 2475 1178 2530 ad
1218 2484 1408 2532 caetera
1434 2476 1556 2531 talia
1584 2477 1787 2545 valeat,
1818 2494 1887 2533 ne
1913 2480 1988 2533 si-

396 2568 594 2624 militer
636 2576 883 2623 moveant
923 2568 1263 2639 animumque
1308 2569 1662 2637 conturbent,
1694 2571 1773 2625 sic
1800 2586 1989 2625 unum-

398 2673 664 2729 quemque
690 2659 1082 2729 Evangelistam
1107 2669 1393 2715 contexere
1422 2661 1781 2717 uenationem
1811 2677 1982 2730 suam,

398 2758 456 2805 ut
485 2759 732 2821 tanquam
764 2749 896 2805 nihil
926 2751 1377 2820 praetenuittentis
1398 2753 1564 2808 series
1589 2751 1793 2824 digesta
1817 2754 1988 2810 videa-

396 2844 720 2899 tur:tacitis
760 2844 901 2899 enim
952 2858 1070 2914 quae
1116 2858 1221 2899 non
1265 2843 1375 2898 vult
1419 2844 1624 2910 dicere,
1658 2844 1734 2900 sic
1771 2860 1833 2900 ea
1869 2861 1987 2916 qum

396 2933 723 3001 vultdicere,
744 2934 849 2989 illis
867 2949 986 3004 qua:
1007 2933 1217 2990 dicebat
1236 2934 1496 3006 adjungit,
1519 2944 1577 2991 ut
1593 2936 1708 3006 ipsa
1736 2937 1988 2993 continuo

394 3026 547 3096 sequi
568 3024 880 3080 videantur:
908 3024 1003 3080 sed
1031 3039 1152 3080 cum
1178 3025 1312 3080 alter
1337 3039 1399 3080 ea
1434 3025 1562 3080 dicit
1591 3042 1710 3097 qua:
1737 3026 1874 3082 alter
1904 3035 1987 3081 ta-

396 3116 528 3183 cuit,
556 3114 839 3183 diligenter
865 3113 998 3169 ordo
1029 3114 1397 3170 consideratus
1440 3114 1639 3170 iudicat
1677 3117 1852 3172 locum
1898 3119 1987 3173 ubi

395 3220 461 3262 ea
488 3203 737 3275 potuerit,
768 3219 800 3257 a
829 3219 935 3275 quo
962 3205 1321 3274 praetermissa
1346 3214 1503 3273 sunt,
1535 3206 1817 3273 transilire,
1849 3218 1987 3267 utea

395 3309 516 3366 quae
542 3293 723 3349 dicere
748 3293 1046 3350 intenderat
1064 3295 1137 3350 ita
1156 3295 1519 3365 superioribus
1544 3299 1834 3367 copularet.
1866 3307 1984 3355 tan-

395 3400 555 3456 quam
585 3385 697 3455 ipsa
720 3385 878 3441 nullis
908 3386 1233 3457 interpositis
1261 3396 1629 3458 sequerentur.
1653 3390 1729 3445 Ac
1759 3406 1854 3461 per
1886 3391 1988 3449 hoc

395 3475 708 3548 intelligitur
727 3475 1022 3544 Matthzeus,
1048 3475 1139 3533 ubi
1161 3476 1235 3532 ait
1260 3479 1469 3534 somnio
1489 3478 1789 3536 admonitos
1809 3481 1987 3554 Magos

394 3584 467 3625 ne
494 3570 735 3626 redirent
762 3569 831 3625 ad
858 3569 1145 3638 Herodem,
1173 3578 1229 3626 et
1246 3586 1343 3642 per
1365 3570 1522 3627 aliam
1552 3573 1690 3627 viam
1716 3589 1987 3645 regressos

391 3661 449 3716 in
500 3660 770 3731 regionem
815 3675 1004 3729 suam;
1055 3661 1165 3719 illic
1211 3664 1619 3733 prmtcrmisisse
1657 3682 1775 3738 qua:
1813 3667 1986 3723 Lucas

393 3753 629 3807 narravit
664 3761 812 3823 gesta
851 3753 991 3809 circa
1020 3753 1301 3811 Dominum
1345 3756 1397 3809 in
1444 3756 1671 3826 templo,
1705 3766 1758 3812 et
1785 3758 1923 3813 dicta
1950 3775 1978 3812 a

392 3845 646 3903 Simeone
685 3858 738 3902 et
784 3848 936 3904 Anna
961 3863 974 3900 :
998 3846 1088 3901 ubi
1128 3862 1311 3903 rursus
1354 3848 1525 3903 Lucas
1572 3852 1984 3918 praetermittens

392 3937 777 4009 profectionem
819 3939 871 3992 in
896 3937 1181 4009 Egyptum
1203 3979 1217 4003 ,
1245 3954 1401 4008 quam
1448 3949 1627 3994 narrat
1665 3941 1942 3997 Matthaaus
1967 3984 1982 4009 ,

392 4037 648 4097 tanquam
687 4027 993 4082 continuam
1038 4029 1311 4083 contexuit
1347 4031 1732 4100 regressionem
1759 4033 1823 4087 ad
1852 4034 1984 4088 ciri-

393 4128 557 4176 tatem
587 4120 869 4177 Nazareth.

466 4216 554 4271 i7.
577 4213 634 4272 Si
659 4212 779 4284 quis
800 4221 980 4269 autem
999 4213 1126 4269 velit
1145 4227 1302 4268 unam
1330 4215 1689 4270 narrationem
1715 4232 1779 4271 ex
1801 4219 1980 4273 omni-

397 4308 520 4375 bus,
545 4321 664 4376 quae
690 4303 756 4360 de
777 4304 975 4359 Christi
1000 4305 1273 4360 nativitate
1307 4315 1361 4361 et
1398 4304 1619 4361 infantia
1648 4308 1728 4363 vel
1761 4310 1984 4379 pueritia

396 4400 457 4456 in
493 4399 770 4469 utriusque
794 4398 1100 4453 narratione
1123 4398 1192 4453 ab
1217 4398 1472 4453 alterutro
1498 4413 1588 4454 seu
1615 4399 1863 4455 dicuntur
1890 4415 1986 4457 seu

391 4490 889 4563 prmtermittuutur,
931 4489 1177 4545 ordinare
1222 4488 1302 4545 sic
1344 4498 1559 4561 potest:
1593 4490 1781 4547 Christi
1822 4502 1987 4546 autem

391 4585 646 4657 generatio
671 4585 743 4638 sic
768 4592 874 4637 erat
900 4582 1111 4656 (Matth.
1137 4598 1184 4652 ι,
1207 4583 1319 4655 18).
1339 4583 1460 4639 Fuit
1486 4585 1539 4639 in
1565 4585 1737 4641 diebus
1769 4584 1985 4642 Herodis

391 4675 526 4746 regis
562 4675 762 4729 Judtece
803 4675 1037 4729 sacerdos
1079 4676 1287 4746 quidam
1329 4678 1531 4731 nomine
1574 4677 1881 4749 Zacharias,
1924 4680 1987 4734 de

392 4769 501 4823 vice
524 4767 652 4822 Abia
670 4784 689 4822 :
713 4776 759 4821 et
784 4783 914 4821 uxor
936 4767 1013 4821 illi
1043 4768 1105 4822 de
1127 4769 1329 4837 ﬁliabus
1359 4770 1556 4839 Aaron,
1584 4779 1631 4825 et
1660 4788 1837 4826 nomen
1877 4775 1987 4844 ejus

393 4856 677 4914 Elisabetli.
712 4855 874 4911 Erant
920 4866 1086 4911 autem
1121 4860 1250 4930 justi
1296 4859 1440 4914 ambo
1482 4870 1598 4916 ante
1625 4861 1817 4928 Deum,
1848 4865 1985 4917 ince-

395 4950 568 5005 dentes
608 4950 663 5004 in
704 4947 932 5003 omnibus
976 4949 1225 5003 mandatis
1254 4959 1300 5003 et
1313 4951 1759 5022 jastiﬁcationibus
1787 4952 1987 5008 Domini

394 5045 504 5100 sine
529 5043 750 5115 querela.
775 5041 842 5097 Et
868 5058 969 5096 non
997 5051 1103 5095 erat
1130 5041 1234 5095 illis
1256 5042 1423 5110 ﬁlius,
1453 5059 1510 5097 eo
1547 5044 1682 5113 quod
1724 5055 1847 5099 esset
1878 5045 1988 5100 Eli-

393 5136 570 5194 sabeth
611 5134 832 5201 sterilis,
872 5143 919 5188 et
963 5133 1109 5187 ambo
1153 5133 1507 5203 processissent
1550 5135 1603 5188 in
1647 5136 1816 5190 diebus
1860 5138 1983 5191 suis.

398 5227 617 5285 Factum
642 5236 714 5283 est
739 5236 905 5281 autem
931 5243 1047 5281 cum
1074 5226 1351 5281 sacerdotio
1391 5229 1684 5298 fungeretur
1724 5228 1775 5281 in
1814 5228 1988 5282 ordine

398 5320 519 5376 vicis
560 5333 668 5374 sate
719 5327 836 5372 ante
888 5316 1086 5384 Deum,
1136 5315 1409 5371 secundum
1452 5319 1876 5373 consuetudinem
1906 5336 1988 5373 sa-

395 5412 636 5478 cerdotii,
667 5419 802 5465 sorte
845 5409 963 5465 exiit
1005 5417 1059 5463 ut
1100 5410 1357 5465 incensum
1401 5420 1606 5481 poneret
1644 5413 1898 5483 ingressus
1935 5413 1988 5465 in

396 5503 639 5573 templum
663 5500 870 5555 Domini
892 5516 910 5555 :
930 5509 976 5555 et
1004 5501 1167 5555 omnis
1189 5501 1456 5555 multitudo
1484 5504 1659 5573 populi
1692 5513 1800 5557 erat
1838 5519 1989 5558 orans

398 5592 527 5663 foris
554 5593 681 5647 hora
701 5591 910 5645 incensi.
946 5591 1200 5664 Apparuit
1224 5601 1388 5647 autem
1413 5592 1488 5646 illi
1514 5594 1722 5666 angelus
1740 5592 1983 5662 Domini,

401 5691 540 5737 stam
571 5700 604 5738 a
641 5681 831 5737 dextris
868 5683 1044 5737 altaris
1074 5683 1263 5738 incensi
1295 5699 1314 5737 .°
1355 5693 1401 5737 et
1442 5682 1719 5739 Zacharias
1759 5684 1988 5744 turbatus

1162 269 1252 326 DE
1289 266 1640 325 CONSENSU
1686 265 2323 335 EVANGELISTARUM,
2365 268 2419 324 S.
2463 268 2822 326 AUGUSTI-Nl

2094 394 2164 438 est
2190 385 2377 453 videns,
2405 396 2451 440 et
2475 386 2623 440 timor
2641 386 2789 440 irruit
2810 403 2960 455 super
2980 403 3110 444 eum.
3128 388 3229 444 Ait
3253 392 3452 445 autern
3475 383 3553 441 ad
3575 387 3703 444 illum

2092 476 2299 544 angelus
2343 490 2362 529 :
2400 474 2481 530 Ne
2519 477 2713 544 timeas,
2742 474 3010 543 Zacharia,
3037 478 3300 547 quoniam
3353 474 3610 537 audita
3645 489 3706 531 est

2094 567 2373 637 deprecatio
2398 576 2503 633 tua,
2540 580 2585 622 et
2613 584 2744 622 uxor
2773 577 2861 622 tua
2885 566 3139 623 Elisabetlt
3166 567 3363 640 pariet
3402 566 3504 620 tibi
3532 565 3703 636 ﬁlium,

2095 670 2140 713 et
2178 660 2373 713 vocabis
2398 675 2579 715 nomen
2616 662 2725 731 ejus
2759 659 3054 715 Joannem:
3084 670 3129 715 et
3159 661 3278 714 erit
3314 658 3583 730 gaudium
3603 659 3699 726 tibi,

2091 761 2140 806 et
2177 754 2461 819 exsultatio,
2484 762 2531 807 et
2557 753 2700 807 multi
2724 754 2777 807 in
2802 753 3054 807 nativitate
3091 754 3207 824 ejus
3233 750 3556 823 gaudebunt
3586 767 3604 804 :
3623 751 3703 805 erit

2093 845 2223 899 enim
2260 861 2470 916 magnus
2497 862 2664 900 coram
2694 844 2911 900 Domino
2943 862 2962 901 :
2987 855 3035 900 ct
3059 846 3245 899 vinum
3274 853 3335 898 et
3365 845 3593 899 siceram
3618 861 3705 898 non

2096 936 2256 1000 bibet;
2282 944 2327 990 et
2358 936 2553 1007 Spiritu
2594 945 2766 991 sancto
2798 937 3069 1005 replebitur
3103 935 3295 990 adhuc
3330 951 3405 989 ea:
3433 944 3583 990 utero
3600 952 3701 989 nta-

2095 1029 2184 1083 tris
2221 1044 2324 1083 sua:
2348 1045 2367 1082 :
2393 1039 2438 1082 et
2465 1028 2646 1083 multos
2682 1030 2903 1099 ﬁliorum
2936 1028 3102 1084 Israel
3127 1036 3412 1084 convertet
3443 1028 3515 1081 ad
3542 1027 3707 1082 Domi-

2094 1134 2215 1172 num
2252 1116 2416 1172 Deum
2443 1120 2668 1190 ipsorum
2697 1136 2715 1173 :
2751 1130 2797 1175 et
2836 1121 2943 1191 ipse
2988 1120 3247 1191 prtecedet
3303 1129 3436 1175 ante
3473 1119 3620 1174 illum
3658 1122 3702 1175 in

2092 1212 2273 1280 spiritu
2302 1221 2348 1265 et
2395 1212 2573 1266 virtute
2610 1211 2760 1278 Elite,
2792 1221 2846 1267 ut
2884 1221 3135 1268 convertat
3174 1211 3360 1267 corda
3413 1221 3619 1281 patrum
3656 1213 3702 1265 in

2095 1302 2249 1371 ﬁlios,
2278 1312 2325 1355 et
2366 1302 2650 1358 incredulos
2686 1302 2754 1357 ad
2805 1303 3122 1374 prudentiam
3159 1303 3479 1374 justorum,
3531 1318 3697 1373 parare

2094 1389 2314 1445 Domino
2339 1392 2529 1463 plebem
2573 1398 2881 1464 perfectam.‘
2901 1392 2970 1448 Et
3019 1393 3145 1448 dixit
3179 1392 3498 1446 Zacharias
3524 1392 3592 1445 ad
3618 1408 3699 1464 an:

2094 1482 2300 1551 gelum:
2334 1481 2481 1537 Unde
2508 1484 2600 1537 hoc
2627 1485 2928 1557 sciam?ego
2964 1486 3097 1540 enim
3134 1502 3258 1540 sum
3292 1501 3477 1550 senex,
3511 1493 3560 1539 et
3584 1463 3695 1538 uso;

2095 1588 2205 1628 mea
2244 1574 2483 1644 processit
2526 1576 2579 1629 in
2604 1575 2777 1630 diebus
2820 1576 2945 1631 suis.
2995 1576 3060 1631 Et
3110 1577 3451 1646 respondens
3505 1575 3697 1647 angelus

2099 1649 2225 1702 dixit
2268 1652 2312 1704 ei
2335 1669 2353 1705 :
2377 1652 2484 1725 Ego
2530 1671 2642 1709 sum
2681 1655 2884 1713 Gabriel
2922 1660 3009 1731 qui
3049 1662 3199 1717 adsto
3241 1674 3378 1720 ante
3420 1663 3616 1732 Deum,
3661 1681 3698 1724 et

2101 1740 2279 1794 missus
2319 1758 2431 1795 sum
2467 1744 2603 1815 loqui
2645 1747 2713 1800 ad
2754 1758 2830 1815 te,
2876 1760 2923 1804 et
2960 1750 3065 1806 haec
3109 1754 3201 1808 tibi
3240 1758 3604 1828 evangelium
3627 1771 3701 1814 εει

2098 1846 2208 1884 ecce
2232 1832 2329 1886 eris
2356 1842 2520 1888 tacens
2539 1876 2553 1902 ,
2576 1846 2624 1891 et
2649 1854 2747 1891 non
2772 1841 2959 1909 poteris
2985 1843 3123 1914 loqui
3159 1861 3340 1917 usque
3362 1847 3419 1902 in
3448 1847 3579 1905 diem
3610 1866 3694 1921 quo

2098 1921 2204 1975 lucc
2224 1922 2381 1991 ﬁant,
2415 1943 2506 1995 pro
2530 1942 2587 1981 eo
2614 1930 2748 1999 quod
2786 1948 2886 1986 non
2921 1935 3181 1991 credidisti
3210 1940 3394 1994 verbis
3420 1942 3545 1996 meis
3562 1983 3577 2007 ,
3599 1959 3696 2013 qua

2095 2013 2431 2106 implebantur
2470 2020 2524 2072 in
2566 2030 2784 2092 tempore
2820 2041 2930 2080 suo.
2971 2026 3037 2080 Et
3076 2038 3184 2082 erat
3229 2031 3383 2101 plebs
3420 2044 3692 2106 exspectans

2096 2103 2432 2175 Zachariam,
2460 2119 2507 2162 et
2532 2112 2846 2169 mirabantur
2885 2117 3020 2186 quod
3056 2121 3295 2177 tardaret
3341 2124 3458 2194 ipse
3498 2103 3552 2178 in
3589 2134 3692 2180 tent-

2097 2196 2203 2266 plo.
2233 2197 2478 2269 Egressus
2500 2211 2665 2256 autent
2685 2220 2786 2260 non
2807 2216 2998 2277 poterat
3025 2209 3159 2281 loqui
3179 2212 3257 2265 ad
3280 2213 3426 2282 illos,
3452 2224 3502 2269 et
3521 2232 3683 2288 cogno-

2096 2302 2268 2342 verunt
2311 2291 2446 2362 quod
2487 2293 2724 2348 visionem
2764 2297 2962 2353 vidisset
2995 2300 3049 2354 in
3094 2301 3318 2373 templo.
3354 2302 3426 2357 Et
3464 2307 3568 2377 ipse
3596 2318 3688 2361 erat

2095 2379 2306 2433 innitens
2353 2381 2457 2435 illis
2479 2424 2492 2448 ,
2525 2393 2571 2436 et
2615 2387 2886 2454 permansit
2915 2399 3103 2444 mutus.
3145 2391 3219 2446 Et
3259 2394 3468 2464 factum
3504 2407 3604 2463 est,
3639 2407 3685 2451 ut

2095 2468 2291 2538 impleti
2338 2482 2455 2525 sunt
2494 2473 2599 2526 dies
2641 2475 2788 2544 officii
2827 2478 2965 2547 ejus,
3005 2479 3125 2534 abiit
3165 2483 3227 2536 in
3273 2484 3489 2538 domum
3541 2502 3680 2540 suam.

2097 2557 2224 2614 Post
2265 2560 2356 2615 hos
2396 2572 2561 2617 autem
2601 2564 2706 2618 dies
2751 2568 2973 2638 concepit
3012 2568 3285 2626 Elisabetlt
3332 2590 3469 2628 uxor
3494 2576 3622 2643 ejus,
3642 2583 3683 2629 et

2097 2653 2372 2707 occultabat
2398 2671 2450 2709 se
2479 2657 2729 2712 ntensibus
2770 2661 3017 2731 quinque,
3047 2663 3222 2721 dicens
3245 2682 3266 2720 :
3298 2667 3437 2734 Quia
3473 2668 3543 2722 sic
3576 2670 3679 2722 milii

2096 2745 2212 2813 fecit
2236 2743 2487 2800 Dominus
2514 2748 2567 2801 in
2595 2748 2766 2804 diebus
2784 2790 2799 2817 ,
2827 2751 3005 2821 quibus
3028 2757 3254 2826 respexit
3284 2761 3496 2828 auferre
3518 2774 3678 2830 oppro-

2096 2833 2259 2888 brium
2304 2853 2470 2891 meum
2513 2839 2644 2894 inter
2681 2841 2924 2898 homines.
2968 2843 3035 2899 In
3082 2863 3259 2916 mense
3310 2860 3479 2905 autem
3517 2860 3672 2919 sexta,

2096 2929 2282 2981 missus
2308 2939 2379 2983 est
2408 2931 2617 2999 angelus
2645 2931 2849 2989 Gabriel
2872 2952 2903 2989 a
2927 2934 3036 2991 Deo
3070 2938 3123 2992 in
3160 2940 3425 2995 civitath
3454 2939 3669 3009 Galilaa',

2096 3018 2180 3072 cui
2206 3034 2386 3073 nomen
2411 3020 2671 3078 Nazaretlt
2691 3065 2707 3091 ,
2733 3025 2801 3079 ad
2824 3026 3064 3098 virginem
3086 3028 3457 3102 desponsatam
3480 3034 3578 3089 viro
3602 3034 3669 3087 cui

2096 3123 2278 3161 nomen
2298 3109 2647 3181 eratJoseph,
2685 3114 2749 3168 de
2778 3108 2933 3169 domo
2963 3116 3167 3185 David;
3192 3131 3244 3175 et
3274 3139 3457 3177 nomen
3492 3122 3670 3194 virginis

2096 3199 2288 3255 Maria.
2320 3201 2387 3255 Et
2414 3204 2669 3275 ingressus
2704 3209 2914 3279 angelus
2942 3209 3010 3263 ad
3037 3227 3149 3265 eam
3179 3215 3313 3269 dixit
3335 3231 3355 3269 :
3376 3215 3500 3281 Ave,
3526 3214 3666 3286 gratia

2095 3295 2280 3365 plena;
2330 3294 2578 3351 Dominus
2620 3307 2781 3352 tecum
2802 3340 2818 3366 ,
2865 3301 3120 3357 benedicta
3168 3316 3226 3358 tu
3271 3305 3326 3360 in
3383 3305 3662 3360 mulieribus.

2099 3384 2228 3453 Qua:
2253 3402 2369 3441 cum
2397 3387 2619 3456 vidisset,
2651 3390 2849 3445 turbata
2874 3401 2945 3446 est
2972 3393 3027 3446 in
3050 3410 3285 3451 sermone
3312 3396 3442 3468 ejus,
3474 3404 3516 3451 et
3538 3394 3657 3465 cogi-

2095 3477 2229 3532 tabat
2268 3482 2432 3551 qualis
2474 3492 2601 3536 esset
2640 3484 2738 3538 ista
2776 3485 3034 3542 salutatio.
3063 3486 3130 3541 Et
3155 3489 3229 3543 ait
3257 3489 3468 3561 angelus
3493 3489 3536 3543 ei
3558 3503 3575 3543 :
3596 3484 3664 3542 Ne

2094 3572 2298 3640 timeas,
2350 3572 2551 3640 Maria,
2603 3576 2834 3631 invenisti
2884 3578 3015 3632 enim
3055 3584 3276 3650 gratiam
3320 3580 3458 3652 apud
3481 3578 3658 3633 Deum:

2093 3681 2204 3720 ecce
2231 3667 2479 3737 concipies
2505 3668 2557 3722 in
2586 3678 2747 3737 utero,
2776 3679 2820 3724 et
2849 3672 3014 3741 paries
3036 3672 3233 3742 ﬁlium,
3279 3683 3328 3728 et
3365 3672 3550 3729 vocabis
3581 3685 3658 3729 noé

2093 3774 2204 3812 men
2245 3760 2356 3829 ejus
2391 3758 2567 3843 Jesum
2593 3776 2612 3814 :
2637 3761 2719 3814 hic
2763 3763 2855 3815 erit
2896 3779 3108 3834 magnus
3130 3805 3144 3829 ,
3178 3774 3227 3819 et
3269 3766 3404 3835 ﬁlius
3446 3760 3655 3828 Altissinn

2092 3850 2391 3915 vocabitur;
2428 3859 2475 3905 et
2514 3852 2652 3906 dabit
2700 3853 2778 3907 illi
2824 3852 3074 3909 Dominus
3122 3855 3268 3912 Deus
3313 3856 3477 3911 sedem
3518 3849 3655 3906 David

2092 3944 2252 4015 patris
2282 3945 2394 4015 ejus
2413 3986 2426 4009 ,
2453 3954 2499 3999 et
2523 3945 2750 4015 regnabit
2801 3948 2856 4001 in
2896 3946 3045 4002 domo
3072 3948 3236 4003 Jacob
3265 3950 3319 4003 in
3341 3958 3591 4006 teternunt,
3613 3949 3651 3996 et

2094 4035 2237 4105 regni
2270 4036 2379 4104 ejus
2408 4052 2506 4090 non
2528 4037 2621 4090 erit
2645 4038 2781 4107 ﬁnis.
2810 4037 2955 4092 Dixit
2997 4049 3165 4093 autem
3208 4040 3380 4095 Maria
3421 4038 3484 4092 ad
3521 4049 3651 4105 ange-

2094 4125 2241 4179 lum:
2273 4125 2538 4193 Quomodo
2564 4127 2649 4196 ﬁet
2679 4128 2843 4196 istud,
2872 4129 3107 4199 quoniam
3150 4132 3319 4185 virum
3360 4145 3456 4184 non
3492 4137 3645 4196 cogno-

2096 4217 2223 4272 sco?
2262 4215 2328 4270 Et
2352 4218 2661 4288 respondens
2702 4219 2910 4289 angelus
2936 4219 3063 4274 dixit
3096 4221 3141 4274 ei
3164 4236 3183 4274 :
3213 4221 3436 4291 Spiritus
3476 4222 3646 4272 sanctus

2092 4308 2403 4379 superveniet
2442 4308 2495 4362 in
2538 4317 2616 4376 te,
2652 4318 2701 4363 et
2743 4308 2899 4363 virtus
2947 4310 3193 4365 Altissimi
3225 4307 3518 4367 obumbrabit
3538 4303 3611 4357 tibi
3622 4317 3638 4364 ;

2094 4398 2308 4470 ideoque
2348 4410 2396 4453 et
2436 4401 2571 4470 quod
2618 4410 2851 4455 nascetur
2895 4409 3121 4455 sanctum
3147 4444 3159 4466 ,
3203 4402 3452 4458 vocabitur
3494 4393 3634 4450 Filius

2096 4488 2232 4544 Dei:
2264 4498 2309 4542 et
2334 4505 2448 4542 ecce
2493 4487 2752 4543 Elisabeth
2795 4500 3010 4560 cognata
3053 4502 3172 4558 tua,
3217 4504 3263 4547 et
3309 4493 3414 4563 ipsa
3451 4480 3639 4552 concepit

2093 4578 2257 4649 ﬁlium
2282 4579 2335 4632 in
2365 4588 2612 4634 senectute
2637 4597 2729 4635 sua
2755 4599 2774 4646 ;
2802 4591 2847 4634 et
2873 4582 2952 4635 hic
2981 4583 3162 4637 mensis
3186 4593 3259 4639 est
3280 4590 3438 4637 sextus
3463 4578 3529 4631 illi
3550 4586 3637 4643 quae

2092 4682 2301 4726 vocatur
2323 4673 2506 4727 sterilis
2530 4690 2550 4727 :
2576 4674 2695 4743 quia
2733 4691 2834 4727 non
2886 4674 2977 4729 erit
3022 4676 3330 4747 impossibile
3352 4669 3478 4746 apud
3498 4667 3631 4721 Deum

2093 4780 2240 4820 omne
2281 4766 2500 4820 verbum.
2552 4764 2693 4820 Dixit
2730 4777 2894 4821 autent
2932 4766 3139 4824 Maria:
3173 4769 3306 4823 Ecce
3345 4762 3514 4820 ancilla
3551 4757 3635 4810 Πο-

2093 4857 2250 4923 mini,
2274 4858 2364 4926 ﬁat
2394 4857 2516 4910 mihi
2540 4858 2812 4911 secundum
2858 4857 3060 4912 verbum
3080 4869 3240 4913 tuum.
3267 4858 3333 4914 Et
3360 4849 3559 4910 discessit
3579 4845 3629 4897 αὑ

2092 4944 2186 5001 illa
2227 4946 2454 5016 angelus.
2484 4945 2777 5017 Exsurgens
2819 4958 2987 5001 autem
3022 4947 3193 5004 Maria
3233 4956 3285 5004 in
3326 4946 3481 5001 diebus
3514 4936 3623 4997 illis.

2092 5037 2213 5091 abiit
2241 5038 2293 5090 in
2321 5046 2562 5091 montana
2589 5053 2701 5089 cum
2732 5039 3048 5108 festinatione
3072 5040 3123 5093 in
3149 5041 3387 5095 civitatem
3415 5030 3570 5087 ludat
3587 5028 3627 5076 εί

2092 5127 2295 5182 intravit
2317 5128 2370 5181 in
2395 5127 2599 5181 domum
2626 5126 2919 5195 Zacharias,
2952 5139 2997 5183 et
3035 5132 3266 5185 salutavit
3303 5120 3543 5183 Elisabetlt.
3570 5111 3621 5167 El

2092 5224 2284 5293 factum
2326 5229 2430 5286 est,
2468 5228 2521 5272 ut
2565 5220 2756 5272 audivit
2801 5221 3150 5276 salutationem
3181 5221 3356 5276 Mar-itu
3390 5204 3632 5295 Elisabtl/I.‘

2093 5310 2356 5367 exsultavit
2401 5311 2569 5381 infans
2615 5312 2668 5364 in
2712 5322 2850 5365 utero
2899 5314 3042 5384 ejus;
3067 5324 3112 5367 et
3151 5315 3335 5385 repleta
3365 5318 3427 5363 est
3460 5298 3631 5385 Spiritu:

2093 5359 2351 5367 νπνπ--ηη-
2714 5359 2845 5365 την-ν
2900 5359 3037 5384 Vm,
3068 5359 3111 5367 ν-
3152 5359 3333 5385 ..πη----
3496 5359 3507 5374 .

2093 5412 2267 5459 sancto
2295 5402 2551 5457 Elisabetlt
2571 5444 2585 5469 ,
2620 5411 2665 5456 et
2702 5404 2995 5459 exclamavit
3033 5421 3148 5459 voce
3182 5420 3384 5476 magna,
3412 5406 3452 5452 et
3482 5359 3627 5446 dicit."

2092 5493 2364 5548 Benedicta
2407 5506 2461 5548 tu
2500 5494 2628 5548 inter
2657 5493 2887 5549 mulieres
2906 5536 2919 5561 ,
2951 5505 2997 5550 et
3027 5496 3305 5551 benedictus
3331 5497 3499 5565 fructus
3520 5494 3612 5575 rem

2094 5585 2184 5639 tris
2214 5586 2305 5639 tui.
2337 5584 2403 5640 Et
2432 5586 2563 5641 unde
2588 5586 2683 5641 hoc
2709 5586 2865 5655 mihi,
2894 5594 2948 5640 ut
2971 5588 3136 5643 veniat
3163 5597 3313 5643 mater
3339 5575 3515 5637 Domini
3538 5582 3611 5670 utet

2093 5677 2161 5732 ad
2183 5678 2297 5733 me?
2319 5678 2447 5733 Ecce
2480 5679 2612 5735 enim
2649 5688 2705 5735 ut
2739 5680 2881 5749 facta
2920 5691 2993 5737 est
3024 5697 3123 5737 vos:
3157 5673 3447 5739 salutationis
3466 5677 3547 5722 tua
3565 5674 3604 5711 tu

3806 2618 3809 2663 1

3778 53 3818 342 l

3808 370 3818 411 λ

3815 1030 3817 1179 l

3815 1726 3817 1845 ι

3815 1920 3818 2030 γ

3810 2226 3817 2331 ι.

3806 2818 3812 2891 ι

3792 3272 3810 3501 Ι

3798 3558 3809 3883 ἒ

3800 4144 3805 4205 1

3794 2936 3813 3231 1
