3878 6350
156 337 344 396 1081

151 455 441 512 auribus
466 453 608 519 meis,
636 451 899 507 exsultavit
920 452 974 506 in
997 451 1182 523 gaudio
1209 451 1381 521 infans
1409 449 1464 502 in
1491 458 1631 502 utero
1659 463 1766 501 meo
1792 462 1810 500 :

158 556 222 601 et
288 547 474 602 beata
519 537 637 616 qua.
673 543 949 611 credidisti,
992 543 1229 614 quoniam
1272 541 1590 611 perﬁcientur
1618 557 1676 593 ea
1703 555 1815 609 qua

160 638 345 692 dicta
402 645 523 692 sunt
565 634 713 689 tibia
744 634 977 689 Domino.
1005 632 1073 688 Et
1119 635 1188 686 ait
1234 631 1403 686 Maria
1448 649 1466 685 :
1515 629 1814 701 Magniﬁcat

163 731 397 785 anima
442 745 552 784 mea
593 727 886 783 Dominum.
923 725 990 781 Et
1029 725 1293 781 exsultavit
1335 726 1538 795 spiritus
1579 741 1714 778 meus
1759 725 1812 778 in

163 827 311 883 Deo
369 825 596 883 salutari
636 841 762 878 meo.
812 823 944 889 Quia
986 822 1201 893 respexit
1247 822 1578 874 humilitatem
1615 819 1814 873 ancilla

165 935 347 984 sua;
390 934 510 973 ecce
547 917 679 972 enim
722 933 785 970 ea:
808 915 901 969 hoc
929 912 1124 968 beatam
1158 929 1235 966 me
1269 912 1432 966 dicent
1463 927 1628 965 omnes
1667 926 1812 980 gene-

166 1011 470 1064 rationes.
505 1008 635 1074 Quia
662 1007 779 1077 fecit
804 1005 927 1058 mihi
955 1021 1139 1075 magna
1171 1004 1254 1074 qui
1299 1013 1470 1073 potens
1498 1013 1588 1068 est,
1623 1011 1666 1054 et
1695 1018 1813 1054 san-

170 1113 347 1157 ctum
412 1117 595 1155 nomen
648 1100 778 1169 ejus.
825 1095 895 1151 Et
939 1096 1283 1151 misericordia
1310 1098 1418 1164 ejus
1458 1095 1511 1148 in
1557 1094 1812 1164 progenies

168 1202 231 1248 et
270 1193 565 1263 progenies
585 1189 869 1244 timentibus
898 1204 1030 1242 eum.
1063 1186 1206 1240 Fecit
1226 1187 1497 1255 potentiam
1528 1185 1581 1237 in
1611 1185 1812 1238 brachio

171 1300 313 1350 suo,
367 1282 612 1352 dispersit
651 1278 889 1348 superbos
928 1286 1088 1331 mente
1113 1275 1278 1330 cordis
1311 1277 1407 1329 sui.
1436 1274 1679 1342 Deposuit
1725 1291 1812 1344 po-

173 1386 374 1430 tentes
399 1375 468 1429 de
492 1373 626 1438 sede,
659 1382 704 1427 et
733 1370 968 1424 exultavit
1012 1366 1241 1421 humiles.
1274 1365 1562 1420 Esurientes
1593 1367 1814 1435 implevit

175 1468 380 1534 bonis,
411 1476 460 1523 et
489 1465 664 1519 divites
701 1463 891 1516 dimisit
921 1462 1115 1514 inanes.
1147 1459 1378 1528 Suscepit
1402 1456 1566 1510 Israel
1601 1473 1812 1528 puerum

173 1577 385 1626 suum,
415 1555 684 1612 memorari
709 1551 1065 1607 misericordia
1091 1565 1210 1604 sua.
1250 1549 1394 1605 Sicut
1431 1548 1622 1601 locutus
1647 1556 1716 1601 est
1745 1546 1813 1600 ad

177 1663 387 1724 patres
436 1659 665 1711 nostros,
713 1645 968 1700 Abraham
1017 1651 1061 1696 et
1107 1641 1283 1696 semini
1327 1642 1434 1712 ejus
1486 1639 1539 1693 in
1602 1641 1807 1693 sacula.

179 1742 423 1798 Mansit
450 1748 616 1793 autem
667 1735 833 1790 Maria
873 1749 984 1786 cum
1028 1732 1119 1785 illa
1159 1731 1302 1801 quasi
1341 1729 1590 1782 mensibus
1632 1729 1805 1794 tribus,

180 1843 236 1889 et
285 1847 511 1887 reversa
549 1837 619 1883 est
663 1829 717 1880 in
761 1825 964 1878 domum
1001 1839 1144 1877 suam
1169 1820 1316 1894 (Luc.
1346 1837 1382 1885 ι,
1423 1819 1572 1890 5,56)
1604 1836 1616 1872 :
1648 1829 1701 1874 el
1728 1821 1810 1873 in-

183 1934 359 1981 venta
416 1931 490 1977 est
533 1921 587 1974 in
629 1926 767 1972 utero
810 1914 992 1968 habens
1034 1913 1096 1966 de
1139 1911 1336 1983 Spiritu
1379 1918 1576 1966 sancto.
1619 1909 1811 1982 Joseph

181 2027 389 2072 autem
420 2017 496 2071 vir
523 2016 651 2088 ejus,
699 2027 812 2066 cum
854 2018 979 2064 esset
1009 2009 1198 2078 justus,
1232 2017 1276 2060 et
1313 2005 1470 2060 nollet
1503 2022 1612 2058 eam
1637 2005 1812 2058 tradu-

183 2125 348 2176 cere,
383 2107 543 2162 voluit
572 2104 764 2159 occulte
789 2100 1035 2154 dimittere
1070 2115 1200 2153 eam.
1236 2097 1362 2152 Hac
1390 2106 1555 2150 autem
1584 2113 1640 2150 eo
1669 2097 1810 2167 cogi-

184 2210 375 2267 tante,
403 2215 514 2255 ecce
533 2197 738 2268 angelus
763 2193 972 2248 Domini
995 2193 1046 2246 in
1069 2191 1256 2245 somnis
1272 2190 1508 2260 apparuit
1539 2188 1584 2241 ei
1605 2189 1772 2242 dicens
1790 2204 1809 2242 :

185 2291 438 2362 Ioseph,
481 2291 556 2359 ﬁli
603 2287 786 2352 David,
817 2288 922 2341 noli
972 2286 1144 2339 timere
1178 2284 1404 2352 accipere
1433 2280 1657 2334 Mariam
1684 2299 1805 2334 con-

185 2385 392 2455 iugem
441 2391 581 2436 tuam
626 2396 645 2434 :
684 2381 818 2450 quod
861 2381 991 2433 enim
1033 2379 1086 2431 in
1113 2393 1170 2430 ea
1199 2384 1373 2429 natum
1397 2384 1489 2442 est,
1521 2375 1584 2428 de
1613 2375 1809 2444 Spiritu

185 2487 398 2533 sancto
433 2483 524 2528 est.
556 2471 730 2526 Pariet
767 2481 932 2525 autem
971 2471 1154 2538 ﬁlium,
1183 2477 1228 2521 et
1256 2467 1452 2521 vocabis
1490 2482 1669 2520 nomen
1698 2467 1809 2536 ejus

184 2570 396 2624 Jesum
425 2583 444 2620 :
470 2567 576 2638 ipse
618 2565 747 2620 enim
778 2565 974 2618 salvum
1002 2562 1148 2632 faciet
1186 2559 1425 2631 populum
1455 2575 1601 2614 suum
1637 2575 1670 2611 a
1694 2573 1810 2628 pec-

189 2663 338 2717 catis
367 2675 566 2715 eorunt.
594 2656 708 2711 Hoc
745 2665 912 2710 autem
937 2663 1095 2708 totum
1121 2655 1311 2725 factum
1348 2660 1439 2718 est,
1471 2660 1527 2704 ut
1555 2649 1804 2719 adimple-

188 2764 351 2809 retur
384 2751 522 2822 quod
557 2750 743 2804 dictum
773 2759 842 2803 est
871 2766 902 2802 a
929 2747 1146 2802 Domino
1187 2762 1277 2817 per
1305 2745 1600 2816 prophetam
1638 2745 1809 2798 dicen-

195 2855 307 2900 tem
337 2860 359 2899 :
387 2842 518 2897 Ecce
561 2841 710 2913 Virgo
750 2843 803 2895 in
844 2851 984 2894 utero
1031 2838 1228 2894 habebit
1273 2849 1318 2894 et
1365 2839 1522 2909 pariet
1548 2838 1731 2907 ﬁlium,
1761 2847 1806 2890 et

192 2934 472 2998 vocabitur
500 2950 681 2988 nomen
717 2935 828 3004 ejus
869 2930 1191 2998 Emmanuel,
1226 2930 1362 3001 quod
1403 2939 1477 2984 est
1509 2931 1808 3000 interpreta-

197 3037 338 3092 tum,
368 3024 646 3079 Nobiscum
668 3023 822 3077 Deus.
847 3021 1138 3092 Exsurgens
1156 3031 1324 3075 autem
1341 3020 1536 3090 Ioseph
1556 3037 1588 3074 a
1604 3037 1801 3087 somno,

195 3119 328 3191 fecit
375 3118 503 3172 sicut
551 3115 785 3186 pracepit
819 3116 864 3168 ei
903 3115 1111 3185 angelus
1145 3113 1372 3180 Domini,
1396 3122 1443 3168 et
1467 3115 1657 3185 accepit
1680 3130 1803 3168 con-

197 3213 386 3282 iugem
413 3224 556 3262 suam
600 3224 618 3261 :
659 3217 706 3260 et
746 3223 846 3260 non
885 3206 1207 3276 cognoscebat
1233 3223 1359 3261 eam
1397 3205 1606 3276 (Matth.
1639 3208 1804 3274 1,18-

197 3301 326 3373 25).
359 3298 623 3354 Elisabeth
652 3305 818 3350 autem
854 3297 1116 3366 impletum
1158 3306 1231 3350 est
1257 3305 1452 3366 tempus
1480 3298 1729 3367 pariendi,
1758 3305 1805 3350 et

202 3393 412 3464 peperit
443 3390 622 3459 ﬁlium.
651 3386 720 3441 Et
758 3388 1024 3442 audierunt
1065 3388 1213 3441 vicini
1240 3399 1286 3442 et
1308 3391 1508 3458 cognati
1527 3391 1656 3460 ejus,
1687 3391 1805 3458 quia

202 3473 560 3545 magniﬁcavit
584 3471 834 3526 Dominus
871 3471 1265 3525 misericordiam
1296 3487 1439 3524 suam
1468 3488 1582 3525 cum
1619 3472 1730 3537 illa,
1759 3482 1805 3526 et

203 3562 701 3636 congratulabantur
726 3563 792 3616 ei.
821 3561 888 3616 Et
914 3565 1105 3632 factum
1143 3571 1215 3614 est
1241 3561 1292 3615 in
1331 3561 1412 3615 die
1435 3572 1628 3629 octavo,
1657 3580 1804 3616 vene-

169 3679 174 3685 ι
205 3663 331 3710 runt
358 3652 716 3707 circumcidere
751 3667 980 3721 puerum,
1016 3660 1060 3704 et
1081 3650 1321 3704 vocabant
1348 3667 1462 3705 eum
1483 3652 1682 3706 nomine
1711 3669 1804 3721 pa-

208 3747 302 3800 tris
345 3746 458 3816 ejus
481 3742 801 3797 Zachariam.
837 3739 902 3794 Et
931 3741 1234 3812 respondens
1275 3751 1432 3796 mater
1464 3744 1592 3812 ejus,
1634 3743 1759 3796 dixit
1786 3759 1805 3797 :

211 3835 574 3908 Nequaquam,
630 3834 716 3888 sed
759 3834 1017 3888 vocabitur
1063 3832 1306 3888 Joannes.
1353 3832 1422 3887 Et
1465 3835 1696 3888 dixerunt
1738 3837 1804 3888 ad

208 3928 360 3982 illam
391 3943 410 3979 :
442 3925 573 3992 Quia
599 3941 744 3979 nemo
773 3933 845 3978 est
864 3926 914 3977 in
940 3925 1234 3994 cognatione
1263 3935 1347 3978 tua
1374 3926 1459 3994 qui
1486 3936 1683 3979 vocetur
1711 3927 1806 3980 hoc

213 4019 441 4072 nomine.
471 4015 756 4071 Innuebant
789 4024 953 4069 autem
980 4016 1112 4085 patri
1135 4017 1243 4086 ejus
1279 4033 1423 4086 quem
1450 4017 1594 4072 vellet
1637 4021 1805 4073 vocari

212 4127 351 4165 eum.
384 4107 454 4162 Et
497 4109 754 4180 postulans
797 4107 1098 4179 pugillarem
1142 4109 1361 4178 scripsit,
1401 4111 1567 4165 dicens
1595 4129 1614 4165 .·
1638 4112 1802 4165 Joan-

214 4217 303 4254 nes
333 4209 407 4255 est
450 4215 628 4253 nomen
674 4199 804 4270 ejus.
841 4197 907 4252 Et
952 4199 1121 4252 mirati
1148 4209 1266 4252 sunt
1299 4200 1531 4256 universi.
1564 4204 1806 4274 Apertum

213 4301 287 4346 est
333 4299 499 4344 autem
535 4291 672 4344 illico
720 4305 774 4343 os
822 4291 930 4359 ejus
976 4299 1022 4342 et
1063 4290 1236 4360 lingua
1274 4292 1402 4360 ejus,
1433 4303 1477 4345 et
1515 4294 1804 4364 loquebatur

215 4382 510 4437 benedicens
563 4379 747 4433 Deum.
797 4377 865 4432 Et
919 4383 1082 4449 factus
1132 4390 1202 4434 est
1254 4381 1403 4434 timor
1445 4400 1594 4453 super
1636 4401 1803 4441 omnes

213 4475 404 4528 vicinos
431 4487 640 4534 eorum;
681 4480 726 4524 et
763 4486 914 4540 super
950 4471 1118 4524 omnia
1155 4482 1392 4525 montana
1418 4471 1618 4528 Judaa
1642 4476 1805 4529 divul-

215 4566 466 4636 gabantur
511 4563 679 4615 omnia
725 4561 870 4614 verba
917 4562 1043 4615 hac.
1093 4560 1161 4616 Et
1205 4575 1476 4634 posuerunt
1527 4584 1694 4620 omnes
1719 4570 1805 4637 qui

213 4655 480 4709 audierant
508 4653 557 4704 in
587 4651 736 4705 corde
759 4667 872 4716 suo,
901 4651 1116 4706 dicentes
1142 4669 1162 4707 :
1191 4654 1356 4718 Quid‘
1389 4666 1533 4724 putas
1563 4674 1684 4726 puer
1713 4659 1804 4710 iste

217 4745 348 4799 erit?
373 4741 571 4796 Etenim
606 4759 782 4796 manus
814 4742 1020 4797 Domini
1071 4755 1175 4796 erat
1215 4761 1329 4798 cum
1366 4746 1472 4798 illo.
1500 4743 1565 4799 Et
1605 4746 1804 4800 Zacha-

216 4837 318 4889 rias
347 4843 488 4903 pater
514 4835 622 4901 eius
659 4834 897 4903 impletus
941 4842 1011 4886 est
1043 4833 1240 4903 Spiritu
1283 4844 1476 4900 sancto,
1510 4845 1555 4888 et
1583 4837 1800 4906 prop/te-

218 4931 354 4992 tavit,
394 4929 564 4982 dicens
593 4944 610 4982 :
635 4927 934 4981 Benedictus
976 4926 1243 4991 Dominus,
1288 4927 1426 4982 Deus
1469 4927 1652 4995 Israel,
1685 4932 1802 5000 quia

218 5020 422 5074 visitavit
462 5032 508 5072 et
565 5020 679 5090 fecit
726 5017 1116 5088 redemptionem
1167 5017 1323 5086 plebis
1365 5034 1490 5074 sua.
1537 5017 1604 5074 Et
1647 5023 1800 5075 erexit

221 5126 368 5163 cornu
407 5109 586 5163 salutis
637 5108 796 5171 nobis,
845 5109 897 5160 in
941 5109 1089 5161 domo
1127 5106 1292 5161 David
1339 5111 1481 5178 pueri
1529 5113 1624 5164 sui.
1655 5112 1802 5167 Sicut

221 5203 408 5257 locutus
446 5211 516 5257 est
547 5218 636 5272 per
669 5218 725 5256 os
766 5211 1072 5266 sanctorum,
1104 5201 1190 5272 qui
1224 5218 1255 5254 a
1283 5202 1468 5255 saculo
1497 5215 1632 5268 sunt,
1663 5203 1799 5257 Pro-

221 5297 479 5367 phetarum
504 5298 632 5367 ejus.
664 5296 894 5351 Salutem
919 5311 982 5348 ea:
1006 5295 1222 5349 inimicis
1255 5297 1456 5363 nostris,
1489 5307 1536 5351 et
1565 5299 1626 5350 tle
1646 5315 1799 5353 manu

222 5390 437 5442 omnium
477 5388 562 5456 qui
600 5387 813 5441 oderunt
840 5402 950 5440 nos.
979 5385 1060 5438 Ad
1083 5385 1365 5454 faciendam
1405 5387 1799 5443 misericordiam

224 5495 328 5533 cum
368 5479 593 5550 patribus
634 5481 838 5547 nostris,
881 5489 928 5534 et
967 5481 1234 5534 memorari
1270 5482 1550 5534 testamenti
1576 5483 1655 5536 sui
1682 5500 1799 5538 san-

283 5593 298 5624 ι
323 5600 449 5642 Unus
460 5606 500 5656 7e
521 5591 806 5656 colbertinis
827 5601 946 5656 _Mss.
971 5592 1154 5654 ποτᾱεῖ
1192 5593 1277 5643 Alii
1311 5594 1503 5645 codices
1519 5630 1534 5656 ,
1557 5597 1680 5656 Quid
1704 5610 1722 5649 :
1748 5607 1799 5651 et

222 5653 288 5703 sic
306 5655 351 5704 in
373 5655 583 5718 antiquis
603 5654 926 5716 Corb.8ibliis;
952 5653 1130 5718 nempe
1152 5658 1434 5769 quizigrtece
1451 5653 1544 5719 est,
1559 5653 1610 5720 ti,
1623 5668 1798 5711 neutro

224 5727 400 5769 genere
435 5715 729 5767 conoordans
758 5729 868 5767 cum
901 5730 1041 5769 voce.
1088 5725 1134 5769 to
1170 5732 1232 5769 va
1285 5733 1396 5769 ron.
1437 5733 1547 5769 auze
1593 5735 1798 5769 Duerum

222 5715 729 5841 gegqiqagatcohcordans
758 5729 868 5767 cum
901 5715 1041 5781 Voce,
1067 5715 1134 5769 ‘to
1169 5715 1396 5782 paidiou,
1437 5715 1547 5782 quas
1593 5715 1798 5784 puerum

1555 332 1758 390 LIBER
1795 329 2169 395 SECUNDUS.

3349 342 3488 404 108⁸1

1917 450 2003 504 cti.
2035 450 2408 522 Jusjurandum
2440 454 2575 524 quod
2587 455 2778 526 juravit
2801 455 2869 510 ad
2893 456 3146 512 Abraham
3167 467 3360 528 patrem
3386 477 3485 515 no-

1916 551 2094 607 strum,
2131 544 2366 598 daturum
2404 562 2458 600 se
2493 546 2652 601 nobis.
2688 546 2754 602 Ut
2780 550 2887 604 sine
2914 549 3088 602 timore
3113 548 3176 604 de
3198 565 3352 604 manu
3387 552 3492 606 ini-

1916 633 2160 688 micorum
2184 645 2472 690 nostrorum
2504 637 2698 692 liberati
2731 641 3001 694 serviamus
3027 640 3124 707 illi,
3152 640 3204 694 in
3230 642 3491 699 sanctitate

1917 733 1962 776 et
1982 724 2184 794 justitia
2221 742 2390 779 coram
2435 728 2564 796 ipso,
2595 730 2820 784 omnibus
2851 728 3024 783 diebus
3064 731 3265 784 nostris.
3313 728 3379 784 Et
3413 740 3490 797 tu,

1915 831 2059 884 puer,
2090 813 2347 886 Propheta
2376 816 2620 872 Altissimi
2652 820 2901 874 vocaberis
2931 835 2951 874 :
2982 821 3179 890 praibis
3215 821 3346 874 enim
3374 831 3492 877 ante

1916 907 2092 977 faciem
2121 906 2324 961 Domini
2355 925 2537 980 parare
2568 911 2674 965 vias
2712 913 2842 982 ejus,
2883 912 2950 966 ad
2978 912 3198 966 dandant
3236 913 3493 969 scientiam

1915 997 2091 1052 salutis
2129 997 2260 1068 plebi
2304 1001 2412 1070 ejus
2455 1002 2508 1055 in
2549 1003 2888 1057 remissionem
2937 1013 3249 1072 peccatorum
3298 1021 3489 1060 eorum.

1916 1088 2021 1144 Per
2046 1091 2234 1145 viscera
2267 1093 2620 1148 misericordia
2659 1094 2753 1148 Dei
2791 1097 2946 1150 nostri
2984 1097 3038 1150 in
3075 1097 3252 1166 quibus
3279 1098 3493 1152 uisitauit

1915 1197 2006 1235 nos
2048 1179 2226 1235 Oriens
2271 1199 2335 1236 ea
2371 1183 2492 1238 alto.
2522 1183 2822 1240 Illuminare
2846 1187 2908 1240 iis
2940 1187 3026 1257 qui
3053 1187 3106 1240 in
3130 1188 3338 1242 tenebris
3365 1199 3408 1243 et
3437 1190 3491 1244 in

1914 1271 2092 1325 umbra
2133 1273 2308 1326 mortis
2344 1273 2534 1340 sedent,
2566 1275 2634 1329 ad
2678 1277 2964 1348 dirigendos
3011 1277 3159 1348 pedes
3201 1288 3396 1333 nostros
3437 1280 3491 1334 in

1914 1365 2045 1417 viam
2091 1366 2248 1436 pacis.
2309 1365 2448 1420 Puer
2495 1376 2661 1422 autem
2707 1371 2970 1437 crescebat,
3026 1379 3070 1424 et
3113 1372 3491 1441 confortabatur

1914 1458 2132 1525 spiritu;
2156 1467 2203 1512 et
2245 1469 2350 1513 erat
2397 1460 2451 1513 in
2497 1460 2702 1516 desertis
2749 1478 2902 1531 usque
2944 1464 2995 1516 in
3033 1464 3163 1516 diem
3197 1465 3492 1519 ostensionis

1913 1565 2021 1602 sua
2044 1549 2112 1601 ad
2134 1547 2316 1602 Israel.
2351 1549 2566 1604 Factum
2607 1561 2677 1606 est
2719 1563 2885 1606 autent
2929 1553 2979 1606 in
3017 1553 3189 1608 diebus
3228 1554 3350 1618 illis,
3373 1556 3490 1610 exiit

1913 1642 2130 1696 edictum
2169 1660 2198 1694 a
2243 1642 2440 1697 Casare
2475 1644 2720 1715 Augusto,
2764 1654 2815 1698 ut
2854 1645 3209 1699 describeretur
3235 1646 3490 1701 universus

1915 1734 2066 1786 orbis.
2110 1732 2235 1786 Bac
2271 1733 2534 1803 descriptio
2575 1734 2737 1804 printa
2775 1738 2910 1805 facta
2940 1744 3010 1788 est
3035 1735 3248 1804 praside
3277 1737 3291 1766 ²
3324 1734 3492 1806 Syria

1915 1823 2124 1894 Syrino.
2157 1824 2223 1877 Et
2249 1824 2388 1878 ibant
2415 1841 2584 1879 omnes
2613 1834 2666 1879 ut
2694 1827 3046 1895 proﬁterentur
3071 1827 3256 1895 singuli
3274 1828 3325 1880 in
3345 1843 3489 1882 suam

1912 1917 2177 1971 civitatem.
2210 1917 2447 1972 Ascendit
2490 1927 2656 1972 autem
2697 1927 2743 1973 et
2766 1916 2957 1988 Ioseph
2982 1936 3013 1972 a
3039 1917 3251 1974 Galilaa
3277 1919 3339 1973 de
3364 1921 3487 1974 civi-

1914 2019 2014 2063 tate
2039 2009 2298 2064 Nazareth
2322 2011 2375 2063 in
2399 2008 2635 2064 Judaam
2662 2010 2905 2063 civitatem
2934 2009 3120 2076 David,
3158 2027 3270 2079 qua
3288 2022 3492 2066 vocatur

1912 2100 2183 2167 Bethleem,
2221 2117 2278 2154 eo
2316 2100 2450 2171 quod
2481 2110 2607 2155 esset
2633 2100 2695 2154 de
2731 2101 2879 2156 domo
2919 2110 2963 2155 et
2993 2102 3188 2172 familia
3220 2101 3402 2168 David,
3435 2110 3488 2155 ut

1913 2195 2229 2265 proﬁteretur
2279 2209 2390 2246 cum
2437 2192 2606 2246 Maria
2650 2193 2950 2262 desponsata
3009 2191 3101 2246 sibi
3154 2209 3308 2246 uxore
3354 2208 3486 2262 pra-

1912 2295 2116 2356 gnante.
2147 2285 2364 2340 Factum
2392 2296 2464 2340 est
2497 2295 2662 2340 autem
2701 2302 2816 2339 cum
2839 2294 2998 2340 essent
3034 2285 3122 2350 ibi,
3157 2286 3348 2356 impleti
3372 2294 3490 2340 sunt

1913 2378 2018 2431 dies
2044 2387 2098 2430 ut
2127 2387 2322 2447 pareret
2349 2394 2367 2432 :
2397 2387 2442 2432 et
2485 2378 2673 2448 peperit
2702 2378 2865 2447 ﬁlium
2908 2395 3053 2432 suum
3083 2379 3484 2449 primogenitum,

1911 2480 1958 2524 et
1985 2472 2165 2538 pannis
2208 2488 2318 2524 eum
2355 2472 2588 2536 involvit;
2627 2479 2673 2524 et
2699 2471 2956 2524 reclinavit
2998 2487 3111 2524 eum
3136 2471 3188 2524 in
3214 2471 3491 2542 praesepio;

1910 2563 2027 2631 quia
2056 2579 2155 2615 non
2185 2572 2292 2616 erat
2322 2563 2390 2616 eis
2415 2563 2552 2615 locus
2581 2563 2633 2616 in
2674 2563 2965 2616 diversorio.
3003 2560 3070 2615 Et
3100 2571 3320 2633 pastores
3347 2570 3490 2616 erant

1910 2652 1963 2704 in
1989 2652 2159 2705 eadem
2188 2654 2388 2722 regione
2432 2653 2690 2722 vigilantes
2727 2661 2772 2706 et
2813 2652 3140 2706 custodientes
3178 2653 3374 2722 vigilias
3399 2669 3486 2706 no-

1911 2742 2002 2795 ctis
2025 2759 2181 2812 supra
2207 2759 2406 2813 gregem
2442 2759 2591 2796 suum
2618 2758 2636 2797 :
2667 2750 2711 2796 et
2737 2758 2848 2796 ecce
2877 2742 3084 2812 angelus
3124 2741 3329 2796 Domini
3357 2743 3488 2798 stetit

1900 2839 2054 2909 juxta
2081 2838 2217 2902 illos,
2249 2848 2294 2891 et
2338 2836 2543 2890 claritas
2585 2833 2679 2889 Dei
2726 2835 3055 2904 circumfulsit
3099 2834 3232 2898 illos,
3261 2843 3305 2888 et
3337 2835 3488 2887 timu-

1908 2939 2055 2984 erunt
2104 2931 2281 2984 timore
2323 2945 2526 3000 magno.
2581 2927 2649 2982 Et
2701 2927 2827 2981 dixit
2874 2927 2976 2980 illis
3025 2927 3234 2998 angelus
3270 2942 3289 2981 :
3318 2925 3490 2982 Nolite

1910 3023 2081 3077 timere
2104 3039 2124 3077 :
2153 3038 2262 3076 ecce
2296 3022 2427 3076 enim
2464 3020 2747 3088 evangeliea
2776 3019 2909 3073 vobis
2951 3018 3191 3089 gaudium
3216 3035 3454 3089 magnum
3472 3059 3486 3082 ,

1908 3116 2042 3184 quod
2067 3113 2158 3167 erit
2186 3113 2323 3167 omni
2348 3111 2569 3183 populo;
2606 3111 2726 3179 quia
2755 3119 2900 3163 natus
2927 3118 2996 3164 est
3025 3109 3160 3163 vobis
3187 3107 3332 3162 hodie
3361 3109 3484 3163 Sal-

1907 3215 2068 3272 vator,
2100 3205 2184 3273 qui
2221 3212 2291 3257 est
2332 3200 2561 3258 Christus
2588 3201 2855 3264 Dominus,
2895 3199 2948 3252 in
2982 3199 3177 3253 civitate
3202 3197 3386 3252 David.
3424 3197 3488 3252 Et

1910 3297 2004 3349 hoc
2043 3293 2178 3348 vobis
2203 3295 2401 3363 signum
2430 3308 2449 3346 :
2487 3291 2745 3346 invenietis
2785 3291 3029 3361 infantem
3075 3290 3255 3360 pannis
3292 3290 3488 3343 involu-

1909 3396 2033 3451 tum,
2072 3394 2119 3439 et
2157 3386 2374 3454 positum
2419 3384 2472 3436 in
2515 3383 2778 3454 prasepio.
2819 3380 2884 3435 Et
2913 3382 3076 3436 subito
3114 3385 3248 3452 facta
3277 3392 3346 3435 est
3374 3399 3488 3436 cum

1909 3477 2087 3548 angelo
2126 3474 2394 3529 multitudo
2440 3474 2634 3528 militia
2681 3473 2910 3535 calestis,
2961 3471 3276 3525 laudantium
3321 3471 3486 3524 Deum

1911 3580 1956 3624 et
1985 3570 2252 3623 dicentium
2281 3583 2302 3622 :
2334 3565 2510 3622 Gloria
2544 3566 2598 3620 in
2633 3564 2889 3619 altissimis
2916 3563 3043 3630 Deo,
3074 3565 3192 3618 etin
3219 3573 3351 3618 terra
3386 3579 3488 3633 pax

1910 3659 2190 3714 hominibus
2230 3657 2373 3712 bona
2407 3656 2693 3711 voluntatis.
2727 3653 2795 3708 Et
2831 3655 3019 3724 factum
3058 3663 3128 3709 est
3168 3662 3223 3708 ut
3251 3654 3489 3708 discesse-

1909 3761 2025 3804 runt
2066 3751 2128 3804 ab
2157 3751 2226 3805 eis
2273 3747 2440 3820 angeli
2478 3749 2532 3800 in
2573 3745 2770 3810 coelum,
2815 3754 3036 3815 pastores
3075 3744 3398 3815 loquebantur
3420 3744 3488 3797 ad

1909 3843 2118 3896 invicem
2161 3857 2178 3894 :
2218 3839 2559 3894 Transeamus
2605 3852 2761 3906 usque
2805 3834 3080 3901 Bethleem,
3135 3845 3181 3889 et
3233 3834 3490 3888 videamus

1910 3933 2004 3987 hoc
2041 3933 2243 3986 verbum
2285 3930 2420 3999 quod
2463 3931 2652 3999 factum
2688 3937 2779 3993 est,
2834 3927 2968 3996 quod
2997 3925 3242 3979 Dominus
3278 3924 3490 3979 ostendit

1911 4025 2070 4079 nobis.
2105 4022 2172 4077 Et
2215 4029 2451 4076 venerunt
2492 4020 2800 4090 festinantes,
2847 4027 2893 4072 et
2931 4018 3223 4071 invenerunt
3270 4014 3489 4070 Mariam

1911 4115 2196 4187 etJoseph,
2229 4124 2274 4168 et
2317 4115 2559 4183 infantem
2597 4112 2812 4182 positum
2856 4111 2909 4164 in
2955 4113 3217 4180 prtvsepio.
3260 4108 3489 4164 Videutes

1909 4219 2077 4260 autem
2118 4213 2455 4276 cognoverunt
2495 4203 2557 4256 de
2601 4203 2743 4256 verbo
2789 4200 2921 4270 quod
2955 4200 3142 4252 dictum
3167 4211 3270 4253 erat
3301 4199 3401 4252 illis
3428 4199 3491 4253 de

1911 4314 2064 4367 puero
2109 4298 2221 4350 hoc.
2251 4293 2316 4347 Et
2347 4310 2515 4348 omnes
2553 4294 2639 4363 qui
2676 4292 2940 4344 audierunt
2987 4291 3154 4343 mirati
3193 4299 3329 4355 sunt,
3359 4299 3404 4342 et
3429 4291 3491 4344 de

1906 4392 1968 4446 iis
1997 4405 2107 4460 qua
2146 4388 2277 4440 dicta
2318 4394 2458 4440 erant
2501 4402 2534 4438 a
2570 4383 2851 4455 pastoribus
2891 4381 2958 4434 ad
3008 4383 3163 4451 ipsos.
3197 4381 3364 4434 Maria
3393 4397 3490 4434 au-

1909 4493 2002 4537 tem
2031 4479 2351 4535 conservabat
2393 4479 2560 4532 omnia
2601 4477 2750 4530 verba
2793 4477 2919 4541 hac,
2948 4476 3208 4543 conferens
3247 4476 3298 4528 in
3339 4475 3490 4530 corde

1909 4591 2019 4627 suo.
2053 4570 2119 4624 Et
2149 4571 2328 4624 reversi
2365 4579 2481 4623 sunt
2525 4579 2747 4638 pastores
2776 4567 3114 4638 gloriﬁcantes
3151 4577 3196 4620 et
3226 4566 3488 4620 laudantes

1909 4664 2075 4719 Deum
2102 4665 2153 4716 in
2188 4663 2416 4716 onmibus
2461 4676 2574 4729 qua
2610 4660 2874 4713 audierant
2911 4669 2954 4711 et
2984 4659 3229 4725 viderant,
3256 4661 3384 4714 sicut
3411 4659 3488 4714 di-

1908 4765 2044 4809 ctum
2092 4763 2162 4807 est
2209 4753 2274 4806 ad
2313 4753 2447 4806 illos.
2477 4749 2544 4804 Et
2573 4760 2834 4822 postquam
2861 4752 3193 4804 consummati
3230 4760 3346 4805 sunt
3384 4752 3489 4807 dies

1909 4854 2017 4898 octo
2047 4853 2100 4897 ut
2136 4843 2574 4896 circumcideretur
2605 4857 2745 4910 puer,
2796 4849 3024 4894 vocatum
3062 4850 3133 4894 est
3174 4858 3349 4894 nomen
3382 4841 3490 4911 ejus

1908 4939 2080 4999 Jesus,
2108 4937 2240 5004 qttod
2277 4944 2506 4988 vocatum
2542 4943 2612 4986 est
2641 4933 2702 4985 ab
2729 4932 2906 5002 angelo
2946 4933 3234 5003 priusquam
3268 4933 3320 4984 in
3350 4943 3488 4985 utero

1909 5028 2254 5097 conciperetur
2296 5025 2511 5094 (Luc.1,
2567 5024 2656 5090 57,
2709 5040 2766 5090 ιι,
2813 5022 2928 5092 21).
2979 5022 3047 5076 Ει
3090 5039 3198 5075 ecce
3241 5021 3384 5092 Magi
3427 5022 3488 5076 ab

1912 5120 2114 5174 Oriente
2153 5126 2389 5171 venerunt
2423 5115 2818 5187 Jerosolymam,
2865 5116 3078 5169 dicentes
3108 5131 3126 5167 :
3159 5114 3252 5170 Ubi
3295 5124 3363 5170 est
3403 5115 3488 5186 qui

1908 5222 2056 5266 natus
2097 5220 2168 5264 est
2196 5226 2286 5264 rea:
2308 5208 2650 5262 Judaorum?
2672 5207 2884 5260 vidimus
2905 5207 3036 5259 enim
3064 5206 3261 5260 stellam
3297 5207 3404 5276 ejus
3434 5207 3486 5260 iu

1911 5304 2131 5370 Oriente,
2153 5314 2201 5357 et
2221 5303 2442 5356 venimus
2462 5301 2676 5353 adorare
2694 5316 2824 5352 eum.
2845 5299 3063 5353 Audiens
3077 5309 3243 5354 autem
3260 5298 3488 5356 IIerodes

1906 5410 1996 5449 rex
2022 5393 2246 5447 turbatus
2269 5400 2356 5454 est,
2387 5400 2432 5442 et
2458 5390 2619 5443 omnis
2645 5387 2962 5458 Jerosolyma
2989 5403 3102 5442 cum
3132 5389 3240 5443 illo.
3268 5387 3334 5443 Et
3366 5406 3488 5444 cou-

1907 5501 2119 5557 gregans
2144 5498 2314 5537 omnes
2341 5481 2588 5551 principes
2617 5478 2929 5533 sacerdotum
2973 5489 3019 5533 et
3049 5479 3254 5534 Sc-ribas
3287 5482 3484 5552 populi,

1971 5600 1986 5631 ¹
2014 5605 2064 5647 In
2094 5595 2277 5657 aliquot
2310 5600 2416 5642 Mss.
2455 5597 2508 5657 et
2545 5589 2760 5657 editione
2798 5590 3123 5657 Bstispoaeosi
3141 5626 3156 5652 ,
3193 5605 3224 5640 a
3257 5591 3482 5657 praside.

1905 5660 2035 5724 Apud
2058 5665 2130 5706 Er.
2157 5651 2339 5724 ét_hov.
2356 5693 2369 5714 ,
2396 5652 2483 5704 sub
2506 5651 2732 5724 praside.
2762 5652 2852 5724 sed
2887 5651 2937 5700 ixi
2961 5651 3179 5724 plut-ibus
3202 5651 3488 5724 ct'melioris

1905 5716 2033 5772 notae
2048 5719 2366 5782 Mss‘absque
2390 5716 2726 5782 praepositione
2752 5721 2845 5775 est,
2871 5716 3110 5779 praside;
3135 5717 3180 5767 id
3204 5724 3298 5780 est,
3324 5719 3487 5780 praesi-

1905 5785 2018 5834 dem
2039 5776 2239 5844 agexfte,
2256 5776 2404 5843 jam
2418 5776 2584 5842 grtiae,
2608 5776 3012 5840 egemoneumttos.
