3878 6308
454 373 801 430 adnitantur
830 374 897 430 Ib
913 374 987 431 eis
1013 374 1097 431 ubi
1118 372 1345 431 Christus
1365 385 1674 431 nasceretur.
1699 375 1765 430 At
1790 375 1869 431 illi
1896 375 2043 432 dixe-

455 470 573 520 mu
602 466 680 532 ei;
721 464 789 521 In
812 465 1071 522 Bethleem
1095 467 1250 522 ludit
1276 483 1294 521 :
1319 468 1393 523 sie
1416 469 1549 522 enim
1577 468 1821 539 scriptum
1849 477 1922 523 est
1956 485 2045 540 per

455 560 772 631 prophetam;
800 558 867 615 Et
891 564 945 615 tu
976 559 1229 615 Bethleem
1258 570 1392 615 terra
1415 559 1577 628 Iuda,
1607 576 1922 633 nequaquam
1950 561 2045 615 mi-

454 653 592 706 nlinti
619 669 672 708 es
698 652 754 706 in
792 653 1100 725 principibus
1127 652 1268 707 Iuda
1289 670 1311 718 ι
1336 669 1401 707 ea:
1437 664 1485 708 te
1515 653 1648 708 enim
1673 654 1805 709 πίει
1828 652 1937 708 duo;
1958 653 2045 725 qui

452 753 593 816 regat
624 745 867 816 populatis
892 760 1055 800 meum
1076 744 1263 800 Israel.
1304 743 1447 800 Tunc
1476 744 1705 801 Herodes
1731 747 1863 800 clam
1891 763 2041 801 voca-

452 839 523 890 ti!
542 833 593 889 Μ
601 837 729 909 agis,
752 835 1017 908 diligenter
1035 836 1210 891 didicit
1236 838 1298 892 ab
1317 838 1389 893 eis
1414 847 1607 908 tempus
1628 837 1788 893 stellis
1808 854 1921 910 quae
1942 854 2039 910 ap-

451 932 621 999 paruit
661 931 752 985 eis.
794 928 859 984 Et
901 931 1100 986 mittens
1138 947 1223 985 eos
1260 931 1314 984 in
1352 929 1607 985 Bethleem
1649 931 1778 985 dia-it
1805 949 1823 985 :
1850 930 1959 997 Ite,
1995 940 2040 987 et

449 1016 752 1093 itaet-rogate
772 1021 1037 1092 diligenter
1054 1021 1118 1076 de
1133 1026 1286 1091 puero
1306 1039 1325 1088 ;
1353 1028 1399 1076 et
1418 1030 1532 1075 eum
1553 1021 1834 1076 inveneritis
1854 1032 2038 1077 renun-

448 1109 569 1165 tiate
594 1111 747 1177 milii,
774 1121 829 1166 ut
858 1122 903 1166 et
931 1129 1022 1185 ego
1049 1114 1247 1168 veniens
1272 1114 1477 1167 adorem
1506 1131 1640 1167 eum.
1684 1114 1784 1179 Qui
1804 1120 1919 1169 eum
1943 1130 2038 1168 au-

445 1200 635 1257 dissent
663 1216 850 1275 regem,
871 1205 1102 1259 abierunt
1131 1221 1149 1260 :
1173 1208 1221 1260 et
1243 1216 1359 1261 ecce
1384 1206 1528 1261 stella
1556 1222 1706 1277 quant
1730 1206 1955 1260 viderant
1983 1206 2036 1260 in

448 1292 675 1361 Oriente,
704 1297 1022 1352 antecedtbat
1050 1308 1153 1363 eos,
1182 1315 1335 1363 usque
1355 1298 1474 1353 dum
1495 1299 1691 1353 ueniens
1711 1308 1862 1353 staret
1881 1315 2036 1369 supra

444 1386 531 1442 ubi
556 1399 661 1442 erat
688 1404 828 1458 puer.
882 1388 1114 1445 Videntes
1144 1401 1311 1444 autem
1332 1391 1530 1444 stellam
1551 1432 1564 1457 ,
1584 1390 1741 1462 gavisi
1769 1399 1886 1443 sunt
1904 1406 2033 1461 gau-

444 1476 528 1533 tito
550 1494 732 1553 magno
754 1480 918 1536 valde.
962 1481 1028 1535 Et
1058 1483 1299 1537 intrantes
1327 1483 1559 1548 domum,
1593 1484 1887 1538 invenerunt
1913 1499 2034 1554 pue-

441 1580 554 1627 rum
581 1580 695 1626 cum
725 1573 891 1628 Maria
919 1583 1076 1629 matre
1104 1576 1214 1646 ejus
1243 1584 1328 1629 :et
1364 1574 1672 1645 procidentes
1700 1574 2033 1630 adoraverunt

441 1674 555 1717 eum
578 1679 596 1728 ;
621 1675 665 1719 et
692 1667 878 1734 opertis
904 1667 1150 1721 thesauris
1175 1668 1280 1721 suis
1307 1667 1592 1721 obtulerunt
1616 1670 1662 1721 si
1689 1683 1916 1733 munera,
1940 1684 2032 1722 au-

442 1762 574 1822 rum,
604 1752 720 1810 titus
745 1767 790 1810 et
814 1759 1091 1828 myrrham.
1135 1758 1201 1812 Et
1238 1774 1475 1829 responsa
1501 1767 1703 1830 accepto
1739 1758 1791 1813 in
1820 1760 2027 1824 somnis,

440 1857 505 1902 ue
527 1848 747 1903 redirent
769 1850 837 1904 tid
860 1844 1132 1917 Herodem,
1152 1868 1240 1923 per
1265 1853 1419 1906 aliam
1440 1853 1570 1905 viam
1597 1853 1810 1923 regressi
1838 1863 1951 1907 sunt
1977 1854 2029 1907 in

440 1940 696 2011 regionem
720 1952 865 1995 suam
897 1936 1106 2014 (Matth.
1138 1958 1196 2009 ιι,
1223 1941 1492 2017 ΗΞΜξιιὶ
1515 1948 1634 1997 cuin
1662 1946 2025 2012 recessissent,

438 2036 761 2104 posteaquam
803 2034 997 2106 impleti
1040 2045 1156 2090 sunt
1184 2036 1290 2090 dies
1334 2037 1643 2107 purgationis
1685 2037 1869 2091 matris
1895 2039 2024 2107 ejus,

439 2124 712 2179 errandum
736 2124 917 2197 Legem
945 2124 1130 2197 Moysi;
1161 2128 1379 2181 tulerunt
1402 2126 1546 2180 illum
1572 2127 1624 2180 in
1648 2127 1949 2194 Jerusalem,
1973 2138 2028 2182 ut

436 2216 664 2270 litterent
706 2227 818 2272 eum
849 2216 1064 2273 Domino
1090 2221 1254 2274 :sicut
1284 2221 1526 2290 scriptum
1556 2229 1628 2275 est
1660 2223 1713 2275 in
1751 2220 1885 2293 Lege
1921 2221 2027 2277 Do-

436 2307 579 2374 mini,-
615 2307 747 2375 Qula
775 2320 919 2364 omne
944 2311 1278 2365 masculinum
1305 2313 1604 2383 adaperiens
1639 2315 1872 2381 vulvam,
1902 2331 2023 2369 san-

435 2404 571 2452 ettttn
593 2398 807 2455 Domino
833 2402 1106 2456 vocabitur.
1148 2402 1214 2457 Et
1232 2414 1284 2457 ut
1306 2405 1483 2458 darent
1514 2406 1728 2459 hostiam
1754 2407 2026 2462 secundum

434 2490 569 2561 quod
592 2491 779 2546 dictum
805 2504 879 2549 est
903 2495 955 2548 iu
979 2493 1107 2566 Lege
1126 2495 1348 2562 Domini,
1377 2512 1469 2567 pur
1491 2508 1761 2565 turturum,
1786 2510 1871 2553 aut
1898 2500 2024 2555 duos

433 2583 602 2652 pullos
628 2585 993 2641 columbarum;
1038 2585 1102 2641 Et
1133 2605 1243 2643 ecce
1292 2590 1436 2643 hoino
1479 2601 1585 2645 erat
1622 2592 1673 2645 in
1716 2591 2017 2661 Jerusalem,

430 2673 513 2727 cui
540 2682 720 2730 nomen
742 2664 970 2742 Simeon,
997 2688 1045 2733 et
1066 2683 1214 2733 homo
1242 2681 1334 2735 iste
1347 2681 1520 2750 justus
1546 2693 1591 2735 et
1624 2683 1908 2751 timorutus,
1936 2701 2019 2739 ex-

431 2766 663 2834 speclans
689 2768 1081 2823 consolationem
1114 2767 1308 2838 Israel,
1337 2782 1382 2825 et
1409 2771 1634 2843 Spiritus
1672 2783 1872 2828 sanctus
1914 2784 2022 2829 erat

430 2857 483 2911 ιη
512 2868 569 2913 eo
601 2875 619 2914 :
645 2867 690 2914 et
715 2868 1010 2931 responsum
1038 2870 1296 2933 acceperat
1325 2882 1355 2917 a
1378 2864 1577 2933 Spiritu
1606 2874 1798 2933 sancto,
1826 2884 1923 2921 non
1945 2869 2019 2921 vi-

430 2956 605 3003 surum
631 2966 684 3005 se
711 2958 939 3018 mortem,
972 2953 1068 3009 nisi
1111 2955 1250 3024 prius
1278 2955 1462 3008 videret
1492 2954 1745 3009 Christum
1777 2955 1980 3011 Domini
2002 2975 2021 3013 :

430 3046 477 3091 et
503 3038 631 3093 venit
658 3041 711 3094 in
738 3042 936 3111 Spiritu
964 3046 1015 3098 in
1043 3046 1303 3114 templum.
1347 3044 1414 3099 Et
1439 3062 1551 3100 cum
1581 3047 1874 3102 inducerent
1900 3066 2021 3121 pue—

429 3142 547 3186 rum
582 3131 758 3188 losum
778 3144 1007 3206 parentes
1035 3140 1163 3211 ejus,-
1183 3148 1237 3194 ttt
1262 3136 1483 3213 facerent
1508 3144 1780 3199 secundum
1806 3162 2016 3203 consue-

429 3223 651 3279 tudinem
678 3222 825 3298 Legit
853 3236 945 3300 pro
974 3237 1061 3296 eo,
1095 3241 1140 3285 et
1166 3234 1273 3302 ipse
1314 3235 1503 3305 occepit
1529 3248 1644 3291 eum
1678 3237 1730 3291 in
1756 3238 2020 3310 amplexas

428 3320 567 3381 suos,
601 3325 644 3373 et
670 3315 919 3374 benedittil
944 3320 1129 3389 Deum,-
1160 3329 1206 3376 et
1226 3323 1353 3378 dicit
1376 3340 1394 3379 :
1421 3322 1575 3381 Nunc
1595 3328 1804 3385 dimittis
1821 3345 2017 3386 servum

427 3406 585 3473 mum,
608 3406 839 3475 Domine,
861 3412 1133 3466 secundum
1160 3414 1364 3469 verbum
1389 3412 1529 3471 luunt
1553 3419 1605 3472 in
1622 3431 1764 3489 pace.
1792 3421 1922 3486 Quia
1943 3424 2018 3476 vi-

426 3496 605 3553 derunt
631 3492 766 3555 oculi
785 3503 882 3557 mei
900 3503 1125 3557 salutare
1151 3504 1308 3572 tuum,
1327 3509 1462 3578 quod
1482 3512 1673 3578 parasti
1698 3521 1813 3565 ante
1837 3513 2015 3580 faciem

426 3589 648 3644 vinnium
674 3594 993 3662 papulortttti.
1036 3592 1229 3650 Lumen
1270 3597 1339 3650 ad
1381 3600 1731 3655 reuelationem
1757 3600 2009 3671 Gentium,

424 3680 473 3736 et
487 3680 702 3754 gloriam
727 3683 884 3754 plebis
904 3692 1006 3741 tute
1023 3685 1207 3742 Israel.
1232 3687 1298 3742 Et
1323 3700 1466 3743 erant
1492 3702 1633 3762 pater
1653 3693 1762 3764 ejus
1790 3703 1836 3747 et
1856 3706 2015 3750 mater

421 3772 660 3829 inii-antes
685 3778 837 3848 super
860 3777 939 3832 his
965 3780 1077 3849 qua!
1102 3779 1393 3835 dicebautur
1419 3782 1480 3835 ue
1501 3784 1610 3838 illo.
1652 3781 1722 3838 Et
1763 3785 2013 3842 benedixit

422 3860 540 3922 illos
566 3866 793 3935 Simeau,
815 3862 863 3924 el
880 3856 1009 3925 dixit
1034 3873 1101 3925 ad
1120 3872 1341 3927 Mariam
1367 3876 1575 3929 matrem
1594 3878 1702 3945 ejus
1722 3893 1741 3931 :
1760 3878 1889 3932 Ecce
1915 3896 2008 3948 po-

420 3954 546 4014 tiilts
579 3970 651 4015 est
676 3956 756 4015 hic
783 3963 835 4017 iii
861 3964 1063 4018 ruinam
1103 3971 1151 4019 et
1189 3967 1597 4022 resurrectionem
1642 3964 1914 4027 mullornm
1957 3976 2008 4030 itt

421 4040 618 4119 Israel,
655 4051 782 4107 etin
809 4050 1011 4123 signant
1050 4056 1130 4109 cui
1169 4057 1565 4122 cbntradicbttir;
1604 4068 1651 4114 et
1684 4066 1823 4117 tuam
1851 4066 2009 4135 ipsius

419 4141 642 4197 annnam
658 4140 979 4214 pertransibit
1001 4145 1223 4217 gladius,
1246 4156 1297 4201 ut
1319 4149 1594 4205 revelantur
1616 4162 1679 4208 es.-
1700 4157 1871 4212 multis
1891 4174 2005 4213 cor-

418 4218 566 4287 dibus
591 4234 936 4303 cogitationes.
977 4232 1048 4290 Et
1076 4240 1182 4291 erat
1205 4236 1353 4292 Anna
1380 4238 1694 4313 prophetissa
1720 4247 1829 4315 ﬁlia
1859 4247 2005 4305 Ptia-

417 4320 536 4379 tiiiel
564 4322 627 4380 de
656 4318 785 4381 ἰνίου
812 4325 939 4383 Aser
962 4328 984 4385 ἐ
1008 4329 1115 4385 lure
1140 4336 1447 4403 processerat
1475 4334 1529 4388 tu
1553 4336 1725 4392 diebus
1748 4341 1936 4408 multis,
1960 4356 2006 4399 et

414 4416 608 4473 vixerat
635 4422 752 4474 cum
779 4419 887 4476 viro
910 4422 1003 4477 tuo
1025 4424 1172 4479 tinnit
1198 4428 1385 4496 septem
1413 4430 1446 4480 tt
1470 4428 1756 4499 virginitate
1789 4446 1880 4487 sua
1902 4451 1920 4499 ;
1960 4446 2006 4489 et

415 4506 524 4565 lilio
549 4508 701 4566 vidua
730 4516 888 4584 atque
914 4513 982 4568 vo
1008 4526 1168 4570 annos
1198 4519 1449 4590 octoginta
1474 4526 1692 4591 tjutttuor
1709 4564 1724 4592 ,
1756 4533 1873 4597 qua:
1904 4540 2005 4583 non

415 4598 698 4658 discedebat
724 4602 788 4660 de
817 4602 1020 4678 lempio,
1040 4608 1254 4682 jejunus
1273 4612 1321 4665 el
1345 4611 1767 4672 obsecrationibus
1789 4620 2005 4675 serviens

413 4700 559 4749 nocte
580 4708 640 4749 ac
666 4689 767 4751 die.
797 4691 1004 4764 Ethice,
1021 4701 1136 4770 ipsa
1149 4700 1275 4755 sum
1292 4704 1661 4773 superveniens,
1676 4709 2003 4778 confitebatur

416 4786 658 4858 Dtnnittb,
684 4796 733 4846 et
762 4784 1053 4864 loquebatur
1077 4795 1140 4850 de
1163 4792 1255 4851 ttto
1281 4796 1512 4853 omnibus
1538 4801 1623 4871 qui
1651 4803 2002 4873 exspectabant

409 4880 800 4953 redemptionem
822 4876 1105 4940 letusulem
1129 4882 1169 4938 ί.
1212 4882 1278 4941 Et
1316 4898 1368 4943 ut
1398 4892 1707 4962 perfecerunt
1735 4897 1902 4948 omnia
1919 4913 2000 4950 se-

410 4970 633 5057 cundum
659 4962 841 5046 Legem
886 4974 1090 5030 Domini
1302 4994 1337 5033 ιι
1357 4966 1614 5054 ᾖξ’-59),
1646 4987 1757 5037 e'cce
1793 4985 2002 5057 angelus

411 5052 621 5119 nomint
647 5064 884 5138 apparuit
913 5074 965 5122 iit
1004 5066 1195 5124 sotituis
1217 5056 1438 5143 lossph,
1471 5052 1642 5128 dicens
1672 5090 1691 5130 :
1722 5052 1915 5149 surge,
1956 5090 2001 5134 et

409 5150 583 5237 accipe
609 5158 817 5229 partem
846 5156 893 5214 et
920 5154 1131 5240 multem
1160 5164 1286 5235 ejus,
1314 5161 1362 5217 et
1391 5164 1510 5236 [ttge
1540 5166 1593 5219 in
1621 5164 1925 5240 )Egypltttil,
1955 5181 2000 5225 et

410 5240 515 5302 esto
545 5234 613 5303 in
641 5249 797 5322 atoue
819 5244 941 5305 dum
966 5238 1135 5308 dicam
1160 5234 1285 5321 un,-
1311 5234 1538 5326 futurum
1564 5260 1636 5312 est
1658 5234 1789 5314 eis.
1813 5271 1866 5315 ut
1887 5258 1998 5317 Ile-

474 5409 492 5441 ι
507 5407 655 5480 eam,
677 5409 1056 5480 redemptionem
1078 5411 1246 5480 Israel.
1271 5420 1329 5465 At
1345 5418 1452 5480 ttae.
1470 5428 1649 5480 magno
1660 5429 1899 5468 consensu
1923 5419 1998 5480 fe-

474 5438 491 5441 -
518 5438 635 5460 Ian-III
679 5438 1056 5475 Icuwnpum
1078 5438 1141 5462 ut
1152 5438 1246 5463 ua“
1271 5438 1329 5465 ιιι
1348 5438 1452 5465 tua.
1470 5438 1649 5480 magno
1660 5438 1899 5468 υυιιδυιιδυ
1924 5438 1998 5470 l8-

407 5476 548 5539 runﬁ
556 5438 935 5539 redemptignqn
951 5472 1221 5539 Jerusalem
1241 5470 1558 5539 :quibuscum
1583 5480 1729 5529 etiam
1745 5478 2001 5535 concordat

409 5528 768 5605 yefttsttsstmgis
787 5531 1042 5605 multum
1062 5528 1562 5605 codeg‘corbeiemis.
1590 5544 1744 5605 Porro
1760 5528 1818 5592 in
1837 5528 2001 5605 esse

409 5590 551 5668 textu
576 5591 896 5668 est,
916 5598 1305 5668 enteroustztem,
1330 5590 1777 5668 redetnptionem't‘n
1790 5590 2001 5668 ista;

410 5652 534 5728 icui,
560 5652 720 5706 addita
751 5658 1090 5728 praepositione
1122 5660 1214 5728 in_,_
1244 5652 1579 5728 propitiari
1605 5652 1655 5715 tu
1680 5652 2000 5728 praecedentis

411 5670 1850 5779 "mmemﬂin‘ﬁﬁ

1269 257 1359 315 DE
1401 258 1751 318 CONSENSU
1804 259 2442 334 EVANGELISTARUM,
2483 266 2542 323 S.
2581 268 2949 328 AUGUSTINI

3609 284 3748 343 1084

2150 379 2297 435 rodes
2323 391 2517 452 quierat
2543 401 2754 454 puerum
2787 387 2856 441 ad
2881 387 3196 459 perdendum
3221 407 3358 448 eum.
3402 394 3504 462 Qui
3528 413 3742 453 consero

2146 486 2269 541 gens
2298 473 2486 543 accepit
2512 492 2724 545 puerum
2753 487 2800 531 et
2828 486 3037 533 matrem
3059 481 3171 553 ejus
3205 492 3372 553 nocte,
3397 494 3445 540 et
3464 490 3662 544 secessit
3684 491 3741 545 in

2146 561 2450 635 Egyptum.
2493 566 2557 621 Et
2582 578 2688 623 erat
2714 571 2781 624 ibi
2803 587 2957 643 usque
2979 572 3048 627 ad
3066 575 3255 631 obitum
3272 575 3499 636 Herodis
3521 598 3543 637 :
3570 592 3626 637 ut
3646 583 3743 640 ad-

2145 658 2436 730 impleretur
2481 665 2617 735 quod
2656 665 2845 720 dictum
2878 675 2949 723 est
2990 684 3023 723 a
3053 667 3268 726 Domino
3310 689 3401 744 per
3438 679 3742 746 prophetam

2144 750 2420 821 dicentem,
2462 754 2774 827 ex/Egypto
2820 760 2987 814 vocavi
3023 760 3189 832 ﬁlium
3225 780 3411 821 meum.
3448 767 3595 824 Tunc
3635 769 3747 829 He-

2142 844 2289 899 rodes
2327 846 2501 902 videns
2540 849 2779 918 quoniam
2821 850 2999 907 illusus
3023 863 3149 911 esset
3190 871 3223 909 a
3255 855 3454 930 Magis,
3479 860 3646 917 iratus
3669 875 3746 919 est

2142 935 2286 990 valde
2312 953 2331 991 :
2359 946 2405 991 et
2444 939 2644 994 mittens
2687 942 2866 996 occidit
2905 960 3075 1000 omnes
3123 963 3337 1017 pueros,
3366 951 3457 1021 qui
3494 965 3643 1007 eram
3686 942 3746 1011 in

2138 1028 2412 1098 Bethleem,
2448 1042 2494 1086 et
2521 1033 2574 1088 in
2605 1033 2837 1090 omnibus
2865 1036 3051 1106 ﬁnibus
3079 1039 3210 1109 ejus,
3232 1056 3265 1094 a
3288 1042 3480 1098 bimatu
3507 1054 3558 1100 et
3581 1046 3743 1118 infra,

2139 1122 2413 1177 secundum
2448 1134 2642 1195 temws
2680 1126 2813 1193 quod
2838 1129 3143 1198 exquisierat
3174 1147 3209 1184 a
3238 1120 3426 1206 Magis.
3468 1134 3621 1191 Tune
3643 1140 3743 1191 ad-

2137 1211 2397 1280 impletum
2428 1222 2498 1268 est
2535 1215 2670 1286 quod
2701 1216 2887 1270 dictum
2914 1226 2986 1272 est
3028 1236 3119 1290 per
3140 1219 3415 1278 Jeremiam
3438 1228 3747 1299 praphetam

2138 1301 2423 1356 dicentem:
2459 1302 2571 1358 Vos:
2612 1306 2664 1359 in
2694 1304 2857 1360 Rama
2886 1309 3059 1363 audita
3086 1319 3189 1379 est,
3218 1311 3449 1382 ploratus
3486 1325 3534 1371 et
3567 1317 3744 1373 ulula-

2136 1402 2217 1447 tus
2261 1396 2446 1450 multus
2470 1434 2485 1462 ,
2518 1396 2711 1452 Rachel
2738 1401 2948 1469 plorans
2984 1402 3119 1470 ﬁlios
3156 1420 3307 1474 suos,
3335 1415 3384 1461 et
3422 1408 3593 1465 uoluit
3620 1428 3746 1467 cos»

2134 1486 2290 1540 solari
2335 1488 2453 1558 quia
2494 1506 2593 1543 non
2642 1501 2775 1544 sunt.
2834 1490 3089 1563 Defuncto
3140 1503 3307 1550 autem
3337 1496 3580 1568 Herode,
3627 1519 3743 1559 ecce

2134 1581 2370 1649 apparuit
2397 1582 2605 1652 angelus
2639 1581 2841 1638 Domini
2869 1586 2921 1640 in
2949 1589 3139 1642 somnis
3168 1586 3361 1661 Ioseph
3388 1592 3445 1646 in
3476 1592 3739 1670 Egypta,

2134 1670 2301 1726 dicens
2324 1689 2342 1725 :
2371 1672 2537 1744 Surge
2556 1683 2602 1727 et
2623 1676 2793 1746 accipe
2817 1691 3049 1746 puerum,
3073 1686 3119 1733 et
3137 1689 3349 1737 matrem
3372 1684 3505 1756 ejus,
3531 1696 3581 1742 et
3614 1686 3743 1744 ode

2133 1761 2185 1815 in
2213 1772 2395 1816 terram
2422 1763 2619 1830 Israel;
2646 1766 2869 1836 defuncti
2884 1778 3000 1824 sunt
3025 1771 3159 1826 enim
3183 1774 3269 1843 qui
3294 1777 3590 1846 quarebaut
3627 1782 3743 1836 tuti-

2131 1868 2267 1908 mam
2292 1857 2454 1925 pueri.
2482 1858 2581 1924 Qui
2598 1872 2808 1931 surgens
2837 1863 3025 1933 accepit
3053 1880 3263 1934 puerum
3289 1875 3336 1921 et
3363 1878 3582 1926 matrem
3601 1872 3735 1942 ejus,

2131 1954 2179 1998 et
2207 1947 2333 1999 venit
2375 1947 2428 2000 in
2469 1958 2650 2003 terram
2680 1948 2866 2005 Israel.
2909 1952 3132 2010 Audiens
3170 1966 3339 2012 autem
3371 1961 3509 2031 quod
3534 1960 3742 2018 Arche-

2131 2033 2242 2089 laus
2268 2049 2498 2107 rcgnuret
2523 2041 2574 2092 in
2591 2038 2776 2095 ludam
2798 2058 2889 2112 pro
2908 2040 3112 2099 Herode
3138 2055 3282 2116 patre
3306 2064 3417 2117 sua,
3445 2050 3621 2105 timuit
3641 2036 3737 2110 illo

2129 2127 2223 2184 ire.
2249 2127 2316 2183 Et
2345 2130 2632 2186 admonitus
2660 2133 2710 2187 in
2731 2136 2938 2201 somnis,
2967 2141 3165 2192 secessit
3192 2138 3244 2191 iu
3273 2150 3441 2209 partes
3462 2138 3737 2201 Galilac:

2128 2229 2176 2274 et
2199 2221 2399 2276 veniens
2428 2221 2662 2278 habitavit
2691 2224 2742 2278 in
2771 2225 2964 2280 civitate
2979 2244 3091 2297 quae
3114 2238 3322 2283 vocatur
3339 2229 3602 2288 Nazareth
3621 2275 3640 2302 ,
3672 2244 3739 2290 ut

2128 2314 2488 2385 adimpleretur
2514 2316 2650 2387 quod
2675 2318 2864 2371 dictum
2896 2329 2967 2373 est
2991 2324 3088 2391 per'
3111 2319 3428 2392 Prophetas,
3464 2323 3734 2390 Quoniam

2128 2402 2414 2460 Nazartvus
2454 2409 2710 2461 vocabitur
2738 2408 2756 2480 (
2780 2407 2966 2463 Matth.
2990 2426 3062 2477 ιι,
3096 2402 3320 2485 15-25).
3370 2412 3507 2470 Puer
3551 2428 3737 2474 autem

2125 2499 2373 2553 crescebat
2419 2509 2465 2552 et
2508 2502 2883 2571 con/“artabatur
2923 2504 3100 2572 plenus
3138 2506 3417 2575 sapientia,
3462 2518 3509 2561 et
3551 2496 3738 2583 gratia

2132 2588 2223 2644 Dei
2247 2600 2353 2644 erat
2380 2591 2433 2644 in
2458 2590 2566 2645 illo.
2605 2591 2668 2646 Et
2693 2593 2831 2646 ibant
2858 2605 3085 2663 parentes
3114 2597 3225 2668 ejus
3254 2614 3342 2666 per
3362 2615 3529 2655 omnes
3555 2618 3736 2660 mnos

2127 2685 2181 2738 in
2199 2683 2483 2740 Jerusalem
2501 2686 2552 2739 in
2573 2686 2654 2739 die
2680 2687 2892 2741 solemni
2913 2686 3146 2743 Pass/ue.
3175 2687 3243 2745 Et
3269 2707 3383 2745 cum
3407 2697 3576 2765 factus
3595 2706 3737 2752 esset

2124 2789 2375 2830 annorum
2405 2775 2668 2830 duodecim
2689 2814 2702 2840 ,
2731 2779 3108 2835 ascendentibus
3134 2781 3237 2836 illis
3264 2782 3319 2837 in
3344 2783 3736 2859 Jerosolymaus

2123 2865 2397 2919 secundum
2413 2868 2821 2922 consuetudinem
2843 2870 2941 2924 diei
2967 2871 3097 2942 festi,
3118 2876 3737 2973 consuntmatisque.die-

2123 2956 2215 3011 bus
2239 2973 2353 3010 cum
2383 2957 2599 3012 redirent
2615 2996 2628 3020 ,
2649 2959 2891 3013 remansit
2917 2977 3042 3030 puer
3065 2960 3218 3017 Iesus
3245 2966 3297 3019 in
3320 2956 3619 3022 Jerusaleni
3634 3013 3654 3037 ,
3684 2982 3735 3027 et

2124 3063 2223 3101 non
2251 3058 2583 3118 cognoverunt
2613 3060 2844 3117 parentes
2879 3052 3005 3121 ejus.
3047 3050 3408 3112 Existimantes
3445 3068 3624 3114 autem
3654 3062 3734 3117 il-

2123 3137 2231 3191 lum
2259 3153 2365 3192 esse
2397 3137 2449 3191 in
2479 3139 2738 3207 comitatu,
2768 3152 3006 3196 venerunt
3034 3143 3128 3197 iter
3153 3143 3252 3200 diei
3274 3188 3289 3209 ,
3319 3157 3365 3201 et
3391 3150 3734 3220 requirebant

2121 3244 2236 3282 eum
2271 3230 2399 3283 inter
2434 3241 2673 3302 cognatos
2713 3242 2762 3286 et
2805 3242 2966 3288 notos.
3008 3233 3077 3288 Et
3115 3252 3217 3292 non
3260 3238 3598 3312 invenientes,
3632 3263 3727 3302 re-

2119 3320 2277 3390 gressi
2316 3330 2431 3374 sunt
2475 3321 2528 3374 in
2570 3319 2858 3377 Jerusalem
2890 3325 3193 3393 requirentes
3236 3345 3370 3385 eum.
3416 3330 3478 3386 Et
3517 3338 3728 3405 factum

2121 3420 2194 3465 est
2223 3421 2332 3481 post
2362 3413 2585 3467 triduum
2617 3413 2907 3468 invenerunt
2936 3416 3081 3470 illum
3108 3418 3159 3473 in
3187 3422 3369 3492 templo
3388 3424 3726 3484 sedentemin

2120 3502 2281 3555 medio
2300 3504 2865 3569 doctorum,audientem
2881 3507 2993 3561 illos
3010 3516 3053 3562 et
3071 3508 3456 3583 interrogantem
3467 3533 3569 3572 eos.
3585 3517 3724 3574 Stu-

2121 3596 2306 3665 pebant
2332 3606 2498 3650 autem
2519 3614 2691 3653 omnes
2713 3600 2796 3669 qui
2817 3600 3085 3656 audiebant
3104 3620 3218 3658 eum
3234 3642 3250 3672 ,
3269 3621 3421 3678 super
3444 3610 3722 3678 prudentia

2117 3694 2161 3739 et
2186 3688 2439 3757 responsis
2468 3691 2597 3761 ejus;
2640 3688 2708 3744 Et
2749 3691 2970 3746 videntes
3011 3693 3250 3749 admirati
3286 3708 3424 3753 sunt.
3473 3698 3542 3754 Et
3580 3702 3721 3758 diem

2118 3789 2277 3833 mater
2305 3782 2415 3850 ejus
2441 3784 2507 3834 ad
2532 3783 2677 3837 illunt
2700 3802 2718 3838 :
2751 3784 2853 3839 Fili
2876 3827 2890 3852 ,
2917 3788 3037 3857 quid
3068 3790 3233 3860 fecisti
3266 3793 3409 3847 nobis
3433 3794 3542 3850 sic!
3573 3794 3718 3854 Ecce

2117 3881 2258 3941 pater
2288 3882 2403 3926 tuus
2432 3884 2478 3928 et
2519 3891 2609 3945 ego
2637 3877 2859 3932 dolentes
2885 3881 3229 3949 qurerebamus
3256 3894 3322 3939 te.
3364 3885 3433 3940 Et
3455 3889 3524 3941 ait
3547 3890 3621 3943 ad
3644 3891 3714 3946 il-

2115 3963 2189 4016 los
2212 3980 2230 4016 :
2259 3964 2392 4029 Quid
2417 3976 2487 4020 est
2512 3967 2647 4038 quod
2683 3977 2764 4024 me
2799 3970 3134 4040 quterebatis?
3174 3974 3484 4034 Nesciebatis
3504 3982 3627 4051 quia
3656 3986 3711 4040 in

2115 4054 2194 4108 Itis
2217 4064 2328 4126 qtae
2360 4054 2533 4111 Putris
2562 4059 2657 4111 mei
2692 4070 2828 4128 sunt,
2859 4073 3055 4133 oportet
3087 4081 3163 4121 me
3189 4069 3334 4123 esse?
3370 4067 3441 4124 Et
3463 4071 3562 4141 ipsi
3597 4091 3706 4130 non

2111 4144 2460 4199 intellexerunt
2489 4148 2688 4202 uerbum
2725 4152 2858 4215 quod
2884 4152 3080 4209 locutus
3123 4165 3195 4210 est
3234 4156 3301 4212 ad
3336 4158 3474 4215 illos.
3502 4159 3571 4217 Et
3608 4166 3705 4221 de-

2111 4238 2303 4293 scendit
2327 4254 2441 4292 cum
2469 4241 2558 4305 eis,
2573 4250 2618 4294 et
2643 4243 2773 4296 venit
2801 4241 3081 4312 Nazareth,
3112 4254 3157 4301 et
3184 4258 3289 4303 erat
3313 4250 3541 4309 subditus
3576 4255 3703 4313 illis.

2109 4328 2180 4384 Et
2213 4343 2371 4386 mater
2413 4336 2523 4404 ejus
2572 4335 2890 4392 conservabat
2928 4340 3097 4393 omnia
3134 4341 3282 4396 verba
3316 4344 3426 4400 hac
3463 4347 3518 4402 in
3551 4350 3708 4407 corde

2109 4439 2201 4476 suo
2234 4423 2272 4475 ².
2316 4421 2381 4476 Ει
2404 4423 2555 4479 Iesus
2594 4420 2885 4495 proﬁciebat
2914 4430 3180 4499 sapientia,
3209 4443 3257 4487 ct
3279 4444 3444 4506 astate,
3468 4448 3514 4493 et
3537 4442 3707 4511 gratia

2108 4514 2247 4586 apud
2281 4514 2441 4569 Deum
2467 4526 2511 4570 et
2537 4517 2761 4573 homines
2786 4519 2932 4592 (Luc.
2956 4537 3015 4589 tt,
3037 4523 3255 4595 40-52).

2108 4605 2192 4661 CA
2202 4605 2333 4661 PUT
2360 4605 2445 4661 VI.
2462 4638 2529 4648 —
2542 4606 2619 4664 De
2643 4609 2819 4664 ordine
2837 4612 3214 4681 pradicationis
3225 4615 3442 4675 Ioannis
3453 4620 3706 4694 Baptista

2604 4701 2733 4756 inter
2762 4718 2932 4758 omnes
2955 4710 3193 4777 quatuor.

2180 4788 2264 4842 18.
2306 4787 2421 4842 iam
2452 4789 2575 4844 hinc
2599 4790 2667 4845 de
2711 4793 3083 4861 praedicatione
3121 4797 3342 4855 Joannis
3370 4806 3578 4861 narrari
3618 4808 3702 4864 iu-

2107 4877 2268 4946 cipit,
2300 4894 2456 4947 quam
2495 4895 2683 4937 omnes
2726 4892 2953 4953 Quatuor
2988 4902 3430 4949 commemorant.
3470 4896 3601 4953 Nam
3646 4911 3704 4956 et

2106 4969 2383 5025 Mattlurus
2408 4981 2529 5041 post
2559 4974 2645 5028 illa
2677 4975 2858 5044 verba,
2887 4993 3005 5048 quae
3048 4979 3230 5037 ultima
3257 4983 3372 5054 ejus
3400 4989 3575 5056 posui,
3607 4991 3702 5047 ubi

2106 5065 2547 5120 commemoravit
2593 5082 2660 5121 ex
2706 5070 2961 5139 propheta
3006 5072 3397 5143 testimonium,
3442 5078 3702 5145 Quoniam

2108 5153 2390 5209 Nazarazus
2418 5159 2708 5227 vocabitur,
2743 5163 2984 5231 sequitur
3018 5174 3074 5220 et
3114 5166 3396 5239 adiungit:
3428 5170 3498 5227 In
3520 5174 3700 5232 diebus

2106 5259 2271 5301 autem
2295 5246 2399 5301 illis
2435 5254 2565 5303 venit
2598 5250 2824 5307 Joannes
2848 5253 3079 5321 Baptista
3104 5261 3388 5330 pradicans
3423 5265 3479 5319 in
3502 5266 3698 5324 deserto

2104 5336 2317 5404 indcere,
2348 5346 2452 5394 etc.
2481 5340 2693 5408 (Matth.
2722 5359 2798 5412 lli,
2818 5346 2895 5415 i).
2917 5347 2981 5403 Et
3004 5349 3214 5407 Marcus
3239 5354 3328 5424 qui
3357 5354 3487 5411 nihil
3512 5357 3583 5414 de
3604 5374 3700 5415 na-

2109 5429 2308 5485 tivitatc
2337 5432 2419 5486 vel
2447 5431 2666 5489 infantia
2692 5436 2777 5490 vel
2798 5440 3019 5508 pueritia
3047 5442 3256 5499 Domini
3277 5450 3510 5506 narravit
3531 5490 3549 5516 ,
3573 5450 3700 5511 hinc

2106 5522 2374 5594 Evangelii
2405 5527 2631 5597 sumpsit
2661 5528 2890 5597 initium,
2924 5532 2976 5587 id
3003 5541 3103 5601 est,
3132 5549 3163 5589 a
3191 5535 3414 5594 Joatmis
3441 5543 3702 5611 prndio:-

2108 5615 2266 5669 tioue.
2309 5616 2394 5671 Sic
2422 5619 2564 5672 enim
2603 5634 2825 5676 exorsus
2858 5632 2944 5678 est
2972 5640 2984 5677 :
3017 5623 3229 5681 Initium
3264 5626 3536 5702 Evangelii
3572 5632 3701 5693 Iesu

2171 5732 2187 5761 ι
2209 5724 2321 5777 ΕΛίιί
2349 5743 2359 5777 :
2389 5733 2635 5795 conferetis
2652 5732 2700 5784 in
2718 5732 2862 5785 corde
2884 5749 2985 5787 suo.
3008 5737 3153 5791 Abest
3174 5745 3424 5800 conferens
3441 5762 3474 5802 ι
3495 5757 3605 5805 ω

3354 6287 3876 6308 ὴὴ--Ἇ-γ-εη
