3878 6338
61 314 64 317 ’
159 347 337 404 ιοεδ

151 461 400 549 ςῙΙινὶειί
439 463 535 534 ﬁlii
562 463 656 518 Dei
684 481 702 519 .·
725 467 853 521 sicut
888 467 1130 536 scriptum
1164 476 1234 549 est
1270 468 1320 522 in
1363 467 1499 524 Isaia
1532 471 1795 541 propheta,

1548 357 1742 412 ιλυὴη
1781 350 2154 420 SECUNDUS.

3341 377 3478 437 {086

1903 474 2208 546 Mattheus,-
2232 481 2485 536 contlnuo
2514 483 2706 551 intulit,
2734 485 2802 540 In
2828 487 2998 543 diebus
3021 495 3188 546 autem
3211 492 3314 546 illis
3342 494 3478 549 venit

154 539 509 654 Ecceh'millo
534 557 764 648 angelum
792 561 956 647 meum
985 570 1103 648 ante
1127 545 1305 630 faciem
1345 553 1482 614 tuam
1505 603 1517 625 ,
1550 563 1634 634 qui
1670 579 1800 632 prte—
1902 565 2126 622 Joannes
2151 569 2398 641 Baptista,
2422 587 2525 629 non
2556 539 2735 650 utique
2763 582 3124 638 tantumtnOdo
3150 585 3386 654 pueritia:
3410 586 3474 642 il-

152 641 405 724 p‘arabit
438 649 568 702 viam
599 641 734 704 tu‘am
777 645 890 724 ante
933 661 998 706 te.
1051 641 1157 707 Vua:
1189 654 1450 707 clamantis
1489 655 1541 709 in
1581 655 1794 724 deserto,

163 723 401 794 parale
439 735 566 795 viam
608 723 848 808 Domini,
871 754 1032 798 rectas
1072 745 1219 816 facile
1261 746 1458 800 semitas
1499 747 1625 816 ejus.
1677 730 1797 801 Fuit

155 823 437 910 Joannes
461 835 512 888 in
534 817 724 890 deserto
745 825 1002 906 baptizans
1019 848 1062 891 et
1083 839 1363 909 prtedicans
1374 839 1669 909 baptismum
1693 857 1797 910 pae-

155 909 434 1002 nitentiae
469 911 520 982 in
555 929 893 982 remissionem
931 942 1260 1000 peccatorum,
1283 916 1790 1002 etc.(Marc.t,i-tl).

154 1001 234 1106 Et
265 1001 474 1102 Lucas
514 1011 633 1091 'posl
660 1001 817 1076 verha
857 1021 945 1076 ubi
977 1024 1079 1090 ait,
1111 1022 1174 1076 Et
1199 1022 1349 1101 Jesus
1377 1025 1666 1093 proﬁciebat
1709 1001 1793 1078 ut.

155 1100 391 1194 pientitt
413 1154 431 1180 ,
459 1121 507 1168 et
536 1122 697 1178 wlate,
729 1123 777 1169 et
821 1116 986 1185 gratia
1021 1115 1158 1184 apud
1189 1100 1350 1168 Deum
1377 1123 1421 1168 et
1450 1115 1695 1182 homines,
1725 1116 1792 1172 de
1827 1166 1829 1168 .

155 1201 431 1284 Joannis
464 1206 834 1274 praedicatione
858 1208 966 1278 jam
998 1209 1235 1278 sequitur
1263 1208 1444 1263 dicens
1474 1227 1486 1262 :
1522 1209 1666 1263 Anno
1693 1227 1788 1263 au-

152 1302 270 1370 tem
321 1296 514 1368 quinto
563 1296 752 1351 decimo
791 1297 989 1368 imperii
1016 1295 1199 1351 Tiber-ii
1232 1297 1460 1363 Caesaris,
1494 1310 1791 1370 procurante

154 1369 384 1462 Pontio
409 1384 579 1440 Pilato
595 1385 850 1451 Judtcam,
865 1389 1113 1442 tetrarcha
1135 1398 1298 1440 autent
1325 1369 1548 1442 Galilauc
1565 1389 1782 1454 Herode,

155 1453 451 1545 filiilippo
477 1479 642 1532 autem
669 1481 825 1547 fratre
852 1481 959 1547 ejus
989 1479 1237 1531 tetrarcha
1269 1477 1468 1532 Iturtca:
1489 1489 1533 1533 et
1563 1453 1788 1534 Truc/tm

153 1553 362 1619 nitidis
423 1567 676 1637 regionis,
725 1577 772 1621 et
826 1565 1046 1638 Lysania
1094 1567 1309 1623 Abilina:
1362 1571 1645 1636 tetrarcha,
1695 1573 1784 1625 sub

156 1649 512 1728 principibus
535 1659 846 1712 sacerdotum
869 1649 1012 1712 Anna
1038 1670 1084 1712 et
1110 1659 1302 1731 Caipha
1322 1703 1336 1728 ,
1364 1666 1550 1731 factum
1580 1673 1649 1717 est
1671 1681 1783 1718 ver-

156 1739 292 1803 bum
333 1748 551 1822 Domini
578 1767 728 1820 super
749 1749 997 1804 Joannem
1023 1750 1257 1805 Zahariw
1277 1753 1440 1820 ﬁlium
1477 1754 1530 1806 in
1566 1754 1777 1822 deserto,

155 1850 275 1897 etc.
305 1821 478 1914 (Luc.
497 1857 570 1906 Ill,
598 1827 647 1908 l,
665 1835 744 1913 2).
780 1831 1007 1897 .loannes
1023 1859 1228 1913 quoque
1249 1846 1519 1914 apostolus
1541 1846 1592 1899 in
1613 1821 1783 1900 Evam

153 1919 396 2020 gelislis
428 1939 655 2004 quatuor
680 1935 1148 2016 eminentissimus,
1179 1945 1517 2004 posteaquam
1558 1921 1687 1990 dixit
1713 1936 1781 1992 de

153 2003 369 2080 Verbo
393 2016 512 2090 Dei,
528 2025 615 2093 qui
647 2033 727 2078 est
758 2023 870 2093 ipse
895 2011 1059 2078 Filius
1084 2033 1204 2078 ante
1225 2025 1398 2078 omnia
1416 2025 1606 2078 smcnla
1627 2041 1778 2080 crea-

157 2105 340 2181 tum,
372 2114 500 2185 quia
551 2113 726 2169 omnia
774 2131 866 2184 per
895 2115 1064 2185 ipsum
1093 2116 1223 2170 facta
1259 2125 1380 2170 sunt
1401 2159 1413 2179 ,
1444 2118 1616 2170 intulit
1653 2133 1778 2171 con-

155 2205 330 2259 tinuo
362 2189 436 2259 de
474 2192 693 2261 Joannis
723 2206 1094 2276 praedicatione
1132 2223 1194 2263 ac
1222 2211 1523 2264 testimonio
1552 2199 1732 2264 dicens
1759 2229 1772 2266 :

158 2276 215 2349 F
218 2297 302 2350 uit
331 2287 493 2374 homo
519 2283 696 2350 missus
717 2315 747 2349 a
767 2297 893 2361 Deo,
919 2299 1000 2351 cui
1022 2316 1200 2353 nomen
1223 2311 1328 2353 erat
1347 2299 1572 2354 Joannes
1596 2302 1772 2369 (Joan.

156 2401 198 2452 ι,
226 2377 320 2457 6).
372 2372 654 2455 Undejam
673 2375 952 2441 videndum
974 2396 1074 2453 est,
1102 2388 1166 2442 de
1188 2387 1300 2457 ipso
1320 2387 1522 2443 Joanne
1547 2391 1774 2458 Baptista

158 2486 419 2551 quatuor
456 2457 906 2548 Evangelistarum
958 2482 1284 2534 narrationes
1331 2483 1773 2551 quemadmodum

157 2555 314 2626 inter
344 2584 412 2625 se
433 2587 534 2626 non
554 2569 859 2627 discordent
885 2590 896 2626 :
921 2587 1025 2627 non
1048 2581 1104 2626 ut
1129 2557 1228 2627 hoc
1249 2589 1276 2626 a
1301 2575 1451 2627 nobis
1478 2590 1571 2642 per
1595 2576 1773 2629 Oltlltia

159 2663 492 2735 requiratur
527 2671 619 2744 aut
657 2661 924 2745 exigatur,
955 2665 1094 2735 quod
1127 2665 1281 2721 modo
1321 2667 1536 2721 fecimus
1572 2668 1638 2722 de
1670 2668 1776 2737 pri-

159 2755 409 2810 mordiis
433 2741 542 2809 nati
571 2771 634 2810 ex
667 2741 826 2810 Maria
847 2741 1063 2823 Christi,
1086 2757 1529 2826 quemadmodum
1557 2761 1696 2813 inter
1713 2773 1770 2812 se

161 2829 466 2903 Matthaeus
494 2847 765 2917 Lucasque
790 2849 1142 2912 consentiant,
1174 2859 1228 2903 ιιι
1257 2865 1320 2903 ex
1351 2851 1622 2920 utriusque
1649 2865 1772 2905 nar-

164 2940 394 3014 ratione
425 2956 582 2995 unam
633 2940 924 2995 faceremus
944 2983 959 3007 ,
987 2941 1410 2996 demonstrantes
1455 2943 1770 2997 tardioribus

166 3015 477 3102 quemlibet
497 3045 680 3086 cormn
703 3031 1169 3086 commemorando
1190 3031 1329 3100 quod
1352 3031 1484 3085 alter
1507 3041 1660 3098 tacet,
1687 3032 1769 3086 vel

168 3106 414 3176 tacendo
443 3105 582 3190 quod
612 3105 746 3175 alter
771 3130 1171 3186 commemorat,
1203 3137 1307 3175 non
1337 3121 1592 3190 impedire
1616 3123 1769 3176 intel-

167 3213 376 3268 lectum
409 3213 609 3267 veracis
650 3214 966 3267 narrationis
996 3213 1247 3276 alterius;
1276 3221 1330 3265 ut
1368 3212 1467 3266 hoc
1499 3214 1763 3281 exemplo,

165 3307 285 3361 sive
306 3314 378 3372 ut
409 3321 437 3358 a
473 3320 555 3358 me
595 3303 788 3358 factum
819 3314 898 3359 est
919 3345 933 3368 ,
965 3305 1076 3358 sive
1104 3305 1207 3358 alio
1237 3305 1392 3357 modo
1435 3305 1766 3359 commodius

173 3397 297 3452 ﬁeri
347 3397 533 3468 possit,
567 3395 742 3450 videat
785 3397 1143 3464 unusquisque
1169 3405 1221 3449 et
1261 3398 1310 3449 in
1345 3399 1550 3451 caneris
1579 3399 1766 3453 talibus

168 3471 309 3544 locis
343 3488 456 3541 fieri
490 3502 644 3557 posse
673 3487 810 3555 quod
839 3486 924 3541 hic
957 3486 1146 3540 factum
1195 3501 1313 3541 esse
1345 3489 1692 3557 perSpexerit.

246 3581 340 3637 l9.
385 3561 499 3634 jam
529 3595 672 3657 ergo,
706 3587 762 3633 ιιι
788 3578 916 3644 dixi,
947 3578 1217 3633 videamus
1263 3591 1486 3648 quatuor
1527 3580 1764 3650 Evange-

169 3675 489 3746 gelistarum
515 3671 580 3726 de
613 3672 838 3741 Baptista
868 3671 1069 3724 Joanne
1112 3687 1448 3725 consensum.
1491 3673 1766 3730 Mattharns

176 3765 250 3820 ita
282 3765 526 3834 sequitur
556 3781 567 3814 :
597 3762 661 3815 In
689 3759 860 3815 diebus
902 3773 1064 3815 autem
1093 3761 1197 3814 illis
1226 3763 1352 3814 venit
1386 3761 1608 3818 Joannes
1663 3765 1765 3818 Ba-

178 3856 338 3925 ptista
363 3847 646 3924 prtedicans
668 3855 717 3905 in
741 3853 932 3906 deserto
944 3851 1155 3907 Juda'tv.
1182 3853 1385 3907 Marcus
1405 3872 1504 3908 non
1525 3856 1674 3922 dixit,
1697 3855 1763 3910 In

174 3945 350 4000 diebus
370 3944 498 4009 illis;
519 3943 635 4013 quia
654 3943 848 3998 nullam
871 3943 1060 3997 seriem
1085 3958 1258 3997 rerum
1275 3954 1394 3997 ante
1415 3946 1760 4013 praemiserat,

173 4019 227 4093 in
260 4053 485 4110 quarum
526 4051 700 4089 rerum
729 4034 914 4088 diebus
944 4035 1320 4104 intelligeretur
1358 4036 1564 4099 dicere,
1594 4037 1635 4092 si
1675 4037 1760 4091 di-

176 4138 353 4197 ceret,
390 4127 453 4182 In
483 4128 584 4181 illis
610 4126 802 4180 diebus.
843 4125 1012 4179 Lucas
1039 4136 1213 4180 autem
1237 4142 1328 4194 per
1355 4135 1640 4195 potestates
1663 4137 1763 4181 ter-

174 4235 332 4275 renas
364 4219 656 4288 signantius
686 4219 796 4287 ipsa
826 4226 1060 4284 tempora
1082 4217 1340 4285 expressit
1369 4218 1758 4286 prrcdicationis

179 4310 264 4364 vel
303 4307 550 4377 baptismi
579 4306 794 4360 Joannis
825 4306 1004 4360 dicens
1035 4323 1047 4358 :
1073 4303 1219 4358 Anno
1268 4315 1431 4359 autent
1467 4309 1638 4377 quinto
1673 4309 1760 4362 de-

181 4401 313 4454 cimo
339 4399 535 4468 imperii
562 4396 747 4450 Tiberii
788 4385 1016 4456 Caesaris,
1047 4407 1343 4464 procurante
1371 4395 1552 4451 Pontio
1591 4397 1760 4453 Pilato

174 4489 410 4547 Judaeum
432 4533 446 4556 ,
479 4489 726 4542 tetrarcha
761 4497 923 4540 autem
966 4486 1190 4541 Gali/teat
1220 4486 1420 4541 Herode
1445 4529 1460 4555 ,
1511 4488 1758 4561 Philippo

176 4597 342 4640 autem
372 4587 526 4653 fratre
551 4581 658 4650 ejus
687 4579 931 4632 tetrarcha
968 4577 1164 4632 Iturtetc
1202 4589 1248 4632 et
1270 4577 1643 4637 Trachonitidis
1671 4600 1756 4636 re-

175 4677 359 4748 gionis,
390 4684 434 4727 et
459 4672 680 4741 Lysania
701 4671 916 4725 Abilinae
945 4673 1210 4732 tetrarcha,
1235 4672 1323 4725 sub
1353 4675 1656 4743 principibus
1677 4693 1755 4729 su-

178 4767 432 4822 cerdotum
463 4765 606 4817 Anna
648 4773 693 4816 et
736 4762 928 4832 Caipha
953 4802 968 4826 ,
997 4767 1183 4830 factum
1223 4773 1292 4815 est
1336 4763 1532 4817 verbum
1556 4765 1758 4821 Domini

177 4873 326 4928 super
350 4855 602 4909 Joannem
626 4852 890 4908 Zacharias
914 4853 1076 4921 ﬁlium
1106 4852 1158 4904 in
1192 4853 1402 4905 deserto.
1444 4855 1550 4910 Nec
1581 4865 1754 4913 tamen

182 4939 469 5017 intelligere
506 4944 759 4998 debemus
789 4942 887 4997 hos
929 4943 1062 5007 dies,
1094 4941 1140 4994 id
1171 4952 1251 4996 est
1280 4944 1378 4997 huc
1417 4954 1623 5014 tempus
1662 4947 1754 5002 ha-

182 5054 292 5107 rum
334 5044 670 5107 potestatum,
701 5033 1024 5106 significasse
1053 5033 1353 5088 Matthzcum
1381 5052 1500 5090 cum
1529 5038 1750 5106 diceret,

183 5105 255 5202 in.
273 5105 440 5202 diebus
466 5125 603 5188 illis;
631 5123 725 5180 sed
755 5105 805 5196 in
839 5123 1004 5198 multo
1028 5123 1278 5191 longioris
1305 5128 1556 5194 temporis
1584 5105 1754 5198 spatio

183 5199 404 5274 voluisse
431 5217 616 5287 accipi,
646 5215 786 5292 quod
812 5215 904 5292 ait,
936 5213 1000 5267 In
1028 5214 1199 5267 diebus
1227 5216 1348 5270 illis.
1389 5218 1506 5272 Mox
1535 5221 1674 5274 enim
1698 5230 1753 5276 ut

186 5313 408 5388 narravit
438 5326 705 5366 reversum
736 5309 804 5364 de
833 5307 1064 5381 Egypto
1104 5307 1367 5364 Christum
1407 5320 1611 5366 mortuo
1643 5313 1748 5368 lle-

185 5404 342 5482 rode;
372 5402 514 5475 quod
539 5403 720 5474 utique
756 5412 994 5474 tempore
1017 5405 1249 5459 infantiae
1276 5406 1358 5459 vel
1383 5407 1613 5473 pueritia:
1637 5406 1750 5474 ejus

188 5477 368 5550 factum
415 5503 496 5549 est
519 5534 534 5559 ,
570 5501 629 5548 ut
669 5496 833 5565 possit
866 5506 1109 5551 constare
1147 5497 1285 5568 quod
1328 5497 1495 5552 Lucas
1531 5498 1597 5552 de
1637 5498 1743 5563 illo,

187 5600 299 5640 cum
327 5584 609 5666 duodecim
648 5601 906 5661 annorum
953 5597 1134 5664 esset,
1178 5598 1380 5659 gestum
1424 5589 1654 5644 narravit
1696 5591 1746 5644 in

122 5746 131 5759 ζ
193 5676 376 5759 templo
395 5675 852 5759 JerusalchLuc.
869 5677 928 5742 ti,
952 5673 1139 5751 4250)
1167 5699 1178 5734 :
1202 5696 1321 5736 cum
1342 5695 1469 5750 ergo
1493 5679 1745 5736 infantem

115 5755 132 5797 ’
190 5755 262 5823 vel
296 5784 509 5840 puerum
548 5783 614 5824 ex
651 5755 882 5840 [Egypto
931 5780 1232 5827 revocatum
1275 5783 1745 5830 commemorasset

1903 658 2003 712 lius
2029 660 2142 716 dies
2172 662 2461 732 insinuans,
2495 668 2586 722 sed
2615 684 2799 724 omnes
2822 671 2936 726 dies
2960 674 3024 727 ab
3051 675 3166 744 ejus
3200 677 3475 736 nativitate

1903 765 2068 820 usque
2098 753 2165 808 ad
2210 764 2414 825 tempus
2440 773 2545 827 quo
2587 760 2874 829 praedicare
2907 779 2970 818 ac
3014 763 3279 834 baptizare
3315 771 3475 841 erepit

1899 842 2149 911 Joannes,
2175 861 2280 916 quo
2302 847 2409 917 jam
2440 857 2677 920 tempore
2702 850 2894 907 Christi
2919 853 3166 922 juvenilis
3195 857 3208 888 ¹
3241 861 3370 912 mm
3395 860 3476 914 ln-

1898 936 2142 1001 venitur;
2174 938 2292 1006 quia
2323 939 2483 992 coaevi
2514 949 2665 994 erant
2703 941 2816 1012 ipse
2840 951 2892 996 et
2914 943 3163 1008 Joannes,-
3188 956 3240 1000 et
3262 947 3471 1016 triginta

1898 1027 2062 1084 ferme
2085 1044 2344 1085 annorum
2376 1040 2620 1087 narratur
2647 1033 2804 1089 fuisse
2831 1045 2950 1089 eum
2971 1037 3039 1090 ab"
3067 1036 3158 1092 illo
3180 1038 3471 1096 baeticatus

1896 1130 2056 1175 BSSBI;
2529 1141 2534 1146 ”

2119 1213 2345 1270 CAPUT
2384 1214 2491 1271 VII.
2521 1247 2590 1255 —
2610 1216 2688 1271 De
2711 1216 2902 1271 duobus
2931 1216 3231 1273 "cratibus.

1962 1303 2049 1358 20.
2090 1303 2192 1360 Sed
2224 1305 2380 1374 plane
2407 1306 2473 1361 de
2512 1306 2720 1363 HtErode
2759 1307 2892 1363 sdlet
2934 1323 3146 1363 movere
3189 1309 3467 1368 nonnullos

1891 1394 2030 1465 quod
2056 1396 2226 1450 Lucas
2255 1399 2511 1460 narravit,
2541 1398 2593 1452 in
2625 1398 2810 1453 diebus
2835 1399 3079 1468 baptismi
3109 1400 3328 1456 Joannis
3357 1401 3467 1458 He-

1890 1483 2071 1539 rodem
2102 1483 2264 1540 fuisse
2301 1487 2617 1541 tetrarcham
2659 1487 3148 1558 Galilzcze,ijuando
3171 1490 3330 1545 etiam
3359 1492 3464 1546 Do-

1889 1575 2063 1629 minus
2073 1575 2282 1645 juvenis
2301 1577 2594 1645 baptizatus
2611 1586 2690 1631 est
2713 1577 2860 1650 (Luc;
2888 1595 2965 1645 nt,
2984 1579 3135 1649 l-Ql)
3157 1580 3462 1644 ;Matthaaus

1887 1677 2086 1735 autem,
2116 1678 2325 1724 mortuo
2356 1670 2583 1736 Herode,
2611 1671 2737 1724 dicit
2767 1686 2984 1740 puerum
3003 1671 3182 1726 Iesum
3208 1673 3275 1728 ah
3302 1672 3463 1745 ὥπ-

1887 1770 1977 1830 pto
1998 1776 2262 1815 remeasse
2288 1781 2300 1816 :
2322 1761 2459 1830 quod
2492 1771 2772 1831 utrumque
2792 1777 2973 1815 verum
2999 1770 3116 1816 esse
3142 1767 3243 1815 non
3266 1767 3458 1832 potetst,

1886 1852 1985 1905 nisi
2026 1850 2130 1905 duo
2154 1850 2317 1907 fuisse
2346 1853 2704 1922 intelligantur
2735 1852 2986 1908 Herodes;
3019 1853 3168 1921 Quod
3192 1869 3313 1908 cum
3345 1854 3460 1910 fieri

1883 1942 2118 2012 patuisse
2163 1958 2320 1996 nemo
2361 1945 2580 2009 nesciat,
2625 1952 2726 2013 qua
2766 1944 3001 1998 excitate
3042 1945 3327 2012 insaniunt,
3368 1946 3458 2016 qtti

1886 2034 2226 2102 procliviores
2261 2043 2384 2086 sunt
2414 2033 2479 2087 ad
2519 2033 2944 2089 calumniandum
2983 2034 3298 2105 evangelica
3323 2037 3460 2091 veri-

1885 2125 1996 2190 tati,
2019 2141 2175 2194 quam
2210 2125 2476 2193 paululum
2504 2125 2961 2191 consideratiores,
2990 2134 3046 2179 ut
3065 2126 3196 2179 tinos
3217 2125 3458 2182 homines

1879 2216 2068 2270 eodem
2084 2216 2340 2271 vocabulo
2359 2217 2648 2285 appellatos
2663 2216 2954 2286 intelligant
2969 2217 2992 2270 ?
3007 2217 3157 2285 cujus
3179 2216 3254 2271 illi
3269 2219 3456 2272 Hem-

1880 2306 1979 2375 plis
2034 2307 2188 2375 plena
2229 2316 2352 2361 sunt
2379 2308 2580 2361 omnia.
2623 2306 2753 2360 Nam
2790 2307 2888 2360 iste
2917 2307 3178 2376 posterior
3219 2307 3455 2363 Herodes

1880 2395 2070 2464 prioris
2084 2396 2307 2450 Herodis
2322 2397 2458 2452 illius
2473 2395 2634 2451 fuisse
2651 2397 2981 2466 perhibetur;
3000 2398 3136 2452 sicut
3147 2395 3453 2465 Archelaus,

1877 2504 2035 2558 quem
2072 2488 2345 2542 Matthaeus
2377 2490 2428 2543 in
2455 2489 2650 2543 .lu‘daeaa
2685 2504 2905 2559 regnum
2934 2488 3069 2557 patri
3094 2497 3304 2542 mortuo
3330 2503 3453 2544 suc-

1877 2579 2102 2633 cessisse
2134 2587 2512 2633 Commemorat
2549 2579 2760 2646 (Mattli.
2791 2591 2846 2644 tt,
2882 2579 3106 2649 lii-Q2);
3144 2580 3281 2634 sient
3323 2579 3453 2634 Phi-

1878 2669 2068 2737 lippus,
2093 2684 2249 2738 quem
2282 2669 2500 2723 fratrcm
2529 2669 2807 2725 tetrarclue
2835 2669 3059 2723 Herodis
3079 2678 3133 2723 et
3157 2670 3326 2738 ipsum
3349 2668 3454 2724 ltu-

1876 2773 1997 2812 rane
2023 2758 2343 2813 tetrarcham
2372 2758 2538 2813 Lucas
2565 2759 2812 2813 insinuat.
2850 2759 2960 2813 Rex
2993 2758 3133 2812 enim
3158 2757 3254 2812 fuit
3282 2758 3450 2814 Hero-

1875 2849 1970 2906 des
2001 2851 2086 2904 ille
2116 2852 2204 2920 qui
2233 2853 2501 2921 quierebat
2523 2851 2750 2904 animam
2786 2852 2930 2920 pueri
2957 2849 3184 2918 Christi;
3215 2851 3450 2907 Herodes

1873 2950 2050 2997 autem
2079 2943 2214 2997 alius
2240 2944 2380 2996 filius
2412 2943 2546 3011 ejus,
2587 2953 2691 2995 non
2719 2957 2832 3006 rex,
2864 2942 2956 2997 sed
2997 2943 3254 2996 tetrarelta
3277 2941 3450 2996 dictus

1873 3041 1973 3094 est,
2003 3033 2142 3102 quod
2170 3043 2360 3086 nomen
2435 3049 2630 3087 rzccum
2671 3048 2698 3086 ει
2729 3041 2878 3102 parte
2913 3035 3058 3102 regni
3087 3044 3271 3102 quarta
3309 3033 3445 3088 indi-

1875 3131 1984 3176 tum
2015 3133 2247 3178 resonat.

1870 3211 2095 3268 CAPUT
2135 3211 2266 3267 Vill.
2289 3243 2358 3251 —
2383 3212 2641 3278 Quomodo
2666 3213 2934 3268 Matt/treus
2959 3213 3093 3267 dicat
3117 3214 3339 3269 timuisse
3355 3213 3449 3268 Jo-

1940 3305 2064 3371 seph
2103 3305 2177 3357 ire
2213 3321 2325 3356 cum
2362 3305 2553 3372 infante
2589 3304 2786 3358 Christo
2825 3307 2880 3358 in
2905 3305 3204 3370 Jerusalem,
3246 3317 3450 3377 propter

1941 3395 2279 3456 Archelaum;
2304 3405 2349 3446 et
2378 3410 2475 3446 non
2499 3395 2718 3448 timuisse
2743 3397 2817 3448 ire
2842 3397 2894 3448 in
2922 3395 3204 3462 Galiltcam,
3234 3397 3317 3450 ubi
3342 3407 3447 3470 erat

1942 3487 2186 3537 tetrarcha
2221 3484 2438 3538 Herodes
2460 3485 2612 3553 frater
2642 3487 2768 3548 eius.

1939 3575 1999 3628 2t
2016 3615 2028 3626 .
2071 3575 2182 3629 Nisi
2209 3574 2340 3630 forte
2369 3575 2490 3628 hinc
2515 3589 2695 3629 rursus
2719 3577 2980 3646 quispiam
3008 3585 3300 3640 moveatur.
3322 3593 3441 3634 cum

1871 3665 2148 3719 Matthaeus
2183 3666 2378 3720 dixerit
2407 3665 2524 3719 ideo
2553 3666 2786 3720 timuisse
2806 3665 3000 3735 Joseph
3027 3682 3147 3722 cum
3174 3683 3337 3737 puero
3363 3685 3447 3726 re-

1870 3760 2064 3813 deunte
2091 3759 2165 3812 ire
2196 3759 2245 3811 in
2268 3757 2526 3824 Judaeum,-
2555 3758 2674 3827 quia
2699 3774 2791 3827 pro
2818 3767 2963 3827 patre
2984 3771 3081 3812 suo
3107 3759 3316 3814 Herode
3339 3762 3441 3815 Ar-

1869 3851 2085 3904 chelaus
2113 3849 2248 3903 tilius
2277 3849 2391 3917 ejus
2421 3849 2488 3901 ibi
2517 3849 2801 3916 regnabat;
2826 3848 3090 3918 quomodo
3115 3852 3342 3917 potuerit
3368 3851 3444 3920 ire

1870 3943 1920 3997 iu
1955 3943 2246 4006 Galilteam,
2293 3941 2378 3995 ubi
2419 3941 2553 3994 alius
2590 3941 2725 3995 filius
2765 3939 2878 4009 eius
2910 3940 3145 3995 Herodes
3181 3941 3441 3997 tetrarclla

1869 4045 2004 4101 erat,
2039 4035 2176 4089 sicut
2206 4035 2372 4088 Lucas
2399 4042 2639 4089 testatur.
2673 4034 2833 4101 Quasi
2871 4049 2997 4089 vero
3036 4033 3147 4103 ipsa
3176 4035 3281 4088 sint
3307 4042 3442 4089 tem-

1870 4139 2020 4194 pora,
2057 4125 2246 4194 quibus
2287 4131 2409 4178 tunc
2435 4139 2596 4192 puero
2625 4123 2924 4190 timebatur,
2965 4140 3082 4194 qua:
3109 4134 3248 4179 nunc
3270 4124 3442 4181 Lucus

1867 4217 2320 4279 commemoravit,
2348 4231 2464 4285 qum
2493 4232 2656 4285 usque
2692 4214 2827 4270 adeo
2865 4224 3064 4269 mutata
3101 4225 3272 4281 erant,
3305 4226 3360 4270 ιιι
3387 4218 3438 4272 in

1868 4308 1986 4376 ipsa
2015 4307 2194 4362 Judaea
2222 4322 2323 4359 non
2350 4306 2456 4374 jam
2488 4319 2578 4360 rex
2603 4313 2744 4360 esset
2769 4305 3080 4368 Archelaus,
3107 4305 3201 4360 sed
3223 4306 3439 4360 Pontius

1867 4397 2084 4460 Pilatus,
2117 4398 2204 4466 qui
2233 4412 2338 4450 non
2364 4411 2456 4450 rex
2478 4395 2800 4458 Judteorum,
2825 4394 2919 4450 sed
2949 4409 3144 4464 praeses
3171 4402 3284 4461 erat
3305 4413 3318 4447 :
3341 4411 3438 4450 cu-

1859 4490 1947 4557 jus
1971 4487 2294 4556 temporibus
2315 4496 2530 4556 agentes
2559 4486 2657 4540 sub
2686 4485 2896 4540 Tiberio
2923 4485 3134 4540 Cassare
3153 4486 3244 4542 lilii
3269 4488 3436 4556 maju-

1863 4579 1938 4632 ris
1961 4577 2207 4641 Herodis,
2241 4592 2342 4630 non
2373 4591 2590 4646 regnum
2619 4575 2906 4640 habebant,
2947 4575 3040 4632 sed
3078 4577 3433 4633 tetrarchiam.

1861 4670 2013 4737 Quod
2045 4671 2224 4740 utique
2253 4670 2482 4724 nondum
2523 4670 2713 4723 factum
2741 4675 2875 4735 erat,
2908 4669 3118 4738 quando
3142 4669 3338 4739 Joseph
3367 4671 3435 4725 ti-

1860 4776 2012 4814 mens
2035 4759 2348 4815 Archelaum
2374 4761 2424 4814 in
2448 4759 2626 4814 Judtra
2655 4768 2986 4829 regnantem,
3009 4775 3066 4814 se
3094 4761 3144 4815 in
3167 4761 3433 4816 Galilaeam

1860 4866 1978 4905 cum
2011 4866 2176 4920 puero
2201 4851 2442 4917 contulit,
2476 4851 2563 4907 ubi
2591 4859 2642 4904 et
2668 4850 2852 4904 civitas
2869 4850 2986 4919 ejus
3007 4859 3121 4905 erat
3148 4851 3430 4906 Nazareth.

1859 4939 2085 4994 CAPUT
2126 4939 2216 4993 IX.
2247 4970 2317 4979 —
2347 4939 2606 5006 Quomodo
2639 4941 2772 4992 dicat
2800 4938 3073 4993 Mattheus
3109 4940 3219 4993 ideo
3261 4941 3356 4994 isse
3379 4943 3432 4996 in

1931 5028 2195 5083 Galilaeam
2217 5028 2409 5098 Joseph
2435 5046 2550 5083 cum
2573 5029 2763 5100 infante
2783 5026 2979 5083 Christo
3002 5029 3116 5097 quia
3141 5029 3302 5082 timuit
3329 5028 3430 5083 Ar-

1928 5122 2156 5175 chelaum
2186 5140 2276 5194 pro
2304 5139 2395 5175 suo
2423 5133 2560 5192 patre
2588 5130 2875 5192 regnantem
2899 5121 2950 5173 in
2975 5118 3290 5186 Jerusalem;
3316 5137 3432 5174 cum

1927 5213 2093 5268 Lucas
2121 5215 2253 5268 dicat
2284 5215 2394 5268 ideo
2423 5217 2519 5269 isse
2547 5217 2599 5268 in
2632 5213 2924 5280 Galilteam,
2951 5213 3067 5282 quia
3090 5211 3156 5266 ibi
3186 5221 3291 5266 erat
3317 5211 3431 5266 Na-

1923 5306 2094 5360 zareth
2124 5306 2296 5360 civitas
2321 5322 2513 5360 eorum.
2719 5351 2740 5360 ε

1923 5395 2012 5449 22.
2055 5398 2134 5450 An
2154 5395 2287 5451 forte
2301 5405 2353 5450 et
2370 5395 2471 5449 hoc
2484 5403 2678 5459 movet,
2696 5393 2960 5465 quomodo
2977 5393 3117 5449 dicat
3131 5393 3427 5462 Mattheeus,

1852 5497 2133 5559 propterea
2168 5502 2289 5541 cum
2318 5501 2481 5555 puero
2508 5484 2635 5540 Jesu
2663 5495 2907 5555 parentes
2930 5485 3046 5553 ejus
3073 5486 3178 5540 isse
3207 5485 3259 5540 in
3289 5484 3430 5542 Gali-

1855 5577 2030 5644 leuam,
2058 5577 2178 5647 quia
2209 5586 2354 5633 metu
2380 5576 2626 5633 Archelai
2657 5577 2707 5632 in
2732 5576 2966 5632 Judteam
2996 5577 3074 5632 ire
3113 5577 3426 5646 noluerunt;

1853 5665 1972 5724 cum
2016 5674 2293 5738 propterea
2336 5667 2501 5740 magis
2553 5669 2659 5725 isse
2713 5668 2765 5724 in
2805 5667 3076 5725 Galilaeam
3123 5669 3424 5742 videantur,

1913 5777 3181 5846 tmu,ﬁmmuaamu.acumnmpnnammmu.
