3878 6374
507 368 644 428 1087

468 490 469 493 ‘
505 483 630 554 quia
654 480 845 538 civitas
870 492 1053 535 eorum
1082 488 1196 533 erat
1218 475 1477 532 Nazareth
1515 472 1766 538 Galilaeae,
1803 469 1937 525 sicut
1965 466 2072 522 Lu-

505 588 599 631 cas
626 588 729 630 non
759 572 956 628 tacuit?
984 570 1089 628 Sed
1116 568 1507 641 intelligendum
1537 574 1638 633 est,
1662 564 1751 620 ubi
1774 563 1992 634 angelus
2022 560 2077 615 in

507 666 713 723 somnis
748 666 799 721 in
827 665 1055 737 Egypto
1081 664 1215 720 dixit
1249 662 1314 718 ad
1351 660 1568 731 Joseph,
1608 659 1793 729 Surge,
1834 666 1882 711 et
1909 656 2079 726 accipe

507 773 718 829 puerum
736 768 783 812 et
807 768 1018 811 matrem
1040 757 1166 822 eius,
1192 763 1239 809 et
1260 754 1385 809 vade
1401 754 1454 807 in
1478 762 1660 806 terram
1680 748 1862 814 Israel,
1893 749 1970 803 sic
1997 746 2078 800 in-

508 848 778 915 tellectum
813 862 932 903 esse
968 848 1140 919 primo
1166 862 1193 901 a
1223 844 1440 915 Joseph,
1469 852 1527 898 ut
1550 851 1758 911 putaret
1784 840 1988 911 jussum
2019 852 2078 892 se

510 953 633 995 esse
658 953 881 1010 pergere
905 938 957 993 in
986 938 1257 1003 Judaeam;
1290 935 1403 1007 ipsa
1425 934 1565 989 enim
1587 932 1831 1003 primitus
1854 927 2077 997 intelligi

510 1029 681 1100 potuit
710 1036 847 1084 terra
874 1026 1037 1084 Israel
1066 1046 1079 1082 :
1110 1042 1267 1099 porro
1288 1035 1464 1082 autem
1486 1032 1828 1095 posteaquam
1858 1034 2076 1089 compe-

508 1120 577 1175 rit
603 1118 711 1175 Illic
735 1134 955 1190 regnare
985 1118 1147 1173 lilium
1174 1117 1395 1174 Herodis
1418 1114 1758 1179 Archelaum,
1791 1111 1961 1167 noluit
1980 1110 2080 1165 ob—

502 1211 669 1282 jicere
705 1225 764 1267 se
802 1210 878 1270 illi
903 1210 1159 1281 periculo,
1199 1223 1319 1263 cum
1350 1216 1527 1278 posset
1558 1215 1695 1261 terra
1724 1203 1883 1259 Israel
1920 1203 2078 1258 etiam

506 1300 584 1355 sic
624 1300 864 1371 intelligi,
895 1308 953 1355 ut
992 1310 1047 1357 et
1089 1298 1306 1356 Galilaaa
1335 1298 1441 1354 illic
1482 1297 1842 1367 deputaretur,
1873 1294 1995 1365 quia
2023 1301 2081 1349 et

507 1395 676 1465 ipsam
715 1392 1146 1474 populus.lsrael
1196 1390 1478 1446 incolebat.
1520 1387 1837 1474 Quanquam
1861 1394 1952 1474 _et_
1973 1383 2079 1438 alio

507 1477 667 1533 modo
690 1477 822 1535 solvi
847 1469 1013 1547 possit
1037 1476 1150 1531 haec
1171 1475 1412 1546 quaestio,
1440 1472 1565 1543 quia
1594 1472 1765 1543 potuit
1790 1469 1956 1525 videri
1985 1484 2080 1539 pa-

507 1570 747 1625 rentibus
771 1568 967 1624 Christi
996 1582 1115 1623 cum
1145 1580 1329 1637 puero,
1353 1565 1421 1620 de
1447 1578 1550 1634 quo
1578 1564 1700 1618 talia
1731 1577 1824 1632 per
1847 1560 2082 1631 angelica

507 1676 765 1733 responsa
800 1667 1177 1731 cognoverant,
1219 1674 1325 1713 non
1364 1671 1482 1713 esse
1510 1654 1850 1712 habitandum
1895 1653 1995 1709 nisi
2026 1653 2080 1707 in

509 1751 825 1821 Jerusalem,
858 1753 945 1809 ubi
982 1760 1097 1808 erat
1140 1750 1394 1820 templum
1434 1748 1675 1814 Domini;
1722 1755 1775 1801 et
1802 1755 2083 1816 propterea

510 1844 794 1900 redeuntes
821 1859 886 1901 ex
913 1844 1162 1916 rEgypto,
1195 1843 1319 1898 illuc
1347 1857 1441 1898 eos
1483 1843 1650 1896 ituros
1678 1840 1861 1905 fuisse,
1890 1848 1946 1894 et
1972 1838 2081 1893 illic

510 1937 856 2004 habitatur-os,
890 1938 992 1992 nisi
1014 1935 1263 1991 Archelai
1292 1934 1574 2006 praesentia
1606 1941 1949 1988 terrerentur.
1972 1930 2080 1985 Ne-

511 2044 615 2100 que
638 2028 780 2085 enim
808 2028 1055 2085 divinitus
1076 2026 1394 2096 jubebantur
1423 2025 1492 2080 ibi
1520 2024 1775 2087 habitare,
1810 2032 1867 2077 ut
1887 2021 1955 2077 de
1984 2022 2083 2076 Ar-

511 2118 698 2178 chelao
725 2117 865 2188 quod
893 2117 1147 2173 timebant
1171 2115 1427 2171 deberent
1455 2123 1813 2168 contemnere.

510 2208 737 2267 CAPUT
773 2208 845 2263 Χ.
874 2237 944 2248 -
970 2206 1233 2273 Quomodo
1270 2205 1435 2259 Lucas
1470 2204 1609 2272 dicit,
1651 2203 1800 2259 Ibant
1835 2211 2083 2272 parentes

582 2302 701 2372 ejus
730 2315 824 2371 per
850 2314 1034 2355 omnes
1062 2312 1231 2353 annos
1263 2298 1313 2351 in
1344 2296 1634 2351 Jerusalem
1663 2296 1716 2349 in
1744 2294 1830 2350 die
1854 2294 2080 2349 solemni

583 2393 803 2452 Pascha:
829 2408 943 2446 cum
975 2390 1066 2445 illo
1090 2406 1276 2460 puero;
1317 2405 1430 2443 cum
1464 2388 1598 2441 dicat
1637 2385 1907 2440 Hattlueus
1948 2383 2084 2455 quod

581 2493 717 2541 metu
736 2480 1375 2538 Archelai'tt'muerintilluc
1390 2480 1463 2533 ire
1476 2478 1537 2532 ab
1555 2476 1784 2549 Egypto
1801 2478 2081 2531 redeuntes.

581 2577 672 2635 23.
713 2578 797 2631 An
825 2584 879 2631 et
910 2574 1014 2629 hoc
1052 2572 1241 2643 aliquis
1277 2571 1438 2627 dicit:
1462 2570 1738 2639 Quomodo
1774 2584 1921 2639 ergo,
1949 2569 2087 2623 sicut

516 2670 687 2727 Lucas
720 2676 919 2732 narrat,
951 2666 1097 2721 ibant
1125 2673 1370 2735 parentes
1410 2663 1526 2732 ejus
1558 2677 1656 2733 per
1695 2675 1882 2717 omnes
1919 2675 2086 2716 annos

515 2759 752 2832 pueritiae
774 2756 968 2813 Christi
998 2756 1052 2810 in
1070 2754 1385 2821 Jerusalem,
1410 2755 1452 2809 si
1484 2753 1728 2809 Archelai
1751 2753 1939 2807 timore
1964 2752 2088 2806 illuc

514 2850 930 2924 prohibebantur
947 2846 1239 2903 accedere?
1262 2844 1372 2900 Hoc
1399 2844 1527 2899 mihi
1551 2843 1843 2899 dissolvere
1873 2857 1976 2896 non
1998 2855 2086 2896 es-

516 2952 599 3000 set
623 2941 858 3007 difficile,
886 2955 985 2996 nec
1009 2939 1055 2995 si
1084 2938 1273 3009 aliquis
1309 2937 1758 3008 Evangelistarum
1797 2934 2090 3004 expressis-

517 3041 619 3100 set,
647 3032 897 3105 quamdiu
917 3030 987 3086 ibi
1017 3037 1262 3097 regnaret
1283 3027 1595 3083 Archelaus.
1619 3028 1760 3083 Fieri
1779 3028 1923 3081 enim
1950 3035 2091 3096 pate-

520 3134 603 3181 rat
632 3132 690 3179 ut
717 3138 812 3195 per
838 3121 981 3176 diem
1025 3119 1214 3175 festum
1246 3120 1382 3173 inter
1422 3125 1529 3172 tam
1574 3118 1837 3189 ingentem
1881 3117 2091 3172 turbam

520 3217 746 3272 latenter
769 3212 1142 3279 ascenderem,
1183 3226 1305 3267 mox
1340 3212 1623 3278 reversuri,
1653 3210 1742 3265 ubi
1773 3218 1946 3265 tamen
1977 3210 2093 3264 aliis

520 3306 705 3363 diebus
738 3304 976 3360 habitare
1010 3310 1344 3359 metuerent:
1377 3310 1435 3357 ut
1468 3316 1567 3357 nec
1596 3301 1930 3357 solemnitate
1959 3316 2095 3371 prae-

523 3394 768 3453 terruissa
812 3402 991 3449 essent
1029 3392 1327 3463 irreligiosi,
1378 3406 1476 3447 nec
1520 3391 1768 3446 continua
1818 3392 2096 3445 mansione

520 3488 811 3559 conspicui.
842 3487 974 3543 Cum
1010 3500 1137 3542 vero
1162 3486 1319 3541 etiam
1359 3484 1425 3540 de
1460 3499 1624 3556 regno
1652 3484 1896 3540 Archelai
1935 3500 2095 3554 quam

520 3579 678 3636 fuerit
692 3577 1018 3644 diuturnum,
1042 3591 1225 3631 onmes
1245 3575 1522 3640 tacuerint,
1544 3575 1643 3630 iste
1656 3589 1863 3645 quoque
1884 3574 2096 3629 intelle-

521 3679 639 3727 ctus
661 3677 825 3741 patet,
859 3677 919 3724 ut
942 3667 1083 3740 quod
1122 3667 1291 3723 Lucas
1326 3666 1453 3723 dicit
1474 3680 1570 3736 per
1597 3681 1781 3721 omnes
1810 3680 1978 3720 annos
2003 3680 2097 3720 eos

522 3759 814 3819 ascendere
841 3759 1028 3815 solitos
1058 3759 1109 3813 in
1136 3758 1430 3813 Jerusalem
1457 3756 1605 3828 (Luc.
1632 3773 1687 3823 ιι,
1721 3756 1833 3827 ll),
1861 3765 1985 3811 tunc
2009 3771 2098 3811 ac-

521 3851 778 3922 cipiamus
811 3848 1124 3914 factitatum,
1167 3863 1286 3904 cum
1313 3848 1423 3918 jam
1457 3861 1561 3901 non
1602 3846 1875 3901 timeretur
1898 3846 2100 3901 Arche-

524 3941 662 3996 laus.
693 3938 846 4007 Quod
877 3940 933 4015 si
972 3938 1216 3994 Archelai
1248 3952 1465 4007 regnum
1495 3937 1763 4006 aliquanto
1800 3937 2098 3993 diuturnius

525 4031 629 4087 ulla
659 4039 850 4100 praeter
882 4028 1221 4099 Evangelium
1257 4028 1432 4095 prodit
1456 4028 1693 4093 historia,
1720 4029 1806 4083 cui
1842 4029 1974 4084 fides
2002 4029 2099 4083 ha-

525 4120 698 4179 benda
728 4119 1001 4187 videatur;
1037 4118 1166 4175 illud
1192 4118 1333 4189 quod
1372 4119 1615 4189 superius
1656 4120 1770 4174 dixi
1809 4121 2094 4188 suffecerit,

508 4214 666 4288 quod
696 4215 766 4270 ita
793 4213 1048 4269 timebant
1071 4221 1315 4283 parentes
1342 4213 1490 4282 pueri
1521 4211 1899 4268 habitationem
1928 4215 1978 4268 in
2012 4213 2100 4268 Je-

523 4306 777 4373 rusalem,
811 4313 866 4360 ut
901 4313 1078 4361 tamen
1110 4313 1324 4375 propter
1366 4304 1458 4358 Dei
1487 4303 1733 4359 timorem
1762 4304 2099 4360 festivitatem

524 4397 819 4453 solemnem
863 4410 968 4451 non
996 4395 1483 4466 praetermitterent,
1520 4395 1571 4449 in
1612 4410 1716 4465 qua
1742 4396 1909 4451 latere
1946 4395 2099 4450 facil-

525 4488 653 4544 lime
695 4495 955 4559 possent:
985 4502 1157 4558 neque
1197 4488 1338 4543 enim
1384 4488 1696 4544 incredibile
1736 4497 1837 4553 est,
1878 4489 2101 4558 captatis

525 4580 860 4650 temporibus
878 4581 1190 4650 opportunis
1209 4580 1291 4635 vel
1315 4579 1522 4635 dierum
1542 4581 1624 4635 vel
1650 4580 1920 4641 horarum,
1943 4594 2098 4635 acce-

521 4673 652 4729 dere
677 4673 922 4728 homines
941 4672 1008 4728 ad
1031 4688 1093 4728 ea
1114 4673 1227 4728 loca
1250 4673 1302 4727 in
1329 4673 1520 4743 quibus
1541 4688 1661 4729 esse
1689 4671 1992 4727 formidant.

522 4762 751 4820 CAPUT
788 4762 876 4818 X1.
909 4793 982 4804 —
1009 4763 1270 4829 Quomodo
1313 4764 1596 4833 potuerint,
1640 4763 1896 4834 completis
1929 4763 2102 4818 diebus

595 4854 910 4927 purgationis
948 4840 1355 4921 matris'CItristi,
1395 4855 1524 4907 sicut
1562 4852 1725 4907 Lucas
1751 4854 1888 4919 dicit,
1923 4870 2101 4908 ascen.

594 4947 713 5002 dere
744 4961 859 4999 cum
886 4942 978 4999 illo
1002 4943 1056 4998 in
1080 4944 1320 5014 templum
1363 4944 1430 4997 ad
1455 4944 1738 5014 peragenda
1765 4944 2026 5010 solemnia,
2059 4946 2104 5000 si

593 5035 868 5092 secundum
897 5032 1198 5088 Matt/avum
1220 5033 1326 5100 iam
1362 5031 1574 5101 Herodi,
1606 5050 1695 5104 per
1728 5034 1909 5104 Magos
1931 5046 2103 5089 notum

593 5137 701 5186 erat
718 5144 834 5184 eum
853 5137 1049 5197 natum,
1076 5142 1167 5198 pro
1193 5142 1311 5196 quo,
1339 5141 1455 5180 cum
1483 5142 1595 5180 eum
1621 5137 1883 5197 quareret,
1916 5137 1986 5182 tot
2014 5145 2103 5183 oc-

592 5223 715 5279 cidit
742 5223 980 5293 infantes.

592 5316 683 5372 24.
724 5313 859 5369 Hinc
902 5312 1063 5368 etiam
1113 5310 1227 5365 illa;
1244 5308 1467 5365 solvitur
1498 5309 1741 5379 qmestio,
1790 5309 1833 5362 si
1875 5309 2101 5380 aliquem

523 5414 723 5473 movet,
755 5419 877 5461 cum
906 5403 1017 5474 jam
1060 5402 1321 5457 sollicitus
1352 5409 1497 5456 esset
1537 5401 1625 5457 ille
1668 5401 1836 5471 major
1867 5401 2104 5459 Herodes

522 5497 800 5574 perculsus
826 5497 1098 5568 Magorum
1140 5495 1344 5561 nuntio,
1375 5494 1517 5565 quod
1547 5510 1638 5550 rex
1677 5493 1981 5550 Judmorum
2009 5511 2103 5551 na-

524 5603 612 5649 tus
639 5590 845 5659 fuisset,
876 5589 1144 5661 quomodo
1179 5589 1447 5660 potuerint
1468 5590 1747 5660 completis
1769 5588 1954 5646 diebus
1976 5605 2104 5662 pur-

525 5687 759 5759 gationis
800 5684 985 5741 matris
1011 5683 1127 5755 ejus
1166 5693 1276 5740 tuto
1298 5699 1420 5740 cum
1447 5684 1539 5739 illo
1576 5686 1865 5741 ascendere
1894 5686 1946 5740 in
1973 5695 2104 5740 tem-

529 5777 695 5847 plum,
719 5787 777 5832 ut
808 5776 997 5831 fierent
1022 5776 1160 5831 circa
1185 5791 1307 5829 eum
1344 5775 1634 5831 secundum
1668 5776 1861 5845 Legem
1894 5778 2100 5833 Domini

1292 362 1381 418 DE
1431 358 1778 419 CONSENSU
1828 349 2465 419 EVANGELISTARUM,
2496 350 2552 407 S.
2594 347 2957 406 AUGUSTINI

3651 352 3752 411 1088

2187 497 2306 552 qua:
2330 482 2496 538 Lucas
2515 490 2915 538 commemorat.
2937 480 3069 548 Quis
3086 481 3262 542 enim
3287 494 3405 535 non
3425 480 3615 550 videat,
3634 486 3753 542 etiam

2185 572 2330 626 illum
2358 588 2519 627 unum
2545 571 2687 628 diem
2713 586 2891 642 regem
2919 571 3111 626 multis
3130 579 3480 641 occupatum
3507 571 3661 629 latere
3682 590 3753 645 po-

2186 663 2383 719 tuisse?
2423 662 2476 719 Si
2508 673 2685 719 autem
2727 662 2857 718 illud
2886 662 3196 719 verisimile
3241 676 3361 719 non
3403 662 3625 734 videtur,
3647 667 3752 739 quod

2185 755 2421 811 Herodes
2468 756 2556 826 qui
2599 754 2750 811 valde
2787 754 3042 811 sollicitus
3084 754 3491 826 exspectabat,
3532 756 3648 828 quid
3680 760 3754 815 sibi

2186 848 2319 918 Magi
2340 847 2408 902 de
2438 861 2603 917 puero
2630 846 3012 913 renuntiarent,
3047 853 3192 918 post
3218 854 3341 901 tam
3381 846 3579 904 multos
3597 846 3692 904 dies
3713 863 3755 904 se

2183 939 2350 994 sensit
2372 938 2611 1006 illusum,
2638 946 2694 993 ut
2720 944 2984 993 transacto
3021 945 3294 1008 tempore
3321 936 3648 1009 purgationis
3667 953 3755 993 tm-

2183 1029 2281 1084 tris
2318 1028 2452 1099 ejus,
2489 1038 2544 1084 et
2569 1035 2785 1099 peracta
2810 1028 2953 1084 circa
2992 1027 3279 1083 infantem
3322 1026 3654 1083 solemnitate
3675 1029 3756 1099 pri-

2184 1119 2567 1189 mogenitorum
2601 1118 2653 1173 in
2681 1118 2881 1188 templo
2917 1117 3258 1184 Jerusalem,
3303 1125 3433 1188 post
3468 1117 3622 1173 etiam
3657 1133 3751 1187 pro-

2186 1210 2473 1266 fectionem
2498 1224 2683 1265 eorum
2708 1210 2762 1265 in
2783 1208 3097 1281 Egyptum,
3126 1209 3191 1265 in
3217 1216 3470 1264 mentem
3498 1206 3573 1263 illi
3590 1208 3754 1264 venerit

2184 1316 2423 1372 quaerere
2462 1300 2690 1355 animam
2734 1301 2905 1370 pueri,
2933 1300 3004 1355 'et
3043 1313 3263 1356 necare
3305 1306 3389 1355 tot
3432 1297 3665 1370 parvulos
3689 1299 3752 1353 :si

2187 1394 2288 1450 hoc
2314 1407 2443 1465 ergo
2466 1402 2663 1461 movet,
2691 1393 2881 1449 omitto
2911 1392 3091 1449 dicere
3119 1398 3271 1463 quot
3298 1400 3360 1448 et
3396 1391 3604 1463 quantis
3626 1405 3752 1447 οοαιο

2185 1488 2485 1559 pationibus
2514 1487 2657 1558 regia
2685 1502 2813 1542 cura
2844 1485 3079 1542 distendi
3110 1483 3391 1556 potuerit,
3422 1492 3478 1540 et
3503 1499 3595 1555 per
3620 1483 3750 1556 pluri-

2184 1595 2302 1636 mos
2320 1580 2433 1636 dies
2458 1580 2525 1635 ab
2554 1578 2641 1635 illa
2668 1578 2958 1634 intentione
2979 1577 3064 1632 vel
3094 1576 3287 1633 averti
3309 1574 3557 1642 omnino,
3580 1573 3655 1629 vel
3672 1574 3749 1629 im-

2188 1672 2371 1744 pediri.
2404 1671 2584 1741 Neque
2609 1672 2751 1726 enim
2776 1668 3080 1727 enumerari
3124 1676 3372 1738 possunt
3404 1681 3577 1723 causa
3595 1666 3746 1737 quibus

2186 1764 2289 1819 hoc
2314 1765 2539 1834 potuerit
2571 1761 2842 1828 accidere;
2870 1776 3003 1832 quas
3027 1770 3222 1816 tamen
3261 1759 3469 1815 multas
3491 1768 3545 1815 et
3571 1773 3747 1829 magnas

2186 1869 2305 1909 esse
2337 1855 2571 1926 potuisse
2600 1868 2757 1908 nemo
2785 1853 2853 1908 ita
2876 1866 3054 1907 rerum
3086 1851 3466 1906 humanarum
3487 1850 3743 1920 inexpertus

2186 1957 2287 2015 est,
2313 1956 2373 2003 ut
2396 1956 2485 2003 aut
2512 1955 2689 2018 neget,
2724 1953 2814 2001 aut
2842 1945 3066 2001 dubitet.
3101 1944 3286 2015 Cujus
3310 1943 3459 1998 enim
3486 1938 3744 2011 cogitationi

2186 2056 2295 2095 non
2318 2048 2580 2106 occurrat,
2608 2053 2765 2109 quam
2805 2036 2968 2092 multa
3008 2036 3115 2091 alia
3145 2034 3479 2092 terribiliora
3507 2032 3613 2104 regi
3635 2047 3741 2086 nun-

2188 2131 2307 2186 tiari
2335 2131 2602 2202 potuerint
2627 2144 2722 2183 seu
2747 2143 2873 2184 vera
2902 2144 2995 2183 seu
3016 2126 3182 2194 falsa,
3209 2135 3272 2181 ut
3289 2125 3388 2197 qui
3414 2138 3588 2194 regem
3606 2121 3742 2176 infan-

2188 2232 2293 2279 tem
2323 2230 2440 2291 post
2472 2221 2671 2291 aliquot
2698 2234 2867 2274 annos
2903 2218 3004 2273 sibi
3030 2218 3121 2274 vel
3150 2217 3282 2273 filiis
3320 2216 3436 2272 suis
3474 2212 3736 2268 adversatu-

2187 2328 2303 2368 rum
2338 2313 2601 2376 timuerat,
2641 2309 2937 2379 aliquorum
2972 2308 3145 2379 magis
3178 2303 3636 2377 propinquantium
3666 2315 3738 2370 pe-

2188 2405 2473 2459 riculorum
2513 2402 2802 2458 terroribus
2844 2401 3089 2471 agitatus,
3133 2399 3210 2454 ab
3249 2399 3345 2454 illa
3385 2412 3511 2455 cura
3547 2403 3734 2452 mentem

2188 2495 2459 2565 abreptam
2483 2494 2537 2548 in
2565 2493 2682 2548 aliis
2707 2492 2947 2563 proxime
2966 2490 3234 2546 cavendis
3262 2490 3444 2561 potius
3466 2484 3735 2556 occuparet?

2190 2584 2259 2640 Ut
2290 2599 2416 2654 ergo
2458 2584 2570 2637 hmc
2599 2582 2862 2645 omittam,
2895 2580 3023 2635 illud
3066 2579 3221 2647 dico,
3264 2586 3600 2650 posteaquam
3632 2572 3731 2629 nihil

2190 2674 2386 2731 Herodi
2430 2673 2564 2743 Magi
2608 2674 3066 2739 renuntiaverunt,
3114 2686 3248 2727 eum
3277 2668 3497 2726 credere
3523 2665 3731 2738 potuisse.

2191 2766 2309 2821 illos
2338 2765 2507 2820 fallaci
2536 2756 2704 2821 Stellae
2742 2766 2945 2821 visione
2969 2764 3259 2836 deceptos,
3293 2771 3622 2835 posteaquam
3648 2772 3728 2814 non

2191 2857 2506 2912 invenerunt
2540 2871 2696 2927 quem
2727 2865 2907 2911 natum
2939 2863 3289 2925 putaverant,
3317 2853 3582 2911 erubuisse
3610 2848 3665 2905 ad
3685 2861 3729 2903 se

2191 2946 2386 3014 redire,
2417 2956 2577 3017 atque
2606 2947 2676 3001 ita
2723 2962 2842 3002 eum
2886 2947 3076 3002 timore
3105 2944 3341 3017 depulso
3364 2944 3432 3000 ab
3465 2937 3726 3014 inquirendo

2192 3051 2255 3093 ac
2284 3035 2653 3108 persequendo
2675 3052 2839 3113 puero
2864 3036 3154 3107 quievisse.
3177 3035 3317 3091 Cum
3353 3047 3479 3105 ergo
3500 3040 3607 3103 post
3630 3043 3727 3100 pur-

2192 3128 2460 3198 gationem
2485 3128 2669 3183 matris
2688 3128 2803 3198 ejus
2823 3129 2874 3182 in
2903 3127 3209 3184 Jerusalem
3232 3141 3357 3183 cum
3382 3124 3470 3181 illo
3486 3122 3724 3185 venissent,

2195 3228 2249 3274 et
2274 3234 2335 3273 ea
2366 3228 2511 3290 gesta
2550 3227 2730 3274 essent
2760 3218 2812 3273 in
2854 3218 3075 3288 templo,
3105 3234 3233 3290 quae
3272 3232 3303 3272 a
3333 3216 3473 3274 Luca
3495 3218 3727 3269 narrantur

2197 3308 2346 3379 (Luc.
2376 3325 2435 3376 ιι,
2457 3307 2667 3379 22-59),
2697 3309 2819 3379 quia
2845 3309 3008 3364 verba
3031 3308 3310 3366 Simeonis
3335 3315 3391 3364 et
3412 3307 3567 3362 Anne
3587 3301 3644 3358 de
3659 3298 3726 3354 illo

2199 3402 2652 3474 praphetantium,
2681 3417 2800 3458 cum
2841 3402 3133 3472 coepissent
3159 3402 3230 3458 ab
3273 3401 3353 3457 eis
3378 3398 3464 3471 qui
3497 3393 3724 3451 audierant

2199 3494 2494 3564 praedicari,
2526 3493 2590 3547 ad
2614 3492 2888 3562 pristinam
2913 3493 3271 3549 intentionem
3297 3494 3589 3547 revocatum
3605 3488 3723 3538 erant

2199 3587 2432 3641 animum
2464 3584 2624 3656 regis,
2664 3583 2964 3640 admonitus
2994 3600 3088 3656 per
3131 3584 3401 3641 somnium
3433 3574 3721 3647 Josephcum

2200 3674 2401 3731 infante
2424 3683 2478 3730 et
2505 3682 2674 3729 matre
2702 3674 2817 3744 ejus
2845 3673 2976 3745 fugit
2996 3675 3051 3730 in
3077 3675 3398 3747 Egyptum.
3436 3665 3615 3726 Deinde
3630 3662 3719 3717 vnl-

2199 3767 2336 3837 gatis
2380 3765 2560 3831 rebus,
2590 3780 2707 3834 qua:
2746 3765 2800 3819 in
2832 3765 3029 3835 templo
3071 3764 3230 3821 facta!
3255 3764 3506 3832 dictasque
3531 3756 3713 3814 fuerant.

2203 3858 2438 3913 llerodes
2482 3872 2543 3913 se
2592 3872 2623 3911 a
2664 3856 2827 3927 Magis
2878 3858 3043 3913 sensit
3078 3858 3327 3923 illusum;
3365 3868 3427 3910 ac
3468 3846 3631 3907 deinde
3667 3840 3716 3895 ad

2199 3948 2396 4003 Christi
2436 3955 2662 4002 mortem
2700 3948 2917 4017 cupiens
2954 3949 3259 4019 pervenire,
3301 3945 3485 4001 multos
3515 3936 3712 3995 infantes.

2202 4040 2337 4095 sicut
2362 4038 2639 4095 Matthaeus
2668 4048 2866 4106 narrat,
2888 4041 3077 4096 occidit
3103 4039 3318 4112 (Matth.
3347 4052 3400 4101 ιι,
3425 4029 3578 4098 5-16).

2203 4129 2283 4185 CA
2295 4129 2425 4186 PUT
2463 4130 2577 4185 Xll.
2604 4161 2674 4170 —
2700 4130 2777 4184 De
2799 4131 2955 4185 verbis
2973 4130 3193 4187 Joannis
3212 4132 3341 4185 inter
3358 4140 3512 4182 omnes
3528 4126 3709 4191 quatuor-

2272 4220 2361 4276 25.
2403 4220 2677 4276 Μειιιιιιιιυε
2705 4236 2831 4276 vero
2855 4222 2921 4277 de
2946 4221 3149 4278 Joanne
3180 4225 3249 4278 ita
3281 4217 3529 4276 contexit:
3555 4210 3611 4264 In
3628 4206 3710 4260 die-

2205 4318 2293 4367 bus
2310 4323 2478 4367 autem
2506 4312 2609 4367 illis
2642 4313 2771 4367 venit
2800 4312 3023 4368 Joannes
3057 4314 3291 4386 Baptista
3314 4308 3566 4382 praedicans
3583 4301 3625 4352 in
3644 4297 3708 4386 ᾂε·

2206 4413 2335 4459 serto
2365 4402 2579 4467 Judww,
2615 4413 2660 4456 et
2696 4404 2903 4457 dicens:
2935 4402 3289 4459 Prenitentiam
3324 4400 3462 4471 agite,
3487 4401 3708 4464 αρρτοριιι·

2203 4494 2369 4564 quavit
2408 4496 2540 4546 enim
2579 4509 2789 4563 regnum
2826 4493 3081 4547 castorum.
3118 4493 3219 4547 Hic
3242 4502 3311 4546 est
3342 4488 3460 4543 enim
3486 4482 3562 4554 qui
3582 4477 3703 4530 dier

2205 4594 2277 4637 est
2309 4600 2395 4653 per
2424 4582 2617 4637 Isaiam
2658 4584 2949 4654 prop/letam
2984 4583 3266 4637 dicentem:
3302 4578 3405 4634 Vox
3429 4562 3705 4628 ειαηιαπιὶείη

2206 4675 2417 4742 deserto,
2454 4675 2638 4729 Parate
2673 4679 2802 4729 viam
2827 4674 3047 4742 Domini,
3078 4688 3237 4730 rectas
3261 4672 3403 4744 facile
3425 4663 3595 4721 seruitus
3621 4655 3702 4724 cf“

2210 4764 2319 4837 (Id.
2354 4781 2429 4829 ιιι,
2462 4766 2602 4835 1-5).
2648 4765 2852 4819 Marcus
2888 4781 3097 4835 quoque
3134 4775 3188 4821 et
3228 4763 3390 4819 Lucas
3431 4746 3701 4837 consentiunt

2210 4857 2310 4911 hoc
2336 4856 2483 4910 Isaiae
2516 4856 2877 4910 testimonium
2898 4871 3016 4911 esse
3044 4855 3110 4911 de
3135 4856 3334 4911 Joanne
3358 4846 3524 4921 (Μαΐου
3550 4855 3581 4903 ι,
3602 4835 3643 4898 ⁵ο
3664 4838 3698 4881 ⁸⁸

2206 4945 2331 5000 Luc.
2369 4962 2446 5011 ιιι,
2477 4946 2554 5017 4).
2586 4944 2715 4999 Nam
2744 4946 2885 5015 plura
2917 4947 3075 5001 verba
3117 4949 3274 5002 etiam
3309 4926 3697 5017 consequentia-ex

2207 5037 2393 5094 eodem
2422 5012 2681 5108 propheta
2719 5012 2888 5092 Lucas
2927 5034 3370 5096 commemoravit,
3399 5039 3502 5083 cum
3536 5012 3695 5113 de

2208 5131 2363 5202 ptista
2408 5104 2611 5183 Joanne
2658 5138 2914 5184 narraret.
2956 5128 3189 5186 Joannes
3228 5134 3393 5183 autem
3437 5104 3693 5202 evangelia!a

2209 5196 2377 5291 ipsum
2407 5220 2665 5275 Joannem
2696 5220 2984 5291 Baptistam
3023 5220 3090 5277 de
3134 5221 3306 5290 seipse
3343 5212 3467 5269 idem
3508 5196 3692 5291 ιθειίξιξξν

2209 5316 2353 5370 nium
2408 5313 2555 5369 Isaiae
2603 5313 2883 5384 protulisse
2925 5318 3298 5371 commemorat
3339 5303 3494 5379 (Joan.
3527 5309 3558 5358 ι,
3592 5281 3688 5353 9⁵)³

2210 5409 2345 5463 sicut
2366 5423 2503 5462 nunc
2521 5405 2796 5462 Matthteus
2816 5407 2947 5463 dixit
2965 5408 3200 5480 quaedam
3221 5398 3422 5461 Joannis
3441 5386 3691 5480 veritas"?

2215 5500 2303 5553 alii
2324 5514 2429 5554 non
2448 5497 2715 5555 dixerunt.
2734 5470 3052 5569 Praedicans,
3076 5500 3257 5571 inquit,
3276 5496 3326 5550 in
3340 5490 3508 5545 άαεηο
3523 5470 3687 5571 JW‘

2210 5602 2257 5646 et
2287 5592 2457 5646 dicens
2483 5609 2503 5647 :
2530 5588 2883 5648 Paenitentiam
2916 5595 3065 5666 agite,
3097 5568 3481 5665 appropiMW’
3505 5568 3689 5667 mf?

2215 5704 2369 5759 guunt
2413 5687 2650 5742 caelorum
2674 5703 2694 5743 :
2719 5686 2835 5743 haec
2864 5664 3025 5744 verba
3048 5664 3260 5744 Joannis
3291 5677 3371 5736 alii

2220 5747 2358 5834 runt.
2396 5780 2510 5835 Jam
2541 5794 2668 5838 vero
2704 5780 2843 5852 quod
2881 5782 3119 5853 sequitur
3140 5774 3391 5836 Matthmus
3420 5769 3464 5817 et
3486 5747 3681 5821 εδίυηείίν
