3878 6308
77 340 100 393 1
111 333 228 392 089

79 451 189 505 IIic
233 455 317 503 est
345 441 477 499 enim
503 440 587 511 qui
617 438 777 492 dictus
819 441 891 489 est
925 446 1012 501 per
1037 427 1330 501 prophetam
1367 422 1560 476 Isaiam
1597 419 1677 472 di-

78 551 292 598 centem
325 553 343 592 :
375 533 488 590 Vox
523 529 786 586 clamantis
827 527 880 581 in
921 523 1134 587 deserto,
1171 517 1358 572 Parate
1397 515 1530 568 viam
1569 511 1680 564 Do-

79 632 242 700 mini,
275 637 438 684 rectas
461 623 622 694 facite,
648 619 849 676 semitas
879 616 1008 688 ejus,
1038 611 1282 681 ambigue
1314 607 1542 678 positum
1575 611 1677 669 est,

82 739 192 780 nec
223 695 409 777 elucet
438 725 616 771 utrum
645 727 710 768 ex
741 722 967 781 persona
991 720 1084 760 sua
1110 702 1248 758 idem
1279 698 1556 754 Matthaens
1583 695 1687 748 hoc

83 805 634 871 commemoraverit,
657 818 723 856 an
749 799 921 854 adhuc
934 796 1092 852 verba
1109 792 1346 864 ejusdem
1363 787 1580 845 Joannis
1600 800 1689 840 se-

86 914 256 961 cutus
291 896 615 970 adjunxerit,
646 903 704 948 ut
734 900 901 947 totum
930 888 1031 942 hoc
1057 885 1288 940 Joannes
1312 880 1508 935 dixisse
1533 875 1690 931 intel-

87 999 323 1068 ligatur,
347 988 699 1047 Ptenitentiam
719 985 870 1055 agite,
895 975 1313 1051 appropinquavit
1335 973 1465 1027 enim
1484 983 1695 1040 regnum

90 1060 352 1142 cdelorum
374 1099 393 1138 :
418 1082 500 1135 hic
521 1087 593 1134 est
616 1077 747 1132 enim
768 1074 851 1142 qui
873 1071 1034 1125 dictus
1061 1076 1133 1122 est
1157 1083 1246 1138 per
1264 1063 1458 1118 Isaiam
1482 1060 1699 1130 proptre-

91 1189 224 1240 tam,
255 1183 317 1230 et
343 1180 554 1228 caetera.
593 1167 776 1236 Neque
817 1162 958 1218 enim
991 1161 1092 1215 hoc
1133 1171 1347 1212 movere
1376 1153 1536 1208 debet
1565 1149 1693 1221 quia

92 1283 206 1324 non
249 1266 352 1330 ait,
382 1263 492 1333 Ego
533 1275 649 1314 sum
689 1257 852 1319 enim,
880 1253 968 1323 qui
1014 1251 1186 1305 dictus
1227 1262 1343 1302 sum
1386 1260 1479 1314 per
1507 1241 1701 1296 lsaiam

95 1331 467 1432 prophetamv;
493 1351 589 1409 sed
617 1349 708 1412 ait,
741 1346 840 1400 Hic
860 1353 932 1399 est
958 1342 1108 1404 enim,
1137 1339 1220 1410 qui
1241 1339 1404 1391 dictus
1431 1343 1522 1388 est.
1555 1331 1705 1386 Solet

105 1424 321 1521 quippe
350 1459 469 1500 esse
494 1441 615 1496 talis
642 1435 838 1494 locutio
856 1437 872 1466 ι
902 1443 955 1488 et
984 1433 1218 1503 ipsorum
1248 1424 1706 1521 Evangelistarum

100 1511 352 1596 biattbaei
392 1543 445 1591 et
472 1531 708 1589 Joannis.
744 1527 877 1582 Nam
914 1532 968 1580 et
992 1521 1269 1578 Matthzeus
1311 1517 1462 1578 dixit,
1499 1511 1708 1568 Invenit

109 1631 385 1686 hominem
407 1625 656 1681 sedentem
676 1622 730 1674 in
759 1617 942 1672 telonio
974 1612 1183 1686 (Matth.
1214 1627 1289 1676 ιιι,
1315 1609 1408 1680 9);
1437 1621 1535 1661 nec
1554 1604 1707 1670 dixit,

101 1721 322 1779 Invenit
375 1732 463 1773 me
497 1735 508 1770 :
547 1724 600 1770 et
637 1712 888 1775 Joannes,
925 1706 1024 1760 Hic
1059 1713 1151 1771 est,
1200 1701 1391 1772 inquit,
1428 1697 1711 1768 discipulus

111 1813 201 1884 qui
226 1807 579 1866 testimonium
615 1799 837 1874 perhibet
868 1796 1052 1862 dehis,
1085 1803 1131 1847 et
1158 1792 1357 1862 scripsit
1383 1789 1524 1853 hate;
1551 1787 1715 1884 etsci-

105 1876 221 1958 mus
248 1900 380 1982 quia
407 1911 577 1952 verum
605 1901 674 1948 est
706 1887 1040 1945 testimonium
1079 1885 1185 1956 ejus
1224 1880 1401 1955 (Joan.
1429 1895 1549 1946 xxi,
1584 1876 1710 1946 24);

105 2009 219 2050 non
235 1973 401 2052 dixit,
419 1987 531 2058 Ego
545 1999 688 2051 sum,
703 1990 811 2046 aut,
830 1979 1024 2034 Verum
1041 1984 1122 2031 est
1139 1973 1496 2029 testimonium
1513 1983 1711 2024 meum.

106 2083 385 2141 Dominus
413 2087 586 2133 autem
615 2076 728 2145 ipse
768 2069 1058 2141 saepissime
1093 2065 1242 2130 dicit,
1273 2063 1436 2137 Filius
1486 2059 1716 2115 hominis

109 2174 342 2249 (Matth.
373 2187 452 2235 ix,
476 2169 530 2236 6,
553 2177 600 2222 et
625 2181 737 2230 xv1,
759 2163 870 2234 27),
896 2168 986 2216 aut
1010 2157 1175 2213 Filius
1196 2156 1292 2210 Dei
1314 2153 1491 2228 (Joan.
1516 2168 1570 2220 v,
1593 2151 1714 2221 25);

119 2243 178 2324 et
221 2279 340 2321 non
383 2260 532 2325 dicit,
573 2257 685 2328 Ego
716 2273 728 2308 :
758 2262 831 2314 et,
882 2249 1173 2322 Oportebat,
1220 2245 1412 2316 inquit,
1463 2243 1720 2299 Christum

114 2357 226 2428 pati
268 2363 320 2410 et
360 2364 618 2420 resurgere
645 2363 675 2399 a
713 2342 920 2398 mortuis
957 2340 1100 2394 tertio
1125 2338 1206 2391 die
1229 2335 1377 2406 (Luc.
1410 2349 1560 2400 xxiv,
1591 2332 1717 2400 46);

115 2424 226 2502 non
271 2443 376 2510 ait,
412 2437 704 2510 Oportebat
734 2449 818 2489 me
849 2431 974 2502 pati.
1017 2429 1194 2484 Potuit
1231 2442 1359 2498 ergo
1389 2435 1442 2481 et
1485 2424 1720 2480 Joannes

115 2537 391 2608 Baptista,
428 2545 549 2587 cum
588 2527 827 2588 dixisset,
858 2523 1004 2593 Agite
1039 2519 1399 2590 paenitentiam,
1433 2515 1718 2588 appropin-

119 2627 300 2701 quavit
329 2617 477 2679 enini
491 2635 696 2691 regnum
717 2616 976 2680 cartorum,
998 2612 1066 2668 de
1094 2611 1269 2681 seipso
1292 2609 1580 2679 adjungere
1604 2622 1724 2678 quze

119 2726 448 2790 sequuntur,
499 2711 596 2766 Hic
625 2720 694 2765 est
717 2709 844 2763 enim
874 2707 959 2775 qui
989 2705 1150 2758 dictus
1176 2711 1247 2758 est
1276 2719 1364 2772 per
1383 2700 1574 2756 Isaiam
1599 2716 1722 2770 pro-

122 2811 359 2881 phetam,
384 2814 510 2870 etc.,
538 2812 595 2857 ut
617 2809 737 2874 post
760 2801 918 2854 verba
945 2796 1060 2866 ejus
1075 2794 1355 2849 Malthteus
1372 2793 1441 2847 ita
1465 2791 1725 2846 narratio-

129 2915 261 2955 nem
288 2903 564 2960 contexat,
585 2892 703 2962 Ipse
725 2899 888 2944 autem
908 2887 1132 2941 Joannes
1154 2885 1361 2938 habebat
1382 2883 1726 2938 vestimentum

125 2993 188 3044 de
209 2989 336 3061 pilis
353 2986 676 3049 camelorum,
698 2990 802 3036 etc.
822 2976 974 3046 Quod
1001 2978 1043 3032 si
1068 2978 1136 3031 ita
1153 2986 1255 3042 est,
1278 2990 1382 3029 non
1401 2973 1592 3028 mirum
1611 2973 1654 3028 si
1674 2979 1728 3027 et

126 3084 496 3151 interrogatus
509 3074 630 3146 quid
644 3073 844 3127 diceret
855 3069 920 3124 de
938 3068 1132 3138 seipso,
1154 3067 1288 3121 sicut
1300 3073 1480 3120 narrat
1495 3063 1728 3119 Joannes

128 3170 500 3242 Evangelista,
523 3166 650 3237 Ego,
679 3165 771 3230 ait,
791 3178 886 3216 vox
904 3160 1166 3215 clamantis
1193 3158 1246 3210 in
1273 3159 1464 3211 deserto
1490 3154 1668 3227 (Joan.
1686 3172 1724 3220 ι,

126 3263 253 3336 25);
286 3258 548 3329 sicutjam
566 3256 790 3317 dixerat,
810 3251 1122 3320 praecipiens
1143 3256 1200 3301 ut
1216 3257 1432 3317 agerent
1463 3246 1728 3315 poenire"-

129 3357 282 3409 tiam.
308 3353 390 3407 De
407 3348 598 3403 vestitu
614 3359 741 3414 ergo
753 3343 867 3412 ejus
879 3350 932 3396 et
944 3341 1082 3394 victu
1095 3340 1166 3393 ita
1181 3338 1455 3392 Matthreus
1469 3339 1724 3406 sequitur,

133 3445 331 3500 dicens
348 3457 363 3492 :
380 3437 502 3508 Ipse
517 3444 682 3488 autem
703 3432 732 3486 Ι
740 3447 925 3486 oannes
947 3429 1154 3482 habebat
1172 3429 1511 3481 vestimentum
1529 3426 1590 3480 de
1610 3427 1728 3496 pilis

131 3534 469 3595 camelorum,
499 3536 544 3583 et
566 3542 747 3582 zonam
772 3523 1031 3595 pelliceam
1057 3522 1190 3575 circa
1219 3521 1412 3575 lumbos
1441 3522 1568 3592 ejus.
1597 3519 1734 3573 Esca

134 3636 306 3682 autem
344 3624 457 3695 ejus
482 3629 588 3676 erat
618 3619 823 3673 locusta:
856 3625 900 3670 et
921 3614 1018 3668 mel
1039 3613 1278 3668 silvestre.
1309 3611 1417 3666 lloc
1447 3620 1500 3666 et
1526 3611 1734 3666 Marcus

136 3721 268 3777 dicit
298 3732 442 3790 pene
468 3715 684 3771 totidem
707 3712 903 3778 verbis,
928 3711 1108 3765 caeteri
1134 3718 1310 3765 autem
1334 3709 1439 3764 duo
1469 3718 1660 3764 tacent.

210 3813 307 3870 26.
351 3809 602 3880 Sequitur
630 3821 756 3876 ergo
781 3803 1057 3860 Mattbccus
1077 3846 1090 3871 ,
1135 3811 1187 3858 et
1213 3801 1338 3857 dicit
1362 3817 1377 3858 :
1403 3800 1548 3856 Tunc
1575 3802 1739 3856 exibat

140 3904 209 3959 ad
229 3919 348 3958 eum
369 3899 708 3969 Jerosolyma,
735 3904 783 3951 et
804 3895 964 3950 omnis
981 3892 1185 3961 Judaza,
1213 3902 1257 3946 et
1270 3894 1429 3948 omnis
1450 3894 1583 3963 regio
1605 3893 1740 3947 circa

143 3995 453 4059 Jordanem,
487 4000 532 4046 et
549 3988 933 4060 baptizabantur
953 3987 1006 4040 in
1021 3985 1246 4040 Iordane
1266 3986 1328 4038 ab
1345 4002 1420 4051 eo,
1452 3986 1741 4053 conﬁtentes

144 4097 355 4161 peccata
383 4102 496 4140 sua.
537 4083 718 4137 Videas
751 4091 916 4135 autem
945 4080 1126 4133 multos
1159 4077 1532 4132 Pharisazorunt
1561 4087 1608 4131 et
1639 4077 1743 4133 Sa-

147 4181 442 4237 ducaeorum
461 4177 708 4231 uenientes
733 4174 799 4227 ad
827 4173 1126 4243 baptismum
1148 4188 1316 4239 suum,
1339 4171 1466 4225 dixit
1487 4171 1596 4224 eis:
1623 4169 1742 4225 Pro-

147 4271 318 4343 genies
343 4270 628 4340 viperarum
648 4307 662 4333 ,
693 4265 803 4334 quis
842 4263 1195 4317 demonstravit
1220 4261 1356 4316 vobis
1384 4262 1557 4332 fugere
1584 4279 1614 4314 a
1657 4265 1741 4333 fu-

151 4371 266 4415 tura
292 4359 420 4414 ira?
444 4356 620 4411 Facite
644 4370 733 4426 ego
763 4357 981 4424 fructum
1005 4353 1212 4423 dignum
1244 4353 1544 4423 poenitentia:
1567 4368 1584 4406 :
1609 4363 1656 4406 et
1682 4368 1744 4406 ne

150 4453 313 4507 uelitis
335 4451 502 4504 dicere
521 4448 654 4500 intra
677 4460 780 4511 vos,
812 4444 1017 4497 Patrem
1047 4443 1283 4497 habemus
1311 4443 1602 4506 Abraham;
1630 4444 1743 4498 dico

153 4549 288 4604 enim
317 4540 477 4613 vobis,
508 4537 748 4615 quoniam
767 4545 923 4613 potest
950 4535 1085 4596 Deus
1109 4553 1170 4597 ex
1191 4537 1440 4614 lapidibus
1465 4539 1573 4598 mis
1597 4545 1750 4598 susci-

152 4650 262 4694 tare
285 4638 425 4709 ﬁlios
446 4635 678 4689 Abrahat.
700 4633 732 4687 J
739 4649 821 4686 am
841 4634 971 4687 enim
987 4633 1174 4687 securis
1191 4636 1256 4686 ad
1277 4635 1494 4688 radicem
1513 4635 1748 4689 arborum

156 4731 326 4802 posita
355 4735 430 4783 est
457 4741 476 4781 :
503 4725 664 4780 omnis
691 4740 806 4796 ergo
835 4723 983 4778 arbor
1007 4739 1120 4795 quae
1142 4741 1241 4778 non
1271 4726 1392 4795 facit
1418 4725 1635 4795 fructum
1661 4725 1743 4780 bo.

157 4839 299 4890 num,
332 4819 612 4884 excidatur,
652 4826 698 4872 et
735 4817 788 4870 in
827 4816 992 4887 ignem
1034 4817 1272 4870 mittetur.
1306 4816 1419 4887 Ego
1443 4817 1639 4888 quidem
1664 4835 1749 4874 vos

160 4916 359 4987 baptizo
410 4914 464 4967 in
507 4928 640 4984 aqua
681 4911 734 4965 in
778 4910 1117 4980 paenitentiam
1137 4925 1157 4964 :
1182 4911 1268 4983 qui
1309 4921 1478 4966 autem
1519 4921 1631 4984 post
1671 4929 1750 4968 me

164 5015 398 5062 uenturus
423 5013 514 5072 est,
544 5003 720 5076 fortior
747 5018 827 5056 me
853 5010 947 5068 est,
993 5003 1137 5072 cujus
1162 5019 1263 5057 non
1290 5020 1404 5058 sum
1432 5005 1615 5077 dignus
1641 5006 1749 5060 cal-

164 5109 417 5156 ceamenta
458 5108 689 5172 portare;
716 5098 824 5168 ipse
864 5113 945 5151 vos
970 5097 1242 5169 baptizabit
1269 5100 1321 5153 in
1352 5099 1551 5170 Spiritu
1577 5112 1751 5159 sancto

167 5202 210 5245 et
231 5192 334 5263 igni
356 5209 375 5247 :
401 5191 550 5260 cuius
573 5189 900 5245 uentilabrum
927 5189 979 5243 in
1011 5206 1163 5244 manu
1187 5207 1299 5260 sua,
1329 5201 1374 5247 et
1403 5195 1752 5264 permundabit

167 5299 337 5338 aream
358 5300 525 5350 suam,
568 5292 614 5338 et
647 5282 967 5354 congregabit
1005 5283 1223 5337 triticum
1247 5300 1393 5338 suum
1419 5286 1472 5340 in
1494 5286 1748 5356 horreum,

171 5376 342 5446 paleas
364 5387 533 5432 autem
560 5377 809 5431 comburet
841 5377 946 5447 igni
979 5377 1393 5450 inexstinguibili.
1423 5381 1547 5438 Hace
1574 5385 1751 5439 omnia

175 5467 300 5525 dicit
322 5479 378 5526 et
404 5470 596 5537 Lucas,
627 5469 813 5526 eadem
841 5485 974 5540 pene
998 5471 1156 5527 verba
1184 5472 1401 5530 Joannis
1428 5477 1749 5545 exprimens.

180 5558 244 5616 Et
268 5561 354 5616 ubi
384 5560 582 5631 aliquid
612 5562 810 5616 varium
841 5573 922 5618 est
950 5563 1001 5618 in
1030 5564 1236 5632 verbis,
1267 5566 1333 5621 ab
1363 5567 1547 5624 eadem
1578 5578 1752 5627 tamen

193 5697 355 5811 bellussz
391 5702 498 5748 uss.
539 5701 592 5746 et
629 5703 725 5745 nat.
766 5702 823 5747 At
855 5703 928 5747 Er.
967 5706 1016 5750 et
1056 5705 1198 5763 ιρι,
1237 5715 1339 5753 esse
1378 5702 1516 5766 quasi
1552 5702 1612 5756 de
1643 5703 1752 5757 aliis

1429 306 1624 362 LIBER
1669 297 2040 360 SECUNDUS.

1789 412 2048 469 sententia
2069 423 2172 464 non
2185 405 2450 463 receditur
2463 420 2476 456 :
2489 401 2634 458 velut
2649 415 2768 457 cum
2782 398 2909 456 dicit
2923 397 3197 453 Matthaaus
3211 395 3375 452 Joan-

1791 524 1912 564 nem
1928 507 2145 571 dixisse,
2161 501 2227 556 Et
2238 517 2301 556 ne
2311 499 2469 555 velitis
2484 498 2650 552 dicere
2660 497 2794 551 intra
2806 512 2910 563 vos,
2928 493 3133 548 Patrem
3143 491 3379 546 habemus

1791 601 2084 664 Abraham;
2115 596 2203 652 ille
2231 605 2407 651 autem
2428 635 2442 659 ,
2475 591 2541 646 Et
2566 607 2629 646 ne
2652 589 2896 662 cteperitis
2942 587 3136 654 dicere,
3173 584 3382 640 Patrem

1797 694 2033 748 habemus
2058 688 2333 743 Abraham.
2356 684 2480 750 Iste,
2509 683 2615 754 Ego
2631 683 2829 753 quidem
2847 696 2931 735 vos
2949 678 3147 750 baptizo
3171 677 3224 732 in
3249 692 3381 748 aqua

1795 787 1850 839 in
1877 781 2248 854 paenitentiam;
2275 779 2363 832 ille
2393 777 2678 846 interponit
2712 773 3177 844 interrogationem
3203 769 3386 825 turba-

1799 893 1915 932 rum
1933 917 1946 941 ,
1978 873 2103 945 quid
2131 871 2386 936 facerent,
2421 879 2473 923 et
2501 869 2579 923 eis
2603 866 3010 937 respondentem
3037 863 3294 920 Joannem
3321 860 3390 918 de

1800 968 1955 1024 bonis
1970 964 2240 1036 operibus,
2259 971 2506 1032 tanquam
2527 959 2595 1036 de
2610 957 2868 1013 fructibus
2885 956 3230 1027 pmnitentiaa,
3249 950 3391 1026 quod

3225 281 3366 340 1890

1804 1032 2080 1114 Matthaius
2105 1055 2284 1110 omisit
2309 1072 2323 1108 ε
2346 1032 2538 1108 deinde
2558 1053 2608 1106 in
2636 1049 2886 1106 cordibus
2906 1049 3016 1104 suis
3039 1045 3396 1120 cogitantibus

1806 1149 1872 1204 de
1903 1149 1991 1203 illo
2021 1155 2198 1201 utrum
2238 1145 2350 1215 ipse
2395 1151 2539 1198 esset
2576 1131 2819 1197 Christus
2857 1154 2982 1195 eum
3007 1140 3139 1195 dicit
3165 1153 3392 1210 respon-

1807 1241 1970 1305 disse,
2002 1239 2112 1310 Ego
2140 1237 2338 1308 quidem
2358 1253 2488 1307 aqua
2515 1235 2712 1304 baptizo
2731 1249 2855 1298 vos;
2882 1247 2986 1287 non
3015 1232 3167 1298 dixit,
3197 1232 3249 1286 in
3279 1246 3398 1302 pm-

1811 1333 2105 1388 nitentiam.
2140 1330 2340 1385 Deinde
2369 1327 2647 1383 Matth-nus
2670 1367 2686 1392 ,
2720 1326 2818 1393 Qui
2843 1335 3041 1392 autem,
3068 1324 3256 1396 inquit,
3289 1333 3402 1395 post

1813 1441 1890 1478 me
1914 1432 2150 1477 uenturus
2180 1430 2272 1485 est,
2306 1419 2486 1490 fortior
2511 1434 2589 1470 me
2612 1426 2685 1471 est
2713 1431 2732 1470 :
2759 1416 2849 1471 ille
2878 1414 3184 1480 vero,Venit
3209 1423 3401 1481 autem,

1815 1513 2002 1584 inquit,
2033 1512 2212 1582 fortior
2241 1527 2336 1564 me.
2368 1508 2496 1564 Item
2527 1507 2824 1573 Matthatus,
2849 1507 3010 1578 Cujus
3038 1523 3139 1560 non
3163 1522 3297 1570 sum,
3322 1505 3407 1560 in-

1815 1606 1946 1676 quit,
1975 1603 2156 1674 dignus
2185 1603 2518 1655 calceamenta
2539 1607 2738 1670 portare
2758 1614 2777 1652 :
2800 1598 2888 1654 ille
2906 1606 3105 1664 autem,
3128 1597 3287 1668 Cujus
3303 1613 3406 1652 non

1817 1714 1926 1751 sum
1947 1696 2127 1766 dignus
2145 1694 2334 1750 sol-vere
2348 1693 2616 1765 corrigiam
2634 1693 3088 1747 calceamentorum
3103 1691 3230 1765 ejus.
3253 1689 3409 1759 Quod

1818 1799 1869 1845 et
1900 1789 2106 1843 Marcus
2133 1786 2292 1853 dicit,
2322 1801 2440 1840 cum
2484 1795 2676 1840 caetera
2707 1793 2878 1841 taceat
2909 1801 2922 1838 :
2953 1800 3074 1840 nam
3107 1795 3228 1856 post
3254 1799 3407 1841 com-

1819 1891 2168 1938 memoratum
2200 1879 2434 1935 habitum
2464 1887 2519 1933 et
2547 1880 2743 1933 victum
2783 1878 2926 1949 ejus,
2955 1886 3170 1935 secutus
3198 1879 3305 1946 ait,
3343 1877 3412 1933 Et

1821 1973 2126 2044 praedicabat
2151 1971 2320 2026 dicens
2346 1987 2366 2024 :
2406 1970 2550 2024 Venit
2573 1970 2752 2039 fortior
2774 1987 2854 2026 me
2879 1979 2991 2041 post
3013 1987 3112 2034 me,
3141 1971 3285 2042 cujus
3309 1987 3412 2026 non

1821 2084 1932 2120 sum
1961 2066 2142 2136 dignus
2171 2064 2498 2135 procumbens
2522 2063 2712 2117 solvere
2745 2064 3014 2135 corrigiam
3050 2063 3413 2120 calceamento-

1821 2176 1934 2212 rum
1951 2160 2076 2230 ejus.
2101 2156 2209 2229 Ego
2236 2157 2482 2226 baptizari
2504 2172 2589 2210 vos
2613 2173 2764 2227 aqua,
2787 2156 2875 2210 ille
2894 2171 3008 2212 vero
3033 2156 3304 2227 baptizabit
3326 2173 3414 2213 vos

1825 2251 2023 2320 Spiritu
2064 2259 2256 2304 sancto.
2291 2249 2367 2302 De
2407 2248 2783 2304 calceamentis
2818 2262 2945 2319 ergo
2972 2247 3074 2304 hoc
3099 2263 3130 2303 a
3157 2246 3300 2304 Luca
3325 2247 3426 2317 di-,

1824 2353 1949 2409 stat,
1971 2343 2111 2414 quod
2133 2342 2350 2407 addidit,
2373 2340 2720 2413 procumbens.
2749 2341 2822 2397 De
2842 2341 3106 2412 baptismo
3120 2349 3298 2398 autem
3313 2340 3417 2398 hoc

1825 2436 1892 2490 ab
1914 2443 2159 2504 utroque,
2179 2433 2302 2503 quia
2320 2448 2424 2487 non
2447 2433 2596 2496 dixit,
2626 2443 2671 2486 et
2693 2433 2818 2503 igni,
2845 2431 2941 2488 sed
2967 2442 3189 2499 tantum,
3215 2433 3268 2487 iu
3294 2432 3418 2503 Spi-

1825 2526 1926 2578 ritu
1954 2533 2149 2578 sancto.
2181 2523 2329 2579 Sicut
2368 2524 2508 2580 enim
2544 2523 2819 2578 Matthqu
2838 2564 2854 2589 ,
2883 2523 2953 2579 ita
2979 2531 3034 2580 et
3065 2524 3234 2580 Lucas
3261 2524 3416 2594 dixit,

1827 2628 1882 2675 et
1911 2618 2098 2675 eodem
2125 2618 2332 2685 ordine,
2356 2616 2476 2688 Ipse
2499 2632 2586 2670 vos
2615 2616 2884 2687 baptizabit
2903 2617 2957 2671 in
2984 2616 3184 2687 Spiritu
3201 2625 3248 2672 et
3270 2617 3417 2689 igni:

1831 2711 1932 2766 nisi
1965 2710 2106 2780 quod
2135 2710 2308 2765 Lucas
2354 2725 2460 2764 non
2486 2707 2720 2773 addidit,
2751 2717 2942 2774 sancto,
2979 2708 3077 2778 (a),
3110 2709 3248 2764 sicut
3282 2709 3420 2764 Mat-

1832 2804 2003 2860 thzeus
2023 2803 2184 2870 dixit,
2221 2803 2272 2856 in
2295 2802 2495 2872 Spiritu
2524 2809 2696 2855 sancto
2725 2809 2772 2855 et
2795 2800 2902 2872 igni
2923 2797 3133 2872 (Matth.
3161 2816 3240 2867 tu,
3267 2799 3420 2868 5-12,

1831 2895 1996 2949 Marc.
2022 2911 2060 2962 ι,
2095 2893 2209 2960 6ο8,
2243 2902 2289 2947 et
2327 2891 2453 2946 Luc.
2495 2909 2571 2958 ιιι,
2604 2891 2782 2960 7-17).
2815 2891 2907 2946 His
2947 2891 3114 2948 tribus
3143 2899 3423 2948 attestatur

1831 2987 2062 3043 Joannes
2091 2986 2415 3056 evangelista
2439 3026 2453 3050 ,
2482 3000 2602 3040 cum
2633 2983 2761 3039 dicit
2794 3002 2807 3039 :
2835 2982 3060 3039 Joannes
3085 2985 3425 3040 testimonium

1832 3077 2054 3149 perhibet
2076 3076 2138 3130 de
2161 3077 2271 3145 ipso
2293 3117 2308 3141 ,
2349 3085 2393 3130 et
2418 3076 2602 3130 clamat
2623 3074 2815 3141 dicens,
2847 3073 2948 3128 Hic
2977 3084 3083 3129 erat
3111 3091 3256 3144 quem
3279 3074 3388 3131 dixi
3405 3115 3424 3145 ,

1837 3170 1936 3234 Qui
1972 3177 2083 3240 post
2124 3184 2203 3221 me
2247 3167 2377 3220 venit
2397 3207 2412 3231 ,
2452 3177 2569 3219 ante
2605 3181 2684 3219 me
2709 3168 2872 3237 factus
2900 3173 3010 3232 est,
3039 3166 3157 3237 quia
3181 3165 3322 3238 prior
3349 3182 3429 3222 me

1835 3268 1940 3314 erat
1982 3257 2157 3326 (Joan.
2207 3273 2244 3323 ι,
2291 3256 2400 3327 15).
2444 3256 2533 3311 Sic
2573 3257 2716 3312 enim
2743 3255 2995 3324 ostendit,
3027 3265 3152 3314 tunc
3177 3272 3300 3314 eum
3326 3257 3428 3316 hoc

1837 3350 2052 3414 dixisse,
2079 3349 2290 3417 quando
2319 3363 2440 3402 eum
2469 3346 2544 3400 illi
2570 3347 2766 3402 dixisse
2787 3355 3242 3414 commemorant;
3270 3363 3429 3419 repe-

1841 3440 1965 3494 tisse
1990 3446 2166 3494 autem
2191 3447 2245 3492 ct
2272 3453 2722 3493 commemorasse
2740 3436 2882 3507 quod
2904 3438 3016 3507 jam
3043 3438 3287 3507 dixisset,
3306 3453 3429 3496 cum

1838 3531 1930 3599 ait,
1969 3529 2066 3584 IIic
2095 3540 2201 3584 crat
2225 3546 2369 3600 quem
2399 3530 2525 3592 dixi,
2554 3530 2640 3599 qui
2667 3539 2777 3600 post
2803 3545 2880 3583 me
2899 3530 3050 3584 venit.

1910 3626 1999 3679 27.
2043 3625 2098 3680 Si
2121 3640 2247 3694 ergo
2275 3624 2529 3693 qua-ritur
2553 3639 2673 3693 quae
2697 3623 2856 3679 verba
2880 3625 3053 3694 potius
3079 3624 3314 3682 Joannes
3331 3625 3432 3682 Ba-

1843 3717 2000 3786 ptista
2041 3715 2266 3782 dixerit,
2299 3724 2474 3769 utrum
2515 3729 2633 3784 quae
2662 3714 2958 3781 Matthmus,
3003 3730 3072 3772 an
3105 3732 3223 3788 qua:
3262 3716 3434 3774 Lucas

1843 3823 1965 3863 eum
1992 3807 2190 3863 dixisse
2225 3814 2644 3872 commemorat,
2690 3821 2758 3862 an
2796 3822 2915 3878 quae
2956 3807 3165 3864 Marcus
3206 3809 3259 3864 in
3307 3808 3436 3880 ipsis

1842 3901 2026 3972 paucis
2049 3914 2166 3970 quae
2197 3899 2344 3955 illum
2371 3898 2572 3955 dixisse
2601 3899 2794 3971 posuit,
2825 3908 3007 3958 tacens
3032 3911 3261 3969 caetera;
3290 3903 3438 3961 nullo

1843 3994 2004 4050 modo
2044 3993 2169 4048 hinc
2207 3993 2552 4049 laborandum
2597 4008 2718 4050 esse
2753 3994 2955 4064 iudicat
2977 4038 2993 4065 ,
3025 3996 3116 4069 qui
3151 3997 3440 4068 prudenter

1845 4086 2092 4159 intelligit
2120 4087 2262 4158 ipsas
2289 4088 2580 4143 sententias
2605 4101 2726 4143 esse
2755 4089 3080 4145 necessarias
3113 4104 3440 4161 cognoscen-

1847 4179 1929 4234 da:
1949 4179 2177 4245 veritati,
2204 4177 2525 4248 quibuslibet
2543 4178 2718 4235 verbis
2745 4179 2940 4240 fuerint
2966 4179 3257 4257 exphCattb.
3285 4187 3441 4255 Quod

1848 4270 1990 4324 enim
2039 4270 2173 4324 alius
2216 4268 2377 4324 alium
2421 4269 2704 4330 verborum
2749 4276 2988 4331 ordinem
3021 4285 3185 4346 tenet,
3224 4293 3331 4334 non
3358 4285 3444 4336 est

1849 4363 2030 4434 utique
2078 4363 2423 4422 contrarium.
2472 4366 2654 4438 Neque
2702 4367 2830 4423 illud
2876 4369 3202 4425 contrarium
3241 4379 3346 4438 est,
3393 4371 3442 4430 si

1849 4457 1985 4519 alius
2012 4455 2141 4517 dicit
2169 4460 2308 4530 quod
2335 4459 2472 4514 alius
2504 4459 2879 4531 praetermittit.
2925 4460 2996 4518 Ut
3031 4461 3174 4518 enim
3218 4461 3446 4537 quisque

1851 4553 2185 4618 meminerat,
2204 4559 2259 4606 et
2279 4559 2335 4605 ut
2356 4550 2547 4621 cuique
2567 4550 2714 4606 cordi
2740 4561 2855 4607 erat
2882 4552 2965 4609 vel
2987 4551 3205 4611 brevius
3221 4555 3304 4612 vel
3321 4570 3446 4627 pro-

1852 4646 2030 4713 lixius’,
2057 4643 2304 4701 eamdem
2343 4652 2520 4700 tamen
2540 4644 2808 4715 explicare
2835 4645 3152 4703 sententiam
3175 4687 3191 4716 ,
3240 4649 3312 4705 ita
3351 4663 3446 4707 eos

1853 4737 2150 4810 explicasse
2175 4736 2511 4793 manifestum
2537 4744 2640 4794 eSt.

1923 4828 2012 4886 28.
2056 4830 2122 4884 Et
2160 4829 2214 4884 in
2245 4828 2348 4885 hoc
2375 4829 2502 4885 satis
2538 4837 2760 4901 apparet
2783 4830 2928 4901 quod
2970 4830 3039 4888 ad
3072 4847 3186 4889 rem
3215 4833 3448 4890 maxime

1854 4922 2106 4992 pertinet,
2132 4919 2383 4992 quoniam
2410 4921 2606 4976 veritas
2631 4921 2922 4992 Evangelii,
2954 4921 3118 4980 verbo
3146 4923 3272 4992 Dei,
3304 4923 3446 4995 quod

1857 5028 2018 5085 supra
2043 5028 2256 5069 omnem
2287 5022 2585 5070 creaturam
2616 5021 2874 5069 aeternum
2902 5021 3063 5085 atque
3092 5015 3446 5071 incommuta-

1857 5106 1964 5164 bile
1990 5115 2266 5178 permanet
2285 5149 2300 5176 ,
2326 5121 2426 5179 per
2451 5115 2750 5163 creaturam
2791 5105 3168 5176 temporalibus
3200 5107 3366 5180 signis
3393 5118 3448 5166 et

1858 5198 2056 5270 linguis
2101 5199 2373 5255 hominum
2418 5198 2752 5269 dispensata,
2795 5211 3059 5252 summum
3088 5198 3300 5255 culmen
3343 5214 3444 5256 an.

1857 5291 2117 5348 ctoritatis
2142 5289 2404 5355 obtinuit;
2437 5304 2543 5346 non
2573 5302 2672 5344 nos
2708 5287 2905 5344 debere
2947 5287 3193 5345 arbitrari
3235 5290 3448 5348 mentiri

1862 5399 2204 5454 quemquam,
2232 5380 2278 5437 si
2303 5381 2542 5451 pluribus
2567 5394 2680 5436 rem
2706 5395 2863 5451 quam
2887 5379 3167 5438 audierunt
3188 5382 3271 5439 vel
3295 5381 3449 5440 vide-

1860 5485 1984 5530 runt
2011 5471 2492 5539 reminiscentibus,
2526 5486 2634 5526 non
2657 5470 2844 5528 eodem
2874 5472 3035 5529 modo
3061 5483 3220 5546 atque
3244 5473 3448 5533 eisdem

1860 5567 2059 5635 verbis,
2087 5567 2272 5622 eadem
2300 5575 2476 5622 tamen
2495 5581 2584 5624 res
2605 5564 2770 5622 fuerit
2789 5566 3019 5625 indicata
3043 5583 3058 5635 ;
3082 5575 3173 5624 aut
3195 5567 3308 5625 sive
3325 5584 3448 5625 mu-

1901 5700 2330 5812 Ῐὸῗὲυὲωὲωιῖιιῶθη
2352 5710 2499 5755 Lucas
2516 5705 2566 5755 in
2587 5702 2750 5755 Bibliis
2771 5705 2945 5769 grecis
2970 5710 3022 5757 et
3043 5704 3091 5754 in
3116 5702 3276 5756 latinis
3295 5703 3446 5760 habet

1860 5762 2090 5826 additum,
2112 5769 2292 5815 sancto.
