3878 6312
74 396 99 450 1
113 393 238 450 0925

68 509 162 565 cui
191 551 210 574 ,
245 511 297 564 si
329 508 455 565 velit
482 508 599 580 quis
628 507 698 562 ita
729 506 1022 576 intelligere
1043 547 1057 571 ,
1087 513 1146 558 ut
1175 504 1315 558 Deus
1345 503 1396 556 in
1429 501 1566 556 Filio
1587 501 1688 556 sibi

70 601 372 673 placuisse
390 600 632 654 videatur
655 616 668 665 ;
701 599 1017 653 admonetur
1037 612 1100 652 ex
1123 611 1186 651 eo
1207 593 1348 665 quod
1370 594 1566 649 dictum
1591 599 1694 661 est,

70 694 135 748 in
166 700 225 748 te
267 691 571 762 complacui.
617 690 672 745 Si
700 704 885 745 rursus
911 705 975 745 ex
1006 688 1107 742 hoc
1134 702 1242 742 uno
1271 685 1526 756 intelligat
1550 683 1691 754 quis-

73 800 218 858 que,
252 785 314 839 in
342 783 478 839 Filio
503 783 715 838 Patrem
743 781 1004 852 placuisse
1025 777 1364 842 hominibus;
1389 775 1702 831 admonetur

73 895 147 935 ex
170 892 252 934 eo
282 876 426 947 quod
454 876 650 929 dictum
677 883 792 938 est,
824 874 876 927 in
911 883 956 926 te
979 869 1281 940 complacuit
1316 869 1458 922 mihi.
1493 866 1571 922 Ex
1597 881 1703 938 quo

79 969 228 1024 satis
261 975 526 1039 apparet,
559 965 777 1036 quilibet
811 962 1266 1032 Evangelistarum
1293 959 1529 1016 caelestis
1557 956 1703 1012 vocis

76 1061 260 1117 etiam
316 1058 477 1114 verba
525 1057 783 1120 tenuerit,
836 1055 968 1109 alios
1018 1053 1084 1108 ad
1114 1053 1355 1107 eamdem
1387 1049 1703 1106 sententiam

79 1149 418 1204 familiarius
460 1147 824 1216 explicandam
867 1144 1028 1198 verba
1060 1148 1334 1196 variasse:
1365 1149 1421 1194 ut
1448 1139 1708 1208 intelliga-

81 1249 174 1296 tur
209 1241 328 1297 hoc
357 1241 553 1296 dictum
585 1254 703 1295 esse
733 1239 801 1292 ab
830 1237 1108 1298 omnibus,
1136 1244 1385 1304 tanquam
1417 1233 1705 1297 diceretur,

81 1336 145 1390 In
174 1342 234 1390 te
270 1334 528 1405 placitum
551 1347 726 1387 meum
754 1330 1006 1385 constitui
1030 1369 1046 1394 ,
1072 1329 1172 1381 hoc
1202 1335 1302 1393 est,
1335 1341 1431 1396 per
1451 1334 1502 1380 te
1524 1338 1710 1395 gerere

81 1424 236 1496 quod
271 1424 407 1480 mihi
435 1423 626 1494 placet.
656 1421 786 1476 lllud
808 1436 934 1475 vero
955 1419 1094 1490 quod
1119 1417 1354 1472 nonnulli
1379 1415 1591 1471 codices
1614 1414 1710 1468 ha-

82 1517 226 1572 bent
277 1515 576 1571 secnndum
617 1513 814 1568 Lucam
841 1555 855 1578 ,
889 1513 990 1566 hoc
1022 1510 1111 1564 illa
1143 1523 1273 1563 voce
1298 1508 1542 1562 sonuisse
1570 1504 1712 1576 quod

84 1609 141 1664 in
190 1609 424 1664 Psalmo
451 1608 705 1678 scriptum
736 1615 851 1672 est,
887 1603 1050 1658 Filius
1077 1618 1220 1656 meus
1248 1617 1298 1655 es
1326 1610 1377 1652 tu
1399 1642 1414 1666 ,
1445 1615 1535 1671 ego
1566 1597 1713 1652 hodie

85 1702 252 1774 genui
293 1711 345 1756 te
371 1700 543 1774 (Paul.
577 1717 649 1767 ιι,
680 1700 776 1770 7);
805 1712 1105 1769 quanquam
1135 1696 1186 1750 in
1214 1693 1597 1764 antiquioribus
1623 1707 1714 1746 co-

85 1793 318 1848 dicibus
343 1792 533 1863 grrecis
558 1805 660 1845 non
689 1788 916 1844 inveniri
949 1786 1290 1859 perhibeatur
1308 1827 1322 1851 ,
1351 1791 1527 1838 tamen
1550 1783 1595 1838 si
1617 1781 1716 1835 ali-

87 1885 303 1956 quibus
352 1883 454 1938 tlde
491 1881 665 1953 dignis
707 1878 1101 1949 exemplaribus
1155 1874 1458 1932 conﬁrmari
1514 1873 1713 1944 possit,

87 1977 228 2048 quid
262 1975 415 2031 aliud
441 1991 598 2046 quam
627 1983 910 2044 utrumque
941 1968 1341 2039 intelligendum
1374 1975 1456 2022 est
1483 1957 1718 2037 quolibet

89 2070 398 2126 verborum
430 2068 617 2123 ordine
645 2067 714 2122 de
739 2065 876 2121 cmlo
902 2063 1190 2120 sonuisse?

89 2161 344 2219 CAPUT
378 2161 584 2216 XV.—
611 2159 874 2225 Quomodo
905 2156 1176 2212 secundum
1202 2154 1453 2208 Joannem
1482 2149 1717 2220 Evange-

171 2257 357 2311 liatam
377 2254 510 2307 dicat
532 2253 755 2306 Joannes
779 2251 1032 2321 Baptista,
1059 2247 1167 2318 Ego
1193 2264 1291 2301 non
1316 2261 1550 2300 noveram
1573 2258 1686 2298 eum
1701 2257 1721 2306 ;

170 2364 298 2400 cum
356 2345 629 2400 secundum
677 2344 803 2396 alios
849 2342 1132 2396 inveniatur
1174 2338 1309 2410 quod
1351 2340 1465 2408 jam
1516 2341 1721 2388 noverat

173 2456 329 2493 eum.

171 2528 270 2585 52.
300 2525 458 2592 Quod
485 2536 660 2579 autem
693 2524 982 2579 secundum
1004 2524 1263 2577 Joannem
1289 2521 1352 2574 dc
1373 2519 1619 2574 columba
1642 2518 1722 2573 dl-

98 2623 283 2684 citur,
338 2633 444 2673 non
485 2617 694 2688 quando
743 2616 936 2669 factum
986 2623 1066 2668 est
1112 2622 1392 2675 narratur,
1439 2611 1529 2664 sed
1561 2611 1721 2664 verba

99 2711 342 2768 Joannis
364 2709 615 2777 Baptista:
637 2706 939 2761 referuntur
953 2703 1422 2757 commemorantis
1438 2701 1563 2771 quid
1578 2699 1722 2754 vide-

100 2805 196 2859 rit.
248 2801 310 2855 In
350 2816 455 2870 quo
487 2799 742 2869 quaeritur
764 2839 776 2860 ,
819 2795 1265 2865 quemadmodum
1296 2793 1490 2847 dictum
1524 2793 1624 2854 sit,
1657 2791 1722 2843 Et

105 2911 200 2966 ego
243 2910 352 2946 non
400 2906 632 2944 noveram
677 2906 824 2953 eum,
866 2887 952 2940 sed
990 2887 1075 2955 qui
1117 2886 1253 2938 misit
1287 2900 1362 2937 me
1388 2883 1644 2952 baptizare
1670 2882 1724 2935 in

106 3005 291 3059 aqua,
341 2985 429 3039 ille
465 2984 589 3037 mihi
625 2983 788 3046 dixit,
836 2981 1003 3050 Super
1049 2997 1194 3049 quem
1246 2977 1427 3032 videris
1473 2976 1725 3046 Spiritum

109 3077 504 3133 descendentem
531 3083 577 3128 et
599 3081 879 3128 manentem
899 3088 1049 3141 super
1070 3087 1180 3124 eum
1206 3112 1218 3133 ,
1248 3069 1328 3122 hic
1354 3078 1426 3122 est
1447 3069 1530 3136 qui
1558 3068 1722 3137 bapti-

110 3179 194 3223 zat
238 3170 299 3222 in
347 3167 545 3237 Spiritu
587 3175 758 3218 sancto
787 3161 940 3235 (Joan
969 3178 1015 3226 ι,
1047 3162 1158 3231 55).
1193 3159 1248 3215 Si
1278 3160 1420 3215 enim
1449 3165 1576 3212 tunc
1600 3173 1724 3212 eum

111 3258 404 3330 cegnovit,
448 3271 566 3311 cum
613 3253 906 3308 columbam
951 3252 1084 3305 vidit
1125 3250 1536 3304 descendentem
1567 3263 1726 3315 super

115 3367 244 3406 eum
281 3393 296 3415 ,
354 3345 698 3416 qumrendum
743 3353 824 3399 est
869 3342 1135 3412 quomodo
1175 3341 1367 3394 dixerit
1408 3339 1640 3393 venienti
1671 3348 1728 3390 ut

114 3442 490 3513 baptizaretur
511 3479 524 3499 ,
569 3435 678 3506 Ego
719 3436 880 3505 magis
920 3450 950 3486 a
978 3443 1024 3486 te
1050 3433 1201 3484 debeo
1234 3432 1480 3501 baptizari
1513 3430 1724 3502 (Matth.

115 3551 195 3600 ιιι,
231 3534 328 3604 14)
362 3549 375 3585 :
408 3531 512 3586 hoc
539 3530 678 3584 enim
702 3529 748 3583 ci
781 3527 910 3581 dixit
937 3535 1219 3594 antequam
1242 3524 1484 3578 colmnba
1506 3523 1728 3577 desern-

119 3627 298 3681 deret.
333 3623 410 3678 Ex
434 3638 538 3692 quo
560 3629 800 3691 apparet,
826 3618 1065 3689 quamvis
1093 3633 1211 3671 eum
1238 3617 1346 3685 jam
1373 3624 1551 3668 nosset
1581 3617 1726 3683 (nam

121 3720 290 3773 etiam
341 3717 391 3770 in
439 3725 589 3770 utero
631 3713 815 3766 matris
858 3711 1176 3772 exsultavit,
1209 3725 1328 3762 eum
1361 3709 1425 3761 ad
1459 3707 1729 3762 lilisabcth

121 3808 295 3864 Maria
328 3806 561 3861 venisset
585 3803 733 3875 (Luc.
768 3819 816 3868 l,
847 3800 937 3873 4i)
961 3844 974 3865 ,
1002 3801 1200 3871 aliquid
1228 3810 1403 3855 tamen
1429 3799 1479 3853 in
1503 3815 1567 3853 eo
1588 3799 1729 3869 quod

124 3899 376 3954 nondum
427 3906 686 3958 neverat,
735 3895 995 3948 columba:
1044 3891 1392 3946 descensione
1440 3891 1726 3952 didicisse,

128 3991 274 4060 quod
309 3989 425 4058 ipse
454 3988 656 4042 scilicet
683 3987 972 4055 baptizarct
1004 3985 1053 4037 in
1086 3984 1280 4052 Spiritu
1309 3992 1493 4037 sancto
1520 3984 1730 4052 propria

128 4083 366 4155 quadam
390 4090 442 4136 et
465 4081 642 4136 divina
677 4087 935 4150 potestate
959 4096 973 4131 :
998 4087 1053 4131 ut
1073 4077 1246 4130 nullus
1278 4076 1438 4129 homo
1465 4077 1552 4146 qui
1577 4092 1732 4130 accc-

131 4177 304 4245 pisset
335 4189 362 4226 a
391 4174 502 4227 Deo
530 4172 853 4240 Baptismum
879 4211 891 4234 ,
924 4168 1131 4222 etiamsi
1160 4167 1391 4240 aliquem
1420 4166 1732 4237 baptizaret,

132 4274 322 4335 posset
363 4265 539 4319 dicere
568 4277 720 4315 suum
750 4276 866 4314 esse
894 4259 1032 4329 quod
1066 4257 1297 4312 traderet
1321 4300 1333 4318 .
1370 4259 1450 4313 vel
1479 4273 1508 4312 ει
1536 4273 1593 4312 se
1621 4257 1736 4312 dari

135 4358 401 4428 Spiritum
432 4361 693 4408 sanctum.

451 4445 676 4501 CAPUT
705 4443 842 4498 XVI.
874 4474 942 4482 —-
971 4442 1049 4496 De
1077 4451 1260 4495 tentata
1286 4441 1429 4494 Jcsu.

209 4543 304 4596 55.
343 4539 592 4607 Sequitur
631 4537 939 4599 Iilatthznns,
981 4545 1035 4589 et
1061 4534 1187 4587 dicit
1235 4551 1245 4586 :
1295 4532 1432 4586 Tunc
1461 4531 1611 4586 .Iesus
1641 4532 1740 4585 da—

140 4640 252 4687 ctus
274 4631 422 4684 estin
463 4629 708 4681 desertum
745 4645 775 4680 a
806 4626 1004 4697 Spiritu
1028 4669 1040 4690 ,
1076 4636 1128 4678 ut
1159 4635 1434 4678 tentaretur
1462 4641 1490 4676 (ι
1519 4625 1739 4678 diabolo.

144 4725 211 4778 Et
242 4739 360 4777 cum
380 4722 656 4793 jejunassct
675 4720 1011 4792 quadraginta
1033 4718 1206 4770 diebus
1228 4727 1272 4769 et
1293 4717 1628 4790 quadraginta
1650 4733 1744 4770 uo-

145 4818 340 4881 ctibus,
392 4824 562 4885 postea
601 4814 792 4868 esuiiit.
841 4813 907 4865 Et
950 4812 1188 4866 accedens
1223 4821 1437 4866 tentator
1476 4810 1602 4864 dixit
1654 4811 1699 4864 ei
1728 4825 1747 4863 :

149 4910 210 4964 Si
246 4911 385 4978 ﬁlius
414 4907 510 4961 Dei
536 4923 616 4972 es,
650 4907 731 4960 dic
765 4916 818 4959 ut
848 4905 1040 4976 lapides
1068 4905 1148 4959 isti
1179 4922 1330 4974 panes
1361 4906 1501 4974 ﬁant.
1541 4904 1638 4970 Qui
1670 4921 1748 4957 re-

149 5003 406 5069 spondens
449 4998 576 5052 dixit
619 5013 636 5051 :
681 4997 941 5065 Scriptum
980 5006 1086 5061 est,
1122 4995 1240 5048 Non
1267 4997 1317 5048 in
1349 5011 1475 5061 pane
1501 4995 1606 5048 solo
1633 4995 1751 5048 vivit

154 5095 303 5149 homo
330 5097 347 5127 ¹
371 5135 386 5158 ,
438 5094 525 5148 sed
565 5095 618 5146 in
665 5093 801 5146 omni
827 5092 970 5145 verba
996 5091 1131 5162 quod
1162 5090 1383 5159 procedit
1412 5089 1473 5142 de
1501 5107 1585 5142 ore
1618 5088 1746 5154 Dei,

155 5197 258 5240 etc.
309 5202 478 5258 usque
518 5187 584 5242 ad
613 5187 662 5241 id
693 5185 834 5256 quod
872 5185 1070 5240 dictum
1099 5193 1210 5249 est,
1245 5182 1382 5236 Tunc
1412 5183 1610 5253 reliquit
1639 5199 1751 5236 eum

158 5280 433 5347 diabolus;
474 5291 519 5335 et
560 5297 668 5334 ecce
697 5279 874 5349 Angeli
903 5285 1212 5332 accesserant
1238 5285 1284 5329 et
1315 5276 1658 5328 ministrabant
1682 5277 1748 5330 ci.

160 5369 350 5426 Totum
375 5372 475 5426 hoc
500 5373 741 5427 similiter
764 5371 931 5426 Lucas
953 5378 1129 5423 narrat
1151 5411 1163 5428 .
1197 5368 1296 5422 etsi
1321 5384 1422 5420 non
1451 5366 1636 5421 eodem
1665 5382 1749 5420 or-

160 5459 305 5516 dine.
337 5461 494 5517 Unde
519 5462 774 5516 lncertum
806 5471 887 5515 est
914 5460 1037 5531 quid
1063 5460 1206 5530 prius
1234 5458 1430 5512 factum
1458 5459 1545 5523 sit,
1575 5467 1750 5512 utrum

162 5566 324 5624 regna
376 5561 534 5608 terrae
573 5554 720 5622 prius
763 5553 1122 5607 demonstrata
1154 5551 1259 5604 sint
1287 5550 1333 5604 ei
1356 5591 1369 5612 ,
1402 5557 1455 5603 et
1485 5558 1665 5618 postea
1700 5547 1750 5602 in

227 5687 425 5758 traditio
447 5692 545 5746 ttat.
574 5693 626 5758 e‘t
649 5700 774 5758 unus
798 5701 826 5758 e
848 5688 976 5740 Colb.
1004 5697 1108 5758 ipse,
1147 5686 1265 5758 vivet
1287 5685 1460 5758 homo;
1489 5688 1532 5758 in
1560 5685 1752 5758 inuno,

167 5746 297 5864 ξικὲ
325 5762 537 5814 graecum
559 5748 734 5801 zésetai
756 5761 772 5799 :
799 5749 991 5800 favente
1014 5746 1214 5799 hebraeo
1238 5757 1380 5800 textu
1403 5746 1538 5798 naut.
1567 5763 1668 5812 cap.
1703 5746 1750 5810 8;

1414 387 1617 444 LlBER
1656 365 2012 444 SECUNDUS

3251 381 3394 443 £094

1806 500 2020 570 pinnam
2060 498 2240 569 templi
2271 497 2476 554 levatus
2501 499 2606 565 sit;
2636 515 2701 554 an
2731 501 2832 556 hoc
2857 501 3034 571 prius,
3060 509 3114 556 et
3139 500 3266 556 illud
3296 515 3394 573 po-

1807 599 1939 646 stea.
1969 590 2109 646 Nihil
2139 600 2313 647 tamen
2343 589 2408 645 ad
2435 605 2548 645 rem
2569 633 2583 655 ,
2612 589 2737 645 dum
2767 591 2944 646 omnia
2975 590 3107 646 facta
3129 606 3248 646 esse
3271 606 3390 646 ma-

1809 681 2062 737 nifestum
2105 681 2172 737 sit
2206 699 2219 736 :
2247 690 2300 737 et
2332 679 2472 754 quod
2510 681 2627 737 aliis
2654 681 2832 737 verbis
2858 680 3074 738 easdem
3106 682 3399 740 sententias

1809 773 1981 830 Lucas
2009 775 2255 845 explicat,
2281 790 2384 830 non
2411 790 2624 845 semper
2640 773 3118 830 commendandum
3137 783 3390 848 estquam

1812 869 1945 924 nihil
1982 868 2234 938 depereat
2268 866 2496 924 veritati.
2537 863 2745 924 Marcus
2777 877 2952 923 autem
2977 851 3258 932 attestatur
3283 867 3398 948 qui-

1814 962 1933 1018 dem
1963 979 2083 1016 eum
2115 962 2165 1016 in
2197 961 2409 1016 deserto
2440 976 2468 1015 a
2498 960 2709 1015 diabolo
2738 975 2858 1016 esse
2883 967 3142 1016 tentatum
3168 958 3401 1032 quadra-

1814 1055 1955 1134 ginta
1981 1054 2168 1110 diebus
2193 1063 2247 1112 et
2270 1054 2513 1108 noctibus
2537 1070 2551 1120 ;
2582 1051 2678 1108 sed
2706 1061 2844 1108 tacet
2865 1051 2991 1124 quid
3014 1053 3063 1108 el
3089 1038 3287 1116 dictum
3313 1054 3403 1121 sit,

1816 1147 2008 1216 quidve
2037 1145 2392 1220 responderlt.
2421 1145 2550 1200 item
2575 1144 2715 1215 quod
2739 1143 2909 1199 Lucas
2929 1145 3283 1215 praetermisit,
3309 1146 3411 1202 iste

1818 1253 1925 1292 non
1958 1239 2155 1304 tacuit,
2188 1236 2328 1308 quod
2360 1236 2548 1310 Angell
2581 1235 2952 1290 ministrabant
2980 1234 3052 1288 Illi
3083 1233 3298 1306 (Matth.
3323 1249 3408 1301 iv,

1821 1329 1942 1388 l-ll
1969 1372 1983 1397 ,
2030 1327 2195 1384 Marc.
2243 1345 2293 1394 ι,
2340 1328 2440 1396 12,
2474 1329 2577 1396 15,
2608 1337 2652 1383 et
2679 1325 2804 1382 Luc.
2834 1344 2916 1392 Iv,
2951 1327 3104 1402 1-15)
3137 1347 3150 1383 :
3179 1328 3414 1385 Joannes

1819 1436 1949 1477 vero
1980 1427 2148 1475 totum
2175 1421 2334 1476 istum
2366 1420 2539 1475 locum
2563 1419 2926 1492 prmtermisit.

1821 1511 2046 1568 CAPUT
2068 1511 2228 1568 XVII.
2244 1542 2316 1552 —
2336 1511 2414 1566 De
2433 1513 2689 1566 vocatione
2717 1510 3060 1582 apostolorum
3091 1513 3412 1585 piscantium.

1896 1605 1983 1660 34.
2029 1604 2278 1675 Sequitur
2319 1618 2543 1664 narrans
2582 1601 2892 1669 Mattlueus,
2937 1602 3065 1659 Cum
3111 1615 3277 1659 autent
3319 1623 3415 1660 au-

1824 1696 1975 1752 disset
1999 1695 2134 1767 quod
2155 1695 2381 1752 Joannes
2407 1695 2622 1751 traditus
2648 1705 2793 1759 esset,
2820 1696 3016 1752 secessit
3039 1698 3092 1750 in
3116 1695 3418 1752 Galilaeam:

1826 1791 1929 1846 hoc
1955 1798 2010 1847 et
2029 1790 2235 1844 Marcus
2259 1788 2477 1854 dicit,et
2506 1789 2674 1842 Lucas
2703 1785 2916 1859 (Matth.
2948 1805 3021 1856 iv,
3053 1788 3152 1855 ης
3182 1787 3345 1850 Marc.
3377 1805 3415 1856 t,

1826 1883 1915 1948 l4,
1942 1892 1988 1942 et
2013 1880 2139 1936 Luc.
2164 1897 2236 1949 IV,
2269 1880 2360 1952 l4)
2385 1897 2400 1947 ;
2424 1880 2516 1936 sed
2543 1880 2714 1938 Lucas
2741 1880 2807 1935 de
2831 1880 3038 1936 Joanne
3069 1882 3262 1940 tradito
3287 1882 3419 1937 nihil

1827 1975 1930 2030 hoc
1949 1976 2067 2030 loco
2094 1973 2240 2028 dicit.
2265 1971 2499 2028 Joannes
2523 1980 2701 2028 autem
2728 1971 3084 2042 Evangeiista,
3114 1973 3420 2046 priusquam

1826 2065 1929 2122 iret
1953 2060 2132 2122 ‘Jesus
2175 2065 2228 2120 in
2275 2064 2581 2132 Galilream,
2627 2062 2756 2126 dicit
2799 2063 3014 2124 Petrum
3059 2074 3113 2120 et
3151 2065 3422 2138 Andream

1827 2175 2087 2216 mansusse
2116 2175 2236 2214 cum
2267 2157 2360 2213 illo
2390 2173 2496 2213 uno
2525 2157 2645 2226 die,
2677 2166 2730 2212 et
2756 2165 2881 2212 tunc
2908 2157 3069 2213 Petro
3096 2175 3288 2216 nomen
3320 2160 3422 2220 im-

1829 2252 2095 2328 positum,
2136 2266 2258 2305 cum
2287 2259 2442 2305 antea
2471 2249 2655 2310 Simon
2681 2258 2980 2306 vocaretur.
3011 2247 3268 2328 Sequenti
3295 2252 3421 2308 item

1829 2343 1916 2397 die
1954 2343 2064 2412 jam
2107 2339 2374 2396 volentem
2404 2341 2551 2396 exire
2581 2341 2631 2394 in
2661 2340 2932 2398 Galilaeam
2957 2383 2972 2409 ,
3006 2341 3275 2399 invenisse
3301 2342 3427 2400 Plii-

1828 2434 2064 2504 lippum,
2105 2441 2159 2489 et
2192 2433 2239 2488 ei
2283 2432 2480 2487 dixisse
2516 2440 2574 2486 ut
2608 2442 2917 2502 sequeretur
2944 2447 3066 2488 eum
3100 2449 3113 2487 :
3143 2433 3268 2496 inde
3294 2450 3427 2498 ven-

1829 2537 1942 2586 tum
1981 2535 2062 2582 est
2095 2535 2154 2580 ut
2191 2526 2350 2588 etiam
2389 2525 2456 2580 de
2479 2523 2807 2583 Nathanaele
2837 2535 3096 2582 narraret.
3125 2527 3218 2582 Die
3247 2537 3425 2585 autem

1831 2622 1990 2675 tertio
2015 2619 2065 2673 in
2095 2618 2311 2675 Galilzea
2344 2617 2718 2684 constitutum,
2753 2615 2942 2672 fecisse
2964 2616 3089 2672 illud
3117 2618 3168 2672 in
3192 2619 3332 2674 Cana
3359 2619 3428 2675 de

1831 2727 1983 2782 aqua:
2023 2711 2074 2766 in
2113 2711 2294 2767 vinum
2321 2707 2672 2764 conversione
2702 2705 3014 2762 miraculum
3044 2706 3223 2780 (Joan.
3254 2724 3304 2776 ι,
3333 2709 3430 2765 '59—

1831 2825 1866 2862 ιι
1885 2851 1901 2884 ,
1953 2805 2064 2882 il).
2113 2807 2242 2881 Quae
2270 2807 2447 2860 omnia
2474 2805 2654 2860 caeteri
2686 2805 3040 2878 Evangelista:
3066 2807 3428 2878 praetermise-

1833 2911 1955 2956 runt
1977 2942 1992 2970 ,
2036 2901 2088 2957 id
2124 2908 2470 2956 contexentes
2499 2899 2894 2962 nar-rationibus
2925 2900 3034 2954 suis
3057 2939 3075 2970 ,
3107 2899 3247 2978 quod
3273 2898 3430 2962 Jesns

1831 3009 2082 3050 reversus
2123 2994 2176 3049 in
2204 2993 2474 3049 Galilmam
2504 2993 2574 3054 sit
2606 3009 2618 3045 :
2652 2991 2794 3048 unde
2821 2991 3129 3061 intelligitur
3156 2989 3319 3046 fuisse
3346 2989 3430 3054 in-

1836 3087 2121 3160 terpositos
2149 3085 2352 3154 aliquot
2380 3085 2494 3138 dies
2519 3125 2532 3149 ,
2561 3083 2752 3156 quibus
2776 3082 2864 3140 illa
2890 3082 2958 3136 de
2987 3080 3258 3162 discipulis
3277 3090 3430 3156 gesta

1835 3187 1986 3246 sunt,
2034 3193 2151 3252 qua:
2194 3177 2600 3246 interponuntur
2642 3191 2671 3229 a
2713 3173 2936 3230 Joanne.
2983 3173 3098 3228 Non
3137 3183 3218 3228 est
3254 3183 3432 3232 autem

1835 3273 2156 3326 contrarium
2203 3270 2252 3326 ei
2297 3271 2446 3335 loco,
2498 3270 2586 3330 ubi
2627 3269 2906 3326 Mattharus
2944 3278 3123 3332 narrat
3152 3269 3433 3328 Dominqu

1836 3365 2035 3418 dixisse
2082 3364 2269 3428 Petro,
2311 3361 2392 3420 Tu
2435 3379 2486 3425 es
2535 3362 2755 3428 Petrus,
2802 3373 2846 3416 ct
2885 3379 3038 3434 super
3077 3363 3206 3418 hanc
3243 3371 3437 3438 petram

1835 3452 2096 3524 aediﬁcabo
2145 3451 2424 3506 Ecclesium
2467 3468 2632 3506 meam
2675 3450 2888 3521 (Matth.
2933 3467 3054 3518 xvi,
3105 3451 3214 3524 i8).
3255 3453 3438 3532 Neque

1837 3546 1978 3600 enim
2014 3544 2115 3600 hoc
2144 3559 2338 3604 nomen
2369 3553 2494 3600 tunc
2519 3543 2788 3611 accepisse
2812 3542 3184 3612 intelligendus
3211 3553 3308 3609 est,
3337 3541 3435 3600 sed

1839 3647 1963 3690 tunc
2005 3638 2178 3705 potius
2203 3678 2218 3700 ,
2250 3635 2462 3704 quando
2491 3635 2540 3689 ei
2565 3632 2800 3689 Joannes
2825 3633 3022 3690 dictum
3053 3648 3170 3689 esse
3199 3649 3438 3698 comme-

1838 3737 2044 3794 morat,
2071 3726 2149 3780 Tu
2179 3725 2428 3782 vocaberis
2458 3725 2655 3796 Cepltas
2674 3767 2688 3789 ,
2717 3725 2850 3796 quod
2872 3725 3230 3796 interpretatur
3255 3725 3438 3781 Petrus

1845 3820 2019 3891 (Joan.
2072 3836 2120 3882 ι.
2165 3819 2253 3886 42)
2286 3837 2296 3871 :
2332 3828 2385 3872 ut
2411 3833 2532 3872 eum
2567 3816 2667 3871 hoc
2697 3817 2910 3871 nomine
2938 3816 3228 3888 appellaret
3256 3829 3439 3888 postea

1842 3912 2096 3966 Dominus
2124 3910 2303 3966 dicens
2328 3952 2342 3977 ,
2377 3908 2451 3962 Tu
2476 3926 2526 3964 es
2558 3907 2760 3962 Petrus.
2793 3907 2907 3963 Non
2940 3911 3080 3964 enim
3108 3909 3214 3976 ait,
3238 3909 3318 3969 Tu
3338 3925 3434 3974 von

1842 4004 2050 4058 caberis
2073 4003 2278 4066 Petrus,
2312 4001 2426 4067 sed,
2456 3999 2535 4053 Tu
2556 4017 2606 4054 es
2627 3998 2812 4060 Petrus
2833 4016 2850 4065 ;
2874 3999 3014 4072 quod
3036 4001 3084 4056 ei
3101 3999 3209 4071 jam
3233 3999 3435 4065 dictum

1844 4105 1961 4152 erat
1986 4103 2138 4152 antea
2162 4137 2175 4160 ,
2207 4093 2287 4148 Tu
2318 4092 2588 4148 vocaberis.

1916 4213 2005 4268 ὃὸ.
2050 4209 2250 4270 Deinde
2275 4207 2511 4266 contexit
2540 4205 2898 4264 narrationem
2926 4203 3240 4272 Mattheus,
3271 4213 3327 4262 et
3353 4205 3442 4267 di-

1846 4307 1919 4361 cit
1961 4323 1973 4358 :
2017 4303 2083 4360 Et
2125 4280 2298 4360 relicta
2337 4301 2530 4356 civitate
2561 4297 2817 4356 Nazaretlt
2839 4338 2854 4363 ,
2884 4298 3014 4354 venit
3038 4305 3087 4354 et
3116 4296 3361 4356 habitavit
3388 4299 3444 4358 in

1849 4397 2210 4469 Capharnaum
2223 4393 2496 4460 maritima,
2513 4394 2563 4448 in
2591 4390 2775 4462 ﬁnibus
2795 4390 3023 4448 Zabulan
3049 4400 3096 4446 et
3127 4389 3441 4462 Nephtalim.

1851 4499 1906 4545 et
1934 4499 2157 4555 etatem,
2190 4498 2465 4556 quousque
2493 4499 2672 4542 sermo
2698 4483 3044 4550 terminatur,
3076 4497 3234 4554 quem
3264 4484 3451 4542 habuit

1852 4582 1906 4637 in
1952 4588 2152 4638 monte.
2196 4577 2254 4636 In
2295 4593 2401 4648 quo
2439 4585 2688 4634 contextu
2730 4575 3052 4636 narrationis
3087 4583 3371 4639 attestatur
3395 4576 3450 4637 ei

1852 4675 2060 4730 Marcus
2089 4671 2155 4728 de
2179 4669 2559 4740 discipulorum
2585 4668 2892 4733 vocatione,
2921 4667 3063 4729 Petri
3093 4678 3145 4728 ot
3175 4669 3401 4735 Andreas
3423 4712 3441 4740 ,

1854 4768 1912 4818 et
1951 4759 2109 4829 paulo
2149 4765 2268 4829 post
2309 4755 2492 4814 Jacobi
2531 4764 2584 4814 et
2611 4755 2851 4818 Joannis.
2885 4752 2992 4816 Sed
3022 4770 3144 4817 cum
3172 4754 3451 4820 Nouimus

1856 4850 2111 4908 continuo
2156 4849 2502 4917 conjungeret
2539 4846 2895 4908 narrationem
2940 4847 3134 4917 prolixi
3162 4846 3304 4910 illius
3330 4862 3450 4910 seu.

1859 4942 2034 4998 monis
2061 4956 2216 5011 quem
2240 4941 2294 4993 in
2313 4948 2491 4994 monte
2513 4939 2693 4998 habuit
2716 4982 2731 5007 ,
2765 4948 3110 5014 posteaquam
3140 4940 3335 5002 multos
3356 4956 3453 4998 cn.

1858 5035 2025 5100 ravit,
2053 5042 2106 5092 et
2134 5048 2257 5094 eunt
2285 5031 2461 5090 multa:
2484 5031 2650 5094 turba:
2672 5041 2866 5088 secuta:
2889 5041 3032 5095 sunt,
3063 5031 3267 5088 Marcus
3290 5032 3454 5088 inter-

1861 5128 2036 5198 posuit
2077 5127 2209 5192 alia,
2239 5125 2360 5198 quia
2389 5124 2618 5185 docebat
2647 5138 2740 5186 eos
2769 5125 2820 5188 in
2847 5139 3114 5196 synagoga
3137 5165 3152 5191 ,
3183 5134 3236 5182 et
3265 5134 3451 5196 stupe.

1859 5223 1989 5286 bant
2009 5236 2168 5291 super
2208 5220 2449 5280 doctrina
2491 5218 2625 5288 ejus.
2675 5217 2827 5281 Tune
2875 5217 2990 5287 ipse
3028 5217 3199 5281 dixit,
3231 5218 3372 5288 quod
3396 5225 3455 5278 et

1860 5315 2137 5378 Matthaeus
2184 5322 2305 5384 post
2342 5311 2491 5374 illum
2541 5309 2802 5380 prolixum
2833 5323 3166 5374 sermonem.
3197 5311 3319 5382 quia
3344 5319 3454 5371 erat

1861 5409 2044 5472 docent
2065 5421 2150 5468 eos,
2175 5405 2320 5474 quasi
2344 5410 2636 5474 potestatem
2658 5402 2865 5467 italiam.
2889 5411 2935 5462 et
2964 5419 3065 5462 non
3086 5407 3214 5464 sicut
3235 5401 3451 5466 Scriba.

1861 5501 2106 5565 Narravit
2129 5498 2288 5560 etiam
2313 5497 2382 5556 de
2409 5493 2624 5560 homine
2655 5510 2687 5558 ιι
2708 5510 2813 5566 quo
2835 5495 3089 5565 expulsus.
3110 5505 3190 5558 est
3217 5498 3452 5560 immitti-.-

1861 5596 1960 5650 dus
1985 5592 2202 5663 spiritus.
2225 5607 2240 5656 ;
2271 5587 2463 5648 deinde
2485 5587 2554 5650 de
2580 5601 2738 5652 3.00!“
2758 5585 2921 5650 P-clt'i.
2953 5585 3010 5649 In
3041 5587 3124 5650 bis
3149 5597 3324 5650 autem
3346 5588 3428 5652 La

1862 5687 2014 5746 casei
2033 5682 2297 5746 consentit
2325 5679 2534 5754 (Matth.
2551 5696 2620 5746 tv.
2646 5678 3112 5747 15.nt,ﬁ9,uarc.
3137 5697 3176 5749 t.
3201 5681 3380 5750 lii-al.
3401 5691 3452 5742 et

1865 5780 1991 5842 Luc.
2026 5793 2108 5844 iv,
2139 5772 2328 5847 514:9)
2360 5791 2373 5830 :
2406 5772 2684 5839 Mattbaius
2709 5787 2837 5832 vero
2857 5771 2925 5832 de
2949 5771 3055 5834 ista
3077 5771 3342 5838 (lanionia
3366 5772 3454 5835 iii-

2156 5924 2223 5938 Α.-
2235 5921 2252 5928 -
