3878 6316
547 354 566 408 l
577 352 682 409 095

541 466 615 520 hil
638 462 909 526 narravit;
935 461 1001 516 de
1021 473 1177 515 socru
1197 469 1371 513 autem
1399 457 1539 512 Petri
1560 471 1665 510 non
1693 454 1888 522 tacuit,
1912 452 2002 508 sed
2025 467 2118 522 po-

538 566 648 611 stea
678 554 885 625 (Matth.
917 568 1030 617 vui,
1057 552 1149 616 14,
1179 549 1288 620 15).

610 648 699 702 56.
731 647 788 701 In
816 645 916 700 hoc
941 654 1117 699 autem
1145 644 1263 699 loco
1281 683 1297 708 ,
1327 656 1486 712 quem
1517 655 1657 696 nunc
1680 638 2076 694 consideramus
2096 679 2112 706 ,

541 741 678 795 idem
705 737 980 792 Matthreus
1005 745 1123 806 post
1149 734 1481 789 vocationem
1506 731 1902 802 discipulorum,
1923 729 2115 801 quibus

547 829 870 900 piscantibus
904 827 1054 897 jussit
1093 835 1152 880 ut
1186 840 1308 880 eum
1348 830 1696 894 sequerentur
1719 863 1734 887 ,
1776 831 1955 875 narrat
1991 835 2114 875 eum

543 921 792 974 circuisse
816 918 1084 974 Galilaaam
1111 959 1125 982 ,
1154 916 1432 971 docentem
1455 917 1506 968 in
1527 913 1828 985 synagogis,
1851 919 1906 966 et
1925 909 2115 980 pracdi-

540 1021 746 1068 cantcm
778 1010 1139 1080 Evangelium,
1169 1018 1223 1063 et
1241 1017 1516 1062 sanantem
1536 1021 1747 1061 omnem
1769 1007 2109 1075 languorem;

540 1113 592 1158 et
619 1101 852 1158 collectis
879 1100 942 1154 ad
971 1116 1090 1156 eum
1119 1099 1314 1166 turbis,
1348 1097 1649 1154 ascendisse
1675 1097 1726 1151 in
1755 1104 1992 1150 montem
2017 1137 2032 1161 ,
2060 1102 2114 1150 et

541 1209 692 1249 usum
720 1193 881 1248 fuisse
908 1192 998 1246 illo
1025 1206 1272 1246 sermone
1303 1191 1526 1260 prolixo.
1553 1189 1651 1242 Dat
1675 1201 1800 1258 ergo
1821 1187 1993 1241 locum
2025 1186 2109 1239 in-

539 1283 822 1355 telligendi,
847 1293 971 1338 tunc
1001 1283 1132 1337 facta
1159 1297 1278 1336 esse
1307 1265 1423 1351 qua}
1438 1280 1642 1335 Marcus
1662 1288 1780 1348 post
1796 1278 2109 1334 electionem

537 1375 847 1430 earumdem
893 1373 1270 1442 discipulorum
1312 1380 1520 1434 narrat,
1543 1385 1662 1424 cum
1693 1369 1943 1424 circuiret
1968 1366 2110 1422 Gali-

536 1465 685 1520 lazam
705 1506 720 1531 ,
751 1474 804 1520 et
824 1464 1038 1519 doceret
1067 1464 1117 1517 in
1139 1463 1418 1534 synagogis
1447 1477 1631 1517 eorum
1662 1479 1674 1515 :
1709 1468 1833 1515 tunc
1863 1460 2022 1515 etiam
2040 1459 2109 1514 de

534 1575 691 1616 socru
735 1559 874 1614 Petri
921 1577 932 1611 :
975 1558 1069 1614 sed
1107 1573 1227 1613 eum
1268 1564 1452 1626 postea
1489 1568 1935 1610 commemorasse
1966 1552 2110 1624 quod

532 1650 940 1720 prmtermiserat
966 1690 980 1715 ,
1020 1648 1260 1719 quamvis
1296 1661 1403 1701 non
1451 1647 1626 1700 omnia
1658 1645 2014 1716 prsetermissa
2053 1643 2106 1699 in

530 1742 885 1798 narrationem
911 1740 1258 1796 revocaverit.

602 1837 690 1892 37.
728 1835 866 1891 Sane
902 1843 1075 1904 potest
1109 1846 1350 1894 movere,
1383 1828 1648 1899 quomodo
1673 1827 1903 1882 Joannes
1927 1825 2104 1892 dicat,

533 1943 636 1983 non
665 1944 716 1982 tn
741 1927 953 1983 Galilma
975 1968 989 1992 ,
1021 1925 1113 1980 sed
1139 1924 1288 1994 juxta
1313 1921 1620 1988 Jordanem,
1644 1919 1816 1990 primo
1836 1919 2104 1973 Andream

527 2029 765 2076 secutum
800 2035 918 2074 esse
945 2019 1221 2072 Dominum
1251 2031 1370 2071 cum
1399 2014 1503 2070 alio
1521 2053 1536 2080 ,
1564 2013 1715 2083 cujus
1743 2027 1938 2067 nomen
1965 2021 2107 2067 tace-

529 2118 615 2165 tur
637 2153 652 2178 ,
694 2110 884 2165 deinde
918 2109 1131 2164 Petrum
1165 2107 1232 2162 ab
1265 2106 1357 2161 illo
1392 2119 1584 2159 nomen
1620 2103 1922 2172 accepisse,
1948 2102 2104 2156 tertio

528 2203 822 2273 Philippum
851 2211 1095 2257 vocatum
1121 2210 1178 2255 ut
1199 2216 1322 2254 eum
1348 2205 1658 2270 sequeretur
1682 2215 1694 2250 :
1720 2197 1899 2252 caeteri
1924 2205 2102 2250 autem

529 2305 634 2351 tres
658 2293 1006 2364 Evangelista:
1029 2293 1096 2348 de
1121 2292 1411 2362 piscatione
1435 2299 1648 2346 vocatos
1668 2304 1759 2343 eos
1776 2288 1953 2343 dicant
1971 2286 2103 2343 satis

528 2385 666 2440 inter
703 2399 762 2440 se
799 2384 1206 2448 convenienter,
1244 2381 1473 2437 maxime
1496 2381 1771 2435 Matthteus
1796 2387 1850 2457 et
1870 2379 2097 2435 Marcus.

525 2475 652 2530 Nam
692 2475 862 2530 Lucas
893 2474 1159 2530 Andream
1191 2489 1294 2529 non
1321 2472 1592 2540 nominat,
1620 2473 1708 2542 qui
1733 2480 1908 2527 tamen
1936 2471 2100 2526 intel-

523 2566 698 2636 ligitur
734 2567 787 2620 in
825 2581 887 2620 ea
926 2565 1045 2620 navi
1085 2565 1246 2620 fuisse
1285 2562 1575 2619 secundum
1616 2563 1843 2616 Matthaei
1865 2571 1919 2618 et
1941 2561 2099 2617 Marci

523 2659 875 2713 narrationem
899 2699 913 2723 ,
942 2657 1030 2727 qui
1060 2656 1288 2711 breviter
1311 2655 1409 2711 hoc
1438 2654 1815 2724 perstringunt,
1841 2654 2097 2723 quemad-

522 2751 733 2806 modum
780 2761 987 2821 gestum
1027 2750 1094 2804 sit
1125 2768 1136 2802 :
1166 2750 1305 2819 quod
1331 2749 1502 2803 Lucas
1527 2747 1757 2817 apertius
1785 2746 2094 2814 explicavit,

519 2857 939 2898 commemorans
962 2842 1031 2897 ibi
1058 2843 1213 2896 etiam
1237 2841 1546 2895 miraculum
1595 2855 1753 2909 super
1779 2847 1993 2906 captura
2016 2838 2097 2907 pi-

518 2935 706 3000 scium,
725 2934 935 3004 etquod
956 2949 1020 2989 ex
1042 2932 1153 3003 ipsa
1179 2931 1297 2987 navi
1326 2932 1580 2986 Dominus
1599 2932 1745 3000 prius
1770 2930 1927 2986 fuerit
1951 2931 2098 2985 locu-

520 3033 604 3079 tus
627 3025 693 3080 ad
719 3025 918 3088 turbas.
951 3026 1061 3080 Hoc
1082 3027 1238 3080 etiam
1263 3025 1470 3080 videtur
1489 3024 1707 3091 distare,
1729 3023 1868 3095 quod
1891 3031 2094 3088 tantum

517 3115 676 3170 Petro
718 3131 746 3168 a
797 3117 1018 3170 Domino
1056 3117 1252 3171 dictum
1295 3124 1710 3182 commemorat,
1754 3117 1837 3170 Ea:
1873 3118 1965 3170 hoc
1980 3118 2094 3186 jam

519 3207 741 3262 homines
777 3208 874 3262 eris
907 3208 1147 3279 capiens;
1185 3207 1326 3277 quod
1354 3207 1426 3261 illi
1455 3208 1710 3263 ambobus
1739 3207 1990 3262 fratribus
2014 3208 2094 3262 di-

515 3308 656 3353 ctum
682 3313 799 3354 esse
827 3310 1123 3353 narrarunt.
1154 3298 1256 3354 Sed
1276 3298 1640 3368 potuitutique
1661 3299 1806 3367 prius
1824 3298 1922 3353 hoc
1935 3298 2092 3353 Petro

513 3392 614 3448 dici
635 3431 649 3457 ,
673 3406 790 3446 eum
817 3390 882 3446 de
911 3401 1062 3460 capta
1092 3389 1289 3461 ingenti
1319 3389 1651 3444 multitudine
1679 3391 1900 3460 piscium
1926 3390 2091 3445 mira-

512 3491 674 3548 retur,
695 3481 836 3553 quod
860 3481 1028 3538 Lucas
1046 3481 1360 3544 insinuavit;
1383 3489 1436 3535 et
1450 3480 1704 3534 ambobus
1725 3490 1925 3550 postea,
1949 3480 2090 3551 quod

512 3577 586 3631 illi
612 3576 715 3631 duo
745 3582 1308 3631 commemoraverunt.
1333 3571 1464 3627 illud
1490 3587 1616 3642 ergo
1636 3572 1775 3642 quod
1799 3573 1864 3627 de
1883 3572 2088 3628 Joanne

510 3669 766 3735 diximus,
813 3666 1093 3738 diligenter
1129 3663 1571 3721 considerandum
1611 3672 1692 3718 est
1732 3681 1746 3716 :
1796 3679 1899 3718 non
1943 3664 2085 3718 enim

510 3775 669 3831 parva
698 3759 1040 3828 repugnantia
1073 3757 1242 3827 putari
1265 3765 1467 3825 potest,
1497 3771 1616 3810 cum
1638 3765 1690 3810 et
1714 3757 1949 3812 locorum
1973 3755 2085 3825 plu-

510 3853 699 3906 rimum
729 3851 961 3914 intersit,
985 3859 1036 3904 et
1063 3849 1333 3918 temporis,
1358 3857 1412 3903 et
1437 3848 1600 3916 ipsius
1620 3848 1928 3902 vocationis.
1950 3847 2082 3902 Nam

508 3942 552 3997 si
577 3942 723 4011 juxta
744 3940 1046 4006 Jordancm,
1077 3948 1357 4008 antequam
1380 3938 1532 3992 Jesus
1560 3939 1689 3994 isset
1713 3940 1765 3993 in
1787 3939 2078 4008 Galilaeam,

505 4032 571 4087 ad
601 4031 957 4087 testimonium
978 4030 1192 4085 Joannis
1219 4029 1466 4099 Baptista:
1486 4030 1649 4084 secuti
1672 4038 1793 4084 sunt
1812 4045 1931 4085 eum
1952 4030 2078 4099 duo,

507 4139 730 4194 quorum
759 4129 872 4178 erat
900 4136 1035 4176 unus
1060 4120 1299 4176 Andreas
1319 4161 1333 4186 ,
1365 4120 1452 4190 qui
1483 4120 1696 4175 fratrem
1727 4137 1877 4175 suum
1908 4121 2081 4176 Simo-

503 4231 625 4270 nem
652 4213 900 4269 continuo
920 4211 1136 4267 adduxit
1159 4211 1224 4265 ad
1249 4210 1428 4266 Jesum
1447 4252 1459 4274 ,
1486 4211 1695 4280 quando
1725 4221 1778 4285 et
1802 4226 1997 4266 nomen
2023 4221 2080 4267 ut

502 4306 690 4361 Petrus
729 4312 1006 4360 vocaretur
1032 4302 1271 4373 accepit;
1303 4302 1570 4372 quomodo
1597 4303 1664 4357 ab
1688 4301 1804 4357 aliis
1833 4301 2077 4374 Evange-

500 4399 635 4453 listis
668 4397 858 4453 dicitur
883 4396 1023 4467 quod
1052 4410 1144 4452 eos
1170 4396 1221 4450 in
1249 4393 1463 4450 Galilzea
1492 4396 1757 4465 piscantes
1781 4395 2076 4463 invenerit,

497 4500 656 4561 atque
697 4489 761 4544 ad
796 4488 1164 4558 discipulatum
1202 4488 1472 4543 vocaverit
1512 4487 1719 4560 (Matth.
1762 4505 1840 4557 tv,
1870 4488 2073 4556 15-23;

497 4581 664 4637 Marc.
707 4597 758 4648 ,
800 4581 1004 4647 l6-20;
1049 4580 1174 4635 Luc.
1215 4598 1282 4648 v,
1312 4582 1433 4637 l-ll
1459 4625 1473 4649 ,
1506 4591 1551 4636 et
1576 4583 1730 4639 Joan.
1761 4601 1810 4649 1,
1845 4583 2076 4655 55-44)?

496 4672 596 4726 nisi
641 4671 761 4741 quia
805 4671 1196 4743 intelligendum
1225 4682 1340 4740 est,
1370 4687 1475 4727 non
1505 4673 1582 4728 sic
1605 4689 1696 4729 eos
1726 4673 1920 4729 vidisse
1949 4681 2075 4730 tunc

494 4765 776 4821 Dominum
814 4763 963 4834 juxta
1003 4763 1321 4831 Jordanem;
1366 4773 1424 4820 ut
1451 4766 1498 4820 ei
1521 4765 1627 4835 jam
1656 4766 2075 4836 inseparabiliter

493 4856 855 4925 cohmrerent,
884 4855 976 4911 sed
1005 4863 1206 4910 tantum
1235 4858 1545 4926 cognovisse
1575 4858 1692 4928 quis
1718 4867 1890 4926 esset,
1924 4874 2074 4915 eum-

493 4965 595 5020 que
622 4948 840 5004 miratos
864 4947 930 5002 ad
961 4947 1169 5018 propria
1194 4963 1476 5004 remeasse.

562 5042 650 5097 38.
691 5039 821 5095 Nam
852 5048 906 5096 et
930 5041 982 5095 in
1010 5037 1152 5095 Cana
1181 5038 1410 5095 Galilaate
1441 5055 1561 5096 eum
1605 5041 1815 5097 fecisset
1841 5041 1909 5098 de
1933 5057 2069 5114 aqua

492 5136 696 5202 vinum,
724 5134 846 5190 dicit
878 5134 1018 5191 idem
1048 5133 1297 5200 Joannes,
1326 5134 1465 5205 quod
1505 5135 1826 5191 crediderint
1864 5136 1916 5192 in
1945 5153 2068 5193 eum

488 5227 730 5298 discipuli
761 5226 895 5298 ejus.
922 5227 1071 5295 Quod
1116 5227 1184 5282 ita
1225 5235 1406 5282 narrat
1435 5226 1538 5281 :Et
1581 5227 1662 5281 die
1699 5229 1844 5283 tertio
1880 5231 2070 5301 nuptiae

491 5325 640 5392 facta:
661 5326 774 5376 sunt
796 5320 848 5373 in
879 5319 1017 5374 Cana
1041 5318 1286 5387 Galilazat,
1310 5328 1356 5373 et
1381 5329 1486 5373 erat
1516 5328 1675 5374 mater
1735 5337 1821 5375 esu
1840 5320 1928 5376 ibi.
1959 5320 2065 5376 Vo-

488 5425 632 5468 catus
678 5421 748 5468 est
793 5420 957 5467 autent
998 5419 1044 5466 et
1083 5409 1235 5467 Iesus
1277 5420 1324 5465 et
1367 5411 1603 5481 discipuli
1640 5416 1747 5483 ejus
1771 5412 1840 5466 ad
1865 5413 2067 5484 nuptias

489 5507 666 5579 (Joan.
684 5521 742 5572 ,
764 5506 817 5570 l,
837 5504 917 5577 2).
940 5504 1037 5572 Qui
1063 5505 1244 5574 utique
1262 5503 1308 5558 si
1335 5511 1459 5559 tunc
1484 5504 1536 5559 in
1559 5520 1677 5560 eum
1705 5504 2060 5574 crediderunt,

485 5603 624 5656 sicut
649 5599 805 5669 paulo
831 5608 950 5668 post
976 5599 1122 5665 dicit,
1146 5598 1380 5654 nondum
1411 5609 1565 5654 erant
1589 5599 1828 5670 discipuli
1854 5615 1976 5655 cum
1996 5599 2062 5655 ad

487 5694 698 5763 nuptias
742 5691 914 5746 vocati
963 5699 1104 5747 sunt.
1148 5691 1254 5748 Sed
1302 5692 1391 5746 illo
1436 5707 1586 5746 more
1635 5693 1914 5748 locutionis
1961 5693 2064 5749 hoc

485 5786 684 5843 dictum
727 5794 828 5851 est,
859 5798 964 5853 quo
1009 5784 1294 5854 loquimur,
1331 5798 1450 5838 cum
1499 5783 1720 5839 dicimus
1764 5785 2059 5856 apostolum

1302 344 1388 399 ne
1426 341 1774 398 consensu
1818 337 2452 412 EVANGELISTARUM,
2490 347 2547 403 s.
2588 348 2951 406 AUGUSTINI
3641 362 3730 419 (

2225 452 2444 510 Paulum
2474 457 2528 513 in
2552 459 2718 516 Tarso
2742 461 2939 517 Cilicia:
2969 473 3150 530 natum
3185 463 3324 534 (Act.
3349 479 3476 532 ,
3504 465 3554 540 '5)
3575 485 3587 520 :
3609 485 3726 541 neque

2220 544 2361 598 enim
2401 554 2524 602 tunc
2557 549 2664 618 jam
2701 561 2815 606 erat
2841 554 3130 622 apostolus.
3171 548 3252 608 lta
3289 555 3564 626 discipulos
3590 559 3728 617 Christi

2221 633 2469 692 invitatos
2494 640 2561 693 ad
2590 641 2800 711 nuptias
2834 657 2956 698 cum
2993 644 3273 711 audimus,
3291 657 3411 700 non
3435 645 3538 716 jam
3561 649 3729 721 discipu-

2223 726 2324 794 los,
2343 730 2436 784 sed
2457 732 2547 802 qui
2573 731 2734 788 futuri
2761 744 2914 790 erant
2940 737 3184 807 discipuli
3217 738 3508 809 intelligere
3524 741 3729 799 debemus.

2217 817 2333 872 Jam
2365 822 2503 875 enim
2545 823 2726 893 utique
2768 825 3009 897 discipuli
3036 827 3241 883 Christi
3271 838 3444 896 erant,
3465 832 3647 900 quando
3664 835 3731 889 ista

2217 918 2426 965 narrata
2452 921 2611 982 atque
2636 916 2931 986 conscripta
2958 927 3111 984 sunt;
3145 929 3202 974 et
3232 920 3354 974 ideo
3383 921 3459 976 sic
3481 921 3540 977 de
3564 923 3648 978 illis
3674 926 3730 979 lo-

2215 1011 2367 1058 cutus
2395 1012 2477 1059 est
2502 1013 2796 1076 temporum
2819 1011 3211 1078 praeteritorum
3237 1021 3497 1068 narrator.

2285 1096 2373 1150 59.
2414 1096 2564 1164 Quod
2603 1108 2779 1154 autem
2814 1100 2942 1156 dicit
2978 1103 3118 1158 idem
3140 1103 3406 1171 Joannes,
3439 1105 3553 1161 Post
3577 1108 3652 1163 hoc
3673 1112 3730 1164 de-

2213 1189 2407 1242 scendit
2435 1188 2790 1260 Capharnaum
2813 1195 2938 1264 ipse,
2961 1206 3007 1249 et
3033 1207 3198 1252 mater
3236 1199 3366 1268 ejus,
3392 1211 3437 1253 et
3464 1201 3620 1270 fratres
3641 1205 3725 1272 ejus,

2215 1288 2261 1332 et
2289 1280 2524 1352 discipuli
2563 1285 2704 1354 ejus;
2731 1297 2778 1340 et
2819 1287 2887 1341 ibi
2931 1300 3226 1343 manserunt
3276 1308 3378 1346 non
3415 1292 3568 1348 multis
3607 1295 3726 1349 diebus

2218 1370 2393 1444 (Joan.
2423 1389 2480 1439 ,
2515 1374 2637 1446 12)
2664 1377 2922 1432 incertum
2953 1391 3033 1434 est
3069 1389 3254 1434 utrum
3291 1381 3401 1451 jam
3444 1383 3512 1437 illi
3546 1384 3726 1439 adhtese

2213 1473 2368 1532 rant,
2405 1466 2563 1521 etiam
2593 1468 2777 1525 Petrus
2801 1481 2855 1525 et
2880 1472 3120 1527 Andreas
3151 1484 3208 1528 et
3250 1473 3345 1529 filii
3373 1474 3611 1532 Zebedaai.
3635 1478 3724 1532 Mat-

2215 1554 2384 1612 thteus
2409 1559 2550 1612 enim
2575 1560 2746 1629 primo
2770 1573 2949 1616 narrat
2975 1565 3117 1633 quod
3146 1565 3378 1633 venerit,
3401 1576 3456 1621 et
3480 1567 3724 1624 habitaverit

2213 1645 2265 1700 in
2293 1646 2696 1718 Capharnaum;
2729 1661 2781 1708 et
2805 1662 2988 1724 postea
3031 1656 3179 1725 quod
3219 1671 3314 1713 eos
3355 1657 3420 1713 de
3439 1659 3629 1714 navibus
3663 1661 3719 1730 pio

2211 1748 2422 1795 seantes
2446 1743 2716 1798 vocaverit
2743 1761 2756 1796 :
2785 1745 2884 1800 iste
2909 1753 3110 1812 autem,
3134 1748 3283 1818 quod
3306 1763 3423 1804 eum
3451 1750 3534 1804 illo
3549 1750 3722 1821 Caphar-

2211 1845 2369 1886 naum
2391 1834 2633 1888 venerint
2652 1834 2895 1906 discipuli
2919 1838 3053 1906 ejus.
3087 1841 3170 1893 An
3198 1837 3337 1895 forte
3356 1839 3606 1896 Mattheus
3620 1841 3720 1911 quod

2219 1923 2631 1990 praetermiserat
2671 1927 3033 1996 recapitulavit
3062 1947 3073 1982 :
3103 1930 3230 1998 quia
3262 1946 3367 1983 non
3393 1930 3462 1984 ait
3487 1931 3613 2000 ipse,
3635 1931 3720 1986 Post

2209 2012 2309 2120 hoc
2328 2015 2609 2120 ambulans
2631 2017 2780 2088 juxta
2804 2034 2952 2074 mare
2968 2020 3228 2087 Galilmae,
3255 2021 3382 2076 vidit
3405 2021 3524 2076 duos
3549 2021 3715 2085 fratres;

2209 2105 2301 2162 sed
2319 2107 2434 2162 sine
2450 2108 2557 2164 ulla
2577 2110 2949 2179 consequentis
2977 2113 3237 2181 temporis
3267 2111 3560 2176 dierentia,

2208 2196 2318 2250 laris
2357 2207 2541 2265 autem,
2569 2198 2757 2269 inquit,
2770 2201 2922 2271 juxta
2949 2216 3088 2254 mare
3109 2199 3358 2266 Galilatte,
3386 2202 3496 2254 vidit
3521 2202 3624 2254 duos
3643 2201 3716 2268 fra-

2207 2297 2331 2355 tres,
2364 2297 2420 2344 et
2445 2290 2672 2345 caetera?
2700 2289 2930 2346 Proinde
2960 2292 3072 2346 eri
3100 2303 3280 2362 potest
3305 2300 3361 2346 ut
3389 2301 3550 2362 postea
3578 2306 3714 2345 narra-

2205 2379 2373 2446 verit,
2415 2395 2522 2436 non
2567 2380 2706 2451 quod
2747 2391 2931 2452 postea
2960 2381 3158 2437 factum
3190 2392 3326 2450 erat,
3358 2382 3446 2437 sed
3473 2381 3590 2452 quod
3611 2383 3712 2450 prius

2205 2471 2638 2537 prretermiserat,
2667 2482 2726 2527 ut
2753 2487 2872 2530 eum
2915 2473 3009 2528 illo
3052 2473 3414 2544 intelligantur
3450 2474 3624 2529 venisse
3643 2474 3712 2528 Ca-

2203 2559 2515 2628 pharnaum,
2550 2577 2656 2631 quo
2676 2561 2906 2617 Joannes
2931 2563 3059 2618 dicit
3094 2573 3150 2619 et
3180 2565 3352 2634 ipsum
3391 2573 3441 2619 et
3467 2573 3648 2618 matrem
3674 2569 3711 2615 ct

2203 2649 2490 2720 discipulos
2519 2651 2635 2721 ejus
2664 2653 2892 2708 venisse.
2918 2656 2995 2708 An
3029 2656 3205 2724 potius
3247 2655 3336 2709 alii
3379 2654 3592 2724 discipuli
3623 2652 3708 2707 iue-

2203 2753 2352 2808 runt;
2384 2743 2521 2797 sicut
2553 2759 2672 2798 eum
2698 2744 2808 2814 jam
2839 2745 3114 2815 Philippus
3150 2745 3480 2816 sequebatur,
3505 2759 3632 2815 quem
3653 2743 3708 2800 sic

2201 2843 2502 2899 vocaverat,
2534 2844 2591 2889 ut
2617 2835 2816 2890 diceret
2844 2836 2920 2903 ei,
2955 2836 3178 2906 Sequere
3221 2838 3332 2891 nte?
3355 2836 3462 2905 Quo
3499 2838 3612 2892 enim
3641 2851 3706 2889 or-

2200 2922 2324 2976 dine
2355 2924 2526 2978 voeati
2571 2924 2678 2980 sint
2710 2939 2897 2980 omnes
2931 2924 3216 2984 duodecim
3243 2928 3490 2999 Apustoli,
3517 2928 3559 2982 in
3578 2925 3706 2980 Evan-

2197 3014 2508 3084 gelistarum
2532 3017 2924 3095 narrationibus
2953 3035 3056 3075 non
3087 3031 3327 3093 apparet,
3351 3018 3701 3092 quandoquidem

2200 3122 2306 3161 non
2355 3115 2556 3163 tantum
2605 3108 2741 3165 ordo
2784 3112 3096 3180 vocationis,
3145 3113 3241 3168 sed
3286 3127 3380 3168 nec
3426 3111 3523 3180 ipsa
3550 3107 3702 3163 vacatio

2196 3207 2610 3254 commemorata
2657 3209 2738 3256 est
2783 3203 3040 3267 omnium,
3081 3205 3177 3260 sed
3227 3213 3420 3259 tantum
3443 3201 3644 3270 Philippi,
3663 3206 3700 3251 et
3794 3201 3795 3270 1

2197 3289 2361 3359 Petri,
2390 3301 2444 3346 et
2465 3293 2713 3362 Andreae,
2737 3304 2790 3350 et
2815 3295 3041 3351 filiorum
3061 3297 3326 3363 Zebedaei,
3347 3308 3399 3352 et
3421 3293 3614 3350 Matthxi
3631 3307 3699 3362 pu-

2195 3381 2408 3452 blicani,
2440 3385 2530 3455 qui
2559 3387 2716 3441 etiam
2746 3387 2872 3442 Levi
2899 3390 3189 3444 vocabatur
3217 3389 3236 3462 (
3260 3389 3434 3442 Matth.
3465 3404 3525 3452 tv,
3553 3382 3694 3446 lii-29.

2268 3492 2340 3542 ,
2370 3478 2426 3542 9
2451 3477 2617 3534 Marc.
2640 3496 2678 3546 ,
2703 3482 2891 3549 lii-20,
2915 3493 2962 3537 et
2987 3500 3041 3550 ,
3061 3485 3155 3552 14
3174 3485 3297 3539 Luc.
3320 3501 3369 3550 v,
3389 3483 3511 3545 i-ll,
3530 3476 3695 3532 etJoau.

2192 3581 2230 3632 ,
2261 3566 2459 3639 55-44)
2495 3568 2808 3640 Singillatim
2850 3582 3022 3628 tamen
3064 3575 3133 3630 ab
3176 3591 3241 3631 eo
3269 3588 3449 3628 nomen
3476 3577 3522 3624 ct
3544 3566 3694 3637 primus

2191 3665 2244 3711 et
2271 3658 2418 3713 solus
2438 3658 2628 3715 Petrus
2647 3663 2849 3732 accepit
2873 3663 3046 3735 (Joan.
3077 3681 3116 3731 ,
3147 3666 3261 3738 42).
3291 3663 3410 3719 Nam
3438 3660 3555 3714 lios
3571 3654 3694 3708 Zele

2190 3746 2291 3803 daei
2318 3764 2426 3805 non
2453 3752 2782 3822 singillatim,
2805 3754 2899 3810 scd
2927 3756 3085 3812 simul
3113 3758 3298 3812 ambos
3320 3748 3568 3824 appellavit
3592 3745 3689 3798 lios

2189 3844 2406 3898 tonitrui
2433 3843 2620 3916 (Marc.
2643 3862 2720 3912 tu,
2750 3846 2860 3920 17).

2255 3936 2344 3991 40.
2405 3935 2546 3994 Sane
2588 3939 3117 3997 animadvertendum
3172 3951 3254 3998 est
3303 3937 3433 4010 quod
3473 3931 3684 3999 Scriptura

2185 4027 2487 4099 evangeliea
2515 4039 2567 4086 et
2595 4031 2881 4102 apostolica
2907 4047 3010 4087 non
3042 4033 3190 4089 solos
3215 4033 3328 4087 illos
3352 4024 3590 4084 duodecim
3613 4031 3684 4084 -

2185 4121 2348 4190 pellat
2376 4120 2664 4193 discipulos
2697 4125 2834 4194 ejus,
2864 4124 2957 4180 sed
2983 4139 3172 4181 omnes
3196 4124 3281 4196 qui
3311 4124 3358 4177 in
3387 4133 3491 4175 eum
3508 4110 3680 4169 crcden-

2186 4223 2284 4282 tes,
2313 4215 2616 4286 magisterio
2644 4217 2761 4287 ejus
2795 4216 2861 4272 ad
2891 4233 3110 4289 regnum
3150 4218 3393 4274 cmlorum
3429 4203 3680 4266 erudiebau-

2184 4314 2287 4360 tur.
2316 4305 2395 4360 Ex
2424 4322 2652 4377 quorum
2680 4307 3012 4363 multitudine
3041 4309 3200 4381 elegit
3226 4302 3498 4364 duodecim,
3523 4294 3679 4381 quos

2182 4395 2465 4464 Apostolos
2501 4396 2821 4464 nominavit,
2850 4399 2987 4453 sicut
3013 4380 3185 4455 Lucas
3211 4393 3567 4453 commemorat.
3590 4380 3677 4448 IP93

2181 4487 2376 4558 (
2403 4488 2562 4558 paulo
2588 4498 2708 4560 post
2735 4490 2809 4544 ait
2837 4507 2850 4546 :
2879 4490 2947 4546 Et
2967 4491 3270 4546 descendens
3289 4502 3392 4542 cum
3417 4481 3505 4537 illis
3520 4472 3622 4530 stetit

2181 4579 2288 4634 loco
2319 4584 2605 4652 campestri,
2632 4593 2679 4638 et
2705 4583 2846 4638 turba
2875 4585 3235 4656 discipulorum
3261 4585 3382 4655 ejus,
3405 4586 3445 4630 et
3466 4563 3672 4626 multitudo

2178 4673 2383 4744 copiosa
2429 4673 2588 4745 plebis
2631 4671 2652 4748 (
2678 4675 2804 4729 Luc.
2835 4691 2909 4743 ,
2943 4677 3102 4733 iii-l7
3131 4677 3172 4748 ).
3203 4675 3310 4731 Non
3338 4669 3495 4735 utique
3518 4659 3671 4714 diceret

2178 4765 2385 4822 turbam
2426 4764 2803 4838 discipulorum
2823 4809 2839 4836 ,
2870 4767 3114 4825 homines
3142 4763 3422 4824 duodecim.
3443 4752 3669 4844 Aliisttwf

2176 4874 2280 4929 que
2307 4859 2697 4930 Scripturarum
2727 4861 2860 4918 locis
2889 4861 2992 4918 hoc
3018 4863 3286 4919 evidenter
3315 4855 3522 4926 apparet,

2175 4922 2328 5023 pulos
2343 4922 2458 5024 ejus
2475 4968 2663 5010 omnes
2675 4955 2966 5026 appellatos
2980 4956 3068 5028 qui
3084 4957 3152 5012 ab
3162 4969 3226 5012 eo
3243 4922 3602 5009 discerentquod
3617 4922 3665 4980 ad

2172 5054 2427 5102 aeternam
2447 5047 2608 5102 vitam
2634 5048 2940 5117 pertineret.
3633 5107 3643 5118 ,

2242 5140 2332 5194 41.
2372 5139 2548 5207 Quaeri
2577 5113 2754 5195 autem
2790 5148 2967 5210 potest
2997 5137 3259 5211 quomodo
3295 5133 3432 5189 binos
3455 5113 3662 5177 vocaverit

2171 5232 2240 5289 de
2278 5231 2534 5287 naviculis
2577 5233 2885 5303 piscatores,
2915 5235 3088 5302 primo
3112 5232 3316 5288 Petrum
3350 5230 3399 5277 et
3420 5211 3655 5303 Andtffmi

2170 5323 2364 5379 deinde
2397 5293 2714 5394 progressus
2756 5293 3048 5393 paul'uium,
3078 5323 3207 5377 alios
3243 5318 3366 5374 duos
3390 5306 3508 5364 lios
3528 5293 3656 5394 .161:

2170 5415 2292 5482 dari,
2325 5387 2463 5471 sicut
2489 5387 2709 5470 narrant
2740 5387 3015 5471 h-latthaaus
3035 5387 3108 5471 et
3147 5412 3372 5468 Marcas:
3399 5387 3655 5494 cum-"Lutth

2169 5480 2311 5564 dicat
2333 5508 2517 5564 ambas
2542 5523 2726 5564 eorum
2752 5507 3022 5564 naviculas
3049 5506 3280 5577 impletas
3307 5502 3470 5562 malim
3497 5480 3570 5577 ma,
3585 5485 3653 5577 ea:

2168 5608 2321 5670 ptura
2342 5599 2589 5670 piscium,
2617 5600 2894 5670 sociosque
2919 5599 3060 5655 Petri
3089 5590 3435 5653 commemoret

2167 5655 2222 5746 et
2247 5655 2506 5745 Joannem
2552 5655 2688 5744 filios
2716 5655 2960 5745 Zebedtei
2997 5695 3205 5745 vocatos
3246 5678 3306 5737 ad
3343 5655 3646 5748 adiu'anduui

2166 5797 2290 5841 cum
2317 5782 2447 5838 retia
2472 5780 2751 5837 extrahere
2776 5781 2929 5852 plena
2959 5795 3063 5837 non
3093 5779 3310 5852 possent,
3331 5756 3555 5822 simulque
3573 5753 3649 5799 In
