  <div class='ocr_page' id='page_1' title='image "/cluster/home/n/w/nwhite01/storage/ocr_20150623/34/uva.x000826574/570.png"; bbox 0 0 3878 6312; ppageno 0'>
   <div class='ocr_carea' id='block_1_1' title="bbox 186 312 349 368">
    <p class='ocr_par' dir='ltr' id='par_1_1' title="bbox 186 312 349 368">
     <span class='ocr_line' id='line_1_1' title="bbox 186 312 349 368; baseline -0.012 0"><span class='ocrx_word' id='word_1_1' title='bbox 186 312 214 368; x_wconf 79' lang='grc'><strong>1</strong></span> <span class='ocrx_word' id='word_1_2' title='bbox 226 312 349 368; x_wconf 84' lang='lat'><strong>097</strong></span> 
     </span>
    </p>
   </div>
   <div class='ocr_carea' id='block_1_2' title="bbox 184 420 1790 492">
    <p class='ocr_par' dir='ltr' id='par_1_2' title="bbox 184 420 1790 492">
     <span class='ocr_line' id='line_1_2' title="bbox 184 420 1790 492; baseline -0.002 -14"><span class='ocrx_word' id='word_1_3' title='bbox 184 433 354 479; x_wconf 77' lang='lat' dir='ltr'><strong>satos</strong></span> <span class='ocrx_word' id='word_1_4' title='bbox 382 429 583 478; x_wconf 92' lang='lat' dir='ltr'><strong>tantam</strong></span> <span class='ocrx_word' id='word_1_5' title='bbox 611 422 1002 479; x_wconf 79' lang='lat' dir='ltr'><strong>multitudinem</strong></span> <span class='ocrx_word' id='word_1_6' title='bbox 1030 420 1277 492; x_wconf 84' lang='lat' dir='ltr'><strong>piscium,</strong></span> <span class='ocrx_word' id='word_1_7' title='bbox 1305 434 1425 492; x_wconf 66' lang='lat' dir='ltr'><strong>quae</strong></span> <span class='ocrx_word' id='word_1_8' title='bbox 1452 429 1607 490; x_wconf 91' lang='lat' dir='ltr'><strong>capta</strong></span> <span class='ocrx_word' id='word_1_9' title='bbox 1633 428 1790 475; x_wconf 90' lang='lat' dir='ltr'><strong>erat:</strong></span> 
     </span>
    </p>
   </div>
   <div class='ocr_carea' id='block_1_3' title="bbox 182 512 1796 584">
    <p class='ocr_par' dir='ltr' id='par_1_3' title="bbox 182 512 1796 584">
     <span class='ocr_line' id='line_1_3' title="bbox 182 512 1796 584; baseline -0.002 -14"><span class='ocrx_word' id='word_1_10' title='bbox 182 523 246 570; x_wconf 83' lang='lat' dir='ltr'><strong>et</strong></span> <span class='ocrx_word' id='word_1_11' title='bbox 271 530 409 570; x_wconf 90' lang='lat' dir='ltr'><strong>cum</strong></span> <span class='ocrx_word' id='word_1_12' title='bbox 436 515 595 572; x_wconf 90' lang='lat' dir='ltr'><strong>Petro</strong></span> <span class='ocrx_word' id='word_1_13' title='bbox 625 523 827 571; x_wconf 91' lang='lat' dir='ltr'><strong>tantum</strong></span> <span class='ocrx_word' id='word_1_14' title='bbox 854 514 1096 581; x_wconf 78' lang='lat' dir='ltr'><strong>dixisset,</strong></span> <span class='ocrx_word' id='word_1_15' title='bbox 1123 512 1245 569; x_wconf 88' lang='lat' dir='ltr'><strong>Noli</strong></span> <span class='ocrx_word' id='word_1_16' title='bbox 1272 514 1464 582; x_wconf 89' lang='lat' dir='ltr'><strong>timere,</strong></span> <span class='ocrx_word' id='word_1_17' title='bbox 1486 530 1548 568; x_wconf 72' lang='lat' dir='ltr'><strong>ex</strong></span> <span class='ocrx_word' id='word_1_18' title='bbox 1574 514 1667 567; x_wconf 80' lang='lat' dir='ltr'><strong>hoc</strong></span> <span class='ocrx_word' id='word_1_19' title='bbox 1679 514 1796 584; x_wconf 80' lang='lat' dir='ltr'><strong>jam</strong></span> 
     </span>
    </p>
   </div>
   <div class='ocr_carea' id='block_1_4' title="bbox 189 603 1796 677">
    <p class='ocr_par' dir='ltr' id='par_1_4' title="bbox 189 603 1796 677">
     <span class='ocr_line' id='line_1_4' title="bbox 189 603 1796 677; baseline -0.002 -16"><span class='ocrx_word' id='word_1_20' title='bbox 189 606 443 662; x_wconf 73' lang='lat' dir='ltr'><strong>honsines</strong></span> <span class='ocrx_word' id='word_1_21' title='bbox 465 608 565 662; x_wconf 90' lang='lat' dir='ltr'><strong>eris</strong></span> <span class='ocrx_word' id='word_1_22' title='bbox 588 608 825 677; x_wconf 86' lang='lat' dir='ltr'><strong>capiens;</strong></span> <span class='ocrx_word' id='word_1_23' title='bbox 850 607 1007 663; x_wconf 87' lang='lat' dir='ltr'><strong>simul</strong></span> <span class='ocrx_word' id='word_1_24' title='bbox 1038 622 1157 662; x_wconf 90' lang='lat' dir='ltr'><strong>eum</strong></span> <span class='ocrx_word' id='word_1_25' title='bbox 1196 615 1374 661; x_wconf 90' lang='lat' dir='ltr'><strong>tamen</strong></span> <span class='ocrx_word' id='word_1_26' title='bbox 1414 606 1687 662; x_wconf 89' lang='lat' dir='ltr'><strong>subductis</strong></span> <span class='ocrx_word' id='word_1_27' title='bbox 1727 603 1796 658; x_wconf 90' lang='lat' dir='ltr'><strong>ad</strong></span> 
     </span>
    </p>
   </div>
   <div class='ocr_carea' id='block_1_5' title="bbox 186 698 1795 769">
    <p class='ocr_par' dir='ltr' id='par_1_5' title="bbox 186 698 1795 769">
     <span class='ocr_line' id='line_1_5' title="bbox 186 698 1795 769; baseline -0.002 -14"><span class='ocrx_word' id='word_1_28' title='bbox 186 705 413 755; x_wconf 84' lang='lat' dir='ltr'><strong>terram</strong></span> <span class='ocrx_word' id='word_1_29' title='bbox 452 700 676 756; x_wconf 82' lang='lat' dir='ltr'><strong>navibus</strong></span> <span class='ocrx_word' id='word_1_30' title='bbox 723 708 935 756; x_wconf 89' lang='lat' dir='ltr'><strong>secutos</strong></span> <span class='ocrx_word' id='word_1_31' title='bbox 987 699 1171 756; x_wconf 81' lang='lat' dir='ltr'><strong>fuisse.</strong></span> <span class='ocrx_word' id='word_1_32' title='bbox 1202 698 1351 755; x_wconf 89' lang='lat' dir='ltr'><strong>Unde</strong></span> <span class='ocrx_word' id='word_1_33' title='bbox 1398 699 1795 769; x_wconf 88' lang='lat' dir='ltr'><strong>intelligendum</strong></span> 
     </span>
    </p>
   </div>
   <div class='ocr_carea' id='block_1_6' title="bbox 188 788 1797 862">
    <p class='ocr_par' dir='ltr' id='par_1_6' title="bbox 188 788 1797 862">
     <span class='ocr_line' id='line_1_6' title="bbox 188 788 1797 862; baseline 0.001 -18"><span class='ocrx_word' id='word_1_34' title='bbox 188 797 286 845; x_wconf 84' lang='lat' dir='ltr'><strong>est</strong></span> <span class='ocrx_word' id='word_1_35' title='bbox 314 788 428 846; x_wconf 85' lang='lat' dir='ltr'><strong>hoc</strong></span> <span class='ocrx_word' id='word_1_36' title='bbox 450 790 627 862; x_wconf 87' lang='lat' dir='ltr'><strong>primo</strong></span> <span class='ocrx_word' id='word_1_37' title='bbox 656 805 775 847; x_wconf 87' lang='lat' dir='ltr'><strong>esse</strong></span> <span class='ocrx_word' id='word_1_38' title='bbox 814 791 1006 847; x_wconf 79' lang='lat' dir='ltr'><strong>factum</strong></span> <span class='ocrx_word' id='word_1_39' title='bbox 1037 790 1177 861; x_wconf 91' lang='lat' dir='ltr'><strong>quod</strong></span> <span class='ocrx_word' id='word_1_40' title='bbox 1203 790 1376 846; x_wconf 90' lang='lat' dir='ltr'><strong>Lucas</strong></span> <span class='ocrx_word' id='word_1_41' title='bbox 1404 791 1668 857; x_wconf 77' lang='lat' dir='ltr'><strong>insinuat;</strong></span> <span class='ocrx_word' id='word_1_42' title='bbox 1695 805 1797 846; x_wconf 91' lang='lat' dir='ltr'><strong>nec</strong></span> 
     </span>
    </p>
   </div>
   <div class='ocr_carea' id='block_1_7' title="bbox 186 882 1799 951">
    <p class='ocr_par' dir='ltr' id='par_1_7' title="bbox 186 882 1799 951">
     <span class='ocr_line' id='line_1_7' title="bbox 186 882 1799 951; baseline 0.002 -14"><span class='ocrx_word' id='word_1_43' title='bbox 186 889 332 938; x_wconf 85' lang='lat' dir='ltr'><strong>tunc</strong></span> <span class='ocrx_word' id='word_1_44' title='bbox 365 897 463 938; x_wconf 86' lang='lat' dir='ltr'><strong>eos</strong></span> <span class='ocrx_word' id='word_1_45' title='bbox 486 897 516 937; x_wconf 94' lang='lat' dir='ltr'><strong>a</strong></span> <span class='ocrx_word' id='word_1_46' title='bbox 544 882 770 939; x_wconf 90' lang='lat' dir='ltr'><strong>Domino</strong></span> <span class='ocrx_word' id='word_1_47' title='bbox 794 893 1011 939; x_wconf 85' lang='lat' dir='ltr'><strong>vocatos</strong></span> <span class='ocrx_word' id='word_1_48' title='bbox 1032 925 1046 951; x_wconf 94' lang='lat'><strong>,</strong></span> <span class='ocrx_word' id='word_1_49' title='bbox 1086 882 1178 938; x_wconf 90' lang='lat' dir='ltr'><strong>sed</strong></span> <span class='ocrx_word' id='word_1_50' title='bbox 1210 892 1410 938; x_wconf 91' lang='lat' dir='ltr'><strong>tantum</strong></span> <span class='ocrx_word' id='word_1_51' title='bbox 1442 883 1598 939; x_wconf 85' lang='lat' dir='ltr'><strong>Petro</strong></span> <span class='ocrx_word' id='word_1_52' title='bbox 1636 884 1799 940; x_wconf 81' lang='lat' dir='ltr'><strong>fuisse</strong></span> 
     </span>
    </p>
   </div>
   <div class='ocr_carea' id='block_1_8' title="bbox 186 972 1797 1047">
    <p class='ocr_par' dir='ltr' id='par_1_8' title="bbox 186 972 1797 1047">
     <span class='ocr_line' id='line_1_8' title="bbox 186 972 1797 1047; baseline 0.001 -17"><span class='ocrx_word' id='word_1_53' title='bbox 186 974 526 1045; x_wconf 58' lang='lat' dir='ltr'><strong>praedictum</strong></span> <span class='ocrx_word' id='word_1_54' title='bbox 561 972 703 1047; x_wconf 91' lang='lat' dir='ltr'><strong>quod</strong></span> <span class='ocrx_word' id='word_1_55' title='bbox 746 975 990 1031; x_wconf 85' lang='lat' dir='ltr'><strong>homines</strong></span> <span class='ocrx_word' id='word_1_56' title='bbox 1029 985 1170 1031; x_wconf 92' lang='lat' dir='ltr'><strong>esset</strong></span> <span class='ocrx_word' id='word_1_57' title='bbox 1206 985 1478 1046; x_wconf 89' lang='lat' dir='ltr'><strong>capturus.</strong></span> <span class='ocrx_word' id='word_1_58' title='bbox 1502 976 1652 1044; x_wconf 87' lang='lat' dir='ltr'><strong>Quod</strong></span> <span class='ocrx_word' id='word_1_59' title='bbox 1690 990 1797 1032; x_wconf 93' lang='lat' dir='ltr'><strong>non</strong></span> 
     </span>
    </p>
   </div>
   <div class='ocr_carea' id='block_1_9' title="bbox 189 1063 1800 1137">
    <p class='ocr_par' dir='ltr' id='par_1_9' title="bbox 189 1063 1800 1137">
     <span class='ocr_line' id='line_1_9' title="bbox 189 1063 1800 1137; baseline 0.001 -19"><span class='ocrx_word' id='word_1_60' title='bbox 189 1063 269 1119; x_wconf 86' lang='lat' dir='ltr'><strong>ita</strong></span> <span class='ocrx_word' id='word_1_61' title='bbox 300 1063 514 1120; x_wconf 91' lang='lat' dir='ltr'><strong>dictum</strong></span> <span class='ocrx_word' id='word_1_62' title='bbox 536 1074 639 1132; x_wconf 90' lang='lat' dir='ltr'><strong>est,</strong></span> <span class='ocrx_word' id='word_1_63' title='bbox 663 1067 815 1137; x_wconf 88' lang='lat' dir='ltr'><strong>quasi</strong></span> <span class='ocrx_word' id='word_1_64' title='bbox 834 1069 944 1136; x_wconf 88' lang='lat' dir='ltr'><strong>jam</strong></span> <span class='ocrx_word' id='word_1_65' title='bbox 974 1066 1149 1136; x_wconf 86' lang='lat' dir='ltr'><strong>pisces</strong></span> <span class='ocrx_word' id='word_1_66' title='bbox 1166 1080 1436 1135; x_wconf 84' lang='lat' dir='ltr'><strong>nunquam</strong></span> <span class='ocrx_word' id='word_1_67' title='bbox 1456 1076 1597 1120; x_wconf 89' lang='lat' dir='ltr'><strong>esset</strong></span> <span class='ocrx_word' id='word_1_68' title='bbox 1615 1074 1800 1136; x_wconf 88' lang='lat' dir='ltr'><strong>captu-</strong></span> 
     </span>
    </p>
   </div>
   <div class='ocr_carea' id='block_1_10' title="bbox 185 1156 1800 1227">
    <p class='ocr_par' dir='ltr' id='par_1_10' title="bbox 185 1156 1800 1227">
     <span class='ocr_line' id='line_1_10' title="bbox 185 1156 1800 1227; baseline 0 -18"><span class='ocrx_word' id='word_1_69' title='bbox 185 1169 294 1211; x_wconf 87' lang='lat' dir='ltr'><strong>rus</strong></span> <span class='ocrx_word' id='word_1_70' title='bbox 324 1172 339 1208; x_wconf 90' lang='lat'><strong>:</strong></span> <span class='ocrx_word' id='word_1_71' title='bbox 368 1170 495 1210; x_wconf 90' lang='lat' dir='ltr'><strong>nam</strong></span> <span class='ocrx_word' id='word_1_72' title='bbox 521 1163 577 1211; x_wconf 91' lang='lat' dir='ltr'><strong>et</strong></span> <span class='ocrx_word' id='word_1_73' title='bbox 602 1165 723 1227; x_wconf 88' lang='lat' dir='ltr'><strong>post</strong></span> <span class='ocrx_word' id='word_1_74' title='bbox 747 1156 1191 1213; x_wconf 86' lang='lat' dir='ltr'><strong>resurrectionem</strong></span> <span class='ocrx_word' id='word_1_75' title='bbox 1219 1156 1427 1210; x_wconf 88' lang='lat' dir='ltr'><strong>Domini</strong></span> <span class='ocrx_word' id='word_1_76' title='bbox 1459 1156 1682 1227; x_wconf 89' lang='lat' dir='ltr'><strong>legimus</strong></span> <span class='ocrx_word' id='word_1_77' title='bbox 1705 1170 1800 1211; x_wconf 91' lang='lat' dir='ltr'><strong>eos</strong></span> 
     </span>
    </p>
   </div>
   <div class='ocr_carea' id='block_1_11' title="bbox 161 1238 1801 1319">
    <p class='ocr_par' dir='ltr' id='par_1_11' title="bbox 161 1238 1801 1319">
     <span class='ocr_line' id='line_1_11' title="bbox 161 1238 1801 1319; baseline -0.001 -16"><span class='ocrx_word' id='word_1_78' title='bbox 161 1238 325 1304; x_wconf 77' lang='lat' dir='ltr'><strong>&#39;esse</strong></span> <span class='ocrx_word' id='word_1_79' title='bbox 356 1250 596 1318; x_wconf 90' lang='lat' dir='ltr'><strong>piscatos</strong></span> <span class='ocrx_word' id='word_1_80' title='bbox 620 1249 640 1318; x_wconf 90' lang='lat'><strong>(</strong></span> <span class='ocrx_word' id='word_1_81' title='bbox 665 1248 820 1305; x_wconf 87' lang='lat' dir='ltr'><strong>Joan.</strong></span> <span class='ocrx_word' id='word_1_82' title='bbox 855 1265 965 1316; x_wconf 78' lang='lat' dir='ltr'><strong>xxi,</strong></span> <span class='ocrx_word' id='word_1_83' title='bbox 998 1249 1099 1319; x_wconf 92' lang='grc'><strong>5).</strong></span> <span class='ocrx_word' id='word_1_84' title='bbox 1133 1249 1343 1304; x_wconf 86' lang='lat' dir='ltr'><strong>Dictum</strong></span> <span class='ocrx_word' id='word_1_85' title='bbox 1386 1257 1467 1304; x_wconf 91' lang='lat' dir='ltr'><strong>est</strong></span> <span class='ocrx_word' id='word_1_86' title='bbox 1505 1263 1632 1318; x_wconf 87' lang='lat' dir='ltr'><strong>ergo</strong></span> <span class='ocrx_word' id='word_1_87' title='bbox 1661 1247 1801 1318; x_wconf 90' lang='lat' dir='ltr'><strong>quod</strong></span> 
     </span>
    </p>
   </div>
   <div class='ocr_carea' id='block_1_12' title="bbox 170 1339 1804 1418">
    <p class='ocr_par' dir='ltr' id='par_1_12' title="bbox 170 1339 1804 1418">
     <span class='ocr_line' id='line_1_12' title="bbox 170 1339 1804 1418; baseline -0.001 -23"><span class='ocrx_word' id='word_1_88' title='bbox 170 1340 466 1418; x_wconf 65' lang='lat' dir='ltr'><strong>,deinceps</strong></span> <span class='ocrx_word' id='word_1_89' title='bbox 507 1351 761 1412; x_wconf 92' lang='lat' dir='ltr'><strong>capturus</strong></span> <span class='ocrx_word' id='word_1_90' title='bbox 803 1351 947 1396; x_wconf 88' lang='lat' dir='ltr'><strong>esset</strong></span> <span class='ocrx_word' id='word_1_91' title='bbox 989 1340 1267 1406; x_wconf 87' lang='lat' dir='ltr'><strong>homines;</strong></span> <span class='ocrx_word' id='word_1_92' title='bbox 1318 1354 1423 1395; x_wconf 91' lang='lat' dir='ltr'><strong>non</strong></span> <span class='ocrx_word' id='word_1_93' title='bbox 1473 1339 1673 1394; x_wconf 91' lang='lat' dir='ltr'><strong>dictum</strong></span> <span class='ocrx_word' id='word_1_94' title='bbox 1721 1348 1804 1394; x_wconf 91' lang='lat' dir='ltr'><strong>est</strong></span> 
     </span>
    </p>
   </div>
   <div class='ocr_carea' id='block_1_13' title="bbox 168 1428 1804 1502">
    <p class='ocr_par' dir='ltr' id='par_1_13' title="bbox 168 1428 1804 1502">
     <span class='ocr_line' id='line_1_13' title="bbox 168 1428 1804 1502; baseline 0.001 -17"><span class='ocrx_word' id='word_1_95' title='bbox 168 1428 346 1502; x_wconf 85' lang='lat' dir='ltr'><strong>&#39;quod</strong></span> <span class='ocrx_word' id='word_1_96' title='bbox 376 1432 491 1501; x_wconf 89' lang='lat' dir='ltr'><strong>jam</strong></span> <span class='ocrx_word' id='word_1_97' title='bbox 512 1448 618 1487; x_wconf 91' lang='lat' dir='ltr'><strong>non</strong></span> <span class='ocrx_word' id='word_1_98' title='bbox 640 1442 783 1487; x_wconf 85' lang='lat' dir='ltr'><strong>esset</strong></span> <span class='ocrx_word' id='word_1_99' title='bbox 805 1441 1054 1501; x_wconf 81' lang='lat' dir='ltr'><strong>capturus</strong></span> <span class='ocrx_word' id='word_1_100' title='bbox 1078 1433 1270 1502; x_wconf 88' lang='lat' dir='ltr'><strong>pisces.</strong></span> <span class='ocrx_word' id='word_1_101' title='bbox 1295 1430 1450 1487; x_wconf 90' lang='lat' dir='ltr'><strong>Unde</strong></span> <span class='ocrx_word' id='word_1_102' title='bbox 1474 1430 1628 1485; x_wconf 90' lang='lat' dir='ltr'><strong>datur</strong></span> <span class='ocrx_word' id='word_1_103' title='bbox 1651 1430 1804 1487; x_wconf 92' lang='lat' dir='ltr'><strong>locus</strong></span> 
     </span>
    </p>
   </div>
   <div class='ocr_carea' id='block_1_14' title="bbox 188 1521 1800 1592">
    <p class='ocr_par' dir='ltr' id='par_1_14' title="bbox 188 1521 1800 1592">
     <span class='ocr_line' id='line_1_14' title="bbox 188 1521 1800 1592; baseline 0 -15"><span class='ocrx_word' id='word_1_104' title='bbox 188 1521 511 1592; x_wconf 76' lang='lat' dir='ltr'><strong>intelligere</strong></span> <span class='ocrx_word' id='word_1_105' title='bbox 530 1536 624 1576; x_wconf 92' lang='lat' dir='ltr'><strong>eos</strong></span> <span class='ocrx_word' id='word_1_106' title='bbox 642 1521 710 1575; x_wconf 90' lang='lat' dir='ltr'><strong>ad</strong></span> <span class='ocrx_word' id='word_1_107' title='bbox 722 1530 994 1591; x_wconf 75' lang='lat' dir='ltr'><strong>capturum</strong></span> <span class='ocrx_word' id='word_1_108' title='bbox 1013 1522 1237 1591; x_wconf 88' lang='lat' dir='ltr'><strong>piscium</strong></span> <span class='ocrx_word' id='word_1_109' title='bbox 1257 1536 1324 1576; x_wconf 84' lang='lat' dir='ltr'><strong>ex</strong></span> <span class='ocrx_word' id='word_1_110' title='bbox 1343 1536 1493 1576; x_wconf 91' lang='lat' dir='ltr'><strong>more</strong></span> <span class='ocrx_word' id='word_1_111' title='bbox 1512 1536 1800 1586; x_wconf 84' lang='lat' dir='ltr'><strong>remeasse,</strong></span> 
     </span>
    </p>
   </div>
   <div class='ocr_carea' id='block_1_15' title="bbox 190 1613 1802 1685">
    <p class='ocr_par' dir='ltr' id='par_1_15' title="bbox 190 1613 1802 1685">
     <span class='ocr_line' id='line_1_15' title="bbox 190 1613 1802 1685; baseline -0.001 -15"><span class='ocrx_word' id='word_1_112' title='bbox 190 1623 253 1670; x_wconf 87' lang='lat' dir='ltr'><strong>ut</strong></span> <span class='ocrx_word' id='word_1_113' title='bbox 300 1625 500 1684; x_wconf 89' lang='lat' dir='ltr'><strong>postea</strong></span> <span class='ocrx_word' id='word_1_114' title='bbox 552 1613 706 1669; x_wconf 84' lang='lat' dir='ltr'><strong>ﬁeret</strong></span> <span class='ocrx_word' id='word_1_115' title='bbox 752 1614 893 1685; x_wconf 91' lang='lat' dir='ltr'><strong>quod</strong></span> <span class='ocrx_word' id='word_1_116' title='bbox 937 1614 1215 1670; x_wconf 78' lang='lat' dir='ltr'><strong>Matthzeus</strong></span> <span class='ocrx_word' id='word_1_117' title='bbox 1249 1624 1303 1671; x_wconf 89' lang='lat' dir='ltr'><strong>et</strong></span> <span class='ocrx_word' id='word_1_118' title='bbox 1329 1614 1537 1670; x_wconf 83' lang='lat' dir='ltr'><strong>Marcus</strong></span> <span class='ocrx_word' id='word_1_119' title='bbox 1564 1622 1802 1680; x_wconf 90' lang='lat' dir='ltr'><strong>narrant,</strong></span> 
     </span>
    </p>
   </div>
   <div class='ocr_carea' id='block_1_16' title="bbox 188 1706 1807 1779">
    <p class='ocr_par' dir='ltr' id='par_1_16' title="bbox 188 1706 1807 1779">
     <span class='ocr_line' id='line_1_16' title="bbox 188 1706 1807 1779; baseline -0.001 -18"><span class='ocrx_word' id='word_1_120' title='bbox 188 1706 427 1779; x_wconf 86' lang='lat' dir='ltr'><strong>quando</strong></span> <span class='ocrx_word' id='word_1_121' title='bbox 445 1722 537 1762; x_wconf 91' lang='lat' dir='ltr'><strong>eos</strong></span> <span class='ocrx_word' id='word_1_122' title='bbox 564 1708 718 1779; x_wconf 89' lang='lat' dir='ltr'><strong>binos</strong></span> <span class='ocrx_word' id='word_1_123' title='bbox 740 1708 966 1772; x_wconf 89' lang='lat' dir='ltr'><strong>vocavit,</strong></span> <span class='ocrx_word' id='word_1_124' title='bbox 992 1715 1047 1762; x_wconf 92' lang='lat' dir='ltr'><strong>et</strong></span> <span class='ocrx_word' id='word_1_125' title='bbox 1069 1707 1183 1777; x_wconf 87' lang='lat' dir='ltr'><strong>ipse</strong></span> <span class='ocrx_word' id='word_1_126' title='bbox 1206 1706 1367 1776; x_wconf 88' lang='lat' dir='ltr'><strong>jussit</strong></span> <span class='ocrx_word' id='word_1_127' title='bbox 1387 1714 1444 1760; x_wconf 94' lang='lat' dir='ltr'><strong>ut</strong></span> <span class='ocrx_word' id='word_1_128' title='bbox 1467 1720 1589 1761; x_wconf 90' lang='lat' dir='ltr'><strong>eum</strong></span> <span class='ocrx_word' id='word_1_129' title='bbox 1614 1719 1807 1775; x_wconf 87' lang='lat' dir='ltr'><strong>seque-</strong></span> 
     </span>
    </p>
   </div>
   <div class='ocr_carea' id='block_1_17' title="bbox 187 1795 1806 1869">
    <p class='ocr_par' dir='ltr' id='par_1_17' title="bbox 187 1795 1806 1869">
     <span class='ocr_line' id='line_1_17' title="bbox 187 1795 1806 1869; baseline -0.002 -15"><span class='ocrx_word' id='word_1_130' title='bbox 187 1808 420 1865; x_wconf 87' lang='lat' dir='ltr'><strong>rentur,</strong></span> <span class='ocrx_word' id='word_1_131' title='bbox 453 1797 626 1869; x_wconf 91' lang='lat' dir='ltr'><strong>primo</strong></span> <span class='ocrx_word' id='word_1_132' title='bbox 657 1798 865 1853; x_wconf 91' lang='lat' dir='ltr'><strong>duobus</strong></span> <span class='ocrx_word' id='word_1_133' title='bbox 892 1798 1055 1854; x_wconf 88' lang='lat' dir='ltr'><strong>Petro</strong></span> <span class='ocrx_word' id='word_1_134' title='bbox 1083 1805 1139 1853; x_wconf 89' lang='lat' dir='ltr'><strong>et</strong></span> <span class='ocrx_word' id='word_1_135' title='bbox 1166 1796 1417 1863; x_wconf 68' lang='lat' dir='ltr'><strong>Andreae,</strong></span> <span class='ocrx_word' id='word_1_136' title='bbox 1449 1795 1644 1851; x_wconf 86' lang='lat' dir='ltr'><strong>deinde</strong></span> <span class='ocrx_word' id='word_1_137' title='bbox 1687 1795 1806 1850; x_wconf 90' lang='lat' dir='ltr'><strong>aliis</strong></span> 
     </span>
    </p>
   </div>
   <div class='ocr_carea' id='block_1_18' title="bbox 191 1883 1807 1945">
    <p class='ocr_par' dir='ltr' id='par_1_18' title="bbox 191 1883 1807 1945">
     <span class='ocr_line' id='line_1_18' title="bbox 191 1883 1807 1945; baseline -0.004 0"><span class='ocrx_word' id='word_1_138' title='bbox 191 1890 423 1945; x_wconf 89' lang='lat' dir='ltr'><strong>duobus</strong></span> <span class='ocrx_word' id='word_1_139' title='bbox 465 1889 586 1944; x_wconf 77' lang='lat' dir='ltr'><strong>(iliis</strong></span> <span class='ocrx_word' id='word_1_140' title='bbox 623 1888 890 1945; x_wconf 71' lang='lat' dir='ltr'><strong>Zebcdasi.</strong></span> <span class='ocrx_word' id='word_1_141' title='bbox 922 1888 1073 1944; x_wconf 85' lang='lat' dir='ltr'><strong>Tunc</strong></span> <span class='ocrx_word' id='word_1_142' title='bbox 1110 1888 1255 1943; x_wconf 92' lang='lat' dir='ltr'><strong>enim</strong></span> <span class='ocrx_word' id='word_1_143' title='bbox 1287 1902 1394 1943; x_wconf 93' lang='lat' dir='ltr'><strong>non</strong></span> <span class='ocrx_word' id='word_1_144' title='bbox 1439 1885 1714 1942; x_wconf 89' lang='lat' dir='ltr'><strong>subductis</strong></span> <span class='ocrx_word' id='word_1_145' title='bbox 1740 1883 1807 1939; x_wconf 89' lang='lat' dir='ltr'><strong>ad</strong></span> 
     </span>
    </p>
   </div>
   <div class='ocr_carea' id='block_1_19' title="bbox 193 1976 1805 2052">
    <p class='ocr_par' dir='ltr' id='par_1_19' title="bbox 193 1976 1805 2052">
     <span class='ocr_line' id='line_1_19' title="bbox 193 1976 1805 2052; baseline -0.004 -15"><span class='ocrx_word' id='word_1_146' title='bbox 193 1992 415 2039; x_wconf 90' lang='lat' dir='ltr'><strong>terram</strong></span> <span class='ocrx_word' id='word_1_147' title='bbox 442 1982 662 2036; x_wconf 83' lang='lat' dir='ltr'><strong>navibus</strong></span> <span class='ocrx_word' id='word_1_148' title='bbox 694 1989 945 2052; x_wconf 87' lang='lat' dir='ltr'><strong>tauquam</strong></span> <span class='ocrx_word' id='word_1_149' title='bbox 967 1995 1093 2035; x_wconf 90' lang='lat' dir='ltr'><strong>cura</strong></span> <span class='ocrx_word' id='word_1_150' title='bbox 1124 1976 1403 2045; x_wconf 87' lang='lat' dir='ltr'><strong>redeundi,</strong></span> <span class='ocrx_word' id='word_1_151' title='bbox 1437 1976 1531 2032; x_wconf 90' lang='lat' dir='ltr'><strong>sed</strong></span> <span class='ocrx_word' id='word_1_152' title='bbox 1571 1978 1641 2032; x_wconf 90' lang='lat' dir='ltr'><strong>ita</strong></span> <span class='ocrx_word' id='word_1_153' title='bbox 1684 1991 1805 2031; x_wconf 91' lang='lat' dir='ltr'><strong>eum</strong></span> 
     </span>
    </p>
   </div>
   <div class='ocr_carea' id='block_1_20' title="bbox 194 2070 1805 2145">
    <p class='ocr_par' dir='ltr' id='par_1_20' title="bbox 194 2070 1805 2145">
     <span class='ocr_line' id='line_1_20' title="bbox 194 2070 1805 2145; baseline -0.006 -13"><span class='ocrx_word' id='word_1_154' title='bbox 194 2077 380 2132; x_wconf 88' lang='lat' dir='ltr'><strong>secuti</strong></span> <span class='ocrx_word' id='word_1_155' title='bbox 414 2084 556 2141; x_wconf 87' lang='lat' dir='ltr'><strong>sunt,</strong></span> <span class='ocrx_word' id='word_1_156' title='bbox 595 2082 848 2145; x_wconf 88' lang='lat' dir='ltr'><strong>tanquam</strong></span> <span class='ocrx_word' id='word_1_157' title='bbox 879 2082 1157 2129; x_wconf 82' lang='lat' dir='ltr'><strong>vocantem</strong></span> <span class='ocrx_word' id='word_1_158' title='bbox 1187 2086 1250 2127; x_wconf 90' lang='lat' dir='ltr'><strong>ac</strong></span> <span class='ocrx_word' id='word_1_159' title='bbox 1275 2070 1546 2141; x_wconf 80' lang='lat' dir='ltr'><strong>iubentem</strong></span> <span class='ocrx_word' id='word_1_160' title='bbox 1590 2077 1645 2124; x_wconf 93' lang='lat' dir='ltr'><strong>ut</strong></span> <span class='ocrx_word' id='word_1_161' title='bbox 1684 2083 1805 2125; x_wconf 90' lang='lat' dir='ltr'><strong>eum</strong></span> 
     </span>
    </p>
   </div>
   <div class='ocr_carea' id='block_1_21' title="bbox 194 2178 586 2238">
    <p class='ocr_par' dir='ltr' id='par_1_21' title="bbox 194 2178 586 2238">
     <span class='ocr_line' id='line_1_21' title="bbox 194 2178 586 2238; baseline -0.013 -14"><span class='ocrx_word' id='word_1_162' title='bbox 194 2178 586 2238; x_wconf 85' lang='lat' dir='ltr'><strong>sequerentur.</strong></span> 
     </span>
    </p>
   </div>
   <div class='ocr_carea' id='block_1_22' title="bbox 277 2253 1737 2327">
    <p class='ocr_par' dir='ltr' id='par_1_22' title="bbox 277 2253 1737 2327">
     <span class='ocr_line' id='line_1_22' title="bbox 277 2253 1737 2327; baseline -0.005 -12"><span class='ocrx_word' id='word_1_163' title='bbox 277 2258 513 2316; x_wconf 83' lang='lat' dir='ltr'><strong>CAPUT</strong></span> <span class='ocrx_word' id='word_1_164' title='bbox 552 2256 738 2313; x_wconf 80' lang='lat' dir='ltr'><strong>XVIII.</strong></span> <span class='ocrx_word' id='word_1_165' title='bbox 761 2287 830 2298; x_wconf 88' lang='lat'><strong>-—-</strong></span> <span class='ocrx_word' id='word_1_166' title='bbox 859 2256 940 2311; x_wconf 91' lang='lat' dir='ltr'><strong>De</strong></span> <span class='ocrx_word' id='word_1_167' title='bbox 973 2266 1194 2327; x_wconf 87' lang='lat' dir='ltr'><strong>tempore</strong></span> <span class='ocrx_word' id='word_1_168' title='bbox 1234 2253 1525 2310; x_wconf 71' lang='lat' dir='ltr'><strong>secessionis</strong></span> <span class='ocrx_word' id='word_1_169' title='bbox 1549 2255 1657 2325; x_wconf 86' lang='lat' dir='ltr'><strong>ejus</strong></span> <span class='ocrx_word' id='word_1_170' title='bbox 1685 2254 1737 2307; x_wconf 87' lang='lat' dir='ltr'><strong>in</strong></span> 
     </span>
    </p>
   </div>
   <div class='ocr_carea' id='block_1_23' title="bbox 871 2349 1159 2403">
    <p class='ocr_par' dir='ltr' id='par_1_23' title="bbox 871 2349 1159 2403">
     <span class='ocr_line' id='line_1_23' title="bbox 871 2349 1159 2403; baseline -0.01 0"><span class='ocrx_word' id='word_1_171' title='bbox 871 2349 1159 2403; x_wconf 66' lang='lat' dir='ltr'><strong>Galilaeam.</strong></span> 
     </span>
    </p>
   </div>
   <div class='ocr_carea' id='block_1_24' title="bbox 276 2437 1811 2511">
    <p class='ocr_par' dir='ltr' id='par_1_24' title="bbox 276 2437 1811 2511">
     <span class='ocr_line' id='line_1_24' title="bbox 276 2437 1811 2511; baseline -0.004 -13"><span class='ocrx_word' id='word_1_172' title='bbox 276 2442 377 2498; x_wconf 65' lang='grc'><strong>42.</strong></span> <span class='ocrx_word' id='word_1_173' title='bbox 421 2441 556 2497; x_wconf 91' lang='lat' dir='ltr'><strong>Illud</strong></span> <span class='ocrx_word' id='word_1_174' title='bbox 585 2441 745 2496; x_wconf 88' lang='lat' dir='ltr'><strong>etiam</strong></span> <span class='ocrx_word' id='word_1_175' title='bbox 789 2438 1171 2511; x_wconf 91' lang='lat' dir='ltr'><strong>requirendum</strong></span> <span class='ocrx_word' id='word_1_176' title='bbox 1212 2446 1315 2503; x_wconf 85' lang='lat' dir='ltr'><strong>est,</strong></span> <span class='ocrx_word' id='word_1_177' title='bbox 1357 2437 1625 2507; x_wconf 92' lang='lat' dir='ltr'><strong>quomodo</strong></span> <span class='ocrx_word' id='word_1_178' title='bbox 1651 2437 1811 2493; x_wconf 90' lang='lat' dir='ltr'><strong>Joan-</strong></span> 
     </span>
    </p>
   </div>
   <div class='ocr_carea' id='block_1_25' title="bbox 198 2529 1810 2604">
    <p class='ocr_par' dir='ltr' id='par_1_25' title="bbox 198 2529 1810 2604">
     <span class='ocr_line' id='line_1_25' title="bbox 198 2529 1810 2604; baseline -0.006 -12"><span class='ocrx_word' id='word_1_179' title='bbox 198 2552 307 2592; x_wconf 86' lang='lat' dir='ltr'><strong>nes</strong></span> <span class='ocrx_word' id='word_1_180' title='bbox 352 2533 718 2604; x_wconf 78' lang='lat' dir='ltr'><strong>evangelista,</strong></span> <span class='ocrx_word' id='word_1_181' title='bbox 759 2540 1042 2601; x_wconf 85' lang='lat' dir='ltr'><strong>antequam</strong></span> <span class='ocrx_word' id='word_1_182' title='bbox 1072 2530 1305 2585; x_wconf 81' lang='lat' dir='ltr'><strong>Joannes</strong></span> <span class='ocrx_word' id='word_1_183' title='bbox 1346 2529 1579 2599; x_wconf 87' lang='lat' dir='ltr'><strong>Baptista</strong></span> <span class='ocrx_word' id='word_1_184' title='bbox 1617 2530 1810 2583; x_wconf 91' lang='lat' dir='ltr'><strong>missus</strong></span> 
     </span>
    </p>
   </div>
   <div class='ocr_carea' id='block_1_26' title="bbox 202 2618 1809 2690">
    <p class='ocr_par' dir='ltr' id='par_1_26' title="bbox 202 2618 1809 2690">
     <span class='ocr_line' id='line_1_26' title="bbox 202 2618 1809 2690; baseline -0.006 -9"><span class='ocrx_word' id='word_1_185' title='bbox 202 2632 362 2681; x_wconf 87' lang='lat' dir='ltr'><strong>esset</strong></span> <span class='ocrx_word' id='word_1_186' title='bbox 395 2623 451 2677; x_wconf 93' lang='lat' dir='ltr'><strong>in</strong></span> <span class='ocrx_word' id='word_1_187' title='bbox 476 2637 765 2687; x_wconf 90' lang='lat' dir='ltr'><strong>carcerem,</strong></span> <span class='ocrx_word' id='word_1_188' title='bbox 798 2621 926 2675; x_wconf 91' lang='lat' dir='ltr'><strong>dicit</strong></span> <span class='ocrx_word' id='word_1_189' title='bbox 950 2619 1131 2675; x_wconf 90' lang='lat' dir='ltr'><strong>Jesum</strong></span> <span class='ocrx_word' id='word_1_190' title='bbox 1162 2619 1267 2675; x_wconf 89' lang='lat' dir='ltr'><strong>isse</strong></span> <span class='ocrx_word' id='word_1_191' title='bbox 1296 2620 1349 2674; x_wconf 91' lang='lat' dir='ltr'><strong>in</strong></span> <span class='ocrx_word' id='word_1_192' title='bbox 1378 2618 1651 2675; x_wconf 70' lang='lat' dir='ltr'><strong>Galilaeam</strong></span> <span class='ocrx_word' id='word_1_193' title='bbox 1680 2618 1809 2690; x_wconf 88' lang='lat' dir='ltr'><strong>(Po-</strong></span> 
     </span>
    </p>
   </div>
   <div class='ocr_carea' id='block_1_27' title="bbox 201 2711 1811 2785">
    <p class='ocr_par' dir='ltr' id='par_1_27' title="bbox 201 2711 1811 2785">
     <span class='ocr_line' id='line_1_27' title="bbox 201 2711 1811 2785; baseline -0.002 -13"><span class='ocrx_word' id='word_1_194' title='bbox 201 2728 325 2773; x_wconf 85' lang='lat' dir='ltr'><strong>stea</strong></span> <span class='ocrx_word' id='word_1_195' title='bbox 345 2716 492 2771; x_wconf 89' lang='lat' dir='ltr'><strong>enim</strong></span> <span class='ocrx_word' id='word_1_196' title='bbox 515 2731 673 2785; x_wconf 88' lang='lat' dir='ltr'><strong>quam</strong></span> <span class='ocrx_word' id='word_1_197' title='bbox 695 2714 1152 2779; x_wconf 85' lang='lat' dir='ltr'><strong>commemoravit,</strong></span> <span class='ocrx_word' id='word_1_198' title='bbox 1177 2712 1316 2784; x_wconf 92' lang='lat' dir='ltr'><strong>quod</strong></span> <span class='ocrx_word' id='word_1_199' title='bbox 1340 2714 1392 2767; x_wconf 90' lang='lat' dir='ltr'><strong>in</strong></span> <span class='ocrx_word' id='word_1_200' title='bbox 1412 2711 1558 2768; x_wconf 88' lang='lat' dir='ltr'><strong>Cana</strong></span> <span class='ocrx_word' id='word_1_201' title='bbox 1578 2711 1811 2768; x_wconf 72' lang='lat' dir='ltr'><strong>Galilzea</strong></span> 
     </span>
    </p>
   </div>
   <div class='ocr_carea' id='block_1_28' title="bbox 202 2805 1809 2879">
    <p class='ocr_par' dir='ltr' id='par_1_28' title="bbox 202 2805 1809 2879">
     <span class='ocr_line' id='line_1_28' title="bbox 202 2805 1809 2879; baseline -0.004 -14"><span class='ocrx_word' id='word_1_202' title='bbox 202 2809 341 2866; x_wconf 79' lang='lat' dir='ltr'><strong>fecit</strong></span> <span class='ocrx_word' id='word_1_203' title='bbox 383 2808 454 2865; x_wconf 88' lang='lat' dir='ltr'><strong>de</strong></span> <span class='ocrx_word' id='word_1_204' title='bbox 496 2823 630 2879; x_wconf 87' lang='lat' dir='ltr'><strong>aqua</strong></span> <span class='ocrx_word' id='word_1_205' title='bbox 664 2809 840 2862; x_wconf 87' lang='lat' dir='ltr'><strong>vinum</strong></span> <span class='ocrx_word' id='word_1_206' title='bbox 858 2849 873 2873; x_wconf 93' lang='lat'><strong>,</strong></span> <span class='ocrx_word' id='word_1_207' title='bbox 901 2814 956 2862; x_wconf 91' lang='lat' dir='ltr'><strong>et</strong></span> <span class='ocrx_word' id='word_1_208' title='bbox 981 2806 1259 2862; x_wconf 85' lang='lat' dir='ltr'><strong>descendit</strong></span> <span class='ocrx_word' id='word_1_209' title='bbox 1284 2805 1659 2875; x_wconf 84' lang='lat' dir='ltr'><strong>Capharnaum</strong></span> <span class='ocrx_word' id='word_1_210' title='bbox 1688 2820 1809 2859; x_wconf 91' lang='lat' dir='ltr'><strong>cum</strong></span> 
     </span>
    </p>
   </div>
   <div class='ocr_carea' id='block_1_29' title="bbox 204 2896 1810 2971">
    <p class='ocr_par' dir='ltr' id='par_1_29' title="bbox 204 2896 1810 2971">
     <span class='ocr_line' id='line_1_29' title="bbox 204 2896 1810 2971; baseline -0.004 -12"><span class='ocrx_word' id='word_1_211' title='bbox 204 2912 392 2959; x_wconf 83' lang='lat' dir='ltr'><strong>matre</strong></span> <span class='ocrx_word' id='word_1_212' title='bbox 419 2910 473 2956; x_wconf 92' lang='lat' dir='ltr'><strong>et</strong></span> <span class='ocrx_word' id='word_1_213' title='bbox 502 2900 793 2971; x_wconf 90' lang='lat' dir='ltr'><strong>discipulis,</strong></span> <span class='ocrx_word' id='word_1_214' title='bbox 821 2908 875 2955; x_wconf 92' lang='lat' dir='ltr'><strong>et</strong></span> <span class='ocrx_word' id='word_1_215' title='bbox 910 2900 979 2954; x_wconf 91' lang='lat' dir='ltr'><strong>ibi</strong></span> <span class='ocrx_word' id='word_1_216' title='bbox 1009 2907 1321 2954; x_wconf 89' lang='lat' dir='ltr'><strong>manserunt</strong></span> <span class='ocrx_word' id='word_1_217' title='bbox 1347 2914 1454 2953; x_wconf 92' lang='lat' dir='ltr'><strong>non</strong></span> <span class='ocrx_word' id='word_1_218' title='bbox 1485 2898 1667 2952; x_wconf 88' lang='lat' dir='ltr'><strong>multis</strong></span> <span class='ocrx_word' id='word_1_219' title='bbox 1693 2896 1810 2953; x_wconf 85' lang='lat' dir='ltr'><strong>die-</strong></span> 
     </span>
    </p>
   </div>
   <div class='ocr_carea' id='block_1_30' title="bbox 204 2990 1813 3061">
    <p class='ocr_par' dir='ltr' id='par_1_30' title="bbox 204 2990 1813 3061">
     <span class='ocr_line' id='line_1_30' title="bbox 204 2990 1813 3061; baseline -0.002 -13"><span class='ocrx_word' id='word_1_220' title='bbox 204 2994 335 3060; x_wconf 86' lang='lat' dir='ltr'><strong>bus,</strong></span> <span class='ocrx_word' id='word_1_221' title='bbox 361 2993 495 3048; x_wconf 90' lang='lat' dir='ltr'><strong>dicit</strong></span> <span class='ocrx_word' id='word_1_222' title='bbox 515 3008 637 3048; x_wconf 91' lang='lat' dir='ltr'><strong>eum</strong></span> <span class='ocrx_word' id='word_1_223' title='bbox 659 2991 854 3047; x_wconf 90' lang='lat' dir='ltr'><strong>deinde</strong></span> <span class='ocrx_word' id='word_1_224' title='bbox 869 2990 1177 3048; x_wconf 89' lang='lat' dir='ltr'><strong>ascendisse</strong></span> <span class='ocrx_word' id='word_1_225' title='bbox 1190 2991 1575 3061; x_wconf 89' lang='lat' dir='ltr'><strong>Jerosolymam</strong></span> <span class='ocrx_word' id='word_1_226' title='bbox 1598 2999 1813 3060; x_wconf 85' lang='lat' dir='ltr'><strong>propter</strong></span> 
     </span>
    </p>
   </div>
   <div class='ocr_carea' id='block_1_31' title="bbox 206 3082 1813 3157">
    <p class='ocr_par' dir='ltr' id='par_1_31' title="bbox 206 3082 1813 3157">
     <span class='ocr_line' id='line_1_31' title="bbox 206 3082 1813 3157; baseline -0.002 -16"><span class='ocrx_word' id='word_1_227' title='bbox 206 3084 460 3151; x_wconf 71' lang='lat' dir='ltr'><strong>Pascha;</strong></span> <span class='ocrx_word' id='word_1_228' title='bbox 490 3094 611 3157; x_wconf 92' lang='lat' dir='ltr'><strong>post</strong></span> <span class='ocrx_word' id='word_1_229' title='bbox 640 3083 755 3140; x_wconf 81' lang='lat' dir='ltr'><strong>haec</strong></span> <span class='ocrx_word' id='word_1_230' title='bbox 777 3084 991 3139; x_wconf 89' lang='lat' dir='ltr'><strong>venisse</strong></span> <span class='ocrx_word' id='word_1_231' title='bbox 1018 3083 1071 3137; x_wconf 92' lang='lat' dir='ltr'><strong>in</strong></span> <span class='ocrx_word' id='word_1_232' title='bbox 1091 3082 1330 3139; x_wconf 73' lang='lat' dir='ltr'><strong>Judzeam</strong></span> <span class='ocrx_word' id='word_1_233' title='bbox 1361 3091 1555 3138; x_wconf 88' lang='lat' dir='ltr'><strong>terram</strong></span> <span class='ocrx_word' id='word_1_234' title='bbox 1582 3092 1636 3138; x_wconf 94' lang='lat' dir='ltr'><strong>et</strong></span> <span class='ocrx_word' id='word_1_235' title='bbox 1656 3083 1813 3137; x_wconf 87' lang='lat' dir='ltr'><strong>disci-</strong></span> 
     </span>
    </p>
   </div>
   <div class='ocr_carea' id='block_1_32' title="bbox 206 3172 1814 3246">
    <p class='ocr_par' dir='ltr' id='par_1_32' title="bbox 206 3172 1814 3246">
     <span class='ocr_line' id='line_1_32' title="bbox 206 3172 1814 3246; baseline -0.001 -16"><span class='ocrx_word' id='word_1_236' title='bbox 206 3176 373 3246; x_wconf 90' lang='lat' dir='ltr'><strong>pulos</strong></span> <span class='ocrx_word' id='word_1_237' title='bbox 405 3175 543 3244; x_wconf 87' lang='lat' dir='ltr'><strong>ejus,</strong></span> <span class='ocrx_word' id='word_1_238' title='bbox 588 3185 643 3230; x_wconf 90' lang='lat' dir='ltr'><strong>et</strong></span> <span class='ocrx_word' id='word_1_239' title='bbox 685 3175 794 3229; x_wconf 91' lang='lat' dir='ltr'><strong>illic</strong></span> <span class='ocrx_word' id='word_1_240' title='bbox 827 3174 1160 3230; x_wconf 82' lang='lat' dir='ltr'><strong>demoratam</strong></span> <span class='ocrx_word' id='word_1_241' title='bbox 1187 3189 1308 3229; x_wconf 93' lang='lat' dir='ltr'><strong>cum</strong></span> <span class='ocrx_word' id='word_1_242' title='bbox 1346 3172 1423 3228; x_wconf 91' lang='lat' dir='ltr'><strong>eis</strong></span> <span class='ocrx_word' id='word_1_243' title='bbox 1450 3183 1504 3228; x_wconf 92' lang='lat' dir='ltr'><strong>et</strong></span> <span class='ocrx_word' id='word_1_244' title='bbox 1541 3173 1814 3244; x_wconf 85' lang='lat' dir='ltr'><strong>baptizan-</strong></span> 
     </span>
    </p>
   </div>
   <div class='ocr_carea' id='block_1_33' title="bbox 208 3263 1815 3333">
    <p class='ocr_par' dir='ltr' id='par_1_33' title="bbox 208 3263 1815 3333">
     <span class='ocr_line' id='line_1_33' title="bbox 208 3263 1815 3333; baseline -0.002 -11"><span class='ocrx_word' id='word_1_245' title='bbox 208 3277 321 3322; x_wconf 86' lang='lat' dir='ltr'><strong>tem</strong></span> <span class='ocrx_word' id='word_1_246' title='bbox 359 3284 373 3321; x_wconf 86' lang='lat'><strong>:</strong></span> <span class='ocrx_word' id='word_1_247' title='bbox 408 3266 498 3321; x_wconf 85' lang='lat' dir='ltr'><strong>ubi</strong></span> <span class='ocrx_word' id='word_1_248' title='bbox 526 3274 740 3320; x_wconf 87' lang='lat' dir='ltr'><strong>secutus</strong></span> <span class='ocrx_word' id='word_1_249' title='bbox 769 3265 862 3330; x_wconf 88' lang='lat' dir='ltr'><strong>ait,</strong></span> <span class='ocrx_word' id='word_1_250' title='bbox 894 3264 1021 3318; x_wconf 85' lang='lat' dir='ltr'><strong>Erat</strong></span> <span class='ocrx_word' id='word_1_251' title='bbox 1044 3274 1213 3319; x_wconf 89' lang='lat' dir='ltr'><strong>autem</strong></span> <span class='ocrx_word' id='word_1_252' title='bbox 1237 3275 1283 3319; x_wconf 91' lang='lat' dir='ltr'><strong>et</strong></span> <span class='ocrx_word' id='word_1_253' title='bbox 1304 3263 1529 3318; x_wconf 83' lang='lat' dir='ltr'><strong>Joannes</strong></span> <span class='ocrx_word' id='word_1_254' title='bbox 1553 3263 1815 3333; x_wconf 78' lang='lat' dir='ltr'><strong>baptizans</strong></span> 
     </span>
    </p>
   </div>
   <div class='ocr_carea' id='block_1_34' title="bbox 206 3353 1816 3427">
    <p class='ocr_par' dir='ltr' id='par_1_34' title="bbox 206 3353 1816 3427">
     <span class='ocr_line' id='line_1_34' title="bbox 206 3353 1816 3427; baseline -0.002 -16"><span class='ocrx_word' id='word_1_255' title='bbox 206 3357 265 3411; x_wconf 85' lang='lat' dir='ltr'><strong>in</strong></span> <span class='ocrx_word' id='word_1_256' title='bbox 293 3354 482 3412; x_wconf 62' lang='lat' dir='ltr'><strong>Enen</strong></span> <span class='ocrx_word' id='word_1_257' title='bbox 502 3357 654 3427; x_wconf 73' lang='lat' dir='ltr'><strong>juxta</strong></span> <span class='ocrx_word' id='word_1_258' title='bbox 680 3353 877 3421; x_wconf 87' lang='lat' dir='ltr'><strong>Salim,</strong></span> <span class='ocrx_word' id='word_1_259' title='bbox 915 3356 1034 3422; x_wconf 91' lang='lat' dir='ltr'><strong>quia</strong></span> <span class='ocrx_word' id='word_1_260' title='bbox 1062 3370 1206 3425; x_wconf 73' lang='lat' dir='ltr'><strong>aqua:</strong></span> <span class='ocrx_word' id='word_1_261' title='bbox 1232 3355 1406 3408; x_wconf 82' lang='lat' dir='ltr'><strong>multce</strong></span> <span class='ocrx_word' id='word_1_262' title='bbox 1428 3363 1570 3408; x_wconf 87' lang='lat' dir='ltr'><strong>erant</strong></span> <span class='ocrx_word' id='word_1_263' title='bbox 1595 3355 1699 3408; x_wconf 90' lang='lat' dir='ltr'><strong>illic</strong></span> <span class='ocrx_word' id='word_1_264' title='bbox 1721 3373 1740 3420; x_wconf 86' lang='lat'><strong>;</strong></span> <span class='ocrx_word' id='word_1_265' title='bbox 1770 3364 1816 3408; x_wconf 88' lang='lat' dir='ltr'><strong>et</strong></span> 
     </span>
    </p>
   </div>
   <div class='ocr_carea' id='block_1_35' title="bbox 206 3445 1817 3516">
    <p class='ocr_par' dir='ltr' id='par_1_35' title="bbox 206 3445 1817 3516">
     <span class='ocr_line' id='line_1_35' title="bbox 206 3445 1817 3516; baseline -0.001 -15"><span class='ocrx_word' id='word_1_266' title='bbox 206 3445 571 3508; x_wconf 81' lang='lat' dir='ltr'><strong>adveniebant,</strong></span> <span class='ocrx_word' id='word_1_267' title='bbox 590 3456 636 3499; x_wconf 91' lang='lat' dir='ltr'><strong>et</strong></span> <span class='ocrx_word' id='word_1_268' title='bbox 662 3445 1047 3516; x_wconf 78' lang='lat' dir='ltr'><strong>baptizabantur</strong></span> <span class='ocrx_word' id='word_1_269' title='bbox 1066 3460 1084 3498; x_wconf 92' lang='lat'><strong><em>:</em></strong></span> <span class='ocrx_word' id='word_1_270' title='bbox 1101 3446 1327 3498; x_wconf 86' lang='lat' dir='ltr'><strong>nondum</strong></span> <span class='ocrx_word' id='word_1_271' title='bbox 1353 3445 1485 3499; x_wconf 89' lang='lat' dir='ltr'><strong>enim</strong></span> <span class='ocrx_word' id='word_1_272' title='bbox 1509 3445 1690 3499; x_wconf 87' lang='lat' dir='ltr'><strong>missus</strong></span> <span class='ocrx_word' id='word_1_273' title='bbox 1710 3455 1817 3499; x_wconf 86' lang='lat' dir='ltr'><strong>erat</strong></span> 
     </span>
    </p>
   </div>
   <div class='ocr_carea' id='block_1_36' title="bbox 206 3534 1819 3609">
    <p class='ocr_par' dir='ltr' id='par_1_36' title="bbox 206 3534 1819 3609">
     <span class='ocr_line' id='line_1_36' title="bbox 206 3534 1819 3609; baseline -0.002 -15"><span class='ocrx_word' id='word_1_274' title='bbox 206 3540 264 3594; x_wconf 87' lang='lat' dir='ltr'><strong>in</strong></span> <span class='ocrx_word' id='word_1_275' title='bbox 293 3553 553 3593; x_wconf 86' lang='lat' dir='ltr'><strong>carcerem</strong></span> <span class='ocrx_word' id='word_1_276' title='bbox 588 3535 814 3591; x_wconf 86' lang='lat' dir='ltr'><strong>Joannes</strong></span> <span class='ocrx_word' id='word_1_277' title='bbox 835 3535 1015 3609; x_wconf 87' lang='lat' dir='ltr'><strong>[Joan.</strong></span> <span class='ocrx_word' id='word_1_278' title='bbox 1041 3551 1100 3602; x_wconf 79' lang='grc' dir='ltr'><strong>ιι,</strong></span> <span class='ocrx_word' id='word_1_279' title='bbox 1128 3536 1215 3599; x_wconf 85' lang='grc'><strong>15,</strong></span> <span class='ocrx_word' id='word_1_280' title='bbox 1244 3544 1289 3590; x_wconf 87' lang='lat' dir='ltr'><strong>et</strong></span> <span class='ocrx_word' id='word_1_281' title='bbox 1318 3551 1396 3603; x_wconf 88' lang='lat' dir='ltr'><strong>ut,</strong></span> <span class='ocrx_word' id='word_1_282' title='bbox 1417 3534 1630 3609; x_wconf 71' lang='grc' dir='ltr'><strong>Ξ2ο24])</strong></span> <span class='ocrx_word' id='word_1_283' title='bbox 1654 3554 1667 3600; x_wconf 92' lang='lat'><strong>;</strong></span> <span class='ocrx_word' id='word_1_284' title='bbox 1688 3535 1819 3590; x_wconf 82' lang='lat' dir='ltr'><strong>Mat-</strong></span> 
     </span>
    </p>
   </div>
   <div class='ocr_carea' id='block_1_37' title="bbox 210 3625 1819 3699">
    <p class='ocr_par' dir='ltr' id='par_1_37' title="bbox 210 3625 1819 3699">
     <span class='ocr_line' id='line_1_37' title="bbox 210 3625 1819 3699; baseline -0.001 -14"><span class='ocrx_word' id='word_1_285' title='bbox 210 3630 396 3685; x_wconf 74' lang='lat' dir='ltr'><strong>thznus</strong></span> <span class='ocrx_word' id='word_1_286' title='bbox 428 3637 603 3682; x_wconf 84' lang='lat' dir='ltr'><strong>autem</strong></span> <span class='ocrx_word' id='word_1_287' title='bbox 637 3626 801 3693; x_wconf 84' lang='lat' dir='ltr'><strong>dicat,</strong></span> <span class='ocrx_word' id='word_1_288' title='bbox 829 3625 957 3681; x_wconf 86' lang='lat' dir='ltr'><strong>Cum</strong></span> <span class='ocrx_word' id='word_1_289' title='bbox 981 3637 1149 3682; x_wconf 84' lang='lat' dir='ltr'><strong>autent</strong></span> <span class='ocrx_word' id='word_1_290' title='bbox 1183 3627 1403 3682; x_wconf 82' lang='lat' dir='ltr'><strong>audisset</strong></span> <span class='ocrx_word' id='word_1_291' title='bbox 1433 3628 1572 3699; x_wconf 86' lang='lat' dir='ltr'><strong>quod</strong></span> <span class='ocrx_word' id='word_1_292' title='bbox 1594 3626 1819 3683; x_wconf 79' lang='lat' dir='ltr'><strong>Joannes</strong></span> 
     </span>
    </p>
   </div>
   <div class='ocr_carea' id='block_1_38' title="bbox 213 3716 1821 3791">
    <p class='ocr_par' dir='ltr' id='par_1_38' title="bbox 213 3716 1821 3791">
     <span class='ocr_line' id='line_1_38' title="bbox 213 3716 1821 3791; baseline 0 -18"><span class='ocrx_word' id='word_1_293' title='bbox 213 3720 443 3774; x_wconf 88' lang='lat' dir='ltr'><strong>traditus</strong></span> <span class='ocrx_word' id='word_1_294' title='bbox 465 3728 612 3781; x_wconf 88' lang='lat' dir='ltr'><strong>esset,</strong></span> <span class='ocrx_word' id='word_1_295' title='bbox 636 3718 836 3772; x_wconf 80' lang='lat' dir='ltr'><strong>secessit</strong></span> <span class='ocrx_word' id='word_1_296' title='bbox 863 3718 915 3772; x_wconf 89' lang='lat' dir='ltr'><strong>in</strong></span> <span class='ocrx_word' id='word_1_297' title='bbox 938 3717 1205 3773; x_wconf 70' lang='lat' dir='ltr'><strong>Galilceam</strong></span> <span class='ocrx_word' id='word_1_298' title='bbox 1231 3718 1251 3790; x_wconf 90' lang='lat'><strong>(</strong></span> <span class='ocrx_word' id='word_1_299' title='bbox 1275 3716 1459 3772; x_wconf 82' lang='lat' dir='ltr'><strong>Matth.</strong></span> <span class='ocrx_word' id='word_1_300' title='bbox 1486 3735 1557 3785; x_wconf 83' lang='lat' dir='ltr'><strong>tv,</strong></span> <span class='ocrx_word' id='word_1_301' title='bbox 1587 3719 1709 3791; x_wconf 73' lang='grc'><strong>12).</strong></span> <span class='ocrx_word' id='word_1_302' title='bbox 1736 3719 1821 3774; x_wconf 90' lang='lat' dir='ltr'><strong>Si-</strong></span> 
     </span>
    </p>
   </div>
   <div class='ocr_carea' id='block_1_39' title="bbox 214 3807 1819 3880">
    <p class='ocr_par' dir='ltr' id='par_1_39' title="bbox 214 3807 1819 3880">
     <span class='ocr_line' id='line_1_39' title="bbox 214 3807 1819 3880; baseline 0.001 -13"><span class='ocrx_word' id='word_1_303' title='bbox 214 3811 427 3867; x_wconf 85' lang='lat' dir='ltr'><strong>militer</strong></span> <span class='ocrx_word' id='word_1_304' title='bbox 452 3818 506 3863; x_wconf 90' lang='lat' dir='ltr'><strong>et</strong></span> <span class='ocrx_word' id='word_1_305' title='bbox 532 3808 737 3863; x_wconf 82' lang='lat' dir='ltr'><strong>Marcus</strong></span> <span class='ocrx_word' id='word_1_306' title='bbox 768 3827 781 3862; x_wconf 90' lang='lat'><strong>:</strong></span> <span class='ocrx_word' id='word_1_307' title='bbox 820 3807 1157 3880; x_wconf 82' lang='lat' dir='ltr'><strong>Posteaquam</strong></span> <span class='ocrx_word' id='word_1_308' title='bbox 1178 3819 1345 3864; x_wconf 91' lang='lat' dir='ltr'><strong>autem</strong></span> <span class='ocrx_word' id='word_1_309' title='bbox 1366 3811 1585 3865; x_wconf 86' lang='lat' dir='ltr'><strong>traditus</strong></span> <span class='ocrx_word' id='word_1_310' title='bbox 1609 3819 1701 3878; x_wconf 89' lang='lat' dir='ltr'><strong>est,</strong></span> <span class='ocrx_word' id='word_1_311' title='bbox 1730 3811 1819 3868; x_wconf 81' lang='lat' dir='ltr'><strong>in-</strong></span> 
     </span>
    </p>
   </div>
   <div class='ocr_carea' id='block_1_40' title="bbox 214 3899 1817 3975">
    <p class='ocr_par' dir='ltr' id='par_1_40' title="bbox 214 3899 1817 3975">
     <span class='ocr_line' id='line_1_40' title="bbox 214 3899 1817 3975; baseline 0 -18"><span class='ocrx_word' id='word_1_312' title='bbox 214 3902 360 3973; x_wconf 88' lang='lat' dir='ltr'><strong>quit,</strong></span> <span class='ocrx_word' id='word_1_313' title='bbox 388 3899 636 3967; x_wconf 79' lang='lat' dir='ltr'><strong>Joannes,</strong></span> <span class='ocrx_word' id='word_1_314' title='bbox 664 3900 795 3954; x_wconf 79' lang='lat' dir='ltr'><strong>venit</strong></span> <span class='ocrx_word' id='word_1_315' title='bbox 819 3899 971 3955; x_wconf 89' lang='lat' dir='ltr'><strong>Jesus</strong></span> <span class='ocrx_word' id='word_1_316' title='bbox 996 3900 1047 3954; x_wconf 88' lang='lat' dir='ltr'><strong>in</strong></span> <span class='ocrx_word' id='word_1_317' title='bbox 1072 3899 1339 3955; x_wconf 75' lang='lat' dir='ltr'><strong>Galilaeam</strong></span> <span class='ocrx_word' id='word_1_318' title='bbox 1364 3902 1382 3971; x_wconf 94' lang='lat'>(</span> <span class='ocrx_word' id='word_1_319' title='bbox 1417 3900 1582 3956; x_wconf 79' lang='lat' dir='ltr'><strong>Marc.</strong></span> <span class='ocrx_word' id='word_1_320' title='bbox 1608 3917 1646 3967; x_wconf 83' lang='grc' dir='ltr'><strong>ι,</strong></span> <span class='ocrx_word' id='word_1_321' title='bbox 1677 3901 1747 3957; x_wconf 63' lang='grc' dir='ltr'><strong>Ην</strong></span> <span class='ocrx_word' id='word_1_322' title='bbox 1775 3899 1817 3975; x_wconf 88' lang='grc'><strong>).</strong></span> 
     </span>
    </p>
   </div>
   <div class='ocr_carea' id='block_1_41' title="bbox 217 3990 1821 4062">
    <p class='ocr_par' dir='ltr' id='par_1_41' title="bbox 217 3990 1821 4062">
     <span class='ocr_line' id='line_1_41' title="bbox 217 3990 1821 4062; baseline 0 -13"><span class='ocrx_word' id='word_1_323' title='bbox 217 3992 398 4049; x_wconf 83' lang='lat' dir='ltr'><strong>Lucas</strong></span> <span class='ocrx_word' id='word_1_324' title='bbox 424 3992 584 4047; x_wconf 86' lang='lat' dir='ltr'><strong>etiam</strong></span> <span class='ocrx_word' id='word_1_325' title='bbox 614 3991 747 4047; x_wconf 90' lang='lat' dir='ltr'><strong>nihil</strong></span> <span class='ocrx_word' id='word_1_326' title='bbox 768 3991 984 4062; x_wconf 91' lang='lat' dir='ltr'><strong>quidem</strong></span> <span class='ocrx_word' id='word_1_327' title='bbox 1010 3991 1139 4047; x_wconf 89' lang='lat' dir='ltr'><strong>dicit</strong></span> <span class='ocrx_word' id='word_1_328' title='bbox 1157 3992 1225 4047; x_wconf 92' lang='lat' dir='ltr'><strong>de</strong></span> <span class='ocrx_word' id='word_1_329' title='bbox 1258 3992 1449 4048; x_wconf 90' lang='lat' dir='ltr'><strong>tradito</strong></span> <span class='ocrx_word' id='word_1_330' title='bbox 1477 3992 1702 4059; x_wconf 88' lang='lat' dir='ltr'><strong>Joanne,</strong></span> <span class='ocrx_word' id='word_1_331' title='bbox 1724 3990 1821 4049; x_wconf 75' lang='lat' dir='ltr'><strong>sed</strong></span> 
     </span>
    </p>
   </div>
   <div class='ocr_carea' id='block_1_42' title="bbox 220 4084 1819 4155">
    <p class='ocr_par' dir='ltr' id='par_1_42' title="bbox 220 4084 1819 4155">
     <span class='ocr_line' id='line_1_42' title="bbox 220 4084 1819 4155; baseline -0.002 -13"><span class='ocrx_word' id='word_1_332' title='bbox 220 4096 409 4142; x_wconf 86' lang='lat' dir='ltr'><strong>tamen</strong></span> <span class='ocrx_word' id='word_1_333' title='bbox 436 4094 490 4139; x_wconf 93' lang='lat' dir='ltr'><strong>et</strong></span> <span class='ocrx_word' id='word_1_334' title='bbox 520 4085 632 4155; x_wconf 90' lang='lat' dir='ltr'><strong>ipse</strong></span> <span class='ocrx_word' id='word_1_335' title='bbox 660 4092 780 4155; x_wconf 92' lang='lat' dir='ltr'><strong>post</strong></span> <span class='ocrx_word' id='word_1_336' title='bbox 807 4084 1131 4155; x_wconf 80' lang='lat' dir='ltr'><strong>baptismum</strong></span> <span class='ocrx_word' id='word_1_337' title='bbox 1159 4094 1215 4141; x_wconf 91' lang='lat' dir='ltr'><strong>et</strong></span> <span class='ocrx_word' id='word_1_338' title='bbox 1257 4085 1601 4141; x_wconf 90' lang='lat' dir='ltr'><strong>tentationem</strong></span> <span class='ocrx_word' id='word_1_339' title='bbox 1623 4085 1819 4140; x_wconf 90' lang='lat' dir='ltr'><strong>Christi</strong></span> 
     </span>
    </p>
   </div>
   <div class='ocr_carea' id='block_1_43' title="bbox 219 4174 1816 4242">
    <p class='ocr_par' dir='ltr' id='par_1_43' title="bbox 219 4174 1816 4242">
     <span class='ocr_line' id='line_1_43' title="bbox 219 4174 1816 4242; baseline -0.001 -10"><span class='ocrx_word' id='word_1_340' title='bbox 219 4177 357 4232; x_wconf 87' lang='lat' dir='ltr'><strong>dicit</strong></span> <span class='ocrx_word' id='word_1_341' title='bbox 397 4191 520 4231; x_wconf 89' lang='lat' dir='ltr'><strong>eum</strong></span> <span class='ocrx_word' id='word_1_342' title='bbox 566 4175 672 4231; x_wconf 89' lang='lat' dir='ltr'><strong>isse</strong></span> <span class='ocrx_word' id='word_1_343' title='bbox 714 4174 766 4229; x_wconf 91' lang='lat' dir='ltr'><strong>in</strong></span> <span class='ocrx_word' id='word_1_344' title='bbox 796 4175 1089 4242; x_wconf 71' lang='lat' dir='ltr'><strong>Galilmam,</strong></span> <span class='ocrx_word' id='word_1_345' title='bbox 1135 4176 1272 4231; x_wconf 87' lang='lat' dir='ltr'><strong>sicut</strong></span> <span class='ocrx_word' id='word_1_346' title='bbox 1314 4176 1387 4230; x_wconf 87' lang='lat' dir='ltr'><strong>illi</strong></span> <span class='ocrx_word' id='word_1_347' title='bbox 1436 4176 1561 4231; x_wconf 88' lang='lat' dir='ltr'><strong>duo.</strong></span> <span class='ocrx_word' id='word_1_348' title='bbox 1585 4175 1718 4230; x_wconf 88' lang='lat' dir='ltr'><strong>Nam</strong></span> <span class='ocrx_word' id='word_1_349' title='bbox 1747 4176 1816 4230; x_wconf 92' lang='lat' dir='ltr'><strong>ita</strong></span> 
     </span>
    </p>
   </div>
   <div class='ocr_carea' id='block_1_44' title="bbox 221 4264 1819 4322">
    <p class='ocr_par' dir='ltr' id='par_1_44' title="bbox 221 4264 1819 4322">
     <span class='ocr_line' id='line_1_44' title="bbox 221 4264 1819 4322; baseline -0.003 1"><span class='ocrx_word' id='word_1_350' title='bbox 221 4265 472 4322; x_wconf 80' lang='lat' dir='ltr'><strong>contexit</strong></span> <span class='ocrx_word' id='word_1_351' title='bbox 493 4265 852 4319; x_wconf 89' lang='lat' dir='ltr'><strong>narrationem</strong></span> <span class='ocrx_word' id='word_1_352' title='bbox 880 4280 1029 4319; x_wconf 91' lang='lat' dir='ltr'><strong>suam</strong></span> <span class='ocrx_word' id='word_1_353' title='bbox 1060 4283 1071 4317; x_wconf 92' lang='lat'>:</span> <span class='ocrx_word' id='word_1_354' title='bbox 1100 4264 1162 4318; x_wconf 81' lang='lat' dir='ltr'><strong>Et</strong></span> <span class='ocrx_word' id='word_1_355' title='bbox 1187 4276 1530 4319; x_wconf 85' lang='lat' dir='ltr'><strong>consummata</strong></span> <span class='ocrx_word' id='word_1_356' title='bbox 1559 4265 1695 4318; x_wconf 88' lang='lat' dir='ltr'><strong>omni</strong></span> <span class='ocrx_word' id='word_1_357' title='bbox 1714 4274 1819 4319; x_wconf 82' lang='lat' dir='ltr'><strong>ten-</strong></span> 
     </span>
    </p>
   </div>
   <div class='ocr_carea' id='block_1_45' title="bbox 225 4353 1821 4427">
    <p class='ocr_par' dir='ltr' id='par_1_45' title="bbox 225 4353 1821 4427">
     <span class='ocr_line' id='line_1_45' title="bbox 225 4353 1821 4427; baseline 0.001 -18"><span class='ocrx_word' id='word_1_358' title='bbox 225 4358 451 4415; x_wconf 87' lang='lat' dir='ltr'><strong>tatione,</strong></span> <span class='ocrx_word' id='word_1_359' title='bbox 480 4353 711 4409; x_wconf 83' lang='lat' dir='ltr'><strong>diabolus</strong></span> <span class='ocrx_word' id='word_1_360' title='bbox 739 4355 941 4409; x_wconf 86' lang='lat' dir='ltr'><strong>recessit</strong></span> <span class='ocrx_word' id='word_1_361' title='bbox 968 4354 1032 4408; x_wconf 90' lang='lat' dir='ltr'><strong>ab</strong></span> <span class='ocrx_word' id='word_1_362' title='bbox 1073 4354 1166 4409; x_wconf 89' lang='lat' dir='ltr'><strong>illo</strong></span> <span class='ocrx_word' id='word_1_363' title='bbox 1209 4371 1364 4427; x_wconf 86' lang='lat' dir='ltr'><strong>usque</strong></span> <span class='ocrx_word' id='word_1_364' title='bbox 1398 4354 1467 4409; x_wconf 91' lang='lat' dir='ltr'><strong>ad</strong></span> <span class='ocrx_word' id='word_1_365' title='bbox 1510 4365 1723 4427; x_wconf 82' lang='lat' dir='ltr'><strong>tempus.</strong></span> <span class='ocrx_word' id='word_1_366' title='bbox 1755 4354 1821 4410; x_wconf 85' lang='lat' dir='ltr'><strong>Et</strong></span> 
     </span>
    </p>
   </div>
   <div class='ocr_carea' id='block_1_46' title="bbox 222 4445 1822 4519">
    <p class='ocr_par' dir='ltr' id='par_1_46' title="bbox 222 4445 1822 4519">
     <span class='ocr_line' id='line_1_46' title="bbox 222 4445 1822 4519; baseline -0.001 -16"><span class='ocrx_word' id='word_1_367' title='bbox 222 4464 487 4519; x_wconf 84' lang='lat' dir='ltr'><strong>regressus</strong></span> <span class='ocrx_word' id='word_1_368' title='bbox 521 4456 593 4502; x_wconf 88' lang='lat' dir='ltr'><strong>est</strong></span> <span class='ocrx_word' id='word_1_369' title='bbox 630 4445 786 4501; x_wconf 85' lang='lat' dir='ltr'><strong>Jesus</strong></span> <span class='ocrx_word' id='word_1_370' title='bbox 818 4447 871 4500; x_wconf 87' lang='lat' dir='ltr'><strong>in</strong></span> <span class='ocrx_word' id='word_1_371' title='bbox 904 4447 1084 4501; x_wconf 83' lang='lat' dir='ltr'><strong>virtute</strong></span> <span class='ocrx_word' id='word_1_372' title='bbox 1120 4447 1344 4517; x_wconf 86' lang='lat' dir='ltr'><strong>Spiritus</strong></span> <span class='ocrx_word' id='word_1_373' title='bbox 1380 4449 1432 4502; x_wconf 88' lang='lat' dir='ltr'><strong>in</strong></span> <span class='ocrx_word' id='word_1_374' title='bbox 1456 4447 1745 4515; x_wconf 70' lang='lat' dir='ltr'><strong>Galilaeam,</strong></span> <span class='ocrx_word' id='word_1_375' title='bbox 1774 4457 1822 4502; x_wconf 89' lang='lat' dir='ltr'><strong>et</strong></span> 
     </span>
    </p>
   </div>
   <div class='ocr_carea' id='block_1_47' title="bbox 225 4537 1819 4611">
    <p class='ocr_par' dir='ltr' id='par_1_47' title="bbox 225 4537 1819 4611">
     <span class='ocr_line' id='line_1_47' title="bbox 225 4537 1819 4611; baseline 0.003 -21"><span class='ocrx_word' id='word_1_376' title='bbox 225 4542 372 4609; x_wconf 79' lang='lat' dir='ltr'><strong>fama</strong></span> <span class='ocrx_word' id='word_1_377' title='bbox 402 4537 525 4591; x_wconf 72' lang='lat' dir='ltr'><strong>exiit</strong></span> <span class='ocrx_word' id='word_1_378' title='bbox 550 4554 639 4607; x_wconf 84' lang='lat' dir='ltr'><strong>per</strong></span> <span class='ocrx_word' id='word_1_379' title='bbox 662 4538 945 4591; x_wconf 84' lang='lat' dir='ltr'><strong>universam</strong></span> <span class='ocrx_word' id='word_1_380' title='bbox 969 4539 1224 4608; x_wconf 86' lang='lat' dir='ltr'><strong>regionem</strong></span> <span class='ocrx_word' id='word_1_381' title='bbox 1251 4538 1313 4592; x_wconf 87' lang='lat' dir='ltr'><strong>de</strong></span> <span class='ocrx_word' id='word_1_382' title='bbox 1340 4539 1429 4593; x_wconf 90' lang='lat' dir='ltr'><strong>illo</strong></span> <span class='ocrx_word' id='word_1_383' title='bbox 1454 4537 1602 4611; x_wconf 88' lang='lat' dir='ltr'><strong>(Luc.</strong></span> <span class='ocrx_word' id='word_1_384' title='bbox 1627 4554 1699 4605; x_wconf 80' lang='lat' dir='ltr'><strong>tv,</strong></span> <span class='ocrx_word' id='word_1_385' title='bbox 1731 4539 1819 4606; x_wconf 97' lang='grc'><strong>15,</strong></span> 
     </span>
    </p>
   </div>
   <div class='ocr_carea' id='block_1_48' title="bbox 226 4628 1822 4700">
    <p class='ocr_par' dir='ltr' id='par_1_48' title="bbox 226 4628 1822 4700">
     <span class='ocr_line' id='line_1_48' title="bbox 226 4628 1822 4700; baseline 0 -15"><span class='ocrx_word' id='word_1_386' title='bbox 226 4628 346 4700; x_wconf 72' lang='lat' dir='ltr'><strong>ﬂ).</strong></span> <span class='ocrx_word' id='word_1_387' title='bbox 371 4628 523 4683; x_wconf 89' lang='lat' dir='ltr'><strong>Unde</strong></span> <span class='ocrx_word' id='word_1_388' title='bbox 551 4629 859 4699; x_wconf 79' lang='lat' dir='ltr'><strong>intelligitur</strong></span> <span class='ocrx_word' id='word_1_389' title='bbox 878 4629 976 4684; x_wconf 90' lang='lat' dir='ltr'><strong>hos</strong></span> <span class='ocrx_word' id='word_1_390' title='bbox 1002 4639 1110 4684; x_wconf 87' lang='lat' dir='ltr'><strong>tres</strong></span> <span class='ocrx_word' id='word_1_391' title='bbox 1139 4628 1489 4699; x_wconf 89' lang='lat' dir='ltr'><strong>evangelistas</strong></span> <span class='ocrx_word' id='word_1_392' title='bbox 1508 4645 1614 4685; x_wconf 93' lang='lat' dir='ltr'><strong>non</strong></span> <span class='ocrx_word' id='word_1_393' title='bbox 1631 4630 1822 4685; x_wconf 89' lang='lat' dir='ltr'><strong>Joanni</strong></span> 
     </span>
    </p>
   </div>
   <div class='ocr_carea' id='block_1_49' title="bbox 226 4719 1823 4791">
    <p class='ocr_par' dir='ltr' id='par_1_49' title="bbox 226 4719 1823 4791">
     <span class='ocr_line' id='line_1_49' title="bbox 226 4719 1823 4791; baseline 0.001 -14"><span class='ocrx_word' id='word_1_394' title='bbox 226 4719 577 4790; x_wconf 67' lang='lat' dir='ltr'><strong>eratigclista:</strong></span> <span class='ocrx_word' id='word_1_395' title='bbox 630 4720 896 4775; x_wconf 89' lang='lat' dir='ltr'><strong>contraria</strong></span> <span class='ocrx_word' id='word_1_396' title='bbox 944 4734 1188 4776; x_wconf 90' lang='lat' dir='ltr'><strong>narrasse</strong></span> <span class='ocrx_word' id='word_1_397' title='bbox 1214 4763 1226 4785; x_wconf 94' lang='lat'><strong>,</strong></span> <span class='ocrx_word' id='word_1_398' title='bbox 1278 4720 1372 4775; x_wconf 90' lang='lat' dir='ltr'><strong>sed</strong></span> <span class='ocrx_word' id='word_1_399' title='bbox 1422 4722 1823 4791; x_wconf 62' lang='lat' dir='ltr'><strong>praetermisisse</strong></span> 
     </span>
    </p>
   </div>
   <div class='ocr_carea' id='block_1_50' title="bbox 227 4809 1823 4882">
    <p class='ocr_par' dir='ltr' id='par_1_50' title="bbox 227 4809 1823 4882">
     <span class='ocr_line' id='line_1_50' title="bbox 227 4809 1823 4882; baseline -0.001 -14"><span class='ocrx_word' id='word_1_400' title='bbox 227 4812 468 4881; x_wconf 84' lang='lat' dir='ltr'><strong>primum</strong></span> <span class='ocrx_word' id='word_1_401' title='bbox 511 4809 720 4866; x_wconf 87' lang='lat' dir='ltr'><strong>Domini</strong></span> <span class='ocrx_word' id='word_1_402' title='bbox 746 4809 1028 4865; x_wconf 89' lang='lat' dir='ltr'><strong>adventum</strong></span> <span class='ocrx_word' id='word_1_403' title='bbox 1068 4812 1122 4865; x_wconf 92' lang='lat' dir='ltr'><strong>in</strong></span> <span class='ocrx_word' id='word_1_404' title='bbox 1162 4810 1435 4866; x_wconf 59' lang='lat' dir='ltr'><strong>Galilaeam</strong></span> <span class='ocrx_word' id='word_1_405' title='bbox 1480 4822 1823 4882; x_wconf 89' lang='lat' dir='ltr'><strong>posteaquam</strong></span> 
     </span>
    </p>
   </div>
   <div class='ocr_carea' id='block_1_51' title="bbox 230 4902 1820 4976">
    <p class='ocr_par' dir='ltr' id='par_1_51' title="bbox 230 4902 1820 4976">
     <span class='ocr_line' id='line_1_51' title="bbox 230 4902 1820 4976; baseline -0.001 -17"><span class='ocrx_word' id='word_1_406' title='bbox 230 4902 533 4976; x_wconf 78' lang='lat' dir='ltr'><strong>baptizatus</strong></span> <span class='ocrx_word' id='word_1_407' title='bbox 553 4910 656 4968; x_wconf 89' lang='lat' dir='ltr'><strong>est,</strong></span> <span class='ocrx_word' id='word_1_408' title='bbox 675 4902 886 4972; x_wconf 89' lang='lat' dir='ltr'><strong>quando</strong></span> <span class='ocrx_word' id='word_1_409' title='bbox 911 4903 1017 4959; x_wconf 90' lang='lat' dir='ltr'><strong>illic</strong></span> <span class='ocrx_word' id='word_1_410' title='bbox 1037 4918 1227 4973; x_wconf 91' lang='lat' dir='ltr'><strong>aquam</strong></span> <span class='ocrx_word' id='word_1_411' title='bbox 1253 4903 1517 4961; x_wconf 89' lang='lat' dir='ltr'><strong>convertit</strong></span> <span class='ocrx_word' id='word_1_412' title='bbox 1538 4904 1591 4957; x_wconf 93' lang='lat' dir='ltr'><strong>in</strong></span> <span class='ocrx_word' id='word_1_413' title='bbox 1611 4904 1820 4970; x_wconf 90' lang='lat' dir='ltr'><strong>vinum;</strong></span> 
     </span>
    </p>
   </div>
   <div class='ocr_carea' id='block_1_52' title="bbox 231 4994 1827 5054">
    <p class='ocr_par' dir='ltr' id='par_1_52' title="bbox 231 4994 1827 5054">
     <span class='ocr_line' id='line_1_52' title="bbox 231 4994 1827 5054; baseline 0 -3"><span class='ocrx_word' id='word_1_414' title='bbox 231 5006 362 5054; x_wconf 86' lang='lat' dir='ltr'><strong>tunc</strong></span> <span class='ocrx_word' id='word_1_415' title='bbox 400 4994 545 5052; x_wconf 91' lang='lat' dir='ltr'><strong>enim</strong></span> <span class='ocrx_word' id='word_1_416' title='bbox 575 4995 806 5051; x_wconf 84' lang='lat' dir='ltr'><strong>nondum</strong></span> <span class='ocrx_word' id='word_1_417' title='bbox 846 5004 961 5049; x_wconf 90' lang='lat' dir='ltr'><strong>erat</strong></span> <span class='ocrx_word' id='word_1_418' title='bbox 1000 4995 1224 5051; x_wconf 89' lang='lat' dir='ltr'><strong>traditus</strong></span> <span class='ocrx_word' id='word_1_419' title='bbox 1248 4995 1480 5052; x_wconf 85' lang='lat' dir='ltr'><strong>Joannes</strong></span> <span class='ocrx_word' id='word_1_420' title='bbox 1510 5013 1523 5050; x_wconf 87' lang='lat'><strong>:</strong></span> <span class='ocrx_word' id='word_1_421' title='bbox 1553 5011 1675 5052; x_wconf 89' lang='lat' dir='ltr'><strong>eum</strong></span> <span class='ocrx_word' id='word_1_422' title='bbox 1700 5010 1827 5051; x_wconf 88' lang='lat' dir='ltr'><strong>vero</strong></span> 
     </span>
    </p>
   </div>
   <div class='ocr_carea' id='block_1_53' title="bbox 232 5084 1827 5155">
    <p class='ocr_par' dir='ltr' id='par_1_53' title="bbox 232 5084 1827 5155">
     <span class='ocr_line' id='line_1_53' title="bbox 232 5084 1827 5155; baseline -0.001 -13"><span class='ocrx_word' id='word_1_423' title='bbox 232 5088 522 5146; x_wconf 84' lang='lat' dir='ltr'><strong>adventum</strong></span> <span class='ocrx_word' id='word_1_424' title='bbox 551 5087 668 5155; x_wconf 83' lang='lat' dir='ltr'><strong>ejus</strong></span> <span class='ocrx_word' id='word_1_425' title='bbox 695 5086 745 5141; x_wconf 85' lang='lat' dir='ltr'><strong>in</strong></span> <span class='ocrx_word' id='word_1_426' title='bbox 773 5084 1043 5142; x_wconf 79' lang='lat' dir='ltr'><strong>Galilaeam</strong></span> <span class='ocrx_word' id='word_1_427' title='bbox 1063 5087 1415 5142; x_wconf 81' lang='lat' dir='ltr'><strong>connexuisse</strong></span> <span class='ocrx_word' id='word_1_428' title='bbox 1436 5084 1827 5140; x_wconf 82' lang='lat' dir='ltr'><strong>narrationibus</strong></span> 
     </span>
    </p>
   </div>
   <div class='ocr_carea' id='block_1_54' title="bbox 128 5162 1827 5252">
    <p class='ocr_par' dir='ltr' id='par_1_54' title="bbox 128 5162 1827 5252">
     <span class='ocr_line' id='line_1_54' title="bbox 128 5162 1827 5252; baseline -0.002 -18"><span class='ocrx_word' id='word_1_429' title='bbox 128 5162 141 5175; x_wconf 74' lang='grc'><em>’</em></span> <span class='ocrx_word' id='word_1_430' title='bbox 233 5178 379 5243; x_wconf 88' lang='lat' dir='ltr'><strong>suis,</strong></span> <span class='ocrx_word' id='word_1_431' title='bbox 411 5177 503 5252; x_wconf 89' lang='lat' dir='ltr'><strong>qui</strong></span> <span class='ocrx_word' id='word_1_432' title='bbox 535 5184 652 5247; x_wconf 88' lang='lat' dir='ltr'><strong>post</strong></span> <span class='ocrx_word' id='word_1_433' title='bbox 686 5174 944 5231; x_wconf 87' lang='lat' dir='ltr'><strong>Joannem</strong></span> <span class='ocrx_word' id='word_1_434' title='bbox 981 5176 1229 5231; x_wconf 88' lang='lat' dir='ltr'><strong>traditum</strong></span> <span class='ocrx_word' id='word_1_435' title='bbox 1274 5175 1444 5231; x_wconf 83' lang='lat' dir='ltr'><strong>factus</strong></span> <span class='ocrx_word' id='word_1_436' title='bbox 1487 5186 1597 5240; x_wconf 83' lang='lat' dir='ltr'><strong>est;</strong></span> <span class='ocrx_word' id='word_1_437' title='bbox 1625 5176 1692 5231; x_wconf 92' lang='lat' dir='ltr'><strong>de</strong></span> <span class='ocrx_word' id='word_1_438' title='bbox 1722 5191 1827 5246; x_wconf 89' lang='lat' dir='ltr'><strong>quo</strong></span> 
     </span>
    </p>
   </div>
   <div class='ocr_carea' id='block_1_55' title="bbox 235 5265 1828 5336">
    <p class='ocr_par' dir='ltr' id='par_1_55' title="bbox 235 5265 1828 5336">
     <span class='ocr_line' id='line_1_55' title="bbox 235 5265 1828 5336; baseline 0 -17"><span class='ocrx_word' id='word_1_439' title='bbox 235 5266 350 5336; x_wconf 79' lang='lat' dir='ltr'><strong>ejus</strong></span> <span class='ocrx_word' id='word_1_440' title='bbox 377 5266 554 5323; x_wconf 91' lang='lat' dir='ltr'><strong>reditu</strong></span> <span class='ocrx_word' id='word_1_441' title='bbox 585 5267 639 5321; x_wconf 90' lang='lat' dir='ltr'><strong>in</strong></span> <span class='ocrx_word' id='word_1_442' title='bbox 661 5266 931 5321; x_wconf 76' lang='lat' dir='ltr'><strong>Galiheam</strong></span> <span class='ocrx_word' id='word_1_443' title='bbox 974 5267 1087 5336; x_wconf 90' lang='lat' dir='ltr'><strong>ipse</strong></span> <span class='ocrx_word' id='word_1_444' title='bbox 1111 5265 1343 5321; x_wconf 87' lang='lat' dir='ltr'><strong>Joannes</strong></span> <span class='ocrx_word' id='word_1_445' title='bbox 1382 5266 1703 5336; x_wconf 80' lang='lat' dir='ltr'><strong>evangcl&#39;sta</strong></span> <span class='ocrx_word' id='word_1_446' title='bbox 1751 5266 1828 5319; x_wconf 87' lang='lat' dir='ltr'><strong>sic</strong></span> 
     </span>
    </p>
   </div>
   <div class='ocr_carea' id='block_1_56' title="bbox 237 5355 1879 5430">
    <p class='ocr_par' dir='ltr' id='par_1_56' title="bbox 237 5355 1879 5430">
     <span class='ocr_line' id='line_1_56' title="bbox 237 5355 1879 5430; baseline -0.002 -20"><span class='ocrx_word' id='word_1_447' title='bbox 237 5355 470 5429; x_wconf 80' lang='lat' dir='ltr'><strong>loquitur</strong></span> <span class='ocrx_word' id='word_1_448' title='bbox 493 5376 508 5413; x_wconf 90' lang='lat'>:</span> <span class='ocrx_word' id='word_1_449' title='bbox 538 5357 606 5414; x_wconf 87' lang='lat' dir='ltr'><strong>Ut</strong></span> <span class='ocrx_word' id='word_1_450' title='bbox 624 5374 744 5429; x_wconf 85' lang='lat' dir='ltr'><strong>ergo</strong></span> <span class='ocrx_word' id='word_1_451' title='bbox 769 5360 998 5430; x_wconf 80' lang='lat' dir='ltr'><strong>cognouit</strong></span> <span class='ocrx_word' id='word_1_452' title='bbox 1021 5356 1172 5412; x_wconf 86' lang='lat' dir='ltr'><strong>Jesus</strong></span> <span class='ocrx_word' id='word_1_453' title='bbox 1197 5359 1314 5429; x_wconf 86' lang='lat' dir='ltr'><strong>quia</strong></span> <span class='ocrx_word' id='word_1_454' title='bbox 1342 5360 1609 5412; x_wconf 85' lang='lat' dir='ltr'><strong>audierunt</strong></span> <span class='ocrx_word' id='word_1_455' title='bbox 1636 5356 1826 5411; x_wconf 85' lang='lat' dir='ltr'><strong>Phari-</strong></span> <span class='ocrx_word' id='word_1_456' title='bbox 1872 5400 1879 5407; x_wconf 94' lang='lat'><strong>.</strong></span> 
     </span>
    </p>
   </div>
   <div class='ocr_carea' id='block_1_57' title="bbox 238 5447 1829 5519">
    <p class='ocr_par' dir='ltr' id='par_1_57' title="bbox 238 5447 1829 5519">
     <span class='ocr_line' id='line_1_57' title="bbox 238 5447 1829 5519; baseline 0 -17"><span class='ocrx_word' id='word_1_457' title='bbox 238 5448 328 5502; x_wconf 62' lang='lat' dir='ltr'><strong>uti</strong></span> <span class='ocrx_word' id='word_1_458' title='bbox 356 5450 476 5518; x_wconf 85' lang='lat' dir='ltr'><strong>quia</strong></span> <span class='ocrx_word' id='word_1_459' title='bbox 502 5447 655 5503; x_wconf 88' lang='lat' dir='ltr'><strong>Jesus</strong></span> <span class='ocrx_word' id='word_1_460' title='bbox 681 5450 851 5519; x_wconf 86' lang='lat' dir='ltr'><strong>plures</strong></span> <span class='ocrx_word' id='word_1_461' title='bbox 879 5449 1157 5519; x_wconf 86' lang='lat' dir='ltr'><strong>discipulos</strong></span> <span class='ocrx_word' id='word_1_462' title='bbox 1194 5448 1317 5518; x_wconf 77' lang='lat' dir='ltr'><strong>facit</strong></span> <span class='ocrx_word' id='word_1_463' title='bbox 1351 5457 1398 5502; x_wconf 86' lang='lat' dir='ltr'><strong>et</strong></span> <span class='ocrx_word' id='word_1_464' title='bbox 1430 5448 1651 5519; x_wconf 79' lang='lat' dir='ltr'><strong>baptizat</strong></span> <span class='ocrx_word' id='word_1_465' title='bbox 1677 5465 1829 5519; x_wconf 85' lang='lat' dir='ltr'><strong>quam</strong></span> 
     </span>
    </p>
   </div>
   <div class='ocr_carea' id='block_1_58' title="bbox 240 5535 1828 5609">
    <p class='ocr_par' dir='ltr' id='par_1_58' title="bbox 240 5535 1828 5609">
     <span class='ocr_line' id='line_1_58' title="bbox 240 5535 1828 5609; baseline 0.003 -20"><span class='ocrx_word' id='word_1_466' title='bbox 240 5535 466 5591; x_wconf 84' lang='lat' dir='ltr'><strong>Joannes</strong></span> <span class='ocrx_word' id='word_1_467' title='bbox 496 5536 819 5609; x_wconf 81' lang='lat' dir='ltr'><strong>(quanquam</strong></span> <span class='ocrx_word' id='word_1_468' title='bbox 842 5538 992 5594; x_wconf 86' lang='lat' dir='ltr'><strong>Jesus</strong></span> <span class='ocrx_word' id='word_1_469' title='bbox 1022 5555 1122 5594; x_wconf 86' lang='lat' dir='ltr'><strong>non</strong></span> <span class='ocrx_word' id='word_1_470' title='bbox 1147 5538 1443 5607; x_wconf 74' lang='lat' dir='ltr'><strong>baptisaret,</strong></span> <span class='ocrx_word' id='word_1_471' title='bbox 1478 5538 1567 5592; x_wconf 88' lang='lat' dir='ltr'><strong>sed</strong></span> <span class='ocrx_word' id='word_1_472' title='bbox 1594 5537 1828 5609; x_wconf 85' lang='lat' dir='ltr'><strong>discipuli</strong></span> 
     </span>
    </p>
   </div>
   <div class='ocr_carea' id='block_1_59' title="bbox 239 5626 1829 5697">
    <p class='ocr_par' dir='ltr' id='par_1_59' title="bbox 239 5626 1829 5697">
     <span class='ocr_line' id='line_1_59' title="bbox 239 5626 1829 5697; baseline 0.003 -17"><span class='ocrx_word' id='word_1_473' title='bbox 239 5627 353 5697; x_wconf 76' lang='lat' dir='ltr'><strong>eius</strong></span> <span class='ocrx_word' id='word_1_474' title='bbox 378 5626 417 5696; x_wconf 95' lang='lat'><strong>),</strong></span> <span class='ocrx_word' id='word_1_475' title='bbox 459 5628 662 5697; x_wconf 86' lang='lat' dir='ltr'><strong>reliquit</strong></span> <span class='ocrx_word' id='word_1_476' title='bbox 688 5627 955 5695; x_wconf 64' lang='lat' dir='ltr'><strong>Indicam,</strong></span> <span class='ocrx_word' id='word_1_477' title='bbox 994 5640 1043 5685; x_wconf 90' lang='lat' dir='ltr'><strong>et</strong></span> <span class='ocrx_word' id='word_1_478' title='bbox 1087 5629 1209 5683; x_wconf 90' lang='lat' dir='ltr'><strong>abiit</strong></span> <span class='ocrx_word' id='word_1_479' title='bbox 1247 5630 1426 5683; x_wconf 87' lang='lat' dir='ltr'><strong>iterum</strong></span> <span class='ocrx_word' id='word_1_480' title='bbox 1470 5629 1523 5683; x_wconf 89' lang='lat' dir='ltr'><strong>in</strong></span> <span class='ocrx_word' id='word_1_481' title='bbox 1563 5628 1829 5685; x_wconf 75' lang='lat' dir='ltr'><strong>Galilteam</strong></span> 
     </span>
    </p>
   </div>
   <div class='ocr_carea' id='block_1_60' title="bbox 242 5714 1824 5793">
    <p class='ocr_par' dir='ltr' id='par_1_60' title="bbox 242 5714 1824 5793">
     <span class='ocr_line' id='line_1_60' title="bbox 242 5714 1824 5793; baseline 0.004 -21"><span class='ocrx_word' id='word_1_482' title='bbox 242 5714 421 5789; x_wconf 82' lang='lat' dir='ltr'><strong>(Joau.</strong></span> <span class='ocrx_word' id='word_1_483' title='bbox 450 5733 525 5784; x_wconf 85' lang='lat' dir='ltr'><strong>tv,</strong></span> <span class='ocrx_word' id='word_1_484' title='bbox 554 5718 694 5787; x_wconf 87' lang='grc'><strong>1-5).</strong></span> <span class='ocrx_word' id='word_1_485' title='bbox 742 5718 891 5775; x_wconf 91' lang='lat' dir='ltr'><strong>Tunc</strong></span> <span class='ocrx_word' id='word_1_486' title='bbox 939 5735 1067 5791; x_wconf 88' lang='lat' dir='ltr'><strong>ergo</strong></span> <span class='ocrx_word' id='word_1_487' title='bbox 1118 5720 1461 5793; x_wconf 89' lang='lat' dir='ltr'><strong>intelligimus</strong></span> <span class='ocrx_word' id='word_1_488' title='bbox 1506 5721 1612 5791; x_wconf 87' lang='lat' dir='ltr'><strong>jam</strong></span> <span class='ocrx_word' id='word_1_489' title='bbox 1664 5722 1824 5779; x_wconf 83' lang='lat' dir='ltr'><strong>fuisse</strong></span> 
     </span>
    </p>
   </div>
   <div class='ocr_carea' id='block_1_61' title="bbox 477 5811 1159 5898">
    <p class='ocr_par' dir='ltr' id='par_1_61' title="bbox 477 5811 1159 5898">
     <span class='ocr_line' id='line_1_61' title="bbox 477 5811 1159 5898; baseline -0.003 -26"><span class='ocrx_word' id='word_1_490' title='bbox 477 5811 702 5898; x_wconf 58' lang='lat' dir='ltr'><strong>Silver.</strong></span> <span class='ocrx_word' id='word_1_491' title='bbox 743 5813 1017 5873; x_wconf 73' lang='lat' dir='ltr'><strong>Accusr.</strong></span> <span class='ocrx_word' id='word_1_492' title='bbox 1054 5813 1159 5873; x_wconf 89' lang='lat' dir='ltr'><strong>III.</strong></span> 
     </span>
    </p>
   </div>
   <div class='ocr_carea' id='block_1_62' title="bbox 1492 299 2109 361">
    <p class='ocr_par' dir='ltr' id='par_1_62' title="bbox 1492 299 2109 361">
     <span class='ocr_line' id='line_1_62' title="bbox 1492 299 2109 361; baseline -0.003 0"><span class='ocrx_word' id='word_1_493' title='bbox 1492 303 1697 361; x_wconf 83' lang='lat' dir='ltr'><strong>LIBER</strong></span> <span class='ocrx_word' id='word_1_494' title='bbox 1733 299 2109 361; x_wconf 83' lang='lat' dir='ltr'><strong>SECUNDUS.</strong></span> 
     </span>
    </p>
   </div>
   <div class='ocr_carea' id='block_1_63' title="bbox 3348 312 3487 371">
    <p class='ocr_par' dir='ltr' id='par_1_63' title="bbox 3348 312 3487 371">
     <span class='ocr_line' id='line_1_63' title="bbox 3348 312 3487 371; baseline 0.014 -2"><span class='ocrx_word' id='word_1_495' title='bbox 3348 312 3487 371; x_wconf 81' lang='grc'><strong>1098</strong></span> 
     </span>
    </p>
   </div>
   <div class='ocr_carea' id='block_1_64' title="bbox 1904 419 3483 504">
    <p class='ocr_par' dir='ltr' id='par_1_64' title="bbox 1904 419 3483 504">
     <span class='ocr_line' id='line_1_64' title="bbox 1904 419 3483 504; baseline 0.013 -31"><span class='ocrx_word' id='word_1_496' title='bbox 1904 419 2151 474; x_wconf 89' lang='lat' dir='ltr'><strong>traditum</strong></span> <span class='ocrx_word' id='word_1_497' title='bbox 2180 420 2459 487; x_wconf 89' lang='lat' dir='ltr'><strong>Joannem,</strong></span> <span class='ocrx_word' id='word_1_498' title='bbox 2487 424 2699 480; x_wconf 66' lang='lat' dir='ltr'><strong>Judazos</strong></span> <span class='ocrx_word' id='word_1_499' title='bbox 2731 440 2860 483; x_wconf 84' lang='lat' dir='ltr'><strong>vero</strong></span> <span class='ocrx_word' id='word_1_500' title='bbox 2888 429 3100 485; x_wconf 88' lang='lat' dir='ltr'><strong>audisse</strong></span> <span class='ocrx_word' id='word_1_501' title='bbox 3130 433 3267 501; x_wconf 89' lang='lat' dir='ltr'><strong>quod</strong></span> <span class='ocrx_word' id='word_1_502' title='bbox 3299 435 3483 504; x_wconf 89' lang='lat' dir='ltr'><strong>plures</strong></span> 
     </span>
    </p>
   </div>
   <div class='ocr_carea' id='block_1_65' title="bbox 1900 510 3483 591">
    <p class='ocr_par' dir='ltr' id='par_1_65' title="bbox 1900 510 3483 591">
     <span class='ocr_line' id='line_1_65' title="bbox 1900 510 3483 591; baseline 0.013 -25"><span class='ocrx_word' id='word_1_503' title='bbox 1900 510 2189 581; x_wconf 85' lang='lat' dir='ltr'><strong>discipulos</strong></span> <span class='ocrx_word' id='word_1_504' title='bbox 2228 511 2427 569; x_wconf 80' lang='lat' dir='ltr'><strong>faceret</strong></span> <span class='ocrx_word' id='word_1_505' title='bbox 2465 524 2520 570; x_wconf 90' lang='lat' dir='ltr'><strong>et</strong></span> <span class='ocrx_word' id='word_1_506' title='bbox 2559 516 2870 588; x_wconf 86' lang='lat' dir='ltr'><strong>baptizaret,</strong></span> <span class='ocrx_word' id='word_1_507' title='bbox 2898 538 3054 591; x_wconf 91' lang='lat' dir='ltr'><strong>quam</strong></span> <span class='ocrx_word' id='word_1_508' title='bbox 3086 522 3283 581; x_wconf 85' lang='lat' dir='ltr'><strong>fecerat</strong></span> <span class='ocrx_word' id='word_1_509' title='bbox 3308 539 3361 583; x_wconf 94' lang='lat' dir='ltr'><strong>et</strong></span> <span class='ocrx_word' id='word_1_510' title='bbox 3390 532 3483 585; x_wconf 89' lang='lat' dir='ltr'><strong>ba—</strong></span> 
     </span>
    </p>
   </div>
   <div class='ocr_carea' id='block_1_66' title="bbox 1900 601 2463 670">
    <p class='ocr_par' dir='ltr' id='par_1_66' title="bbox 1900 601 2463 670">
     <span class='ocr_line' id='line_1_66' title="bbox 1900 601 2463 670; baseline 0.009 -17"><span class='ocrx_word' id='word_1_511' title='bbox 1900 601 2189 670; x_wconf 84' lang='lat' dir='ltr'><strong>ptizaverat</strong></span> <span class='ocrx_word' id='word_1_512' title='bbox 2213 603 2463 661; x_wconf 88' lang='lat' dir='ltr'><strong>Joannes.</strong></span> 
     </span>
    </p>
   </div>
   <div class='ocr_carea' id='block_1_67' title="bbox 1902 688 3481 778">
    <p class='ocr_par' dir='ltr' id='par_1_67' title="bbox 1902 688 3481 778">
     <span class='ocr_line' id='line_1_67' title="bbox 1902 688 3481 778; baseline 0.015 -32"><span class='ocrx_word' id='word_1_513' title='bbox 1902 688 2126 748; x_wconf 84' lang='lat' dir='ltr'><strong>CAPUT</strong></span> <span class='ocrx_word' id='word_1_514' title='bbox 2164 692 2306 749; x_wconf 81' lang='lat' dir='ltr'><strong>XIX.</strong></span> <span class='ocrx_word' id='word_1_515' title='bbox 2333 725 2408 735; x_wconf 95' lang='lat'><strong>—</strong></span> <span class='ocrx_word' id='word_1_516' title='bbox 2431 695 2508 750; x_wconf 89' lang='lat' dir='ltr'><strong>De</strong></span> <span class='ocrx_word' id='word_1_517' title='bbox 2534 698 2624 752; x_wconf 91' lang='lat' dir='ltr'><strong>illo</strong></span> <span class='ocrx_word' id='word_1_518' title='bbox 2656 716 2882 755; x_wconf 87' lang='lat' dir='ltr'><strong>sermone</strong></span> <span class='ocrx_word' id='word_1_519' title='bbox 2908 705 3107 773; x_wconf 70' lang='lat' dir='ltr'><strong>prolixo</strong></span> <span class='ocrx_word' id='word_1_520' title='bbox 3127 724 3274 778; x_wconf 89' lang='lat' dir='ltr'><strong>quem</strong></span> <span class='ocrx_word' id='word_1_521' title='bbox 3302 730 3481 769; x_wconf 80' lang='lat' dir='ltr'><strong>secun-</strong></span> 
     </span>
    </p>
   </div>
   <div class='ocr_carea' id='block_1_68' title="bbox 2223 784 3161 851">
    <p class='ocr_par' dir='ltr' id='par_1_68' title="bbox 2223 784 3161 851">
     <span class='ocr_line' id='line_1_68' title="bbox 2223 784 3161 851; baseline 0.016 -14"><span class='ocrx_word' id='word_1_522' title='bbox 2223 784 2344 838; x_wconf 89' lang='lat' dir='ltr'><strong>dum</strong></span> <span class='ocrx_word' id='word_1_523' title='bbox 2370 785 2670 843; x_wconf 74' lang='lat' dir='ltr'><strong>Hatthteum</strong></span> <span class='ocrx_word' id='word_1_524' title='bbox 2698 793 2871 847; x_wconf 81' lang='lat' dir='ltr'><strong>habuit</strong></span> <span class='ocrx_word' id='word_1_525' title='bbox 2901 795 2952 848; x_wconf 91' lang='lat' dir='ltr'><strong>in</strong></span> <span class='ocrx_word' id='word_1_526' title='bbox 2978 808 3161 851; x_wconf 88' lang='lat' dir='ltr'><strong>monte.</strong></span> 
     </span>
    </p>
   </div>
   <div class='ocr_carea' id='block_1_69' title="bbox 1974 874 3485 964">
    <p class='ocr_par' dir='ltr' id='par_1_69' title="bbox 1974 874 3485 964">
     <span class='ocr_line' id='line_1_69' title="bbox 1974 874 3485 964; baseline 0.016 -35"><span class='ocrx_word' id='word_1_527' title='bbox 1974 874 2064 930; x_wconf 70' lang='grc'><strong>45.</strong></span> <span class='ocrx_word' id='word_1_528' title='bbox 2107 875 2223 931; x_wconf 90' lang='lat' dir='ltr'><strong>Jam</strong></span> <span class='ocrx_word' id='word_1_529' title='bbox 2252 893 2393 933; x_wconf 91' lang='lat' dir='ltr'><strong>nunc</strong></span> <span class='ocrx_word' id='word_1_530' title='bbox 2428 879 2495 935; x_wconf 91' lang='lat' dir='ltr'><strong>de</strong></span> <span class='ocrx_word' id='word_1_531' title='bbox 2537 881 2629 936; x_wconf 91' lang='lat' dir='ltr'><strong>illo</strong></span> <span class='ocrx_word' id='word_1_532' title='bbox 2672 898 2919 941; x_wconf 88' lang='lat' dir='ltr'><strong>sermone</strong></span> <span class='ocrx_word' id='word_1_533' title='bbox 2958 890 3180 958; x_wconf 87' lang='lat' dir='ltr'><strong>prolixo.</strong></span> <span class='ocrx_word' id='word_1_534' title='bbox 3213 910 3367 964; x_wconf 87' lang='lat' dir='ltr'><strong>quem</strong></span> <span class='ocrx_word' id='word_1_535' title='bbox 3405 912 3485 953; x_wconf 90' lang='lat' dir='ltr'><strong>se-</strong></span> 
     </span>
    </p>
   </div>
   <div class='ocr_carea' id='block_1_70' title="bbox 1906 967 3489 1050">
    <p class='ocr_par' dir='ltr' id='par_1_70' title="bbox 1906 967 3489 1050">
     <span class='ocr_line' id='line_1_70' title="bbox 1906 967 3489 1050; baseline 0.015 -29"><span class='ocrx_word' id='word_1_536' title='bbox 1906 967 2137 1023; x_wconf 93' lang='lat' dir='ltr'><strong>cundum</strong></span> <span class='ocrx_word' id='word_1_537' title='bbox 2166 969 2470 1026; x_wconf 69' lang='lat' dir='ltr'><strong>Matthaaum</strong></span> <span class='ocrx_word' id='word_1_538' title='bbox 2498 973 2549 1027; x_wconf 91' lang='lat' dir='ltr'><strong>in</strong></span> <span class='ocrx_word' id='word_1_539' title='bbox 2580 984 2761 1030; x_wconf 90' lang='lat' dir='ltr'><strong>monte</strong></span> <span class='ocrx_word' id='word_1_540' title='bbox 2792 978 2971 1033; x_wconf 89' lang='lat' dir='ltr'><strong>habuit</strong></span> <span class='ocrx_word' id='word_1_541' title='bbox 2998 983 3268 1050; x_wconf 84' lang='lat' dir='ltr'><strong>Dominus,</strong></span> <span class='ocrx_word' id='word_1_542' title='bbox 3305 989 3489 1044; x_wconf 84' lang='lat' dir='ltr'><strong>videa-</strong></span> 
     </span>
    </p>
   </div>
   <div class='ocr_carea' id='block_1_71' title="bbox 1906 1062 3492 1136">
    <p class='ocr_par' dir='ltr' id='par_1_71' title="bbox 1906 1062 3492 1136">
     <span class='ocr_line' id='line_1_71' title="bbox 1906 1062 3492 1136; baseline 0.013 -24"><span class='ocrx_word' id='word_1_543' title='bbox 1906 1073 2025 1113; x_wconf 90' lang='lat' dir='ltr'><strong>mus</strong></span> <span class='ocrx_word' id='word_1_544' title='bbox 2053 1067 2226 1114; x_wconf 86' lang='lat' dir='ltr'><strong>utrum</strong></span> <span class='ocrx_word' id='word_1_545' title='bbox 2266 1062 2317 1116; x_wconf 88' lang='lat' dir='ltr'><strong>ei</strong></span> <span class='ocrx_word' id='word_1_546' title='bbox 2358 1064 2537 1119; x_wconf 64' lang='lat' dir='ltr'><strong>caeteri</strong></span> <span class='ocrx_word' id='word_1_547' title='bbox 2567 1064 2916 1136; x_wconf 63' lang='lat' dir='ltr'><strong>Evangelistre</strong></span> <span class='ocrx_word' id='word_1_548' title='bbox 2948 1072 3076 1126; x_wconf 90' lang='lat' dir='ltr'><strong>nihil</strong></span> <span class='ocrx_word' id='word_1_549' title='bbox 3114 1075 3381 1131; x_wconf 76' lang='lat' dir='ltr'><strong>adversari</strong></span> <span class='ocrx_word' id='word_1_550' title='bbox 3414 1080 3492 1133; x_wconf 86' lang='lat' dir='ltr'><strong>vi—</strong></span> 
     </span>
    </p>
   </div>
   <div class='ocr_carea' id='block_1_72' title="bbox 1908 1147 3491 1226">
    <p class='ocr_par' dir='ltr' id='par_1_72' title="bbox 1908 1147 3491 1226">
     <span class='ocr_line' id='line_1_72' title="bbox 1908 1147 3491 1226; baseline 0.015 -24"><span class='ocrx_word' id='word_1_551' title='bbox 1908 1147 2153 1204; x_wconf 90' lang='lat' dir='ltr'><strong>deantur.</strong></span> <span class='ocrx_word' id='word_1_552' title='bbox 2206 1151 2413 1208; x_wconf 86' lang='lat' dir='ltr'><strong>Marcus</strong></span> <span class='ocrx_word' id='word_1_553' title='bbox 2463 1156 2657 1225; x_wconf 89' lang='lat' dir='ltr'><strong>quippe</strong></span> <span class='ocrx_word' id='word_1_554' title='bbox 2710 1174 2817 1213; x_wconf 92' lang='lat' dir='ltr'><strong>non</strong></span> <span class='ocrx_word' id='word_1_555' title='bbox 2866 1175 2989 1215; x_wconf 91' lang='lat' dir='ltr'><strong>eum</strong></span> <span class='ocrx_word' id='word_1_556' title='bbox 3055 1172 3491 1226; x_wconf 86' lang='lat' dir='ltr'><strong>commemoravit</strong></span> 
     </span>
    </p>
   </div>
   <div class='ocr_carea' id='block_1_73' title="bbox 1907 1242 3488 1330">
    <p class='ocr_par' dir='ltr' id='par_1_73' title="bbox 1907 1242 3488 1330">
     <span class='ocr_line' id='line_1_73' title="bbox 1907 1242 3488 1330; baseline 0.015 -35"><span class='ocrx_word' id='word_1_557' title='bbox 1907 1242 2146 1307; x_wconf 90' lang='lat' dir='ltr'><strong>omnino,</strong></span> <span class='ocrx_word' id='word_1_558' title='bbox 2174 1258 2275 1299; x_wconf 92' lang='lat' dir='ltr'><strong>nec</strong></span> <span class='ocrx_word' id='word_1_559' title='bbox 2300 1244 2509 1315; x_wconf 86' lang='lat' dir='ltr'><strong>aliquid</strong></span> <span class='ocrx_word' id='word_1_560' title='bbox 2539 1247 2654 1318; x_wconf 91' lang='lat' dir='ltr'><strong>ejus</strong></span> <span class='ocrx_word' id='word_1_561' title='bbox 2696 1251 2870 1308; x_wconf 91' lang='lat' dir='ltr'><strong>simile</strong></span> <span class='ocrx_word' id='word_1_562' title='bbox 2911 1254 3062 1321; x_wconf 82' lang='lat' dir='ltr'><strong>dixit,</strong></span> <span class='ocrx_word' id='word_1_563' title='bbox 3095 1260 3194 1313; x_wconf 90' lang='lat' dir='ltr'><strong>nisi</strong></span> <span class='ocrx_word' id='word_1_564' title='bbox 3234 1264 3488 1330; x_wconf 88' lang='lat' dir='ltr'><strong>quasdam</strong></span> 
     </span>
    </p>
   </div>
   <div class='ocr_carea' id='block_1_74' title="bbox 1909 1334 3490 1420">
    <p class='ocr_par' dir='ltr' id='par_1_74' title="bbox 1909 1334 3490 1420">
     <span class='ocr_line' id='line_1_74' title="bbox 1909 1334 3490 1420; baseline 0.015 -33"><span class='ocrx_word' id='word_1_565' title='bbox 1909 1334 2219 1401; x_wconf 87' lang='lat' dir='ltr'><strong>sententias,</strong></span> <span class='ocrx_word' id='word_1_566' title='bbox 2257 1351 2362 1391; x_wconf 92' lang='lat' dir='ltr'><strong>non</strong></span> <span class='ocrx_word' id='word_1_567' title='bbox 2406 1342 2715 1409; x_wconf 87' lang='lat' dir='ltr'><strong>contextim,</strong></span> <span class='ocrx_word' id='word_1_568' title='bbox 2744 1344 2835 1396; x_wconf 84' lang='lat' dir='ltr'><strong>sed</strong></span> <span class='ocrx_word' id='word_1_569' title='bbox 2866 1349 3112 1415; x_wconf 84' lang='lat' dir='ltr'><strong>sparsim,</strong></span> <span class='ocrx_word' id='word_1_570' title='bbox 3146 1366 3276 1420; x_wconf 85' lang='lat' dir='ltr'><strong>quas</strong></span> <span class='ocrx_word' id='word_1_571' title='bbox 3310 1354 3490 1409; x_wconf 91' lang='lat' dir='ltr'><strong>Domi-</strong></span> 
     </span>
    </p>
   </div>
   <div class='ocr_carea' id='block_1_75' title="bbox 1909 1426 3491 1504">
    <p class='ocr_par' dir='ltr' id='par_1_75' title="bbox 1909 1426 3491 1504">
     <span class='ocr_line' id='line_1_75' title="bbox 1909 1426 3491 1504; baseline 0.014 -26"><span class='ocrx_word' id='word_1_572' title='bbox 1909 1439 2010 1480; x_wconf 93' lang='lat' dir='ltr'><strong>nus</strong></span> <span class='ocrx_word' id='word_1_573' title='bbox 2056 1426 2186 1481; x_wconf 92' lang='lat' dir='ltr'><strong>locis</strong></span> <span class='ocrx_word' id='word_1_574' title='bbox 2232 1428 2352 1483; x_wconf 91' lang='lat' dir='ltr'><strong>aliis</strong></span> <span class='ocrx_word' id='word_1_575' title='bbox 2397 1430 2659 1499; x_wconf 85' lang='lat' dir='ltr'><strong>repetivit.</strong></span> <span class='ocrx_word' id='word_1_576' title='bbox 2710 1433 2939 1504; x_wconf 78' lang='lat' dir='ltr'><strong>Reliquit</strong></span> <span class='ocrx_word' id='word_1_577' title='bbox 2991 1446 3166 1494; x_wconf 88' lang='lat' dir='ltr'><strong>tamen</strong></span> <span class='ocrx_word' id='word_1_578' title='bbox 3214 1443 3386 1497; x_wconf 85' lang='lat' dir='ltr'><strong>locum</strong></span> <span class='ocrx_word' id='word_1_579' title='bbox 3436 1447 3491 1500; x_wconf 91' lang='lat' dir='ltr'><strong>in</strong></span> 
     </span>
    </p>
   </div>
   <div class='ocr_carea' id='block_1_76' title="bbox 1912 1519 3491 1597">
    <p class='ocr_par' dir='ltr' id='par_1_76' title="bbox 1912 1519 3491 1597">
     <span class='ocr_line' id='line_1_76' title="bbox 1912 1519 3491 1597; baseline 0.015 -29"><span class='ocrx_word' id='word_1_580' title='bbox 1912 1523 2059 1570; x_wconf 79' lang='lat' dir='ltr'><strong>textu</strong></span> <span class='ocrx_word' id='word_1_581' title='bbox 2090 1519 2407 1574; x_wconf 88' lang='lat' dir='ltr'><strong>narrationis</strong></span> <span class='ocrx_word' id='word_1_582' title='bbox 2436 1537 2565 1584; x_wconf 71' lang='lat' dir='ltr'><strong>suae,</strong></span> <span class='ocrx_word' id='word_1_583' title='bbox 2600 1522 2687 1575; x_wconf 92' lang='lat' dir='ltr'><strong>ubi</strong></span> <span class='ocrx_word' id='word_1_584' title='bbox 2728 1525 3081 1597; x_wconf 83' lang='lat' dir='ltr'><strong>intelligamus</strong></span> <span class='ocrx_word' id='word_1_585' title='bbox 3122 1531 3260 1586; x_wconf 88' lang='lat' dir='ltr'><strong>hunc</strong></span> <span class='ocrx_word' id='word_1_586' title='bbox 3294 1534 3491 1590; x_wconf 88' lang='lat' dir='ltr'><strong>dictum</strong></span> 
     </span>
    </p>
   </div>
   <div class='ocr_carea' id='block_1_77' title="bbox 1909 1613 3490 1697">
    <p class='ocr_par' dir='ltr' id='par_1_77' title="bbox 1909 1613 3490 1697">
     <span class='ocr_line' id='line_1_77' title="bbox 1909 1613 3490 1697; baseline 0.013 -34"><span class='ocrx_word' id='word_1_587' title='bbox 1909 1622 2032 1663; x_wconf 90' lang='lat' dir='ltr'><strong>esse</strong></span> <span class='ocrx_word' id='word_1_588' title='bbox 2059 1624 2395 1676; x_wconf 89' lang='lat' dir='ltr'><strong>sermonem,</strong></span> <span class='ocrx_word' id='word_1_589' title='bbox 2430 1613 2524 1668; x_wconf 90' lang='lat' dir='ltr'><strong>sed</strong></span> <span class='ocrx_word' id='word_1_590' title='bbox 2567 1615 2635 1669; x_wconf 91' lang='lat' dir='ltr'><strong>ab</strong></span> <span class='ocrx_word' id='word_1_591' title='bbox 2673 1631 2736 1670; x_wconf 91' lang='lat' dir='ltr'><strong>eo</strong></span> <span class='ocrx_word' id='word_1_592' title='bbox 2775 1622 3187 1685; x_wconf 79' lang='lat' dir='ltr'><strong>praetermissum</strong></span> <span class='ocrx_word' id='word_1_593' title='bbox 3226 1645 3238 1679; x_wconf 91' lang='lat'>:</span> <span class='ocrx_word' id='word_1_594' title='bbox 3273 1627 3337 1679; x_wconf 85' lang='lat' dir='ltr'><strong>Et</strong></span> <span class='ocrx_word' id='word_1_595' title='bbox 3362 1639 3490 1697; x_wconf 82' lang='lat' dir='ltr'><strong>erat,</strong></span> 
     </span>
    </p>
   </div>
   <div class='ocr_carea' id='block_1_78' title="bbox 1910 1698 3489 1785">
    <p class='ocr_par' dir='ltr' id='par_1_78' title="bbox 1910 1698 3489 1785">
     <span class='ocr_line' id='line_1_78' title="bbox 1910 1698 3489 1785; baseline 0.012 -31"><span class='ocrx_word' id='word_1_596' title='bbox 1910 1698 2097 1769; x_wconf 83' lang='lat' dir='ltr'><strong>inquit,</strong></span> <span class='ocrx_word' id='word_1_597' title='bbox 2130 1702 2410 1768; x_wconf 78' lang='lat' dir='ltr'><strong>prtedicans</strong></span> <span class='ocrx_word' id='word_1_598' title='bbox 2438 1703 2492 1757; x_wconf 89' lang='lat' dir='ltr'><strong>in</strong></span> <span class='ocrx_word' id='word_1_599' title='bbox 2515 1707 2785 1777; x_wconf 84' lang='lat' dir='ltr'><strong>synagogis</strong></span> <span class='ocrx_word' id='word_1_600' title='bbox 2811 1724 2999 1776; x_wconf 87' lang='lat' dir='ltr'><strong>eorum,</strong></span> <span class='ocrx_word' id='word_1_601' title='bbox 3025 1722 3072 1764; x_wconf 85' lang='lat' dir='ltr'><strong>et</strong></span> <span class='ocrx_word' id='word_1_602' title='bbox 3099 1717 3233 1767; x_wconf 87' lang='lat' dir='ltr'><strong>omni</strong></span> <span class='ocrx_word' id='word_1_603' title='bbox 3256 1716 3489 1785; x_wconf 66' lang='lat' dir='ltr'><strong>Galilata,</strong></span> 
     </span>
    </p>
   </div>
   <div class='ocr_carea' id='block_1_79' title="bbox 1911 1792 3498 1876">
    <p class='ocr_par' dir='ltr' id='par_1_79' title="bbox 1911 1792 3498 1876">
     <span class='ocr_line' id='line_1_79' title="bbox 1911 1792 3498 1876; baseline 0.014 -32"><span class='ocrx_word' id='word_1_604' title='bbox 1911 1799 1961 1845; x_wconf 89' lang='lat' dir='ltr'><strong>et</strong></span> <span class='ocrx_word' id='word_1_605' title='bbox 2001 1792 2252 1847; x_wconf 63' lang='lat' dir='ltr'><strong>daemonia</strong></span> <span class='ocrx_word' id='word_1_606' title='bbox 2293 1794 2515 1864; x_wconf 89' lang='lat' dir='ltr'><strong>ejiciens.</strong></span> <span class='ocrx_word' id='word_1_607' title='bbox 2546 1794 2603 1850; x_wconf 95' lang='lat' dir='ltr'><strong>In</strong></span> <span class='ocrx_word' id='word_1_608' title='bbox 2629 1796 2725 1852; x_wconf 90' lang='lat' dir='ltr'><strong>hac</strong></span> <span class='ocrx_word' id='word_1_609' title='bbox 2752 1801 3125 1867; x_wconf 63' lang='lat' dir='ltr'><strong>praedicatione</strong></span> <span class='ocrx_word' id='word_1_610' title='bbox 3168 1823 3325 1876; x_wconf 87' lang='lat' dir='ltr'><strong>quam</strong></span> <span class='ocrx_word' id='word_1_611' title='bbox 3369 1810 3498 1866; x_wconf 89' lang='lat' dir='ltr'><strong>dicit</strong></span> 
     </span>
    </p>
   </div>
   <div class='ocr_carea' id='block_1_80' title="bbox 1912 1883 3493 1967">
    <p class='ocr_par' dir='ltr' id='par_1_80' title="bbox 1912 1883 3493 1967">
     <span class='ocr_line' id='line_1_80' title="bbox 1912 1883 3493 1967; baseline 0.013 -29"><span class='ocrx_word' id='word_1_612' title='bbox 1912 1897 2036 1939; x_wconf 89' lang='lat' dir='ltr'><strong>eum</strong></span> <span class='ocrx_word' id='word_1_613' title='bbox 2085 1883 2337 1940; x_wconf 85' lang='lat' dir='ltr'><strong>habuisse</strong></span> <span class='ocrx_word' id='word_1_614' title='bbox 2386 1886 2439 1941; x_wconf 90' lang='lat' dir='ltr'><strong>in</strong></span> <span class='ocrx_word' id='word_1_615' title='bbox 2487 1890 2630 1944; x_wconf 92' lang='lat' dir='ltr'><strong>omni</strong></span> <span class='ocrx_word' id='word_1_616' title='bbox 2674 1889 2921 1960; x_wconf 68' lang='lat' dir='ltr'><strong>Galilma,</strong></span> <span class='ocrx_word' id='word_1_617' title='bbox 2972 1896 3281 1967; x_wconf 72' lang='lat' dir='ltr'><strong>intelligitur</strong></span> <span class='ocrx_word' id='word_1_618' title='bbox 3334 1902 3493 1958; x_wconf 88' lang='lat' dir='ltr'><strong>etiam</strong></span> 
     </span>
    </p>
   </div>
   <div class='ocr_carea' id='block_1_81' title="bbox 1912 1978 3495 2053">
    <p class='ocr_par' dir='ltr' id='par_1_81' title="bbox 1912 1978 3495 2053">
     <span class='ocr_line' id='line_1_81' title="bbox 1912 1978 3495 2053; baseline 0.013 -23"><span class='ocrx_word' id='word_1_619' title='bbox 1912 1992 2092 2032; x_wconf 89' lang='lat' dir='ltr'><strong>sermo</strong></span> <span class='ocrx_word' id='word_1_620' title='bbox 2116 1978 2216 2033; x_wconf 91' lang='lat' dir='ltr'><strong>iste</strong></span> <span class='ocrx_word' id='word_1_621' title='bbox 2238 1978 2449 2034; x_wconf 87' lang='lat' dir='ltr'><strong>habitus</strong></span> <span class='ocrx_word' id='word_1_622' title='bbox 2468 1979 2520 2035; x_wconf 93' lang='lat' dir='ltr'><strong>in</strong></span> <span class='ocrx_word' id='word_1_623' title='bbox 2542 1993 2743 2049; x_wconf 89' lang='lat' dir='ltr'><strong>monte,</strong></span> <span class='ocrx_word' id='word_1_624' title='bbox 2768 1986 2917 2053; x_wconf 90' lang='lat' dir='ltr'><strong>cujus</strong></span> <span class='ocrx_word' id='word_1_625' title='bbox 2936 1995 3495 2050; x_wconf 84' lang='lat' dir='ltr'><strong>commemorationem</strong></span> 
     </span>
    </p>
   </div>
   <div class='ocr_carea' id='block_1_82' title="bbox 1912 2066 3498 2151">
    <p class='ocr_par' dir='ltr' id='par_1_82' title="bbox 1912 2066 3498 2151">
     <span class='ocr_line' id='line_1_82' title="bbox 1912 2066 3498 2151; baseline 0.013 -29"><span class='ocrx_word' id='word_1_626' title='bbox 1912 2066 2041 2123; x_wconf 89' lang='lat' dir='ltr'><strong>facit</strong></span> <span class='ocrx_word' id='word_1_627' title='bbox 2063 2067 2361 2125; x_wconf 75' lang='lat' dir='ltr'><strong>Mattbmus.</strong></span> <span class='ocrx_word' id='word_1_628' title='bbox 2386 2070 2624 2141; x_wconf 84' lang='lat' dir='ltr'><strong>Namque</strong></span> <span class='ocrx_word' id='word_1_629' title='bbox 2655 2074 2793 2128; x_wconf 90' lang='lat' dir='ltr'><strong>idem</strong></span> <span class='ocrx_word' id='word_1_630' title='bbox 2822 2076 3027 2133; x_wconf 85' lang='lat' dir='ltr'><strong>Marcus</strong></span> <span class='ocrx_word' id='word_1_631' title='bbox 3054 2080 3122 2134; x_wconf 84' lang='lat' dir='ltr'><strong>ita</strong></span> <span class='ocrx_word' id='word_1_632' title='bbox 3148 2086 3403 2151; x_wconf 82' lang='lat' dir='ltr'><strong>sequitur,</strong></span> <span class='ocrx_word' id='word_1_633' title='bbox 3430 2087 3498 2142; x_wconf 87' lang='lat' dir='ltr'><strong>Et</strong></span> 
     </span>
    </p>
   </div>
   <div class='ocr_carea' id='block_1_83' title="bbox 1912 2160 3497 2242">
    <p class='ocr_par' dir='ltr' id='par_1_83' title="bbox 1912 2160 3497 2242">
     <span class='ocr_line' id='line_1_83' title="bbox 1912 2160 3497 2242; baseline 0.012 -29"><span class='ocrx_word' id='word_1_634' title='bbox 1912 2160 2047 2213; x_wconf 81' lang='lat' dir='ltr'><strong>venit</strong></span> <span class='ocrx_word' id='word_1_635' title='bbox 2069 2161 2136 2213; x_wconf 90' lang='lat' dir='ltr'><strong>ad</strong></span> <span class='ocrx_word' id='word_1_636' title='bbox 2154 2176 2265 2215; x_wconf 89' lang='lat' dir='ltr'><strong>eum</strong></span> <span class='ocrx_word' id='word_1_637' title='bbox 2288 2160 2511 2232; x_wconf 87' lang='lat' dir='ltr'><strong>leprosus</strong></span> <span class='ocrx_word' id='word_1_638' title='bbox 2533 2163 2809 2233; x_wconf 85' lang='lat' dir='ltr'><strong>deprecans</strong></span> <span class='ocrx_word' id='word_1_639' title='bbox 2832 2184 2964 2231; x_wconf 91' lang='lat' dir='ltr'><strong>eum,</strong></span> <span class='ocrx_word' id='word_1_640' title='bbox 2985 2180 3031 2223; x_wconf 86' lang='lat' dir='ltr'><strong>et</strong></span> <span class='ocrx_word' id='word_1_641' title='bbox 3049 2175 3314 2242; x_wconf 69' lang='lat' dir='ltr'><strong>genu/leam</strong></span> <span class='ocrx_word' id='word_1_642' title='bbox 3334 2176 3462 2231; x_wconf 72' lang='lat' dir='ltr'><strong>dixit</strong></span> <span class='ocrx_word' id='word_1_643' title='bbox 3479 2196 3497 2233; x_wconf 94' lang='lat'><strong><em>:</em></strong></span> 
     </span>
    </p>
   </div>
   <div class='ocr_carea' id='block_1_84' title="bbox 1915 2249 3499 2336">
    <p class='ocr_par' dir='ltr' id='par_1_84' title="bbox 1915 2249 3499 2336">
     <span class='ocr_line' id='line_1_84' title="bbox 1915 2249 3499 2336; baseline 0.012 -31"><span class='ocrx_word' id='word_1_644' title='bbox 1915 2249 1980 2305; x_wconf 87' lang='lat' dir='ltr'><strong>Si</strong></span> <span class='ocrx_word' id='word_1_645' title='bbox 2004 2251 2097 2319; x_wconf 86' lang='lat' dir='ltr'><strong>vis,</strong></span> <span class='ocrx_word' id='word_1_646' title='bbox 2128 2261 2267 2322; x_wconf 86' lang='lat' dir='ltr'><strong>potes</strong></span> <span class='ocrx_word' id='word_1_647' title='bbox 2290 2269 2369 2307; x_wconf 90' lang='lat' dir='ltr'><strong>me</strong></span> <span class='ocrx_word' id='word_1_648' title='bbox 2389 2254 2633 2310; x_wconf 88' lang='lat' dir='ltr'><strong>mundare</strong></span> <span class='ocrx_word' id='word_1_649' title='bbox 2662 2254 2871 2327; x_wconf 75' lang='lat' dir='ltr'><strong>(Marc.</strong></span> <span class='ocrx_word' id='word_1_650' title='bbox 2895 2276 2932 2323; x_wconf 77' lang='grc' dir='ltr'><strong>ι,</strong></span> <span class='ocrx_word' id='word_1_651' title='bbox 2956 2262 3046 2329; x_wconf 88' lang='grc'><strong>59,</strong></span> <span class='ocrx_word' id='word_1_652' title='bbox 3062 2264 3131 2318; x_wconf 67' lang='grc'><strong>40</strong></span> <span class='ocrx_word' id='word_1_653' title='bbox 3156 2266 3199 2336; x_wconf 85' lang='grc'><strong>),</strong></span> <span class='ocrx_word' id='word_1_654' title='bbox 3226 2274 3281 2320; x_wconf 90' lang='lat' dir='ltr'><strong>et</strong></span> <span class='ocrx_word' id='word_1_655' title='bbox 3304 2278 3499 2323; x_wconf 64' lang='lat' dir='ltr'><strong>cietera</strong></span> 
     </span>
    </p>
   </div>
   <div class='ocr_carea' id='block_1_85' title="bbox 1916 2339 3497 2424">
    <p class='ocr_par' dir='ltr' id='par_1_85' title="bbox 1916 2339 3497 2424">
     <span class='ocr_line' id='line_1_85' title="bbox 1916 2339 3497 2424; baseline 0.013 -31"><span class='ocrx_word' id='word_1_656' title='bbox 1916 2339 1985 2394; x_wconf 91' lang='lat' dir='ltr'><strong>de</strong></span> <span class='ocrx_word' id='word_1_657' title='bbox 2017 2340 2119 2395; x_wconf 91' lang='lat' dir='ltr'><strong>hoc</strong></span> <span class='ocrx_word' id='word_1_658' title='bbox 2143 2341 2353 2412; x_wconf 89' lang='lat' dir='ltr'><strong>leproso</strong></span> <span class='ocrx_word' id='word_1_659' title='bbox 2375 2345 2629 2401; x_wconf 90' lang='lat' dir='ltr'><strong>mundato</strong></span> <span class='ocrx_word' id='word_1_660' title='bbox 2654 2347 2778 2402; x_wconf 86' lang='lat' dir='ltr'><strong>talia</strong></span> <span class='ocrx_word' id='word_1_661' title='bbox 2802 2352 3091 2415; x_wconf 88' lang='lat' dir='ltr'><strong>connectit,</strong></span> <span class='ocrx_word' id='word_1_662' title='bbox 3121 2365 3176 2408; x_wconf 90' lang='lat' dir='ltr'><strong>ut</strong></span> <span class='ocrx_word' id='word_1_663' title='bbox 3204 2356 3314 2424; x_wconf 88' lang='lat' dir='ltr'><strong>ipse</strong></span> <span class='ocrx_word' id='word_1_664' title='bbox 3339 2359 3497 2414; x_wconf 91' lang='lat' dir='ltr'><strong>intel—</strong></span> 
     </span>
    </p>
   </div>
   <div class='ocr_carea' id='block_1_86' title="bbox 1917 2430 3500 2505">
    <p class='ocr_par' dir='ltr' id='par_1_86' title="bbox 1917 2430 3500 2505">
     <span class='ocr_line' id='line_1_86' title="bbox 1917 2430 3500 2505; baseline 0.014 -21"><span class='ocrx_word' id='word_1_665' title='bbox 1917 2430 2127 2501; x_wconf 79' lang='lat' dir='ltr'><strong>ligatur,</strong></span> <span class='ocrx_word' id='word_1_666' title='bbox 2151 2449 2309 2503; x_wconf 88' lang='lat' dir='ltr'><strong>quem</strong></span> <span class='ocrx_word' id='word_1_667' title='bbox 2335 2435 2612 2492; x_wconf 71' lang='lat' dir='ltr'><strong>Matthazus</strong></span> <span class='ocrx_word' id='word_1_668' title='bbox 2641 2452 3026 2497; x_wconf 89' lang='lat' dir='ltr'><strong>commemorat</strong></span> <span class='ocrx_word' id='word_1_669' title='bbox 3052 2454 3175 2500; x_wconf 89' lang='lat' dir='ltr'><strong>tunc</strong></span> <span class='ocrx_word' id='word_1_670' title='bbox 3200 2464 3317 2504; x_wconf 88' lang='lat' dir='ltr'><strong>esse</strong></span> <span class='ocrx_word' id='word_1_671' title='bbox 3343 2466 3500 2505; x_wconf 89' lang='lat' dir='ltr'><strong>mun-</strong></span> 
     </span>
    </p>
   </div>
   <div class='ocr_carea' id='block_1_87' title="bbox 1915 2520 3501 2596">
    <p class='ocr_par' dir='ltr' id='par_1_87' title="bbox 1915 2520 3501 2596">
     <span class='ocr_line' id='line_1_87' title="bbox 1915 2520 3501 2596; baseline 0.014 -22"><span class='ocrx_word' id='word_1_672' title='bbox 1915 2520 2116 2589; x_wconf 90' lang='lat' dir='ltr'><strong>datum,</strong></span> <span class='ocrx_word' id='word_1_673' title='bbox 2162 2525 2375 2590; x_wconf 90' lang='lat' dir='ltr'><strong>quando</strong></span> <span class='ocrx_word' id='word_1_674' title='bbox 2425 2536 2542 2596; x_wconf 90' lang='lat' dir='ltr'><strong>post</strong></span> <span class='ocrx_word' id='word_1_675' title='bbox 2587 2529 2732 2583; x_wconf 92' lang='lat' dir='ltr'><strong>illum</strong></span> <span class='ocrx_word' id='word_1_676' title='bbox 2788 2547 3089 2589; x_wconf 89' lang='lat' dir='ltr'><strong>sermonem</strong></span> <span class='ocrx_word' id='word_1_677' title='bbox 3138 2537 3390 2593; x_wconf 88' lang='lat' dir='ltr'><strong>Dominus</strong></span> <span class='ocrx_word' id='word_1_678' title='bbox 3434 2542 3501 2596; x_wconf 89' lang='lat' dir='ltr'><strong>dc</strong></span> 
     </span>
    </p>
   </div>
   <div class='ocr_carea' id='block_1_88' title="bbox 1917 2612 3502 2685">
    <p class='ocr_par' dir='ltr' id='par_1_88' title="bbox 1917 2612 3502 2685">
     <span class='ocr_line' id='line_1_88' title="bbox 1917 2612 3502 2685; baseline 0.013 -21"><span class='ocrx_word' id='word_1_679' title='bbox 1917 2621 2098 2667; x_wconf 89' lang='lat' dir='ltr'><strong>monte</strong></span> <span class='ocrx_word' id='word_1_680' title='bbox 2117 2612 2410 2671; x_wconf 89' lang='lat' dir='ltr'><strong>descendit.</strong></span> <span class='ocrx_word' id='word_1_681' title='bbox 2440 2617 2529 2672; x_wconf 91' lang='lat' dir='ltr'><strong>Sic</strong></span> <span class='ocrx_word' id='word_1_682' title='bbox 2557 2620 2698 2674; x_wconf 90' lang='lat' dir='ltr'><strong>enim</strong></span> <span class='ocrx_word' id='word_1_683' title='bbox 2726 2622 2800 2675; x_wconf 89' lang='lat' dir='ltr'><strong>ait</strong></span> <span class='ocrx_word' id='word_1_684' title='bbox 2830 2623 3106 2681; x_wconf 72' lang='lat' dir='ltr'><strong>Matthaeus</strong></span> <span class='ocrx_word' id='word_1_685' title='bbox 3138 2645 3150 2680; x_wconf 90' lang='lat'>:</span> <span class='ocrx_word' id='word_1_686' title='bbox 3181 2629 3303 2682; x_wconf 78' lang='lat' dir='ltr'><strong>Cum</strong></span> <span class='ocrx_word' id='word_1_687' title='bbox 3333 2642 3502 2685; x_wconf 88' lang='lat' dir='ltr'><strong>autem</strong></span> 
     </span>
    </p>
   </div>
   <div class='ocr_carea' id='block_1_89' title="bbox 1915 2703 3499 2777">
    <p class='ocr_par' dir='ltr' id='par_1_89' title="bbox 1915 2703 3499 2777">
     <span class='ocr_line' id='line_1_89' title="bbox 1915 2703 3499 2777; baseline 0.013 -20"><span class='ocrx_word' id='word_1_688' title='bbox 1915 2703 2251 2760; x_wconf 84' lang='lat' dir='ltr'><strong>descendisset</strong></span> <span class='ocrx_word' id='word_1_689' title='bbox 2284 2708 2347 2761; x_wconf 84' lang='lat' dir='ltr'><strong>de</strong></span> <span class='ocrx_word' id='word_1_690' title='bbox 2373 2719 2565 2776; x_wconf 86' lang='lat' dir='ltr'><strong>monte,</strong></span> <span class='ocrx_word' id='word_1_691' title='bbox 2595 2723 2779 2766; x_wconf 72' lang='lat' dir='ltr'><strong>secntte</strong></span> <span class='ocrx_word' id='word_1_692' title='bbox 2813 2724 2932 2768; x_wconf 87' lang='lat' dir='ltr'><strong>sunt</strong></span> <span class='ocrx_word' id='word_1_693' title='bbox 2967 2733 3077 2770; x_wconf 88' lang='lat' dir='ltr'><strong>eum</strong></span> <span class='ocrx_word' id='word_1_694' title='bbox 3117 2720 3274 2773; x_wconf 73' lang='lat' dir='ltr'><strong>turba?</strong></span> <span class='ocrx_word' id='word_1_695' title='bbox 3306 2724 3499 2777; x_wconf 73' lang='lat' dir='ltr'><strong>multm.</strong></span> 
     </span>
    </p>
   </div>
   <div class='ocr_carea' id='block_1_90' title="bbox 1917 2795 3496 2877">
    <p class='ocr_par' dir='ltr' id='par_1_90' title="bbox 1917 2795 3496 2877">
     <span class='ocr_line' id='line_1_90' title="bbox 1917 2795 3496 2877; baseline 0.013 -29"><span class='ocrx_word' id='word_1_696' title='bbox 1917 2795 1985 2850; x_wconf 89' lang='lat' dir='ltr'><strong>Et</strong></span> <span class='ocrx_word' id='word_1_697' title='bbox 2010 2812 2120 2850; x_wconf 88' lang='lat' dir='ltr'><strong>ecce</strong></span> <span class='ocrx_word' id='word_1_698' title='bbox 2142 2798 2388 2868; x_wconf 88' lang='lat' dir='ltr'><strong>leprosus,</strong></span> <span class='ocrx_word' id='word_1_699' title='bbox 2405 2803 2603 2856; x_wconf 84' lang='lat' dir='ltr'><strong>veniens</strong></span> <span class='ocrx_word' id='word_1_700' title='bbox 2624 2805 2867 2857; x_wconf 86' lang='lat' dir='ltr'><strong>adorabat</strong></span> <span class='ocrx_word' id='word_1_701' title='bbox 2895 2822 3025 2872; x_wconf 89' lang='lat' dir='ltr'><strong>eum,</strong></span> <span class='ocrx_word' id='word_1_702' title='bbox 3050 2810 3251 2864; x_wconf 85' lang='lat' dir='ltr'><strong>dicens:</strong></span> <span class='ocrx_word' id='word_1_703' title='bbox 3270 2812 3496 2877; x_wconf 85' lang='lat' dir='ltr'><strong>Domine,</strong></span> 
     </span>
    </p>
   </div>
   <div class='ocr_carea' id='block_1_91' title="bbox 1916 2887 3499 2968">
    <p class='ocr_par' dir='ltr' id='par_1_91' title="bbox 1916 2887 3499 2968">
     <span class='ocr_line' id='line_1_91' title="bbox 1916 2887 3499 2968; baseline 0.012 -29"><span class='ocrx_word' id='word_1_704' title='bbox 1916 2887 1962 2940; x_wconf 88' lang='lat' dir='ltr'><strong>si</strong></span> <span class='ocrx_word' id='word_1_705' title='bbox 1985 2890 2079 2953; x_wconf 81' lang='lat' dir='ltr'><strong>vis,</strong></span> <span class='ocrx_word' id='word_1_706' title='bbox 2103 2899 2241 2957; x_wconf 85' lang='lat' dir='ltr'><strong>potes</strong></span> <span class='ocrx_word' id='word_1_707' title='bbox 2262 2906 2341 2942; x_wconf 89' lang='lat' dir='ltr'><strong>me</strong></span> <span class='ocrx_word' id='word_1_708' title='bbox 2362 2892 2609 2946; x_wconf 87' lang='lat' dir='ltr'><strong>mundare</strong></span> <span class='ocrx_word' id='word_1_709' title='bbox 2635 2893 2843 2963; x_wconf 71' lang='lat' dir='ltr'><strong>(Matt/1.</strong></span> <span class='ocrx_word' id='word_1_710' title='bbox 2877 2912 2988 2961; x_wconf 81' lang='lat' dir='ltr'><strong>vni,</strong></span> <span class='ocrx_word' id='word_1_711' title='bbox 3011 2899 3062 2963; x_wconf 88' lang='grc'><strong>1,</strong></span> <span class='ocrx_word' id='word_1_712' title='bbox 3089 2899 3168 2968; x_wconf 72' lang='grc' dir='ltr'><strong>Ξ),</strong></span> <span class='ocrx_word' id='word_1_713' title='bbox 3198 2911 3252 2955; x_wconf 91' lang='lat' dir='ltr'><strong>et</strong></span> <span class='ocrx_word' id='word_1_714' title='bbox 3286 2914 3499 2958; x_wconf 68' lang='lat' dir='ltr'><strong>cratera.</strong></span> 
     </span>
    </p>
   </div>
   <div class='ocr_carea' id='block_1_92' title="bbox 1989 2978 3502 3063">
    <p class='ocr_par' dir='ltr' id='par_1_92' title="bbox 1989 2978 3502 3063">
     <span class='ocr_line' id='line_1_92' title="bbox 1989 2978 3502 3063; baseline 0.011 -31"><span class='ocrx_word' id='word_1_715' title='bbox 1989 2978 2078 3032; x_wconf 73' lang='grc'><strong>44.</strong></span> <span class='ocrx_word' id='word_1_716' title='bbox 2119 2979 2287 3049; x_wconf 83' lang='lat' dir='ltr'><strong>Hujus</strong></span> <span class='ocrx_word' id='word_1_717' title='bbox 2332 2980 2528 3051; x_wconf 88' lang='lat' dir='ltr'><strong>leprosi</strong></span> <span class='ocrx_word' id='word_1_718' title='bbox 2573 2985 2729 3038; x_wconf 91' lang='lat' dir='ltr'><strong>etiam</strong></span> <span class='ocrx_word' id='word_1_719' title='bbox 2758 2986 2930 3041; x_wconf 89' lang='lat' dir='ltr'><strong>Lucas</strong></span> <span class='ocrx_word' id='word_1_720' title='bbox 2959 2992 3202 3045; x_wconf 89' lang='lat' dir='ltr'><strong>meminit</strong></span> <span class='ocrx_word' id='word_1_721' title='bbox 3240 2994 3257 3063; x_wconf 95' lang='lat'>(</span> <span class='ocrx_word' id='word_1_722' title='bbox 3288 2993 3412 3048; x_wconf 88' lang='lat' dir='ltr'><strong>Luc.</strong></span> <span class='ocrx_word' id='word_1_723' title='bbox 3446 3013 3502 3061; x_wconf 88' lang='lat' dir='ltr'><strong>v,</strong></span> 
     </span>
    </p>
   </div>
   <div class='ocr_carea' id='block_1_93' title="bbox 1920 3069 3504 3157">
    <p class='ocr_par' dir='ltr' id='par_1_93' title="bbox 1920 3069 3504 3157">
     <span class='ocr_line' id='line_1_93' title="bbox 1920 3069 3504 3157; baseline 0.015 -35"><span class='ocrx_word' id='word_1_724' title='bbox 1920 3069 2159 3142; x_wconf 68' lang='lat'><strong>12,15),</strong></span> <span class='ocrx_word' id='word_1_725' title='bbox 2196 3087 2301 3127; x_wconf 92' lang='lat' dir='ltr'><strong>non</strong></span> <span class='ocrx_word' id='word_1_726' title='bbox 2330 3089 2459 3129; x_wconf 90' lang='lat' dir='ltr'><strong>sane</strong></span> <span class='ocrx_word' id='word_1_727' title='bbox 2484 3074 2587 3131; x_wconf 88' lang='lat' dir='ltr'><strong>hoc</strong></span> <span class='ocrx_word' id='word_1_728' title='bbox 2610 3078 2818 3143; x_wconf 87' lang='lat' dir='ltr'><strong>ordine,</strong></span> <span class='ocrx_word' id='word_1_729' title='bbox 2859 3081 2953 3136; x_wconf 91' lang='lat' dir='ltr'><strong>sed</strong></span> <span class='ocrx_word' id='word_1_730' title='bbox 2997 3092 3052 3136; x_wconf 88' lang='lat' dir='ltr'><strong>ut</strong></span> <span class='ocrx_word' id='word_1_731' title='bbox 3081 3085 3255 3140; x_wconf 80' lang='lat' dir='ltr'><strong>solent</strong></span> <span class='ocrx_word' id='word_1_732' title='bbox 3281 3099 3504 3157; x_wconf 75' lang='lat' dir='ltr'><strong>przcter-</strong></span> 
     </span>
    </p>
   </div>
   <div class='ocr_carea' id='block_1_94' title="bbox 1919 3161 3507 3247">
    <p class='ocr_par' dir='ltr' id='par_1_94' title="bbox 1919 3161 3507 3247">
     <span class='ocr_line' id='line_1_94' title="bbox 1919 3161 3507 3247; baseline 0.015 -33"><span class='ocrx_word' id='word_1_733' title='bbox 1919 3161 2080 3216; x_wconf 90' lang='lat' dir='ltr'><strong>missa</strong></span> <span class='ocrx_word' id='word_1_734' title='bbox 2106 3164 2397 3231; x_wconf 89' lang='lat' dir='ltr'><strong>recordari,</strong></span> <span class='ocrx_word' id='word_1_735' title='bbox 2421 3166 2504 3220; x_wconf 88' lang='lat' dir='ltr'><strong>vel</strong></span> <span class='ocrx_word' id='word_1_736' title='bbox 2536 3170 2798 3237; x_wconf 88' lang='lat' dir='ltr'><strong>posterius</strong></span> <span class='ocrx_word' id='word_1_737' title='bbox 2820 3172 2954 3226; x_wconf 82' lang='lat' dir='ltr'><strong>facta</strong></span> <span class='ocrx_word' id='word_1_738' title='bbox 2984 3189 3374 3247; x_wconf 84' lang='lat' dir='ltr'><strong>praeoccupare,</strong></span> <span class='ocrx_word' id='word_1_739' title='bbox 3398 3182 3507 3237; x_wconf 86' lang='lat' dir='ltr'><strong>sic-</strong></span> 
     </span>
    </p>
   </div>
   <div class='ocr_carea' id='block_1_95' title="bbox 1920 3252 3505 3340">
    <p class='ocr_par' dir='ltr' id='par_1_95' title="bbox 1920 3252 3505 3340">
     <span class='ocr_line' id='line_1_95' title="bbox 1920 3252 3505 3340; baseline 0.014 -34"><span class='ocrx_word' id='word_1_740' title='bbox 1920 3261 1979 3306; x_wconf 91' lang='lat' dir='ltr'><strong>ut</strong></span> <span class='ocrx_word' id='word_1_741' title='bbox 2003 3252 2254 3307; x_wconf 90' lang='lat' dir='ltr'><strong>divinitus</strong></span> <span class='ocrx_word' id='word_1_742' title='bbox 2275 3258 2715 3326; x_wconf 85' lang='lat' dir='ltr'><strong>suggerebantur,</strong></span> <span class='ocrx_word' id='word_1_743' title='bbox 2744 3278 2865 3330; x_wconf 69' lang='lat' dir='ltr'><strong>qua:</strong></span> <span class='ocrx_word' id='word_1_744' title='bbox 2890 3272 3044 3319; x_wconf 89' lang='lat' dir='ltr'><strong>antea</strong></span> <span class='ocrx_word' id='word_1_745' title='bbox 3070 3269 3298 3337; x_wconf 83' lang='lat' dir='ltr'><strong>cognita,</strong></span> <span class='ocrx_word' id='word_1_746' title='bbox 3323 3282 3505 3340; x_wconf 88' lang='lat' dir='ltr'><strong>postea</strong></span> 
     </span>
    </p>
   </div>
   <div class='ocr_carea' id='block_1_96' title="bbox 1921 3342 3506 3417">
    <p class='ocr_par' dir='ltr' id='par_1_96' title="bbox 1921 3342 3506 3417">
     <span class='ocr_line' id='line_1_96' title="bbox 1921 3342 3506 3417; baseline 0.013 -21"><span class='ocrx_word' id='word_1_747' title='bbox 1921 3342 2253 3397; x_wconf 87' lang='lat' dir='ltr'><strong>recordando</strong></span> <span class='ocrx_word' id='word_1_748' title='bbox 2281 3347 2698 3404; x_wconf 84' lang='lat' dir='ltr'><strong>conscriberent.</strong></span> <span class='ocrx_word' id='word_1_749' title='bbox 2735 3350 3113 3409; x_wconf 89' lang='lat' dir='ltr'><strong>Verumtamen</strong></span> <span class='ocrx_word' id='word_1_750' title='bbox 3158 3358 3298 3413; x_wconf 88' lang='lat' dir='ltr'><strong>idem</strong></span> <span class='ocrx_word' id='word_1_751' title='bbox 3335 3361 3506 3417; x_wconf 87' lang='lat' dir='ltr'><strong>Lucas</strong></span> 
     </span>
    </p>
   </div>
   <div class='ocr_carea' id='block_1_97' title="bbox 1922 3436 3505 3518">
    <p class='ocr_par' dir='ltr' id='par_1_97' title="bbox 1922 3436 3505 3518">
     <span class='ocr_line' id='line_1_97' title="bbox 1922 3436 3505 3518; baseline 0.014 -32"><span class='ocrx_word' id='word_1_752' title='bbox 1922 3446 2226 3489; x_wconf 85' lang='lat' dir='ltr'><strong>sermonem</strong></span> <span class='ocrx_word' id='word_1_753' title='bbox 2254 3436 2412 3490; x_wconf 88' lang='lat' dir='ltr'><strong>etiam</strong></span> <span class='ocrx_word' id='word_1_754' title='bbox 2445 3437 2560 3507; x_wconf 89' lang='lat' dir='ltr'><strong>ipse</strong></span> <span class='ocrx_word' id='word_1_755' title='bbox 2590 3440 2797 3495; x_wconf 92' lang='lat' dir='ltr'><strong>Domini</strong></span> <span class='ocrx_word' id='word_1_756' title='bbox 2830 3445 3091 3511; x_wconf 83' lang='lat' dir='ltr'><strong>prolixum</strong></span> <span class='ocrx_word' id='word_1_757' title='bbox 3125 3452 3381 3518; x_wconf 81' lang='lat' dir='ltr'><strong>narravit,</strong></span> <span class='ocrx_word' id='word_1_758' title='bbox 3414 3454 3505 3508; x_wconf 88' lang='lat' dir='ltr'><strong>ubi</strong></span> 
     </span>
    </p>
   </div>
   <div class='ocr_carea' id='block_1_98' title="bbox 1926 3524 3504 3597">
    <p class='ocr_par' dir='ltr' id='par_1_98' title="bbox 1926 3524 3504 3597">
     <span class='ocr_line' id='line_1_98' title="bbox 1926 3524 3504 3597; baseline 0.012 -19"><span class='ocrx_word' id='word_1_759' title='bbox 1926 3524 2088 3580; x_wconf 91' lang='lat' dir='ltr'><strong>etiam</strong></span> <span class='ocrx_word' id='word_1_760' title='bbox 2123 3525 2200 3581; x_wconf 90' lang='lat' dir='ltr'><strong>sic</strong></span> <span class='ocrx_word' id='word_1_761' title='bbox 2234 3541 2458 3583; x_wconf 85' lang='lat' dir='ltr'><strong>exorsus</strong></span> <span class='ocrx_word' id='word_1_762' title='bbox 2483 3538 2593 3597; x_wconf 89' lang='lat' dir='ltr'><strong>est,</strong></span> <span class='ocrx_word' id='word_1_763' title='bbox 2622 3539 2679 3584; x_wconf 91' lang='lat' dir='ltr'><strong>ut</strong></span> <span class='ocrx_word' id='word_1_764' title='bbox 2711 3532 2760 3585; x_wconf 92' lang='lat' dir='ltr'><strong>in</strong></span> <span class='ocrx_word' id='word_1_765' title='bbox 2794 3532 2894 3587; x_wconf 92' lang='lat' dir='ltr'><strong>isto</strong></span> <span class='ocrx_word' id='word_1_766' title='bbox 2920 3534 3211 3591; x_wconf 80' lang='lat' dir='ltr'><strong>Matthaeus.</strong></span> <span class='ocrx_word' id='word_1_767' title='bbox 3242 3540 3334 3594; x_wconf 93' lang='lat' dir='ltr'><strong>llic</strong></span> <span class='ocrx_word' id='word_1_768' title='bbox 3361 3544 3504 3597; x_wconf 90' lang='lat' dir='ltr'><strong>enim</strong></span> 
     </span>
    </p>
   </div>
   <div class='ocr_carea' id='block_1_99' title="bbox 1923 3613 3506 3697">
    <p class='ocr_par' dir='ltr' id='par_1_99' title="bbox 1923 3613 3506 3697">
     <span class='ocr_line' id='line_1_99' title="bbox 1923 3613 3506 3697; baseline 0.016 -34"><span class='ocrx_word' id='word_1_769' title='bbox 1923 3613 2077 3680; x_wconf 53' lang='lat' dir='ltr'><strong>dun,</strong></span> <span class='ocrx_word' id='word_1_770' title='bbox 2102 3614 2247 3670; x_wconf 87' lang='lat' dir='ltr'><strong>Beati</strong></span> <span class='ocrx_word' id='word_1_771' title='bbox 2282 3634 2529 3689; x_wconf 85' lang='lat' dir='ltr'><strong>pauperes</strong></span> <span class='ocrx_word' id='word_1_772' title='bbox 2566 3620 2779 3690; x_wconf 85' lang='lat' dir='ltr'><strong>spiritu,</strong></span> <span class='ocrx_word' id='word_1_773' title='bbox 2802 3626 3039 3692; x_wconf 87' lang='lat' dir='ltr'><strong>quoniam</strong></span> <span class='ocrx_word' id='word_1_774' title='bbox 3078 3629 3298 3697; x_wconf 86' lang='lat' dir='ltr'><strong>ipsorum</strong></span> <span class='ocrx_word' id='word_1_775' title='bbox 3326 3644 3397 3685; x_wconf 84' lang='lat' dir='ltr'><strong>est</strong></span> <span class='ocrx_word' id='word_1_776' title='bbox 3424 3651 3506 3688; x_wconf 88' lang='lat' dir='ltr'><strong>re-</strong></span> 
     </span>
    </p>
   </div>
   <div class='ocr_carea' id='block_1_100' title="bbox 1922 3708 3507 3789">
    <p class='ocr_par' dir='ltr' id='par_1_100' title="bbox 1922 3708 3507 3789">
     <span class='ocr_line' id='line_1_100' title="bbox 1922 3708 3507 3789; baseline 0.013 -31"><span class='ocrx_word' id='word_1_777' title='bbox 1922 3720 2080 3776; x_wconf 83' lang='lat' dir='ltr'><strong>gnum</strong></span> <span class='ocrx_word' id='word_1_778' title='bbox 2122 3708 2361 3762; x_wconf 69' lang='lat' dir='ltr'><strong>t‘telorum</strong></span> <span class='ocrx_word' id='word_1_779' title='bbox 2388 3726 2406 3765; x_wconf 91' lang='lat'><strong><em>:</em></strong></span> <span class='ocrx_word' id='word_1_780' title='bbox 2439 3719 2493 3765; x_wconf 89' lang='lat' dir='ltr'><strong>et</strong></span> <span class='ocrx_word' id='word_1_781' title='bbox 2532 3710 2641 3778; x_wconf 91' lang='lat' dir='ltr'><strong>ille,</strong></span> <span class='ocrx_word' id='word_1_782' title='bbox 2672 3710 2819 3766; x_wconf 87' lang='lat' dir='ltr'><strong>Beati</strong></span> <span class='ocrx_word' id='word_1_783' title='bbox 2853 3732 3118 3785; x_wconf 85' lang='lat' dir='ltr'><strong>pauperes,</strong></span> <span class='ocrx_word' id='word_1_784' title='bbox 3149 3721 3266 3789; x_wconf 83' lang='lat' dir='ltr'><strong>quia</strong></span> <span class='ocrx_word' id='word_1_785' title='bbox 3294 3733 3507 3779; x_wconf 79' lang='lat' dir='ltr'><strong>vestrum</strong></span> 
     </span>
    </p>
   </div>
   <div class='ocr_carea' id='block_1_101' title="bbox 1921 3797 3508 3878">
    <p class='ocr_par' dir='ltr' id='par_1_101' title="bbox 1921 3797 3508 3878">
     <span class='ocr_line' id='line_1_101' title="bbox 1921 3797 3508 3878; baseline 0.013 -29"><span class='ocrx_word' id='word_1_786' title='bbox 1921 3804 1998 3853; x_wconf 86' lang='lat' dir='ltr'><strong>est</strong></span> <span class='ocrx_word' id='word_1_787' title='bbox 2019 3813 2192 3868; x_wconf 57' lang='lat' dir='ltr'><strong>regna.</strong></span> <span class='ocrx_word' id='word_1_788' title='bbox 2257 3797 2367 3853; x_wconf 89' lang='lat' dir='ltr'><strong>Dei.</strong></span> <span class='ocrx_word' id='word_1_789' title='bbox 2398 3800 2600 3856; x_wconf 90' lang='lat' dir='ltr'><strong>Deinde</strong></span> <span class='ocrx_word' id='word_1_790' title='bbox 2626 3805 2789 3858; x_wconf 91' lang='lat' dir='ltr'><strong>multa</strong></span> <span class='ocrx_word' id='word_1_791' title='bbox 2815 3822 2932 3875; x_wconf 70' lang='lat' dir='ltr'><strong>qua:</strong></span> <span class='ocrx_word' id='word_1_792' title='bbox 2957 3821 3248 3878; x_wconf 85' lang='lat' dir='ltr'><strong>sequnntur</strong></span> <span class='ocrx_word' id='word_1_793' title='bbox 3268 3815 3423 3868; x_wconf 89' lang='lat' dir='ltr'><strong>etiam</strong></span> <span class='ocrx_word' id='word_1_794' title='bbox 3455 3815 3508 3871; x_wconf 93' lang='lat' dir='ltr'><strong>in</strong></span> 
     </span>
    </p>
   </div>
   <div class='ocr_carea' id='block_1_102' title="bbox 1921 3884 3509 3961">
    <p class='ocr_par' dir='ltr' id='par_1_102' title="bbox 1921 3884 3509 3961">
     <span class='ocr_line' id='line_1_102' title="bbox 1921 3884 3509 3961; baseline 0.011 -18"><span class='ocrx_word' id='word_1_795' title='bbox 1921 3884 2083 3944; x_wconf 66' lang='lat' dir='ltr'><strong>Lucae</strong></span> <span class='ocrx_word' id='word_1_796' title='bbox 2105 3902 2260 3949; x_wconf 77' lang='lat' dir='ltr'><strong>nam.</strong></span> <span class='ocrx_word' id='word_1_797' title='bbox 2295 3885 2408 3947; x_wconf 50' lang='lat' dir='ltr'><strong>one</strong></span> <span class='ocrx_word' id='word_1_798' title='bbox 2432 3891 2623 3948; x_wconf 86' lang='lat' dir='ltr'><strong>similia</strong></span> <span class='ocrx_word' id='word_1_799' title='bbox 2646 3907 2789 3949; x_wconf 92' lang='lat' dir='ltr'><strong>sunt.</strong></span> <span class='ocrx_word' id='word_1_800' title='bbox 2815 3896 2882 3951; x_wconf 88' lang='lat' dir='ltr'><strong>Et</strong></span> <span class='ocrx_word' id='word_1_801' title='bbox 2900 3897 2965 3952; x_wconf 90' lang='lat' dir='ltr'><strong>ad</strong></span> <span class='ocrx_word' id='word_1_802' title='bbox 2986 3910 3280 3956; x_wconf 85' lang='lat' dir='ltr'><strong>extremum</strong></span> <span class='ocrx_word' id='word_1_803' title='bbox 3306 3919 3509 3961; x_wconf 90' lang='lat' dir='ltr'><strong>sermo-</strong></span> 
     </span>
    </p>
   </div>
   <div class='ocr_carea' id='block_1_103' title="bbox 1923 3978 3509 4061">
    <p class='ocr_par' dir='ltr' id='par_1_103' title="bbox 1923 3978 3509 4061">
     <span class='ocr_line' id='line_1_103' title="bbox 1923 3978 3509 4061; baseline 0.01 -25"><span class='ocrx_word' id='word_1_804' title='bbox 1923 3978 2012 4036; x_wconf 90' lang='lat' dir='ltr'><strong>nis</strong></span> <span class='ocrx_word' id='word_1_805' title='bbox 2048 3978 2164 4054; x_wconf 85' lang='lat' dir='ltr'><strong>ipsa</strong></span> <span class='ocrx_word' id='word_1_806' title='bbox 2202 3984 2476 4043; x_wconf 51' lang='lat' dir='ltr'><strong>concxsio</strong></span> <span class='ocrx_word' id='word_1_807' title='bbox 2520 4000 2739 4056; x_wconf 89' lang='lat' dir='ltr'><strong>prorsus</strong></span> <span class='ocrx_word' id='word_1_808' title='bbox 2780 3988 2964 4044; x_wconf 86' lang='lat' dir='ltr'><strong>eadem</strong></span> <span class='ocrx_word' id='word_1_809' title='bbox 3003 3994 3282 4061; x_wconf 86' lang='lat' dir='ltr'><strong>reperitur,</strong></span> <span class='ocrx_word' id='word_1_810' title='bbox 3310 3996 3379 4051; x_wconf 92' lang='lat' dir='ltr'><strong>de</strong></span> <span class='ocrx_word' id='word_1_811' title='bbox 3410 3997 3509 4052; x_wconf 87' lang='lat' dir='ltr'><strong>ho-</strong></span> 
     </span>
    </p>
   </div>
   <div class='ocr_carea' id='block_1_104' title="bbox 1923 4071 3511 4150">
    <p class='ocr_par' dir='ltr' id='par_1_104' title="bbox 1923 4071 3511 4150">
     <span class='ocr_line' id='line_1_104' title="bbox 1923 4071 3511 4150; baseline 0.007 -23"><span class='ocrx_word' id='word_1_812' title='bbox 1923 4071 2071 4128; x_wconf 86' lang='lat' dir='ltr'><strong>mine</strong></span> <span class='ocrx_word' id='word_1_813' title='bbox 2088 4072 2373 4144; x_wconf 67' lang='lat' dir='ltr'><strong>prudente.</strong></span> <span class='ocrx_word' id='word_1_814' title='bbox 2387 4077 2476 4146; x_wconf 82' lang='lat' dir='ltr'><strong>qui</strong></span> <span class='ocrx_word' id='word_1_815' title='bbox 2498 4077 2726 4132; x_wconf 59' lang='lat' dir='ltr'><strong>aediﬁcat</strong></span> <span class='ocrx_word' id='word_1_816' title='bbox 2748 4095 2909 4149; x_wconf 90' lang='lat' dir='ltr'><strong>super</strong></span> <span class='ocrx_word' id='word_1_817' title='bbox 2932 4091 3157 4150; x_wconf 86' lang='lat' dir='ltr'><strong>petram,</strong></span> <span class='ocrx_word' id='word_1_818' title='bbox 3182 4095 3235 4140; x_wconf 92' lang='lat' dir='ltr'><strong>et</strong></span> <span class='ocrx_word' id='word_1_819' title='bbox 3258 4087 3324 4141; x_wconf 86' lang='lat' dir='ltr'><strong>de</strong></span> <span class='ocrx_word' id='word_1_820' title='bbox 3347 4089 3511 4142; x_wconf 82' lang='lat' dir='ltr'><strong>stulto</strong></span> 
     </span>
    </p>
   </div>
   <div class='ocr_carea' id='block_1_105' title="bbox 1924 4161 3510 4241">
    <p class='ocr_par' dir='ltr' id='par_1_105' title="bbox 1924 4161 3510 4241">
     <span class='ocr_line' id='line_1_105' title="bbox 1924 4161 3510 4241; baseline 0.008 -23"><span class='ocrx_word' id='word_1_821' title='bbox 1924 4161 2019 4233; x_wconf 75' lang='lat' dir='ltr'><strong>qui</strong></span> <span class='ocrx_word' id='word_1_822' title='bbox 2045 4161 2276 4222; x_wconf 64' lang='lat' dir='ltr'><strong>aediﬁcat</strong></span> <span class='ocrx_word' id='word_1_823' title='bbox 2300 4180 2463 4234; x_wconf 90' lang='lat' dir='ltr'><strong>super</strong></span> <span class='ocrx_word' id='word_1_824' title='bbox 2486 4181 2702 4221; x_wconf 89' lang='lat' dir='ltr'><strong>arenam</strong></span> <span class='ocrx_word' id='word_1_825' title='bbox 2730 4170 2865 4223; x_wconf 90' lang='lat' dir='ltr'><strong>:nisi</strong></span> <span class='ocrx_word' id='word_1_826' title='bbox 2897 4171 3035 4241; x_wconf 92' lang='lat' dir='ltr'><strong>quod</strong></span> <span class='ocrx_word' id='word_1_827' title='bbox 3068 4173 3137 4226; x_wconf 77' lang='lat' dir='ltr'><strong>illi</strong></span> <span class='ocrx_word' id='word_1_828' title='bbox 3166 4174 3361 4229; x_wconf 85' lang='lat' dir='ltr'><strong>ﬂumen</strong></span> <span class='ocrx_word' id='word_1_829' title='bbox 3394 4186 3510 4231; x_wconf 89' lang='lat' dir='ltr'><strong>tan-</strong></span> 
     </span>
    </p>
   </div>
   <div class='ocr_carea' id='block_1_106' title="bbox 1926 4254 3508 4330">
    <p class='ocr_par' dir='ltr' id='par_1_106' title="bbox 1926 4254 3508 4330">
     <span class='ocr_line' id='line_1_106' title="bbox 1926 4254 3508 4330; baseline 0.009 -22"><span class='ocrx_word' id='word_1_830' title='bbox 1926 4263 2043 4311; x_wconf 70' lang='lat' dir='ltr'><strong>tum</strong></span> <span class='ocrx_word' id='word_1_831' title='bbox 2085 4254 2215 4312; x_wconf 82' lang='lat' dir='ltr'><strong>dicit</strong></span> <span class='ocrx_word' id='word_1_832' title='bbox 2260 4257 2454 4311; x_wconf 91' lang='lat' dir='ltr'><strong>illisum</strong></span> <span class='ocrx_word' id='word_1_833' title='bbox 2501 4256 2702 4324; x_wconf 91' lang='lat' dir='ltr'><strong>domui,</strong></span> <span class='ocrx_word' id='word_1_834' title='bbox 2732 4276 2835 4313; x_wconf 91' lang='lat' dir='ltr'><strong>non</strong></span> <span class='ocrx_word' id='word_1_835' title='bbox 2863 4270 2917 4314; x_wconf 90' lang='lat' dir='ltr'><strong>et</strong></span> <span class='ocrx_word' id='word_1_836' title='bbox 2951 4262 3178 4330; x_wconf 84' lang='lat' dir='ltr'><strong>pluviam</strong></span> <span class='ocrx_word' id='word_1_837' title='bbox 3219 4274 3272 4319; x_wconf 90' lang='lat' dir='ltr'><strong>et</strong></span> <span class='ocrx_word' id='word_1_838' title='bbox 3300 4276 3508 4329; x_wconf 87' lang='lat' dir='ltr'><strong>ventos,</strong></span> 
     </span>
    </p>
   </div>
   <div class='ocr_carea' id='block_1_107' title="bbox 1925 4347 3504 4420">
    <p class='ocr_par' dir='ltr' id='par_1_107' title="bbox 1925 4347 3504 4420">
     <span class='ocr_line' id='line_1_107' title="bbox 1925 4347 3504 4420; baseline 0.008 -18"><span class='ocrx_word' id='word_1_839' title='bbox 1925 4348 2063 4404; x_wconf 89' lang='lat' dir='ltr'><strong>sicut</strong></span> <span class='ocrx_word' id='word_1_840' title='bbox 2084 4347 2380 4404; x_wconf 75' lang='lat' dir='ltr'><strong>Mattbzeus.</strong></span> <span class='ocrx_word' id='word_1_841' title='bbox 2406 4348 2591 4404; x_wconf 89' lang='lat' dir='ltr'><strong>Posset</strong></span> <span class='ocrx_word' id='word_1_842' title='bbox 2623 4365 2750 4420; x_wconf 85' lang='lat' dir='ltr'><strong>ergo</strong></span> <span class='ocrx_word' id='word_1_843' title='bbox 2790 4350 3039 4409; x_wconf 81' lang='lat' dir='ltr'><strong>facillime</strong></span> <span class='ocrx_word' id='word_1_844' title='bbox 3076 4355 3220 4410; x_wconf 88' lang='lat' dir='ltr'><strong>credi</strong></span> <span class='ocrx_word' id='word_1_845' title='bbox 3259 4358 3504 4414; x_wconf 90' lang='lat' dir='ltr'><strong>eumdem</strong></span> 
     </span>
    </p>
   </div>
   <div class='ocr_carea' id='block_1_108' title="bbox 1926 4438 3513 4519">
    <p class='ocr_par' dir='ltr' id='par_1_108' title="bbox 1926 4438 3513 4519">
     <span class='ocr_line' id='line_1_108' title="bbox 1926 4438 3513 4519; baseline 0.008 -27"><span class='ocrx_word' id='word_1_846' title='bbox 1926 4439 2085 4493; x_wconf 86' lang='lat' dir='ltr'><strong>etiam</strong></span> <span class='ocrx_word' id='word_1_847' title='bbox 2126 4438 2239 4508; x_wconf 90' lang='lat' dir='ltr'><strong>ipse</strong></span> <span class='ocrx_word' id='word_1_848' title='bbox 2279 4438 2488 4493; x_wconf 91' lang='lat' dir='ltr'><strong>Domini</strong></span> <span class='ocrx_word' id='word_1_849' title='bbox 2526 4439 2907 4509; x_wconf 89' lang='lat' dir='ltr'><strong>interposuisse</strong></span> <span class='ocrx_word' id='word_1_850' title='bbox 2946 4458 3267 4515; x_wconf 85' lang='lat' dir='ltr'><strong>sermonem,</strong></span> <span class='ocrx_word' id='word_1_851' title='bbox 3309 4449 3513 4519; x_wconf 90' lang='lat' dir='ltr'><strong>aliquas</strong></span> 
     </span>
    </p>
   </div>
   <div class='ocr_carea' id='block_1_109' title="bbox 1928 4530 3514 4610">
    <p class='ocr_par' dir='ltr' id='par_1_109' title="bbox 1928 4530 3514 4610">
     <span class='ocr_line' id='line_1_109' title="bbox 1928 4530 3514 4610; baseline 0.008 -27"><span class='ocrx_word' id='word_1_852' title='bbox 1928 4540 2105 4584; x_wconf 91' lang='lat' dir='ltr'><strong>autem</strong></span> <span class='ocrx_word' id='word_1_853' title='bbox 2151 4530 2556 4599; x_wconf 66' lang='lat' dir='ltr'><strong>praetermisisse</strong></span> <span class='ocrx_word' id='word_1_854' title='bbox 2596 4533 2905 4599; x_wconf 89' lang='lat' dir='ltr'><strong>sententias,</strong></span> <span class='ocrx_word' id='word_1_855' title='bbox 2943 4550 3072 4605; x_wconf 90' lang='lat' dir='ltr'><strong>quas</strong></span> <span class='ocrx_word' id='word_1_856' title='bbox 3111 4537 3386 4594; x_wconf 81' lang='lat' dir='ltr'><strong>Matthaeus</strong></span> <span class='ocrx_word' id='word_1_857' title='bbox 3419 4556 3514 4610; x_wconf 87' lang='lat' dir='ltr'><strong>po-</strong></span> 
     </span>
    </p>
   </div>
   <div class='ocr_carea' id='block_1_110' title="bbox 1927 4622 3510 4700">
    <p class='ocr_par' dir='ltr' id='par_1_110' title="bbox 1927 4622 3510 4700">
     <span class='ocr_line' id='line_1_110' title="bbox 1927 4622 3510 4700; baseline 0.008 -25"><span class='ocrx_word' id='word_1_858' title='bbox 1927 4622 2200 4677; x_wconf 81' lang='lat' dir='ltr'><strong>suitzitem</strong></span> <span class='ocrx_word' id='word_1_859' title='bbox 2223 4622 2352 4677; x_wconf 86' lang='lat' dir='ltr'><strong>alias</strong></span> <span class='ocrx_word' id='word_1_860' title='bbox 2376 4623 2637 4692; x_wconf 88' lang='lat' dir='ltr'><strong>posuisse,</strong></span> <span class='ocrx_word' id='word_1_861' title='bbox 2662 4639 2792 4693; x_wconf 86' lang='lat' dir='ltr'><strong>quas</strong></span> <span class='ocrx_word' id='word_1_862' title='bbox 2817 4624 2916 4679; x_wconf 90' lang='lat' dir='ltr'><strong>iste</strong></span> <span class='ocrx_word' id='word_1_863' title='bbox 2944 4640 3047 4681; x_wconf 92' lang='lat' dir='ltr'><strong>non</strong></span> <span class='ocrx_word' id='word_1_864' title='bbox 3072 4628 3231 4695; x_wconf 84' lang='lat' dir='ltr'><strong>dixit;</strong></span> <span class='ocrx_word' id='word_1_865' title='bbox 3256 4633 3510 4700; x_wconf 87' lang='lat' dir='ltr'><strong>quasdam</strong></span> 
     </span>
    </p>
   </div>
   <div class='ocr_carea' id='block_1_111' title="bbox 1928 4714 3514 4783">
    <p class='ocr_par' dir='ltr' id='par_1_111' title="bbox 1928 4714 3514 4783">
     <span class='ocr_line' id='line_1_111' title="bbox 1928 4714 3514 4783; baseline 0.007 -16"><span class='ocrx_word' id='word_1_866' title='bbox 1928 4714 2087 4768; x_wconf 89' lang='lat' dir='ltr'><strong>etiam</strong></span> <span class='ocrx_word' id='word_1_867' title='bbox 2116 4730 2220 4769; x_wconf 92' lang='lat' dir='ltr'><strong>non</strong></span> <span class='ocrx_word' id='word_1_868' title='bbox 2251 4715 2438 4769; x_wconf 90' lang='lat' dir='ltr'><strong>iisdem</strong></span> <span class='ocrx_word' id='word_1_869' title='bbox 2461 4715 2658 4783; x_wconf 87' lang='lat' dir='ltr'><strong>verbis,</strong></span> <span class='ocrx_word' id='word_1_870' title='bbox 2688 4717 2951 4773; x_wconf 89' lang='lat' dir='ltr'><strong>custodita</strong></span> <span class='ocrx_word' id='word_1_871' title='bbox 2974 4728 3146 4774; x_wconf 86' lang='lat' dir='ltr'><strong>tamen</strong></span> <span class='ocrx_word' id='word_1_872' title='bbox 3170 4722 3406 4777; x_wconf 87' lang='lat' dir='ltr'><strong>veritatis</strong></span> <span class='ocrx_word' id='word_1_873' title='bbox 3432 4724 3514 4779; x_wconf 85' lang='lat' dir='ltr'><strong>in-</strong></span> 
     </span>
    </p>
   </div>
   <div class='ocr_carea' id='block_1_112' title="bbox 1929 4808 2799 4879">
    <p class='ocr_par' dir='ltr' id='par_1_112' title="bbox 1929 4808 2799 4879">
     <span class='ocr_line' id='line_1_112' title="bbox 1929 4808 2799 4879; baseline -0.002 -16"><span class='ocrx_word' id='word_1_874' title='bbox 1929 4809 2196 4879; x_wconf 89' lang='lat' dir='ltr'><strong>tegritate,</strong></span> <span class='ocrx_word' id='word_1_875' title='bbox 2219 4808 2461 4863; x_wconf 89' lang='lat' dir='ltr'><strong>similiter</strong></span> <span class='ocrx_word' id='word_1_876' title='bbox 2486 4809 2799 4878; x_wconf 77' lang='lat' dir='ltr'><strong>explicasse.</strong></span> 
     </span>
    </p>
   </div>
   <div class='ocr_carea' id='block_1_113' title="bbox 2002 4898 3516 4969">
    <p class='ocr_par' dir='ltr' id='par_1_113' title="bbox 2002 4898 3516 4969">
     <span class='ocr_line' id='line_1_113' title="bbox 2002 4898 3516 4969; baseline 0.002 -13"><span class='ocrx_word' id='word_1_877' title='bbox 2002 4901 2089 4956; x_wconf 74' lang='lat'><strong>45.</strong></span> <span class='ocrx_word' id='word_1_878' title='bbox 2138 4900 2324 4955; x_wconf 79' lang='lat' dir='ltr'><strong>Posset</strong></span> <span class='ocrx_word' id='word_1_879' title='bbox 2367 4898 2503 4966; x_wconf 88' lang='lat' dir='ltr'><strong>hoc,</strong></span> <span class='ocrx_word' id='word_1_880' title='bbox 2533 4900 2668 4955; x_wconf 91' lang='lat' dir='ltr'><strong>sicut</strong></span> <span class='ocrx_word' id='word_1_881' title='bbox 2714 4900 2855 4966; x_wconf 77' lang='lat' dir='ltr'><strong>dixi,</strong></span> <span class='ocrx_word' id='word_1_882' title='bbox 2897 4900 3145 4959; x_wconf 76' lang='lat' dir='ltr'><strong>facillime</strong></span> <span class='ocrx_word' id='word_1_883' title='bbox 3186 4905 3368 4969; x_wconf 89' lang='lat' dir='ltr'><strong>credi,</strong></span> <span class='ocrx_word' id='word_1_884' title='bbox 3416 4906 3516 4959; x_wconf 89' lang='lat' dir='ltr'><strong>nisi</strong></span> 
     </span>
    </p>
   </div>
   <div class='ocr_carea' id='block_1_114' title="bbox 1930 4991 3549 5060">
    <p class='ocr_par' dir='ltr' id='par_1_114' title="bbox 1930 4991 3549 5060">
     <span class='ocr_line' id='line_1_114' title="bbox 1930 4991 3549 5060; baseline 0.001 -12"><span class='ocrx_word' id='word_1_885' title='bbox 1930 5001 2170 5048; x_wconf 90' lang='lat' dir='ltr'><strong>moveret</strong></span> <span class='ocrx_word' id='word_1_886' title='bbox 2189 4991 2327 5060; x_wconf 90' lang='lat' dir='ltr'><strong>quod</strong></span> <span class='ocrx_word' id='word_1_887' title='bbox 2355 4992 2632 5048; x_wconf 73' lang='lat' dir='ltr'><strong>Matthmus</strong></span> <span class='ocrx_word' id='word_1_888' title='bbox 2662 4992 2713 5047; x_wconf 91' lang='lat' dir='ltr'><strong>in</strong></span> <span class='ocrx_word' id='word_1_889' title='bbox 2742 5002 2922 5048; x_wconf 91' lang='lat' dir='ltr'><strong>monte</strong></span> <span class='ocrx_word' id='word_1_890' title='bbox 2951 4994 3077 5048; x_wconf 87' lang='lat' dir='ltr'><strong>dicit</strong></span> <span class='ocrx_word' id='word_1_891' title='bbox 3106 4994 3245 5049; x_wconf 89' lang='lat' dir='ltr'><strong>hunc</strong></span> <span class='ocrx_word' id='word_1_892' title='bbox 3280 4994 3516 5050; x_wconf 87' lang='lat' dir='ltr'><strong>habitum</strong></span> <span class='ocrx_word' id='word_1_893' title='bbox 3543 5016 3549 5027; x_wconf 63' lang='grc' dir='ltr'><strong>ε</strong></span> 
     </span>
    </p>
   </div>
   <div class='ocr_carea' id='block_1_115' title="bbox 1933 5084 3518 5149">
    <p class='ocr_par' dir='ltr' id='par_1_115' title="bbox 1933 5084 3518 5149">
     <span class='ocr_line' id='line_1_115' title="bbox 1933 5084 3518 5149; baseline 0.001 -10"><span class='ocrx_word' id='word_1_894' title='bbox 1933 5098 2052 5140; x_wconf 90' lang='lat' dir='ltr'><strong>esse</strong></span> <span class='ocrx_word' id='word_1_895' title='bbox 2094 5098 2394 5138; x_wconf 87' lang='lat' dir='ltr'><strong>sermonem</strong></span> <span class='ocrx_word' id='word_1_896' title='bbox 2438 5098 2467 5137; x_wconf 93' lang='lat' dir='ltr'><strong>a</strong></span> <span class='ocrx_word' id='word_1_897' title='bbox 2511 5084 2733 5139; x_wconf 87' lang='lat' dir='ltr'><strong>Domino</strong></span> <span class='ocrx_word' id='word_1_898' title='bbox 2777 5084 3025 5149; x_wconf 89' lang='lat' dir='ltr'><strong>sedente;</strong></span> <span class='ocrx_word' id='word_1_899' title='bbox 3067 5086 3236 5141; x_wconf 89' lang='lat' dir='ltr'><strong>Lucas</strong></span> <span class='ocrx_word' id='word_1_900' title='bbox 3262 5098 3437 5141; x_wconf 74' lang='lat' dir='ltr'><strong>autem</strong></span> <span class='ocrx_word' id='word_1_901' title='bbox 3467 5088 3518 5142; x_wconf 91' lang='lat' dir='ltr'><strong>in</strong></span> 
     </span>
    </p>
   </div>
   <div class='ocr_carea' id='block_1_116' title="bbox 1934 5175 3521 5246">
    <p class='ocr_par' dir='ltr' id='par_1_116' title="bbox 1934 5175 3521 5246">
     <span class='ocr_line' id='line_1_116' title="bbox 1934 5175 3521 5246; baseline 0.003 -18"><span class='ocrx_word' id='word_1_902' title='bbox 1934 5176 2052 5230; x_wconf 91' lang='lat' dir='ltr'><strong>loco</strong></span> <span class='ocrx_word' id='word_1_903' title='bbox 2073 5175 2356 5246; x_wconf 88' lang='lat' dir='ltr'><strong>campestri</strong></span> <span class='ocrx_word' id='word_1_904' title='bbox 2388 5189 2417 5228; x_wconf 91' lang='lat' dir='ltr'><strong>a</strong></span> <span class='ocrx_word' id='word_1_905' title='bbox 2448 5175 2671 5229; x_wconf 89' lang='lat' dir='ltr'><strong>Domino</strong></span> <span class='ocrx_word' id='word_1_906' title='bbox 2712 5183 2902 5228; x_wconf 82' lang='lat' dir='ltr'><strong>stante.</strong></span> <span class='ocrx_word' id='word_1_907' title='bbox 2934 5175 3057 5231; x_wconf 67' lang='lat' dir='ltr'><strong>Haec</strong></span> <span class='ocrx_word' id='word_1_908' title='bbox 3086 5177 3260 5246; x_wconf 83' lang='lat' dir='ltr'><strong>itaque</strong></span> <span class='ocrx_word' id='word_1_909' title='bbox 3298 5179 3521 5233; x_wconf 86' lang='lat' dir='ltr'><strong>diversi-</strong></span> 
     </span>
    </p>
   </div>
   <div class='ocr_carea' id='block_1_117' title="bbox 1936 5266 3520 5335">
    <p class='ocr_par' dir='ltr' id='par_1_117' title="bbox 1936 5266 3520 5335">
     <span class='ocr_line' id='line_1_117' title="bbox 1936 5266 3520 5335; baseline 0.002 -14"><span class='ocrx_word' id='word_1_910' title='bbox 1936 5276 2014 5322; x_wconf 86' lang='lat' dir='ltr'><strong>tas</strong></span> <span class='ocrx_word' id='word_1_911' title='bbox 2046 5268 2168 5323; x_wconf 80' lang='lat' dir='ltr'><strong>facit</strong></span> <span class='ocrx_word' id='word_1_912' title='bbox 2193 5267 2358 5322; x_wconf 86' lang='lat' dir='ltr'><strong>videri</strong></span> <span class='ocrx_word' id='word_1_913' title='bbox 2386 5266 2547 5320; x_wconf 89' lang='lat' dir='ltr'><strong>alium</strong></span> <span class='ocrx_word' id='word_1_914' title='bbox 2578 5266 2742 5321; x_wconf 83' lang='lat' dir='ltr'><strong>fuisse</strong></span> <span class='ocrx_word' id='word_1_915' title='bbox 2772 5266 2953 5332; x_wconf 91' lang='lat' dir='ltr'><strong>illum,</strong></span> <span class='ocrx_word' id='word_1_916' title='bbox 2980 5267 3140 5323; x_wconf 84' lang='lat' dir='ltr'><strong>alium</strong></span> <span class='ocrx_word' id='word_1_917' title='bbox 3174 5268 3351 5323; x_wconf 86' lang='lat' dir='ltr'><strong>istum.</strong></span> <span class='ocrx_word' id='word_1_918' title='bbox 3384 5270 3520 5335; x_wconf 83' lang='lat' dir='ltr'><strong>Quid</strong></span> 
     </span>
    </p>
   </div>
   <div class='ocr_carea' id='block_1_118' title="bbox 1934 5355 3522 5432">
    <p class='ocr_par' dir='ltr' id='par_1_118' title="bbox 1934 5355 3522 5432">
     <span class='ocr_line' id='line_1_118' title="bbox 1934 5355 3522 5432; baseline 0.001 -19"><span class='ocrx_word' id='word_1_919' title='bbox 1934 5360 2075 5414; x_wconf 87' lang='lat' dir='ltr'><strong>enim</strong></span> <span class='ocrx_word' id='word_1_920' title='bbox 2106 5358 2413 5430; x_wconf 85' lang='lat' dir='ltr'><strong>prohiberet</strong></span> <span class='ocrx_word' id='word_1_921' title='bbox 2429 5355 2695 5411; x_wconf 87' lang='lat' dir='ltr'><strong>Christum</strong></span> <span class='ocrx_word' id='word_1_922' title='bbox 2725 5356 2850 5411; x_wconf 90' lang='lat' dir='ltr'><strong>alibi</strong></span> <span class='ocrx_word' id='word_1_923' title='bbox 2873 5358 3113 5427; x_wconf 71' lang='lat' dir='ltr'><strong>qumdam</strong></span> <span class='ocrx_word' id='word_1_924' title='bbox 3141 5369 3381 5428; x_wconf 90' lang='lat' dir='ltr'><strong>repetere</strong></span> <span class='ocrx_word' id='word_1_925' title='bbox 3404 5376 3522 5432; x_wconf 76' lang='lat' dir='ltr'><strong>qua:</strong></span> 
     </span>
    </p>
   </div>
   <div class='ocr_carea' id='block_1_119' title="bbox 1931 5446 3552 5523">
    <p class='ocr_par' dir='ltr' id='par_1_119' title="bbox 1931 5446 3552 5523">
     <span class='ocr_line' id='line_1_119' title="bbox 1931 5446 3552 5523; baseline 0.002 -18"><span class='ocrx_word' id='word_1_926' title='bbox 1931 5451 2038 5522; x_wconf 89' lang='lat' dir='ltr'><strong>jam</strong></span> <span class='ocrx_word' id='word_1_927' title='bbox 2082 5458 2238 5505; x_wconf 89' lang='lat' dir='ltr'><strong>antea</strong></span> <span class='ocrx_word' id='word_1_928' title='bbox 2281 5447 2525 5514; x_wconf 77' lang='lat' dir='ltr'><strong>dixerat,</strong></span> <span class='ocrx_word' id='word_1_929' title='bbox 2556 5456 2647 5501; x_wconf 92' lang='lat' dir='ltr'><strong>aut</strong></span> <span class='ocrx_word' id='word_1_930' title='bbox 2687 5446 2877 5503; x_wconf 91' lang='lat' dir='ltr'><strong>iterum</strong></span> <span class='ocrx_word' id='word_1_931' title='bbox 2915 5449 3156 5518; x_wconf 74' lang='lat' dir='ltr'><strong>quazdam</strong></span> <span class='ocrx_word' id='word_1_932' title='bbox 3186 5450 3361 5506; x_wconf 82' lang='lat' dir='ltr'><strong>facere</strong></span> <span class='ocrx_word' id='word_1_933' title='bbox 3402 5467 3552 5523; x_wconf 66' lang='lat' dir='ltr'><strong>quaz&#39;</strong></span> 
     </span>
    </p>
   </div>
   <div class='ocr_carea' id='block_1_120' title="bbox 1935 5538 3520 5613">
    <p class='ocr_par' dir='ltr' id='par_1_120' title="bbox 1935 5538 3520 5613">
     <span class='ocr_line' id='line_1_120' title="bbox 1935 5538 3520 5613; baseline 0.001 -15"><span class='ocrx_word' id='word_1_934' title='bbox 1935 5554 2088 5599; x_wconf 88' lang='lat' dir='ltr'><strong>antea</strong></span> <span class='ocrx_word' id='word_1_935' title='bbox 2112 5541 2225 5613; x_wconf 89' lang='lat' dir='ltr'><strong>jam</strong></span> <span class='ocrx_word' id='word_1_936' title='bbox 2269 5540 2502 5596; x_wconf 83' lang='lat' dir='ltr'><strong>fecerat?</strong></span> <span class='ocrx_word' id='word_1_937' title='bbox 2542 5538 2658 5594; x_wconf 84' lang='lat' dir='ltr'><strong>Non</strong></span> <span class='ocrx_word' id='word_1_938' title='bbox 2703 5554 2831 5595; x_wconf 91' lang='lat' dir='ltr'><strong>sane</strong></span> <span class='ocrx_word' id='word_1_939' title='bbox 2866 5541 2995 5594; x_wconf 90' lang='lat' dir='ltr'><strong>istos</strong></span> <span class='ocrx_word' id='word_1_940' title='bbox 3037 5541 3171 5595; x_wconf 90' lang='lat' dir='ltr'><strong>duos</strong></span> <span class='ocrx_word' id='word_1_941' title='bbox 3209 5557 3520 5610; x_wconf 86' lang='lat' dir='ltr'><strong>sermones,</strong></span> 
     </span>
    </p>
   </div>
   <div class='ocr_carea' id='block_1_121' title="bbox 1934 5630 3519 5705">
    <p class='ocr_par' dir='ltr' id='par_1_121' title="bbox 1934 5630 3519 5705">
     <span class='ocr_line' id='line_1_121' title="bbox 1934 5630 3519 5705; baseline 0.001 -17"><span class='ocrx_word' id='word_1_942' title='bbox 1934 5647 2161 5705; x_wconf 92' lang='lat' dir='ltr'><strong>quorum</strong></span> <span class='ocrx_word' id='word_1_943' title='bbox 2200 5646 2365 5686; x_wconf 91' lang='lat' dir='ltr'><strong>unum</strong></span> <span class='ocrx_word' id='word_1_944' title='bbox 2412 5630 2724 5697; x_wconf 75' lang='lat' dir='ltr'><strong>Matthzeus,</strong></span> <span class='ocrx_word' id='word_1_945' title='bbox 2768 5630 2991 5686; x_wconf 89' lang='lat' dir='ltr'><strong>alterum</strong></span> <span class='ocrx_word' id='word_1_946' title='bbox 3039 5630 3208 5687; x_wconf 86' lang='lat' dir='ltr'><strong>Lucas</strong></span> <span class='ocrx_word' id='word_1_947' title='bbox 3261 5633 3519 5701; x_wconf 87' lang='lat' dir='ltr'><strong>inseruit,</strong></span> 
     </span>
    </p>
   </div>
   <div class='ocr_carea' id='block_1_122' title="bbox 1940 5722 3521 5796">
    <p class='ocr_par' dir='ltr' id='par_1_122' title="bbox 1940 5722 3521 5796">
     <span class='ocr_line' id='line_1_122' title="bbox 1940 5722 3521 5796; baseline 0.002 -16"><span class='ocrx_word' id='word_1_948' title='bbox 1940 5726 2092 5796; x_wconf 88' lang='lat' dir='ltr'><strong>longa</strong></span> <span class='ocrx_word' id='word_1_949' title='bbox 2126 5722 2379 5795; x_wconf 88' lang='lat' dir='ltr'><strong>temporis</strong></span> <span class='ocrx_word' id='word_1_950' title='bbox 2423 5722 2668 5778; x_wconf 85' lang='lat' dir='ltr'><strong>distantia</strong></span> <span class='ocrx_word' id='word_1_951' title='bbox 2714 5722 2985 5793; x_wconf 82' lang='lat' dir='ltr'><strong>separari,</strong></span> <span class='ocrx_word' id='word_1_952' title='bbox 3028 5723 3151 5778; x_wconf 90' lang='lat' dir='ltr'><strong>hinc</strong></span> <span class='ocrx_word' id='word_1_953' title='bbox 3181 5725 3521 5796; x_wconf 87' lang='lat' dir='ltr'><strong>probabiliter</strong></span> 
     </span>
    </p>
   </div>
   <div class='ocr_carea' id='block_1_123' title="bbox 2672 5814 3164 5891">
    <p class='ocr_par' dir='ltr' id='par_1_123' title="bbox 2672 5814 3164 5891">
     <span class='ocr_line' id='line_1_123' title="bbox 2672 5814 3164 5891; baseline -0.006 -15"><span class='ocrx_word' id='word_1_954' title='bbox 2672 5814 3164 5891; x_wconf 65' lang='lat' dir='ltr'><strong>{Tremo-cian</strong></span> 
     </span>
    </p>
   </div>
  </div>
