3878 6338
399 334 536 392 1099

398 450 650 511 creditur,
695 444 834 516 quod
877 453 927 501 et
963 453 1084 499 ante
1109 453 1161 498 et
1191 451 1374 514 postea
1406 444 1645 514 qumtlam
1673 442 1863 499 similia
1902 442 1986 498 vel

399 544 584 599 eadem
611 542 766 594 ambo
794 550 1104 600 narrarunt,
1132 549 1188 592 ut
1214 554 1318 592 non
1355 537 1580 591 absurde
1610 538 1868 591 sentiatur
1892 552 1984 592 eo-

399 649 517 688 rum
558 634 890 688 narrationes
930 632 1044 686 lnrc
1075 631 1520 700 interponentium
1552 629 1602 682 in
1630 628 1827 682 eisdem
1857 628 1987 682 locis

399 737 452 782 et
475 728 660 782 diebus
688 742 806 783 esse
848 737 1103 780 versatas.
1126 725 1256 778 Nam
1285 724 1562 778 Matthmus
1593 723 1693 778 hoc
1721 724 1787 776 ita
1814 722 1940 776 dicit
1970 739 1983 776 :

400 820 466 874 Et
506 830 688 874 secuta:
725 829 839 872 sunt
875 835 989 871 eum
1020 820 1176 871 turba?
1205 816 1374 871 multa?
1406 817 1468 868 de
1490 814 1722 880 Galila’a,
1752 825 1796 868 et
1826 814 1988 879 Deca—

400 911 532 981 poli,
580 921 624 964 et
666 910 996 980 Jerosolymis
1017 953 1029 973 ,
1061 918 1108 962 et
1133 909 1317 961 Judtea
1345 918 1388 961 et
1427 907 1489 960 de
1524 918 1661 962 trans
1686 905 1983 961 Jordanem.

409 1002 595 1056 Videns
620 1014 785 1055 autent
817 1004 986 1056 turbas
1009 1000 1229 1054 ascendit
1259 1001 1309 1053 in
1339 1009 1588 1062 montem;
1617 1011 1661 1053 et
1690 1017 1803 1053 cum
1830 1000 1988 1053 sedis-

399 1106 469 1148 set
490 1139 502 1155 ,
538 1103 846 1148 accesserunt
877 1094 944 1146 ad
987 1111 1102 1146 eum
1143 1093 1379 1162 discipuli
1421 1093 1546 1161 cjus.
1577 1091 1644 1144 Et
1675 1093 1905 1161 aperiens
1935 1110 1988 1156 os

401 1205 543 1238 suum
583 1189 786 1240 docebat
825 1203 906 1238 eos
934 1187 1104 1239 dicens
1132 1202 1148 1238 :
1179 1184 1321 1237 Beati
1348 1202 1593 1252 pauperes
1619 1185 1796 1254 spiritu
1817 1227 1828 1248 ,
1861 1201 1986 1254 quo-

403 1284 538 1335 niam
569 1283 792 1351 ipsorum
821 1291 891 1336 est
931 1298 1136 1348 regnum
1167 1282 1404 1334 cmlorum
1424 1321 1437 1342 ,
1469 1287 1521 1332 ct
1551 1288 1740 1332 ea-tera
1776 1275 1986 1350 (Matth.

401 1389 469 1430 tv.
499 1374 567 1426 93
586 1390 597 1436 ;
617 1390 684 1428 vu
706 1417 720 1438 ,
748 1371 859 1442 29).
882 1374 977 1426 llic
1006 1381 1176 1439 potest
1201 1371 1364 1424 videri
1400 1371 1590 1422 multas
1618 1371 1797 1422 turbas
1826 1369 1992 1424 vitare

400 1467 633 1520 Voluisse
655 1510 666 1527 ,
700 1476 752 1518 ct
791 1467 858 1517 ob
886 1465 984 1518 hoc
1015 1464 1317 1517 ascendisse
1359 1464 1408 1516 in
1441 1472 1671 1516 montem
1697 1505 1711 1526 ,
1739 1469 1986 1531 tauquam

401 1559 698 1613 sccctlendo
726 1575 751 1609 a
781 1559 945 1610 turbis
967 1599 978 1616 ,
1010 1567 1063 1608 ut
1087 1557 1210 1609 solis
1237 1556 1347 1607 suis
1368 1555 1640 1622 diaripulis
1663 1554 1986 1621 loqueretur.

401 1652 499 1706 Cui
546 1654 620 1706 rei
652 1654 857 1705 videtur
900 1651 1136 1703 attnstari
1181 1651 1337 1702 etiam
1392 1649 1558 1700 LIIl‘nS
1582 1690 1594 1714 ,
1627 1648 1694 1700 ita
1723 1662 1944 1701 narrans
1974 1663 1988 1699 :

404 1745 619 1797 Factum
641 1753 711 1796 est
739 1754 899 1795 autem
924 1743 970 1793 in
1001 1742 1101 1793 illis
1129 1742 1330 1794 diebus.
1364 1741 1478 1791 eriit
1506 1741 1552 1791 in
1578 1749 1789 1791 montrm
1811 1755 1956 1791 orare
1975 1780 1988 1802 ,

403 1845 449 1889 et
486 1845 591 1890 erat
635 1844 927 1901 pernoctaus
958 1834 1005 1884 in
1046 1833 1271 1884 oratione
1307 1830 1416 1883 Dei.
1468 1830 1529 1881 Et
1559 1847 1668 1881 cum
1698 1831 1800 1882 dies
1829 1834 1993 1898 factus

403 1939 561 1994 esset,
610 1928 796 1980 vocarit
834 1925 1107 1994 discipulos
1149 1941 1298 1988 suos,
1341 1933 1385 1976 et
1439 1923 1580 1990 elegit
1630 1921 1892 1973 duodecim
1933 1937 1994 1974 ex

405 2021 553 2088 ipsis,
577 2037 700 2089 quos
721 2028 763 2071 et
786 2018 1050 2086 Apostolus
1071 2015 1341 2069 nominarit
1375 2030 1391 2068 :
1425 2013 1711 2075 Simonem,
1746 2030 1888 2082 quum
1910 2029 1994 2065 co-

403 2113 709 2184 gnominavit
739 2110 943 2163 Petrum
964 2152 975 2171 ,
1001 2119 1044 2162 et
1073 2109 1320 2161 Andreum
1354 2107 1561 2175 fratrem
1583 2107 1709 2176 ejus,
1741 2103 1993 2157 Jacobum

403 2214 449 2256 et
478 2202 756 2265 .Itmnncnt,
792 2200 1087 2268 Philippum
1128 2209 1172 2250 ct
1207 2197 1661 2258 Bartholomwum,
1696 2193 1994 2255 Matt/ticum

404 2305 451 2347 et
484 2295 754 2356 Thomam,
785 2292 1027 2344 .lacobunt
1067 2289 1265 2357 Alphwi
1292 2299 1338 2342 et
1370 2287 1627 2342 Simonem
1666 2287 1751 2355 qui
1791 2297 1996 2339 vocatur

406 2387 632 2447 Zelotcs,
654 2384 844 2436 Judam
870 2383 1050 2435 Jacobi
1077 2392 1120 2434 et
1139 2381 1330 2433 Judam
1359 2381 1625 2444 Scarioth,
1650 2380 1732 2448 qui
1758 2381 1849 2445 fuit
1880 2397 1994 2444 pro-

405 2481 555 2533 ditor.
586 2477 647 2530 Et
674 2477 971 2530 descendens
993 2492 1104 2528 cum
1131 2475 1233 2527 illis
1259 2475 1391 2527 stetit
1417 2474 1469 2526 in
1499 2473 1607 2525 loco
1635 2472 1919 2540 campestri,
1951 2471 1996 2526 ἐι

408 2573 554 2625 turba
576 2569 941 2638 discipulorum
973 2569 1077 2636 eius
1100 2610 1113 2633 ,
1145 2577 1191 2621 et
1213 2565 1481 2619 multitudo
1501 2566 1702 2633 capiosa
1731 2564 1904 2631 plebis,
1936 2565 1996 2617 ab

413 2664 550 2717 onmi
585 2661 789 2723 Indica,
833 2671 876 2713 ct
914 2659 1231 2724 Jerusalem,
1259 2668 1303 2711 ct
1331 2659 1614 2723 maritima,
1657 2668 1703 2712 et
1740 2658 1856 2728 Tyri
1880 2659 1918 2724 ²,
1952 2666 1998 2712 et

407 2753 617 2809 Sidonis
637 2794 650 2817 ,
679 2752 762 2820 qui
792 2760 1024 2804 venerant
1054 2760 1107 2802 ut
1151 2750 1383 2802 audirent
1407 2765 1520 2802 eum
1557 2758 1602 2801 et
1628 2759 1928 2802 sanarentur
1966 2765 1998 2802 a

405 2844 728 2914 languoribus
753 2844 875 2896 suis.
912 2841 974 2893 Et
1005 2843 1088 2912 qui
1113 2841 1420 2894 vexabantur
1441 2858 1470 2892 a
1497 2840 1752 2910 spiritibus
1774 2840 1995 2892 immun-

406 2936 484 2988 dis
505 2978 517 3000 ,
543 2936 862 2987 curabantur.
900 2932 966 2985 Et
995 2935 1156 2986 omnis
1186 2934 1329 2986 turba
1351 2931 1601 3004 quccrcbat
1620 2950 1733 2986 eum
1759 2942 1959 3001 tangere
1980 2974 1994 2996 ,

405 3026 519 3094 quia
544 3027 695 3077 virtus
724 3026 784 3076 de
809 3023 898 3076 illo
925 3023 1087 3076 exibat
1105 3065 1118 3087 ,
1151 3034 1198 3076 et
1224 3024 1434 3075 sanabat
1463 3041 1648 3076 omnes.
1683 3023 1748 3076 Et
1777 3025 1881 3093 ipse
1900 3022 1994 3083 ele-

405 3117 532 3168 vatis
562 3116 719 3167 oculis
747 3116 797 3166 in
825 3115 1098 3182 discipulos
1135 3132 1252 3167 suos
1294 3113 1483 3167 dicebat
1509 3130 1526 3166 :
1549 3112 1692 3166 Beati
1719 3132 1959 3184 pauperes
1979 3157 1993 3180 ,

405 3211 523 3277 quia
556 3217 768 3261 restrum
797 3217 864 3260 est
893 3223 1099 3275 regnum
1129 3205 1241 3268 Dei,
1274 3214 1374 3260 etc.
1407 3205 1552 3276 (Luc.
1579 3223 1651 3271 Vl,
1683 3207 1745 3260 12
1775 3207 1997 3272 49).ῐὶῙο

405 3309 582 3370 potest
625 3298 841 3368 intelligi
888 3313 1008 3352 cum
1061 3299 1110 3351 in
1160 3307 1343 3352 monte
1384 3297 1661 3351 duodecim
1705 3297 1996 3365 discipulos

407 3390 565 3460 elegit
609 3407 672 3445 ex
725 3389 994 3458 pluribus,
1028 3404 1160 3457 quos
1191 3389 1469 3457 Apostolos
1501 3388 1822 3446 nominavit,
1856 3388 1994 3459 quod

405 3481 682 3537 Mattiacas
714 3482 1084 3551 [ιιςίξιριοιιιίδῑι,
1135 3489 1256 3534 tunc
1301 3480 1446 3533 illum
1495 3479 1744 3532 habuisse
1789 3495 1995 3532 sermo‘

403 3591 526 3631 nem
572 3590 729 3646 quem
776 3574 1052 3628 Matthzcus
1100 3574 1446 3642 interposuit,
1491 3580 1543 3626 et
1587 3571 1757 3626 Lucas
1801 3571 1995 3638 tacuit,

405 3666 507 3721 hoc
544 3675 627 3721 est
667 3667 719 3719 in
764 3675 976 3728 monte;
1020 3679 1080 3718 ac
1117 3663 1309 3718 deinde
1344 3679 1464 3718 cum
1505 3662 1901 3727 descendisset,
1943 3663 1995 3716 in

402 3756 523 3813 loco
570 3757 853 3826 campestri
902 3755 1149 3807 babui~~se
1191 3756 1411 3808 alterum
1463 3753 1726 3816 similem,
1775 3754 1840 3807 de
1891 3769 1997 3823 quo

404 3847 676 3902 Matthazus
705 3855 870 3906 tacet,
925 3847 1091 3898 lucas
1121 3862 1223 3898 non
1255 3854 1390 3898 tacet
1426 3863 1438 3896 :
1485 3854 1537 3898 et
1568 3856 1847 3916 utrumque
1875 3861 1993 3900 ser‘

406 3953 616 3991 mouent
649 3936 837 3991 eodem
870 3936 1027 3988 modo
1055 3951 1172 3988 esse
1201 3936 1529 3988 conclusum.

477 4026 566 4080 46.
598 4025 748 4092 Quod
777 4035 949 4077 autem
985 4024 1259 4078 Matthzcus
1299 4025 1400 4078 isto
1429 4040 1676 4079 sermone
1715 4027 1997 4083 terminato

408 4116 646 4187 sequitur
670 4126 723 4169 et
748 4115 903 4181 dicit,
937 4113 1001 4166 Et
1024 4119 1212 4184 factum
1238 4122 1326 4176 est,
1350 4131 1461 4168 cum
1491 4129 1878 4170 consummasset
1906 4117 1997 4172 Je-

406 4226 492 4262 sus
521 4207 666 4262 verba
688 4208 792 4261 hate
813 4248 824 4269 ,
856 4205 1234 4258 admirabantur
1253 4205 1410 4259 turbte
1434 4223 1582 4276 super
1599 4206 1826 4261 doctrina
1849 4210 1957 4277 ejus
1976 4250 1992 4276 ,

406 4308 582 4371 potest
617 4299 781 4353 videri
823 4298 1200 4367 discipulorum
1239 4299 1416 4351 turbas
1442 4297 1676 4364 dixisse,
1703 4313 1766 4356 ex
1803 4299 1997 4367 quibus

407 4392 527 4444 illos
552 4389 830 4444 duodecim
861 4390 1111 4459 elegerat.
1146 4389 1293 4454 Quod
1318 4403 1442 4442 vero
1469 4402 1591 4442 mox
1616 4389 1718 4456 ait,
1745 4388 1868 4442 Cum
1899 4408 1994 4441 au-

408 4493 506 4535 tem
535 4481 864 4538 descendisset
894 4479 956 4532 de
987 4489 1149 4533 monte
1170 4522 1183 4543 ,
1211 4489 1389 4534 secutte
1413 4489 1660 4533 suntcum
1688 4480 1845 4533 turtur
1870 4498 1910 4532 nt
1938 4481 1996 4534 rl-

408 4583 471 4626 tte
506 4590 521 4625 :
553 4583 597 4624 et
623 4589 733 4626 ecce
767 4572 992 4641 leprosus
1014 4576 1212 4626 veniens
1256 4573 1498 4627 adorabat
1536 4591 1648 4626 eum
1667 4615 1680 4640 ,
1710 4584 1883 4644 potest
1914 4581 1995 4628 in-

407 4665 570 4733 telligi
611 4673 730 4732 post
765 4673 1046 4732 utrumque
1087 4680 1388 4719 sermonem
1421 4665 1614 4717 factum
1647 4664 1840 4732 fuisse,
1889 4683 1995 4721 non

407 4757 582 4814 solum
614 4771 771 4826 quem
798 4755 1107 4821 Matthacus,
1138 4774 1322 4812 verum
1353 4759 1508 4812 etiam
1539 4772 1695 4826 quem
1719 4757 1886 4811 Lucas
1914 4761 1995 4812 in-

406 4849 659 4919 terponit.
710 4847 891 4918 Neque
917 4847 1057 4901 enim
1085 4858 1302 4917 apparet
1331 4859 1450 4917 post
1479 4849 1878 4906 drscensionem
1930 4851 1997 4906 de

404 4951 590 4998 monte
636 4949 889 5010 quantum
941 4941 1192 5009 temporis
1239 4939 1395 4993 fuerit
1443 4941 1846 5011 interpositum;
1902 4943 1995 4996 sed

406 5031 511 5088 hoc
535 5032 705 5086 solum
744 5030 909 5084 voluit
930 5029 1225 5098 signiﬁcare
1256 5029 1550 5095 Matthmus,
1584 5041 1701 5098 post
1731 5032 1870 5085 illam
1903 5033 1996 5087 de-

407 5123 742 5181 scensionem
765 5122 958 5176 multas
986 5121 1164 5175 turbas
1184 5121 1347 5176 fuisse
1369 5136 1489 5175 cum
1515 5123 1758 5188 Domino,
1783 5125 1997 5192 quando

407 5221 678 5290 leprosum
708 5215 986 5274 mundavit
1004 5257 1018 5283 ,
1048 5231 1152 5268 non
1180 5224 1432 5285 quantmn
1458 5214 1710 5284 temporis
1737 5215 1994 5271 interluc-

405 5314 502 5367 rit:
524 5311 821 5382 praesertim
842 5325 962 5365 cum
976 5308 1220 5377 eumdem
1241 5308 1503 5378 leprosum
1523 5307 1699 5370 Lucas
1707 5307 1817 5376 jam
1845 5309 1897 5363 in
1920 5309 1998 5363 ci-

403 5404 569 5459 vitate
619 5404 794 5473 posito
842 5402 1070 5455 Domino
1115 5399 1256 5455 dicat
1302 5415 1420 5455 esse
1463 5400 1806 5467 mandatum,
1853 5399 1996 5471 quod

405 5492 681 5550 Matthmus
700 5494 878 5549 dicere
903 5507 1006 5547 non
1033 5493 1254 5546 curavit.

478 5588 568 5640 47,
608 5586 918 5656 Quanquam
939 5585 1098 5639 etiam
1123 5583 1252 5638 illud
1279 5583 1446 5654 possit
1469 5597 1778 5652 occurrere,
1811 5584 1863 5639 in
1898 5585 1996 5639 aii-

473 5722 489 5750 ¹
515 5727 606 5790 tios
624 5733 733 5770 cum
757 5719 918 5790 editis,
928 5724 986 5790 _et
1006 5715 1248 5790 maritima
1264 5722 1320 5790 _et
1347 5725 1473 5779 Tyri.
1498 5723 1555 5766 At
1774 5727 1910 5790 Mss,
1935 5724 1994 5788 et
2027 5757 2054 5781 ς

407 5780 651 5834 maritima
678 5779 789 5841 Tyri
810 5793 827 5830 :
845 5778 1040 5841 omisso,
1063 5785 1127 5842 et,
1149 5778 1278 5854 quod
1299 5790 1329 5828 a
1349 5778 1512 5840 εἰςερο
1535 5778 1683 5830 etiam
1703 5780 1861 5832 abest.
1893 5778 1905 5783 ’
1935 5781 1940 5788 “

1213 327 1300 383 DE
1338 327 1683 384 cosscusu
1725 311 2371 396 EVANGELISTARUM,
2411 328 2469 386 s.
2509 301 2867 388 meum.

2093 456 2195 513 qua
2224 443 2515 500 excelsiore
2542 455 2688 518 parte
2708 447 2902 506 montis
2924 448 3097 519 primo
3121 465 3254 507 cum
3278 450 3409 508 solis
3433 450 3676 524 discipulis

2095 532 2375 589 Dominum
2423 536 2615 604 fuisse,
2646 538 2856 614 quando
2886 557 2949 597 ex
2985 541 3061 597 eis
3105 542 3235 598 illos
3268 542 3550 606 duodecim
3574 547 3670 612 cle-

2092 627 2166 698 git
2196 645 2206 680 :
2238 628 2429 685 deinde
2455 647 2574 686 cum
2607 633 2686 690 eis
2705 633 3044 690 descendisse
3062 677 3083 704 ,
3116 652 3234 691 non
3262 635 3340 692 de
3363 646 3541 700 monte
3560 680 3576 710 ,
3598 642 3676 700 sed

2094 717 2160 773 de
2197 719 2305 789 ipsa
2333 723 2528 776 montis
2558 723 2871 780 celsitudine
2910 727 2966 792 in
3003 737 3384 802 campestrem.
3409 729 3604 798 locum.
3630 732 3674 792 id

2093 817 2206 882 est,
2249 812 2300 868 in
2351 814 2580 890 aliquam
2625 816 2978 888 mqualitatem
3001 861 3016 886 ,
3045 835 3175 898 qua:
3210 820 3264 876 in
3296 821 3467 884 latere
3507 824 3678 886 montis

2093 914 2240 971 erat,
2277 913 2330 959 et
2360 907 2548 961 multas
2579 909 2759 964 turbas
2789 926 2981 988 capere
3017 921 3281 984 poterat;
3312 922 3474 986 atque
3497 915 3564 974 ibi
3587 926 3675 980 ste-

2097 995 2222 1050 tisse
2246 991 2415 1052 donec
2455 997 2518 1051 ad
2549 995 2670 1054 eum
2703 1001 2867 1056 turba:
2893 1015 3401 1076 congregarentur:
3433 1021 3496 1068 ac
3521 1018 3679 1077 postea

2094 1104 2213 1142 cum
2240 1089 2493 1162 sedisset,
2518 1095 2806 1154 accessisse
2833 1096 3194 1174 propinquius
3227 1097 3522 1170 discipulos
3546 1103 3676 1172 eius,

2095 1187 2252 1249 atque
2295 1181 2363 1234 ita
2409 1181 2512 1238 illis
2555 1185 2873 1256 czeterisque
2924 1189 3092 1244 turbis
3142 1191 3502 1260 praesentibus
3538 1209 3680 1252 unum

2096 1269 2344 1327 habuisse
2374 1289 2672 1331 sermonem
2696 1319 2708 1341 ,
2742 1293 2898 1350 quem
2932 1277 3224 1340 Matthzeus
3256 1281 3538 1356 Lueasque
3569 1299 3672 1339 nar-

2096 1372 2320 1428 rarunt,
2376 1364 2587 1421 diverso
2632 1369 2879 1424 narrandi
2921 1371 3119 1440 modo,
3177 1373 3282 1429 sed
3323 1373 3512 1432 eadem
3554 1375 3674 1430 veri-

2099 1463 2206 1510 tate
2250 1471 2428 1513 rerum
2475 1470 2531 1516 et
2575 1464 2990 1532 sententiarum,
3035 1482 3177 1537 quas
3224 1467 3391 1524 ambo
3433 1466 3670 1525 dixerunt.

2096 1549 2211 1605 Jam
2238 1552 2379 1606 enim
2417 1557 2828 1626 praemonuimus
2847 1598 2867 1628 ,
2893 1558 3035 1629 quod
3061 1568 3126 1618 ct.
3149 1560 3308 1616 nullo
3341 1572 3672 1631 praemonente

2098 1641 2380 1712 unicuique
2405 1654 2593 1714 sponte
2621 1646 2903 1712 videndum
2937 1647 3063 1714 fuit,
3093 1652 3143 1707 si
3187 1651 3312 1722 quis
3338 1653 3674 1724 praemittat

2097 1733 2294 1804 aliquid
2325 1735 2463 1804 quod
2492 1737 2628 1792 alius
2653 1738 2826 1804 dicat,
2857 1756 2961 1796 non
2984 1755 3105 1799 esse
3132 1743 3506 1808 contrarium;
3535 1741 3676 1800 αεεεί

2098 1825 2231 1880 alius
2259 1827 2365 1884 alio
2394 1829 2551 1886 modo
2577 1831 2770 1902 aliquid
2797 1832 2937 1888 dicat
2955 1876 2978 1904 λ
3001 1834 3134 1890 duxn
3155 1835 3351 1892 eadem
3380 1851 3549 1894 rerum
3572 1850 3670 1891 sen-

2101 1918 2490 1990 tentiarumque
2533 1923 2726 1976 veritas
2753 1923 3093 1996 explicetur:
3128 1935 3190 1982 ut
3239 1926 3390 1997 quod
3428 1925 3678 1982 Mattth

2099 2009 2198 2074 ait,
2229 2009 2352 2063 Cum
2378 2021 2544 2066 autem
2572 2015 2901 2072 descendisset
2934 2018 2997 2074 de
3029 2029 3240 2086 hiante,
3265 2021 3423 2078 simul
3450 2021 3596 2078 etiam
3615 2018 3672 2076 de

2100 2098 2190 2154 illo
2217 2103 2501 2172 campestri
2545 2104 2664 2160 loco
2691 2107 2781 2176 qui
2827 2107 2878 2162 in
2925 2109 3091 2165 latere
3120 2113 3326 2166 montis
3356 2128 3470 2168 esse
3495 2112 3672 2182 potuit,

2101 2189 2439 2262 intelligatur.
2489 2195 2690 2252 Deinde
2734 2197 3009 2256 Matthteus
3058 2202 3130 2256 de
3164 2201 3402 2282 depasta
3445 2201 3664 2266 mndata

2102 2291 2313 2347 narrat,
2336 2284 2476 2354 quod
2501 2288 2660 2344 etiam
2687 2289 2893 2348 Marcus
2917 2301 2972 2348 et
2996 2291 3174 2348 Lucas
3197 2293 3463 2350 similiter.

2100 2369 2326 2430 CAPUT
2343 2374 2463 2429 XX.
2486 2407 2558 2418 —
2579 2379 2840 2444 Quomodo
2873 2381 3009 2437 dicat
3033 2382 3321 2442 Matthazus
3353 2381 3663 2442 Centuriam

2173 2465 2242 2518 ad
2277 2484 2391 2520 eum
2431 2472 2696 2526 accessisse
2745 2490 2842 2543 pro.
2884 2491 3038 2544 puero
3083 2492 3206 2545 suo,
3229 2493 3348 2534 cum
3380 2474 3540 2532 Lucas
3556 2474 3665 2528 dicat

2173 2559 2309 2631 quod
2333 2563 2520 2617 (unicos
2545 2564 2612 2617 ad
2640 2582 2752 2617 eum
2781 2567 2988 2622 miserit.

2174 2653 2261 2708 48.
2287 2653 2412 2707 Post
2438 2653 2550 2710 htec
2577 2655 2856 2714 Matthaeus
2885 2659 3152 2732 sequitur,
3172 2670 3233 2719 et.
3259 2660 3389 2722 dicit
3412 2678 3424 2714 :
3454 2658 3568 2716 Cum
3584 2674 3659 2716 atto

2105 2753 2199 2798 tem
2227 2745 2475 2802 introisset
2497 2747 2856 2819 Capharnaum
2879 2794 2894 2814 ,
2926 2755 3137 2808 accessit
3165 2755 3235 2818 ad
3269 2755 3412 2808 illum
3429 2751 3659 2817 Centurio,

2103 2853 2289 2906 rogans
2332 2855 2446 2891 eum
2471 2879 2486 2904 ,
2529 2848 2574 2891 et
2613 2841 2822 2894 dicens:
2855 2841 3111 2913 Domine,
3151 2860 3439 2916 paenitens
3468 2845 3586 2916 jacet
3616 2841 3669 2894 in.

2105 2928 2254 2982 domo
2284 2931 2590 3001 paralyticus
2612 2975 2624 2998 ,
2658 2943 2704 2987 et
2729 2935 2864 2988 male
2885 2945 3159 3005 torquetur,
3191 2946 3248 2992 et
3277 2945 3493 3000 caetera,
3524 2943 3658 3001 usque

2104 3021 2170 3073 ad
2203 3037 2322 3075 eum
2363 3022 2531 3074 locum
2561 3023 2645 3076 ubi
2672 3025 2777 3088 ait,
2806 3022 2873 3080 Et
2893 3034 3102 3080 sanatus
3123 3036 3198 3082 est
3217 3043 3346 3097 puer
3369 3041 3431 3086 ex,
3453 3023 3532 3078 illa
3557 3021 3667 3078 hare

2105 3110 2318 3184 (Matth.
2347 3128 2441 3168 vm
2463 3156 2476 3178 ,
2507 3115 2797 3188 5-i3).lloc
2832 3116 2900 3174 de
2949 3133 3116 3186 puero
3157 3115 3494 3174 Centurionia
3525 3112 3667 3174 etiam.

2105 3201 2275 3257 Lucas
2303 3216 2686 3261 commemorat
2717 3225 2730 3260 :
2764 3222 2866 3262 non
2889 3248 2904 3273 ,
2932 3208 3068 3262 sicut
3111 3209 3232 3274 iste,
3283 3215 3402 3278 post
3427 3205 3664 3274 leprosum

2105 3293 2410 3349 minutatum
2437 3338 2450 3363 ,
2483 3313 2639 3366 quem
2681 3297 2769 3351 ille
2800 3306 2982 3372 postea
3023 3298 3344 3354 recordatus
3374 3303 3655 3352 commemo-

2104 3386 2268 3451 ravit,
2319 3387 2411 3442 sed
2459 3397 2574 3457 post
2629 3390 2786 3444 linem
2842 3391 2984 3446 illius
3038 3391 3349 3462 prolixioris
3398 3381 3656 3444 sermonis.

2105 3478 2246 3548 quod
2276 3479 2344 3532 ita
2376 3479 2648 3552 conjungit
2686 3499 2698 3534 :
2726 3480 2850 3538 Cum
2878 3490 3045 3534 autent
3074 3482 3334 3553 implesset
3362 3478 3516 3533 omnia
3537 3472 3656 3532 verba

2105 3585 2199 3621 sua
2228 3569 2279 3621 in
2303 3586 2450 3624 aures
2477 3569 2662 3638 plebis,
2693 3571 2895 3628 intravit
2919 3570 3294 3641 Capharnaum
3323 3587 3341 3624 :
3380 3560 3652 3624 Centurionit

2106 3669 2274 3714 autem
2299 3661 2562 3732 cujusdam
2580 3679 2749 3718 servus
2777 3664 2906 3717 male
2932 3663 3119 3718 habens
3144 3674 3251 3720 erat
3282 3649 3662 3723 moriturus.,,qtti

2105 3749 2184 3806 illi
2224 3762 2329 3806 erat
2374 3754 2652 3823 pretiosus,
2690 3765 2818 3822 etc.,
2869 3771 3035 3825 usque
3086 3757 3145 3812 in
3193 3771 3317 3814 eum
3357 3755 3516 3806 locum
3561 3755 3647 3814 (Ιυο

2106 3852 2327 3899 sanatus
2379 3855 2459 3898 est
2505 3843 2655 3916 (Luc.
2680 3863 2750 3902 vn
2771 3888 2787 3910 ,
2818 3835 2987 3917 1-10).
3020 3847 3116 3902 Hic
3148 3842 3529 3914 intelligendum
3553 3843 3646 3898 est,

2106 3950 2228 3990 cum
2279 3935 2546 4006 implesset
2595 3937 2806 4008 quidem
2858 3938 3033 3992 omnia
3082 3940 3260 3994 verba.
3287 3950 3376 3991 sua
3423 3932 3469 3986 iu
3512 3936 3642 3980 aures

2108 4025 2313 4095 plebis,
2371 4026 2596 4083 intrasse
2641 4028 2911 4083 Christum
2964 4029 3368 4098 Capharnaum,
3423 4021 3511 4075 hoc
3551 4021 3645 4077 est,

2107 4121 2229 4191 quia
2260 4136 2366 4180 non
2404 4129 2684 4191 antequam
2731 4122 2843 4175 lucc
2872 4121 3034 4176 verba
3066 4122 3399 4177 terminasset
3424 4105 3637 4167 intravit:

2107 4210 2203 4266 sed
2241 4227 2346 4266 non
2391 4227 2510 4267 esse
2537 4227 2846 4281 expressum
2889 4221 3006 4281 post
3050 4219 3305 4281 quantum
3335 4199 3558 4272 temporis
3581 4196 3642 4248 iﬂ'

2110 4303 2390 4359 tervallum
2420 4320 2538 4360 cum
2580 4304 2709 4358 istos
2744 4318 3024 4358 sermones.
3047 4303 3378 4358 terminasset
3414 4282 3640 4348 intraverit

2104 4395 2500 4464 Capharnaum.
2553 4394 2672 4462 lpso
2723 4396 2918 4466 quippe
2974 4394 3249 4450 intervallo
3309 4390 3523 4458 leprosus
3569 4373 3640 4428 ille

2109 4488 2392 4544 mundatus
2420 4498 2529 4553 est,
2559 4505 2716 4558 quem
2765 4488 2882 4544 loco
2925 4503 3022 4544 suo
3063 4487 3338 4550 Matutinus
3365 4471 3634 4546 interponit,

2110 4580 2211 4635 iste
2235 4591 2410 4634 autem
2446 4589 2624 4649 postea
2655 4580 2979 4636 recordatur.
3643 4551 3660 4636 l

2183 4673 2268 4727 49.
2312 4672 2426 4726 lam
2457 4689 2583 4743 ergo
2627 4672 2896 4730 videamus
2925 4680 3100 4728 utrum
3148 4668 3247 4728 sibi
3283 4667 3349 4726 de
3385 4663 3475 4716 hoc
3509 4659 3660 4743 scftot

2106 4762 2451 4817 Centurionis
2497 4738 2770 4817 blatthams
2825 4761 3098 4831 Lucasque
3151 4753 3480 4816 consentiant.
3529 4738 3667 4818 Μαι(

2111 4853 2284 4907 lltmus
2312 4855 2452 4908 enim
2479 4853 2606 4909 dicit
2636 4871 2648 4906 :
2690 4852 2909 4906 Accessit
2954 4852 3030 4904 ad.
3058 4869 3169 4906 eum
3209 4841 3460 4912 Centurio,
3485 4838 3633 4900 νοραηε

2115 4959 2230 4997 eum
2259 4952 2305 4997 et
2345 4944 2514 4998 dicens
2545 4961 2563 4998 :
2593 4942 2728 4997 Puer
2754 4960 2892 4998 meus
2911 4943 3051 5012 jacet
3081 4942 3131 4995 in
3177 4941 3330 4994 domo.
3352 4920 3630 5016 Famam?"

2108 5035 2208 5090 Cui
2238 5035 2440 5089 videtur
2462 5052 2754 5105 repugnare
2783 5007 2927 5106 quod
2951 5035 3024 5088 ait
3045 5033 3211 5090 Lucas
3243 5047 3254 5082 :
3280 5025 3345 5080 Et
3368 5007 3630 5076 cantaridis:

2109 5136 2186 5182 set
2210 5127 2272 5181 de
2301 5125 2421 5180 Jesu
2442 5169 2457 5190 ,
2491 5128 2620 5180 misit
2661 5127 2727 5179 ad
2761 5144 2870 5180 eum
2896 5125 3114 5179 seniores
3138 5120 3464 5178 Juda'ontma.
3482 5108 3628 5167 709"”

2110 5237 2225 5275 eum
2257 5231 2309 5272 ut
2342 5219 2524 5272 veniret
2543 5259 2557 5283 ,
2593 5229 2640 5272 et
2661 5219 2875 5273 salvaret
2899 5233 3093 5284 servum
3112 5217 3236 5286 ejus.
3266 5209 3325 5264 At
3349 5202 3416 5258 illi
3439 5207 3536 5251 cum

2111 5312 2303 5370 nissent
2343 5311 2410 5364 ad
2445 5310 2618 5366 Jesum
2661 5311 2901 5380 rogabant
2943 5326 3054 5364 eum
3095 5285 3327 5365 sollicite,
3356 5285 3625 5380 dicentesfti

2113 5402 2250 5476 Quia
2276 5403 2459 5474 dignus
2486 5411 2588 5466 est,
2615 5411 2667 5458 ut
2685 5377 2778 5454 hoc
2797 5399 2873 5455 illi
2892 5409 3096 5470 prastat:
3116 5415 3136 5452 :
3156 5391 3309 5464 diligit
3331 5384 3447 5476 enin

2110 5470 2371 5559 nostram;
2399 5505 2442 5547 et
2466 5509 2774 5565 synagogam
2798 5492 2910 5562 ipse
2937 5490 3198 5558 nidiﬁcauit
3222 5480 3369 5540 nobis.
3392 5470 3634 5565 183%"?

2113 5597 2212 5642 tem
2238 5587 2339 5639 ibat
2358 5557 2473 5640 cum
2490 5557 2639 5642 illis-.4
2658 5557 2708 5643 et
2731 5557 2847 5640 cum
2855 5585 2971 5654 jam
2999 5557 3264 5650 nonlongs
3281 5577 3448 5636 metu
3473 5557 3622 5654 ᾱοἺ

2113 5630 2212 5642 η...
2240 5630 2337 5639 η-.
2362 5630 2473 5640 η..-
2493 5630 2594 5642 ...η
2622 5630 2634 5640 .
2664 5630 2706 5643 η
2731 5630 2970 5654 mur-.-
2999 5630 3238 5650 .-_.-.----,,
3327 5630 3332 5636 .

2112 5677 2249 5731 misit
2286 5677 2354 5728 ad
2385 5692 2498 5729 eum
2537 5673 2771 5731 Centurio
2812 5673 2997 5730 amicos
3024 5673 3194 5736 dicens
3231 5682 3250 5720 :
3287 5654 3503 5716 Domine,

2106 5767 2284 5826 vexari
2306 5783 2327 5823 :
2353 5783 2454 5822 non
2488 5767 2618 5823 enim
2653 5765 2837 5824 dianus
2857 5779 2970 5824 sum
3012 5772 3065 5819 ut
3102 5761 3194 5820 sub
3216 5761 3381 5814 tectum
3402 5739 3619 5800 1111⁸³³⁸*

1868 5907 1884 5919 ν
1935 5904 1940 5906 -
1951 5891 1976 5907 ’Τ
2042 5883 2107 5925 ε.
