3878 6318
271 315 423 386 1101
1616 315 1820 364 um
1857 315 1875 359 ι

271 443 425 500 tres;
453 435 655 505 propter
678 426 817 500 quod
839 434 890 488 at
911 423 1162 497 “ipsum
1179 437 1282 480 nec
1302 437 1418 477 nm
1435 420 1645 493 ἄρκεια
1664 421 1875 474 arbitra-

166 574 174 580 .
271 536 368 592 tus
394 535 453 586 ,ιιι
491 527 708 590 sentirem
745 523 816 578 ad
833 530 888 578 te
921 537 944 576 :
971 519 1061 577 sed
1085 518 1171 574 the
1194 517 1370 582 uerbo,
1399 525 1446 570 et
1471 515 1730 570 sanabitur
1754 530 1879 585 puer

275 636 449 684 mss.
477 617 533 678 Si
557 617 700 674 enim
730 614 832 674 huc
884 614 956 670 ita
983 621 1191 685 gestum
1211 619 1294 668 est
1312 651 1327 676 ,
1353 608 1622 680 quomoda
1649 608 1752 664 erit
1784 621 1878 664 ve-

272 727 406 770 rum
449 710 593 782 quod
635 710 914 768 Mattiacas
939 715 1156 771 narrat,
1186 703 1404 759 Accessit
1439 702 1509 756 ad
1535 717 1649 756 eum
1671 700 1881 771 quidam

270 802 525 863 Centurio
546 845 561 867 ,
587 818 712 859 cum
751 801 866 872 ipse
887 815 1001 856 non
1017 795 1310 856 accemerit
1327 835 1343 861 ,
1365 794 1462 850 sed
1483 794 1689 850 amicos
1717 793 1878 848 mise-

272 894 352 950 rit
369 895 395 948 ?
426 894 527 949 nisi
546 894 828 964 diligenter
842 891 1179 948 advel-tentes
1201 887 1560 958 intelligamus
1576 883 1880 942 Matthteam

272 1002 394 1044 non
417 989 562 1043 omni
587 987 748 1048 modo
769 985 1076 1042 deseruisse
1091 984 1347 1041 usitatum
1373 996 1579 1037 morem
1607 977 1879 1050 loquendi.

271 1079 401 1140 Non
442 1080 618 1144 solum
643 1080 789 1135 enim
817 1078 999 1134 dicere
1035 1078 1274 1134 solemus
1295 1074 1593 1130 accessisse
1616 1072 1843 1143 aliquem
1863 1113 1878 1138 ,

273 1173 448 1230 etiam
472 1181 757 1243 antequam
778 1172 1054 1243 perveniat
1073 1170 1199 1226 illuc
1217 1184 1326 1240 quo
1343 1168 1540 1224 dicitur
1559 1166 1880 1231 accessisse;

272 1264 432 1320 unde
451 1265 616 1320 etiam
641 1265 870 1320 dicimus
891 1306 906 1331 ,
935 1265 1129 1319 Parum
1157 1263 1402 1324 accessit.
1438 1260 1524 1316 vel
1552 1259 1774 1314 multum
1797 1273 1886 1313 ac-

269 1355 452 1411 cessit
469 1397 486 1422 ,
515 1371 584 1411 eo
605 1371 716 1426 quo
743 1355 948 1425 appetit
971 1353 1255 1426 pervenire
1276 1370 1294 1407 ε
1323 1365 1514 1408 verum
1535 1351 1694 1405 etiam
1716 1350 1885 1420 ipsam

273 1448 690 1518 pensationem
715 1448 871 1517 cujus
892 1445 1252 1518 adipiscenda
1275 1459 1435 1501 causa
1474 1443 1768 1510 acceditur,
1797 1441 1885 1496 di-

271 1539 460 1595 cimus
483 1538 796 1609 plerumque
815 1537 1009 1593 factum
1030 1578 1047 1604 ,
1071 1535 1173 1592 etsi
1202 1550 1326 1592 eum
1349 1536 1417 1590 ad
1440 1549 1600 1606 quem
1623 1532 1885 1604 pervenit,

271 1644 397 1688 non
425 1629 606 1696 videat
629 1629 720 1683 ille
739 1628 830 1698 qui
849 1628 1113 1699 pervenit,
1134 1643 1255 1684 eum
1279 1641 1380 1698 per
1393 1626 1622 1681 amicum
1648 1621 1892 1696 pervenit

271 1719 350 1776 ad
369 1721 627 1792 aliquem,
644 1719 798 1789 cujus
812 1720 863 1774 ei
890 1719 1043 1776 lavor
1064 1728 1149 1774 est
1171 1718 1531 1775 necessarius.
1549 1714 1703 1782 Quod
1727 1715 1796 1768 ita
1814 1722 1892 1769 te-

277 1811 412 1874 nuit
427 1810 776 1878 consuetudo,
793 1819 852 1866 ut
864 1810 977 1882 jam
991 1810 1155 1866 etiam
1173 1809 1330 1880 vulgo
1347 1816 1694 1879 perventores
1711 1803 1895 1874 appel-

279 1906 495 1972 lentur,
511 1904 602 1976 qui
623 1904 916 1975 potentium
940 1902 1301 1974 quorumlibet
1326 1908 1573 1971 tanquam
1612 1895 1896 1953 inaccessi-

278 1997 429 2054 biles
447 1998 674 2063 auimos,
695 2013 790 2068 per
805 1995 1233 2053 convenientium
1249 2007 1598 2064 personarum
1615 1992 1898 2063 interposi—

283 2091 523 2156 tionem,
539 2089 842 2146 ambitionis
859 2097 972 2144 arte
988 2088 1315 2160 pertingant.
1333 2085 1389 2142 Si
1401 2083 1658 2156 ergoipsa
1680 2097 1900 2154 perven-

287 2183 374 2240 tio
387 2183 587 2238 usitate
603 2179 799 2236 dicitur
813 2195 910 2252 per
924 2181 1056 2235 alios
1075 2179 1189 2234 ﬁeri
1207 2219 1220 2241 ,
1243 2185 1442 2248 quanto
1468 2175 1636 2246 magis
1656 2188 1900 2228 accessus

291 2291 399 2350 per
429 2275 564 2332 alios
601 2274 717 2329 ﬁeri
760 2279 955 2344 potest,
979 2273 1070 2343 qui
1093 2272 1407 2342 plerumque
1432 2268 1567 2324 infra
1595 2267 1900 2338 perventioo

289 2381 426 2422 nem
444 2373 704 2430 remanet,
723 2362 939 2435 quando
966 2362 1196 2432 potuerit
1220 2362 1444 2430 quisque
1471 2359 1758 2430 plurimum
1785 2356 1904 2428 qui—

293 2458 428 2515 dem
439 2457 716 2522 accedere,
732 2457 826 2512 sed
854 2466 1031 2511 tamen
1055 2469 1164 2510 non
1191 2453 1425 2525 potuerit
1451 2451 1770 2524 pervenire?
1789 2449 1905 2505 Non

296 2563 437 2619 ergo
460 2547 690 2604 absurde
714 2547 1016 2613 Matthteus,
1032 2546 1191 2601 etiam
1213 2544 1355 2616 quod
1375 2545 1534 2615 vulgo
1553 2545 1724 2614 possit
1748 2541 1907 2597 intel-

301 2628 410 2712 ligi
427 2681 440 2706 ,
467 2655 566 2712 per
590 2641 724 2696 alios
751 2642 888 2696 laeto
920 2654 1138 2696 accessu
1158 2637 1496 2694 Centunonis
1515 2637 1581 2692 ad
1605 2636 1908 2702 Dominum,

300 2733 633 2804 compendio
657 2731 836 2788 dicere
862 2732 1031 2787 voluit
1049 2773 1066 2800 ,
1089 2730 1309 2785 Accessit
1321 2729 1391 2783 ad
1415 2745 1531 2784 eum
1555 2726 1813 2784 Centurio.

380 2825 474 2882 50.
535 2825 914 2882 Verumtamen
980 2839 1086 2879 non
1147 2824 1478 2895 negligenter
1524 2822 1777 2878 intuenda
1832 2827 1916 2876 est

303 2920 477 2977 etiam
505 2919 675 2974 sancti
701 2918 1052 2989 Evangelistzn
1077 2916 1302 2971 altitudo
1340 2916 1580 2987 mystica:
1611 2913 1912 2976 locutionis,

306 3009 610 3067 secundum
637 3025 794 3078 quam
823 3010 1075 3078 scriptum
1101 3015 1182 3064 est
1217 3007 1271 3062 in
1299 3006 1541 3071 Psalmo,
1573 3004 1808 3061 Accedite
1847 3005 1916 3059 ad

310 3119 465 3170 eunt,
497 3111 544 3157 et
569 3101 932 3157 illuminamini
972 3099 1143 3175 (Psal.
1191 3115 1352 3155 χχχιιι
1375 3142 1390 3167 ,
1422 3099 1500 3170 6).
1533 3099 1764 3154 Proinde
1793 3099 1918 3170 quia

317 3196 490 3253 ﬁdem
534 3196 912 3263 Centurionis,
951 3209 1055 3265 qua
1104 3208 1232 3250 vere
1278 3191 1548 3248 acceditur
1587 3190 1653 3246 ad
1696 3191 1877 3248 Iesum
1902 3234 1916 3257 ,

311 3288 440 3360 ipse
463 3287 537 3342 ita
563 3285 797 3341 laudavit
820 3293 882 3340 ut
906 3284 1145 3351 diceret,
1181 3281 1303 3336 Non
1341 3282 1507 3336 inveni
1547 3291 1742 3335 tantam
1770 3281 1922 3350 [idem

316 3379 378 3434 in
402 3377 604 3443 Israel;
630 3377 804 3447 ipsum
826 3374 1004 3446 potius
1033 3372 1323 3429 accessisse
1352 3373 1416 3428 ad
1443 3371 1714 3426 Christum
1745 3371 1923 3427 dicere

319 3467 494 3524 voluit
519 3466 754 3539 prudens
773 3464 1109 3536 Evangelista
1125 3505 1141 3531 ,
1163 3477 1321 3534 quam
1342 3461 1465 3518 illos
1490 3478 1585 3533 per
1607 3477 1741 3532 quos
1761 3461 1922 3517 verba

323 3576 428 3618 sua
453 3561 693 3616 miserat.
723 3557 891 3614 Porro
917 3566 1096 3613 autem
1133 3556 1302 3612 Lucas
1329 3553 1450 3611 ideo
1470 3565 1637 3610 totum
1668 3554 1924 3625 quemad-

326 3650 551 3707 modum
581 3657 787 3722 gestum
828 3655 975 3704 esset
1016 3646 1259 3717 aperuit,
1290 3654 1348 3700 ut
1384 3659 1452 3701 ex
1490 3643 1590 3700 hoc
1631 3645 1927 3714 intelligere

321 3755 664 3814 cogeremur,
707 3737 1157 3812 quemadmodum
1217 3751 1339 3792 eum
1402 3735 1691 3793 accessisse
1735 3736 1928 3792 dixerit

325 3835 474 3889 alius
508 3831 599 3902 qui
627 3831 837 3886 mentiri
865 3845 973 3885 non
997 3827 1187 3900 potuit.
1229 3825 1320 3883 Sic
1346 3827 1489 3883 enim
1536 3835 1590 3882 et
1621 3826 1707 3881 illa
1735 3825 1927 3881 mulier

331 3939 458 3996 quae
493 3922 696 3978 ﬂuxum
735 3920 1008 3992 sanguinis
1048 3918 1366 3990 patiebatur,
1396 3918 1638 3989 quamvis
1665 3916 1928 3972 ﬁmbriam

331 4015 642 4074 vestimenti
667 4013 783 4085 ejus
815 4013 1073 4078 tenuerit,
1107 4011 1278 4084 magis
1321 4018 1498 4065 tamen
1536 4009 1708 4079 tetigit
1745 4008 1930 4064 Domi-

330 4123 504 4176 num,
533 4121 692 4179 quam
731 4105 836 4161 illae
882 4105 1050 4161 turba:
1088 4119 1121 4159 a
1158 4103 1351 4174 quibus
1391 4102 1732 4173 premebatur
1763 4100 1928 4173 (Luc.

335 4216 437 4258 νηί
459 4241 475 4266 ,
506 4198 716 4270 4248).
741 4197 814 4254 Ut
830 4198 972 4253 enim
993 4196 1109 4252 haec
1130 4210 1235 4266 quo
1259 4193 1429 4264 magis
1448 4193 1704 4258 credidit,
1733 4209 1798 4248 eo
1822 4209 1934 4248 ma-

337 4294 426 4366 gis
471 4293 642 4363 tetigit
680 4290 998 4356 Dominum;
1026 4289 1095 4344 ita
1124 4296 1178 4344 et
1203 4287 1459 4343 Centurio
1495 4302 1600 4357 quo
1627 4286 1794 4356 magis
1820 4301 1935 4343 cre-

340 4384 512 4451 didit,
539 4397 607 4439 eo
639 4383 807 4453 magis
829 4380 1057 4438 accessit
1079 4379 1145 4435 ad
1181 4378 1486 4435 Dominum.
1514 4377 1632 4434 iam
1658 4389 1849 4435 cratera
1880 4396 1933 4436 tn

344 4475 454 4532 hoc
478 4474 710 4544 capitulo
737 4487 856 4544 qua:
896 4472 1030 4527 alter
1056 4470 1220 4539 dicit,
1267 4478 1322 4528 et
1372 4470 1506 4527 alter
1548 4472 1932 4544 prsetermittit,

346 4563 620 4636 superﬂuo
672 4569 1098 4634 pertractantur;
1129 4578 1252 4618 cum
1303 4577 1373 4634 ex
1404 4561 1494 4617 illa
1534 4563 1710 4633 regula
1753 4563 1938 4634 primi-

350 4665 438 4712 tus
465 4653 835 4710 eommendata
851 4653 982 4709 nihil
999 4654 1334 4709 inveniantur
1368 4652 1566 4709 habere
1589 4655 1935 4716 contrarium.

347 4744 580 4805 CAPUT
618 4745 760 4802 XXI.
783 4775 848 4787 —-
900 4745 978 4801 De
1012 4761 1161 4800 socru
1200 4742 1346 4799 Petri
1390 4761 1489 4815 quo
1534 4746 1711 4800 ordine
1756 4763 1939 4802 narra-

1040 4846 1146 4890 tum
1172 4837 1257 4891 sit.

427 4931 518 4988 5|.
563 4929 815 5000 Sequitur
861 4926 1140 4983 Mattheus
1185 4934 1240 4982 et
1293 4925 1422 4982 dicit
1453 4944 1466 4980 :
1495 4927 1562 4982 Et
1607 4944 1722 4982 cum
1773 4930 1939 4984 vertis-

353 5031 427 5079 set
453 5021 490 5077 Ι
493 5038 606 5077 esus
630 5022 682 5076 in
703 5021 910 5076 domum
932 5017 1094 5088 Petri,
1124 5018 1247 5074 vidit
1273 5035 1471 5075 socrum
1501 5021 1610 5090 ejus
1625 5021 1876 5094 jacentern
1898 5031 1945 5078 et

359 5114 756 5168 febricitantem:
790 5118 837 5166 et
865 5109 1024 5183 tetigit
1048 5126 1254 5164 ntanum
1279 5110 1406 5181 ejus,
1439 5120 1485 5164 et
1512 5110 1698 5165 dimisit
1728 5128 1836 5168 eam
1864 5115 1943 5186 fe-

357 5208 460 5260 bris
477 5225 497 5274 ;
525 5215 570 5260 et
590 5205 829 5272 surrexit,
853 5213 900 5258 et
920 5203 1236 5258 ministrabat
1253 5204 1322 5258 eis
1345 5201 1555 5277 (Matth.
1575 5221 1686 5273 vm,
1716 5207 1801 5276 14,
1835 5209 1941 5281 i5).

361 5299 475 5356 Hoc
520 5298 733 5371 quando
771 5295 968 5354 factum
1012 5297 1102 5364 sit,
1132 5297 1186 5352 id
1216 5306 1315 5364 est,
1353 5307 1476 5370 post
1524 5299 1650 5376 quid
1695 5300 1779 5356 vel
1823 5310 1947 5359 ante

361 5389 513 5460 quid,
532 5407 634 5445 non
649 5391 912 5462 expressit
926 5389 1223 5445 Mattbzeus.
1242 5388 1358 5445 Non
1374 5390 1514 5446 enim
1532 5400 1649 5462 post
1666 5392 1808 5466 quod
1825 5410 1948 5451 nar-

362 5490 532 5545 ratur,
561 5488 680 5551 post
707 5482 808 5537 hoc
836 5482 994 5537 etiam
1019 5479 1218 5536 factum
1246 5496 1467 5538 necesse
1490 5490 1573 5538 est
1603 5484 1944 5556 intelligatur.

365 5570 625 5629 Nimirum
665 5583 836 5630 tamen
875 5573 976 5629 iste
1004 5574 1106 5629 hoc
1132 5574 1425 5631 recoluisse
1450 5575 1780 5649 intelligitur,
1808 5581 1949 5651 quod

369 5664 517 5736 prius
535 5664 807 5720 omiserat.
822 5662 957 5721 Nam
979 5665 1030 5721 id
1045 5664 1253 5724 Marcus
1269 5675 1447 5724 narrat
1474 5667 1664 5741 (Marc.
1693 5688 1732 5740 ι,
1752 5670 1946 5740 29-51,

371 5764 654 5832 antequam
700 5754 834 5821 illud
874 5755 945 5815 dc
981 5755 1195 5838 leproso
1235 5757 1496 5822 mandato
1546 5771 1948 5830 commemoret,

1601 5911 1656 5929 κ»
1744 5898 1798 5925 ‘Ls

1616 303 1820 364 LIBER
1857 298 2235 362 SECUNDUS.

1983 416 2126 489 quod
2153 421 2278 488 post
2300 425 2604 470 omnem
2629 410 2685 467 in
2707 398 2894 468 monte
2920 400 3182 479 habitum,
3215 394 3413 483 dequo
3453 416 3572 485 ipse

1983 508 2178 571 tacuit,
2221 505 2433 562 videtur
2471 504 2875 576 interposuisse.
2915 504 3101 576 itaque
3133 513 3190 561 et
3234 505 3404 561 Lucas
3448 515 3574 577 post

1982 599 2087 653 hoc
2110 596 2314 652 factum
2337 604 2523 651 narrat
2562 595 2629 651 de
2661 609 2821 652 socru
2851 595 2996 651 Petri
3023 594 3173 667 (Luc.
3206 612 3280 663 tv,
3308 598 3397 664 38,

1987 699 2105 760 post
2115 688 2260 761 quod
2286 698 2342 744 et
2359 689 2584 754 Marcus,
2602 696 2730 744 ante
2749 702 3051 746 sermonem
3070 689 3234 745 etiam
3259 692 3394 761 ipse,
3413 678 3614 775 quem“;

1985 782 2255 854 prolixum
2285 781 2620 852 interposuit,
2650 781 2742 852 qui
2791 791 2970 852 potest
3013 781 3156 838 idem
3202 784 3370 840 videri
3413 778 3624 856 quem":

1983 873 2114 930 dicit
2140 873 2374 928 habitum
2416 873 2472 927 in
2497 881 2681 927 monte
2706 872 3004 929 Matthatus.
3033 873 3173 941 Quid
3200 885 3377 932 autem
3400 876 3572 934 iuter—
3605 867 3624 927 x':

1985 973 2070 1021 est
2091 964 2212 1036 quis
2231 979 2340 1035 quo
2360 964 2481 1019 loco
2508 971 2689 1034 ponat,
2711 963 2824 1020 sive
2849 965 2993 1036 quod
3018 981 3090 1022 ex
3115 967 3306 1024 ordine
3357 969 3568 1038 inserit,
3617 964 3620 966 ’

1981 1055 2101 1112 sive
2143 1055 2287 1126 quod
2317 1055 2577 1110 carissima
2605 1054 2815 1122 recolit,
2847 1055 2960 1112 sive
2987 1056 3128 1127 quod
3157 1066 3340 1128 postea
3370 1058 3573 1115 factum

1987 1155 2110 1201 ante
2135 1155 2507 1217 pmocoupot;
2535 1145 2663 1200 dum
2689 1154 2870 1201 tamen
2907 1161 3013 1202 non
3049 1147 3362 1206 adversetur
3389 1152 3576 1208 eadem

1988 1239 2072 1294 vel
2095 1239 2201 1295 alia
2229 1239 2488 1305 narranti,
2519 1253 2616 1294 nec
2639 1238 2762 1306 sibi,
2792 1255 2891 1296 nec
2919 1241 3106 1296 alteri?
3132 1243 3264 1311 Quia
3291 1246 3432 1300 enim
3462 1247 3583 1302 nui-

1985 1332 2092 1388 lius
2115 1333 2171 1386 in
2203 1341 2468 1403 potestate
2499 1341 2604 1399 est,
2632 1334 2880 1404 quamvis
2906 1335 3104 1404 optime
3133 1336 3466 1411 ﬁdeliterque
3494 1355 3582 1397 res

1988 1428 2256 1496 cognitas,
2286 1439 2396 1496 quo
2417 1425 2648 1496 quisque
2690 1425 2880 1482 ordine
2920 1426 3233 1484 recordetur
3258 1430 3406 1502 (quid
3437 1433 3583 1488 enim

1991 1517 2140 1588 prius
2178 1519 2510 1587 posteriusve
2549 1520 2749 1576 homini
2780 1523 2956 1579 veniat
2993 1524 3045 1579 in
3082 1537 3339 1595 mentem,
3369 1544 3476 1583 non
3500 1537 3584 1584 est

1992 1618 2053 1664 ut
2071 1609 2336 1677 volumus,
2367 1611 2464 1666 sed
2499 1619 2557 1666 ut
2593 1611 2792 1686 datur);
2824 1615 2952 1670 satis
2997 1616 3270 1686 probabile
3315 1628 3400 1673 est
3439 1620 3587 1691 quod

1993 1701 2358 1772 unusquisque
2387 1701 2842 1773 Evangelistarum
2865 1720 2931 1761 eo
2954 1720 3014 1762 se
3042 1707 3228 1764 ordine
3248 1709 3586 1768 crcdiditde-

1994 1791 2176 1847 buisse
2205 1807 2444 1858 narrare,
2477 1809 2583 1865 quo
2607 1796 2862 1852 voluisset
2885 1797 3027 1853 Deus
3051 1813 3113 1854 ea
3149 1800 3262 1871 ipsa
3302 1818 3421 1872 quae
3459 1819 3585 1862 nar-

1994 1883 2149 1939 rabat
2190 1883 2308 1954 ejus
2354 1885 2714 1942 recordationi
2756 1903 3061 1960 suggerere,
3109 1891 3165 1948 in
3209 1894 3287 1947 eis
3327 1893 3587 1950 duntaxat

1997 1974 2177 2040 rebus,
2205 1989 2428 2045 quarum
2457 1976 2610 2043 ordo,
2641 1978 2754 2034 sive
2787 1979 2899 2046 ille,
2929 1981 3041 2037 sive
3077 1981 3169 2038 ille
3212 1984 3300 2052 sit,
3325 1985 3455 2041 nihil
3482 1986 3585 2042 mi-

2003 2066 2119 2121 nuit
2142 2067 2440 2121 auctoritati
2470 2070 2788 2141 veritatique
2815 2073 3152 2143 evangelicae.
3677 2139 3679 2141 _

2073 2159 2164 2215 5%.
2195 2157 2304 2214 Cur
2345 2169 2522 2217 autem
2565 2161 2798 2233 Spiritus
2837 2173 3054 2221 sanctus
3097 2166 3337 2223 dividens
3376 2173 3592 2242 prOpria
3633 2167 3662 2208 ‘4’

2009 2251 2293 2323 unicuique
2329 2261 2489 2324 prout
2527 2254 2639 2309 vult
2665 2254 2710 2326 (l
2735 2253 2852 2310 Cor.
2886 2272 2980 2322 xu,
3009 2258 3194 2330 ll),et
3215 2259 3336 2316 ideo
3383 2272 3592 2319 mentes

2009 2362 2224 2418 quoque
2249 2357 2554 2403 sanctorum
2578 2358 2800 2420 propter
2828 2350 3016 2407 Libros
3041 2351 3096 2407 in
3128 2362 3271 2409 tanto
3301 2357 3592 2412 auctorita-

2011 2439 2080 2494 tis
2111 2439 2343 2495 culmine
2368 2440 2730 2511 collocandos,
2752 2441 2808 2497 in
2846 2444 3133 2501 recolendo
3153 2463 3270 2518 quae
3296 2448 3595 2506 scriberent

2011 2530 2128 2585 sine
2153 2529 2316 2585 dubio
2335 2530 2637 2602 gubernans
2664 2541 2718 2588 et
2743 2549 2955 2606 regens,
2978 2536 3140 2592 alium
3162 2538 3256 2605 sic,
3276 2540 3439 2594 alium
3463 2558 3592 2598 vero

2012 2622 2091 2677 sic
2121 2623 2483 2678 narrationem
2519 2640 2670 2680 suam
2711 2625 2960 2682 ordinare
3001 2630 3323 2698 permiserit,
3355 2633 3594 2706 quisquis

2013 2716 2100 2784 pia
2127 2714 2396 2786 diligentia
2423 2717 2747 2787 qutesiverit,
2775 2719 3026 2777 divinitus
3054 2722 3265 2792 adjutus
3294 2727 3490 2796 poterit
3517 2729 3600 2784 iu-

2015 2807 2218 2863 venire.
2250 2808 2362 2864 Hoc
2391 2818 2565 2866 tamen
2595 2826 2701 2866 non
2733 2821 2815 2868 est
2837 2812 2996 2883 hujus
3020 2816 3197 2884 operis
3221 2833 3433 2888 munus,
3455 2820 3601 2889 quod

2017 2914 2161 2955 nunc
2201 2901 2552 2971 suscepimus,
2584 2911 2788 2958 tantum
2813 2913 2870 2960 ut
2895 2905 3324 2964 demonstremus
3359 2911 3601 2983 Evange-

2019 2989 2169 3046 listas
2207 3007 2380 3063 neque
2422 2993 2524 3048 sibi
2555 3010 2726 3064 neque
2750 2994 2889 3052 inter
2925 3012 2985 3054 se
3021 3015 3339 3070 repugnare,
3369 3004 3604 3073 quolibet

2021 3083 2227 3147 ordine,
2257 3084 2341 3140 vel
2371 3085 2585 3147 easdem
2622 3102 2728 3154 res,
2763 3089 2846 3144 vel
2875 3089 3004 3146 alias
3030 3093 3285 3148 laetorum
3311 3094 3604 3151 dictorum-

2021 3188 2126 3245 que
2169 3174 2364 3231 Christi
2406 3177 2768 3250 unusquisque
2810 3195 2996 3236 corum
3041 3185 3274 3252 potuerit
3319 3187 3611 3244 volueritre

2024 3283 2263 3323 narrare.
2289 3268 2623 3340 Quapropter
2648 3269 2737 3326 ubi
2759 3273 2892 3336 ordo
2914 3282 3213 3344 temporum
3236 3294 3342 3334 non
3367 3290 3609 3350 apparet,

2026 3357 2154 3411 nihil
2187 3367 2364 3412 nostra
2397 3358 2658 3415 interesse
2693 3361 2876 3432 debet,
2909 3379 3064 3436 quem
3092 3369 3340 3422 narrandi
3368 3371 3612 3426 ordinem

2027 3447 2246 3518 quilibet
2273 3463 2452 3503 eorum
2479 3450 2736 3505 tenuerit:
2762 3453 2850 3508 ubi
2880 3463 3057 3524 autem
3105 3467 3346 3526 apparet,
3388 3461 3429 3513 si
3482 3461 3610 3530 quid

2026 3541 2254 3594 moverit
2278 3540 2417 3610 quod
2455 3541 2553 3596 sibi
2590 3551 2680 3596 aut
2709 3541 2861 3598 alteri
2900 3560 3196 3614 repugnare
3220 3549 3475 3618 videatur,
3507 3555 3613 3610 uti-

2029 3645 2131 3700 que
2157 3630 2602 3687 considerandum
2631 3642 2686 3688 et
2713 3634 3054 3690 enodaudum
3085 3647 3183 3693 est.

2028 3711 2254 3781 CAPUT
2276 3723 2436 3781 XXII.
2461 3757 2528 3766 —
2549 3725 2628 3781 De
2651 3727 2828 3784 ordine
2852 3745 3018 3784 rerum
3044 3747 3166 3801 quas
3209 3741 3320 3803 post
3359 3734 3452 3788 hoc
3490 3753 3615 3790 nar-

2101 3826 2218 3872 rant
2251 3831 2421 3873 utrum
2456 3820 2530 3874 nil
2558 3821 2687 3876 inter
2719 3838 2772 3878 se
2800 3823 3097 3882 dissentiant
3153 3825 3446 3891 Matt/mus,
3479 3830 3620 3888 Illar-

2104 3929 2191 3967 cus
2220 3922 2265 3970 et
2293 3912 2477 3968 Lucas.

2106 4006 2194 4062 55.
2234 4006 2483 4078 Sequitur
2524 4023 2654 4078 ergo
2697 4007 2977 4066 Matutinus
3020 4008 3249 4068 dicens:
3288 4010 3500 4084 Vespere
3527 4031 3595 4082 au

2038 4108 2133 4154 tem
2188 4100 2341 4170 facta,
2391 4101 2677 4156 obtulerunt
2725 4101 2772 4156 ei
2822 4102 3006 4158 multos
3051 4105 3301 4160 daemonia
3348 4108 3614 4166 habentes.

2036 4201 2082 4246 et
2122 4193 2348 4264 ejicicbat
2393 4194 2601 4263 spiritus
2650 4193 2831 4259 verba,
2887 4203 2932 4248 et
2981 4210 3152 4250 clintes
3207 4197 3338 4250 male
3385 4198 3621 4253 habentes

2039 4285 2259 4350 curavit;
2287 4294 2340 4338 ut
2367 4284 2728 4356 adimpleretur
2768 4284 2903 4355 quod
2946 4285 3133 4340 dictum
3173 4295 3244 4341 est
3291 4304 3382 4357 per
3428 4288 3620 4344 Isaiam

2041 4378 2336 4450 praphetam
2373 4376 2640 4443 dicentem,
2667 4375 2789 4450 Ipse
2816 4377 3135 4446 inﬁrmitates
3183 4387 3378 4434 nostras
3409 4383 3620 4450 accepit.

2041 4480 2086 4523 et
2128 4471 2472 4541 wgrotationcs
2515 4471 2729 4539 portarit
2757 4467 2968 4543 (Matth.
3000 4487 3110 4539 vm,
3146 4472 3358 4546 lli-18).
3403 4476 3514 4530 Hoc
3554 4477 3625 4531 ad

2042 4558 2277 4630 ejusdem
2304 4559 2408 4615 diei
2440 4568 2649 4631 tempus
2675 4561 2944 4634 pertinere
2966 4562 3327 4632 satisindicat,
3355 4580 3476 4620 cum
3497 4582 3629 4622 con-

2038 4650 2238 4726 jungit,
2279 4649 2494 4723 Vespere
2538 4661 2704 4716 autem
2747 4653 2904 4724 facta.
2947 4651 3041 4710 Sic
3075 4663 3131 4711 et
3171 4655 3375 4714 Marcus
3407 4672 3527 4712 cum
3556 4659 3628 4713 de

2044 4742 2159 4822 ipsa
2179 4731 2336 4808 socru
2361 4743 2500 4799 Petri
2517 4753 2700 4806 sanata
2719 4742 2961 4813 dixisset,
2984 4744 3055 4801 Et
3072 4749 3388 4804 ministrabat
3406 4751 3475 4804 eis
3487 4767 3506 4815 ;
3530 4750 3632 4805 hoc

2045 4833 2186 4890 idem
2216 4833 2474 4906 subjecit:
2507 4833 2716 4908 Vespere
2742 4845 2909 4892 autem
2934 4841 3068 4911 facta
3092 4856 3206 4894 cum
3243 4840 3500 4896 occidisset
3527 4841 3626 4907 sol,

2046 4927 2320 4995 aﬂ'ercbant
2344 4927 2413 4990 ad
2436 4945 2548 4990 eum
2571 4945 2741 4984 omnes
2770 4929 2903 4984 male
2921 4929 3177 4998 habentes,
3200 4941 3246 4985 et
3270 4931 3520 4985 dtemonia
3539 4932 3614 4988 ha-

2049 5021 2214 5076 bentes
2235 5039 2255 5088 ;
2280 5031 2325 5074 et
2352 5031 2458 5088 erat
2484 5021 2644 5076 omnis
2682 5022 2856 5076 civitas
2880 5033 3184 5093 congregata
3211 5022 3279 5075 ad
3297 5023 3517 5093 januam
3544 5039 3564 5078 :
3587 5030 3638 5077 et

2052 5115 2243 5169 curavit
2273 5114 2452 5168 multos
2471 5114 2559 5185 qui
2589 5113 2893 5174 vexabantur
2915 5114 3066 5168 uariis
3087 5112 3448 5184 languoribus;
3471 5125 3518 5170 et
3538 5116 3639 5170 datr

2055 5209 2224 5266 mania
2248 5210 2405 5268 multa
2433 5205 2690 5280 ejiciebat;
2711 5216 2758 5260 et
2782 5223 2883 5260 non
2909 5206 3100 5262 sinebat
3125 5222 3186 5260 ea
3213 5206 3369 5276 loqui,
3397 5207 3637 5276 quoniam

1979 5297 1990 5308 ”
2053 5302 2271 5360 sciebant
2297 5316 2429 5358 cum.
2456 5298 2524 5360 Et
2547 5298 2772 5356 diluculo
2801 5297 2946 5356 valde
2987 5314 3197 5369 surgens
3239 5315 3466 5369 egressus
3489 5306 3563 5353 est
3591 5305 3640 5352 et

2053 5394 2173 5450 abiit
2199 5394 2252 5449 in
2288 5393 2536 5454 desertum
2565 5392 2730 5448 locant
2755 5389 2947 5463 (Marc.
2976 5406 3015 5458 ι,
3041 5391 3251 5461 31—35).
3296 5390 3521 5446 Videtur
3553 5389 3643 5445 hic

2057 5485 2298 5542 ordinem
2325 5483 2560 5539 tenuisse
2587 5481 2814 5547 Marcus,
2843 5491 2899 5537 ut
2928 5490 3048 5552 post
3090 5483 3216 5537 illud
3261 5481 3401 5554 quod
3440 5482 3644 5537 dictum

2056 5587 2162 5646 est,
2202 5575 2421 5646 Vespere
2447 5584 2615 5630 autem
2649 5578 2806 5647 facto,
2837 5574 3031 5630 deinde
3068 5575 3294 5639 diceret,
3325 5573 3393 5629 Et
3414 5572 3645 5628 diluculo

2058 5669 2204 5725 valde
2226 5683 2456 5740 surgens.
2482 5665 2735 5736 Quamvis
2773 5681 2876 5723 nec
2919 5666 3047 5724 illud
3073 5681 3294 5726 necesse
3319 5669 3410 5738 sit,
3439 5664 3532 5728 ubi
3553 5663 3642 5722 di-

2060 5761 2220 5831 citur,
2254 5758 2650 5836 Vssperqautem
2670 5762 2828 5833 facta,
2848 5757 3087 5828 ejusdem
3113 5757 3217 5820 diei
3243 5773 3525 5825 vesperum
3557 5769 3651 5814 ace
