3878 6356
346 322 484 381 H03

341 437 550 507 cipere;
579 443 677 486 nec
697 426 787 484 ubi
811 425 1023 491 dicitur,
1048 422 1290 487 diluculo,
1321 419 1560 491 ejusdem
1585 416 1757 473 noctis
1781 413 1919 471 dilu-

342 524 552 582 culum:
578 530 751 576 tamen
772 528 1056 586 utcumque
1082 512 1247 569 videri
1282 519 1455 583 potest
1497 508 1588 565 hic
1630 520 1808 563 rerum
1826 518 1919 575 ge-

340 628 543 674 starum
596 613 729 669 ordo
775 619 1052 675 servatus,
1095 614 1311 679 propter
1356 603 1617 674 digestum
1672 597 1915 654 ordinem

343 716 661 779 temporum.
690 703 861 759 Lucas
877 714 1087 773 quoque
1110 714 1229 755 cum
1249 695 1319 753 de
1345 710 1503 750 socru
1529 692 1673 749 Petri
1699 704 1917 746 narras-

342 811 447 865 set,
477 814 583 854 non
628 796 701 851 ait
741 795 876 865 ipse,
916 791 1133 863 Vespere
1174 797 1340 843 autem
1386 790 1555 858 facta;
1598 781 1694 839 sed
1742 791 1920 837 tamen

342 894 488 966 quod
516 890 655 946 idem
682 886 1003 960 signiﬁcaret
1028 882 1285 953 adiunxit,
1316 879 1538 935 dicens:
1562 877 1689 932 Cum
1713 874 1791 930 sol
1822 889 1920 928 au-

343 994 445 1043 tem
473 982 753 1048 occidisset,
776 994 946 1033 onmes
983 976 1069 1048 qui
1110 973 1355 1028 habebant
1378 972 1605 1040 inﬁrmos
1631 967 1784 1023 variis
1807 967 1922 1021 lan-

341 1073 603 1146 guoribus,
629 1069 876 1124 ducebant
908 1066 1026 1121 illos
1056 1065 1124 1118 ad
1152 1079 1266 1119 eum
1288 1071 1374 1116 :at
1398 1059 1485 1115 ille
1507 1058 1721 1131 singulis
1745 1072 1924 1111 manus

342 1166 606 1235 imponens
629 1161 836 1216 curabat
872 1175 976 1214 eos.
1002 1154 1228 1211 Exibant
1269 1154 1421 1209 etiam
1459 1148 1710 1204 daemonia
1731 1164 1763 1201 a
1785 1146 1923 1202 mul-

345 1256 410 1311 tis
438 1253 709 1309 clamantia
754 1260 802 1306 et
842 1248 1091 1313 dicentia,
1123 1246 1253 1314 Quia
1296 1254 1350 1299 tu
1388 1260 1440 1298 es
1485 1241 1651 1297 Filius
1706 1237 1817 1294 Dei.
1857 1236 1928 1292 Et

346 1347 635 1417 increpans,
655 1359 759 1398 non
787 1342 977 1397 sinebat
1001 1356 1061 1395 ea
1086 1338 1243 1409 loqui,
1260 1337 1379 1409 quia
1396 1334 1616 1390 sciebant
1636 1333 1805 1405 ipsum
1822 1346 1929 1386 esse

348 1434 624 1492 Christum.
657 1432 821 1487 Facta
847 1439 1015 1485 autem
1049 1428 1149 1493 die,
1182 1441 1409 1499 egressus
1446 1425 1551 1479 ibat
1582 1424 1636 1477 in
1675 1421 1928 1477 desertum

350 1528 517 1581 locum
539 1523 667 1595 (Luc
693 1538 766 1588 tv,
788 1520 1001 1590 ιοιιε).
1033 1519 1097 1574 Ει
1127 1518 1213 1573 hic
1239 1516 1482 1571 videmus
1506 1512 1752 1570 eumdem
1775 1525 1927 1581 pror-

350 1633 444 1675 sus
483 1617 725 1673 ordinem
768 1623 1065 1683 temporum
1108 1606 1451 1671 custoditum,
1481 1619 1638 1675 quem
1674 1600 1932 1672 comperi-

349 1724 474 1763 mus
509 1705 649 1777 apud
679 1704 932 1759 Marcum.
963 1698 1241 1755 Matthasus
1264 1706 1442 1751 autem
1471 1696 1562 1766 qui
1588 1693 1793 1749 videtur
1821 1706 1929 1747 non

351 1800 541 1857 ordine
577 1812 680 1867 quo
707 1803 913 1865 gestum
944 1800 1048 1857 est,
1075 1790 1167 1845 sed
1196 1802 1301 1860 quo
1329 1786 1747 1857 praetermissum
1777 1798 1931 1839 reco-

350 1890 436 1955 m,
465 1888 566 1942 hoc
602 1884 669 1941 de
709 1897 867 1938 socru
907 1880 1051 1937 Petri
1091 1889 1562 1939 commemorasse,
1590 1882 1931 1945 posteaquam

353 1978 586 2035 narravit
626 1974 751 2047 quid
793 1975 908 2044 ipso
947 1973 1054 2037 die,
1085 1971 1223 2025 facto
1259 1969 1422 2024 etiam
1450 1980 1695 2037 vespere,
1723 1973 1929 2035 gestum

352 2070 444 2138 sit,
469 2070 577 2139 iam
601 2083 705 2122 non
729 2065 997 2135 subiungit
1023 2058 1446 2127 diluculum,sed
1472 2058 1543 2113 ita
1582 2065 1762 2113 narrat
1788 2072 1803 2109 :
1840 2053 1933 2109 Vi-

353 2164 477 2219 deris
513 2170 675 2215 autem
712 2158 863 2213 Iesus
896 2156 1067 2211 turbas
1098 2154 1279 2209 multas
1327 2154 1516 2208 circum
1555 2168 1629 2220 se,
1666 2150 1823 2223 jussit
1865 2150 1938 2204 ire

356 2266 496 2308 trans
520 2255 722 2323 fretum.
751 2248 868 2303 iam
899 2246 1001 2302 hoc
1029 2245 1170 2300 aliud
1197 2254 1301 2312 est,
1331 2258 1438 2299 non
1470 2242 1597 2298 illud
1624 2241 1766 2313 quod
1794 2239 1935 2296 Mar-

356 2358 454 2400 cus
480 2352 535 2399 et
554 2341 724 2397 Lucas
748 2348 1060 2404 contexunt,
1082 2337 1171 2408 qui
1199 2345 1318 2407 post
1342 2349 1623 2407 vesperum
1650 2333 1938 2388 diluculum

357 2441 581 2503 ponunt.
611 2429 761 2497 Quod
791 2443 918 2498 ergo
946 2426 1035 2483 hic
1059 2426 1259 2481 dictum
1286 2434 1399 2489 est,
1440 2423 1625 2479 Videns
1652 2433 1819 2477 autem
1834 2422 1930 2476 Je-

355 2538 444 2577 ssts
465 2521 636 2575 turbas
656 2520 838 2573 multas
859 2519 1047 2573 circum
1064 2533 1134 2582 se,
1151 2516 1305 2588 jussit
1328 2516 1403 2569 ire
1416 2525 1554 2569 trans
1570 2519 1774 2586 fretum,
1795 2512 1938 2569 aliud

356 2627 478 2667 eum
546 2609 880 2665 recordatum
937 2606 1319 2675 interposuisse
1370 2604 1626 2659 debemus
1673 2603 1937 2673 accipere,

356 2703 497 2773 quod
545 2701 632 2756 die
670 2699 897 2770 quodam
944 2713 1064 2754 cum
1106 2697 1325 2753 vidisset
1353 2695 1510 2751 Jesus
1539 2694 1722 2751 turbas
1750 2696 1940 2750 multas

356 2792 555 2848 circum
577 2808 656 2857 se,
674 2790 835 2861 jussit
864 2792 940 2845 ire
967 2798 1115 2843 trans
1144 2787 1358 2842 fretum.

358 2882 581 2940 CAPUT
610 2882 886 2936 XXIII.—
917 2878 996 2934 De
1030 2879 1121 2933 illo
1163 2879 1250 2948 qui
1280 2879 1351 2931 ait
1384 2876 1624 2941 Domino,
1647 2875 1852 2947 Sequar
1890 2883 1943 2930 te

428 2989 762 3044 quocumque
789 2973 931 3035 ieris,
966 2982 1011 3025 et
1039 2971 1154 3025 aliis
1178 2986 1290 3039 qua:
1312 2971 1467 3042 juxta
1492 2979 1629 3037 sunt,
1650 2985 1747 3039 quo
1768 2971 1943 3024 ordine

426 3074 699 3117 narrentur
717 3079 750 3115 a
777 3061 1020 3115 Matthceo
1040 3069 1085 3114 et
1111 3058 1271 3113 Luca.

426 3153 517 3208 54.
566 3151 766 3206 Deinde
825 3149 967 3220 quod
1031 3148 1337 3219 subiungit,
1391 3146 1462 3201 Et
1512 3147 1755 3201 accedens
1812 3165 1943 3203 unus

360 3245 540 3302 Scriba
584 3243 655 3297 ait
690 3242 806 3296 illi:
832 3239 1096 3312 Magister,
1136 3255 1315 3310 sequar
1357 3247 1405 3294 te
1445 3254 1756 3312 quocumque
1802 3241 1939 3304 ieris,

362 3350 527 3406 nsque
553 3332 620 3389 ad
650 3332 779 3388 illud
814 3332 902 3388 ubi
943 3331 1047 3395 ait,
1077 3328 1287 3386 Dimitte
1323 3340 1547 3386 mortuos
1574 3333 1781 3402 sepelire
1808 3348 1943 3386 mor-

361 3434 475 3480 tuos
510 3441 629 3481 suos
659 3422 879 3496 (Matth.
908 3436 1023 3489 vin,
1046 3418 1274 3493 19-22);
1321 3421 1424 3477 hoc
1473 3422 1718 3477 similiter
1764 3431 1945 3477 narrat

357 3525 416 3574 et
440 3516 630 3573 Lucas.
669 3513 776 3571 Sed
810 3513 899 3570 ille
928 3520 1049 3585 post
1078 3512 1261 3583 plura,
1288 3526 1388 3569 nec
1424 3513 1536 3583 ipse
1570 3527 1698 3567 sane
1724 3527 1943 3582 expres-

361 3622 425 3664 so
449 3606 635 3663 ordine
665 3615 986 3679 temporum,
1031 3604 1126 3661 sed
1168 3603 1500 3660 recordantis
1537 3603 1696 3659 modo
1723 3622 1736 3659 :
1763 3613 1941 3659 utrum

359 3699 501 3772 quod
523 3700 667 3771 prius
691 3698 890 3765 omisit,
933 3713 1002 3753 an
1039 3696 1181 3769 quod
1234 3698 1499 3768 posterius
1537 3698 1697 3752 etiam
1748 3695 1941 3753 factum

359 3804 520 3861 quam
556 3798 681 3846 sunt
717 3803 779 3846 ea
813 3803 932 3860 quae
978 3795 1290 3859 sequuntur,
1322 3788 1739 3858 praeoccupavit,
1773 3787 1947 3843 incer-

364 3889 476 3937 tum
527 3888 628 3935 est.
680 3879 755 3934 Ita
807 3877 949 3933 enim
994 3877 1124 3933 dicit
1171 3893 1186 3931 :
1233 3875 1449 3931 Factum
1478 3886 1551 3931 est
1577 3886 1743 3931 autem
1770 3878 1945 3931 ambu-

362 3971 584 4027 lantibus
614 3971 716 4025 illis
754 3970 808 4024 in
841 3970 941 4035 via,
970 3969 1098 4023 dixit
1136 3969 1342 4038 quidam
1384 3968 1454 4021 ad
1488 3968 1648 4034 illum,
1675 3968 1871 4036 Sequar
1898 3978 1945 4024 te

363 4078 672 4134 quocumque
698 4061 834 4115 ieris.
862 4060 930 4115 Et
960 4060 1235 4130 respondit
1272 4060 1319 4114 ei
1354 4075 1570 4130 prorsus
1604 4061 1790 4116 eadem
1820 4078 1941 4131 qua:

362 4154 645 4212 Mattliaeus
673 4160 1072 4210 commemorat.
1106 4151 1257 4220 Quod
1296 4160 1471 4207 autem
1518 4152 1793 4209 Mattlneus
1813 4154 1943 4211 dicit

363 4257 493 4306 tunc
531 4246 669 4303 istud
708 4254 914 4318 gestum
956 4259 1095 4308 esse,
1127 4243 1339 4315 quando
1368 4244 1524 4315 jussit
1546 4252 1600 4297 ut
1630 4244 1769 4299 irent
1795 4254 1942 4301 trans

364 4341 583 4407 fretum,
609 4338 779 4394 Lucas
801 4351 948 4403 vero,
969 4335 1362 4391 ambulantibus
1391 4334 1493 4390 illis
1522 4334 1573 4390 in
1601 4334 1706 4401 via,
1731 4351 1839 4391 non
1862 4345 1945 4391 est

363 4430 724 4493 contrarium;
755 4428 877 4498 quia
906 4425 1069 4483 invia
1105 4426 1287 4497 utique
1324 4426 1680 4493 ambularunt,
1715 4435 1768 4481 ut
1793 4427 1942 4482 veni-

317 4579 331 4585 -
362 4532 485 4580 rent
508 4521 575 4578 ad
602 4522 813 4578 fretum.
844 4521 910 4577 Et
945 4520 1014 4577 de
1060 4519 1152 4575 illo
1191 4518 1280 4590 qui
1311 4520 1440 4590 petit
1463 4519 1691 4588 primum
1718 4519 1943 4590 sepelire

320 4634 331 4649 π
364 4623 570 4684 patrem
616 4627 790 4678 suum,
820 4610 1100 4666 Matthasus
1140 4619 1193 4665 et
1239 4609 1412 4666 Lucas
1448 4609 1667 4665 omnino
1711 4624 1941 4667 consen-

365 4702 520 4759 tiunt.
551 4701 701 4769 Quod
729 4701 869 4756 enim
896 4699 1172 4755 Matthzcus
1198 4699 1368 4770 primo
1387 4699 1625 4770 eiusdem
1653 4702 1818 4756 verba
1849 4716 1944 4772 po-

366 4795 474 4850 suit
500 4793 602 4848 hoc
627 4798 844 4862 propter
869 4799 1072 4860 patrem
1094 4805 1248 4845 suum
1271 4790 1514 4861 petentis,
1539 4798 1594 4846 et
1622 4789 1813 4847 deinde
1841 4792 1945 4848 Do-

365 4885 496 4944 mini
521 4884 766 4950 dicentis,
789 4882 1010 4953 Sequere
1032 4898 1129 4949 me,
1152 4882 1321 4938 Lucas
1335 4892 1509 4938 autem
1532 4882 1703 4954 primo
1733 4883 1941 4940 Domini

365 4979 616 5043 dicentis,
644 4978 865 5051 Sequere
888 4992 984 5042 me,
1014 4984 1068 5032 et
1094 4974 1288 5031 deinde
1316 4975 1456 5030 illius
1479 4975 1581 5032 hoc
1607 4978 1851 5047 petentis,
1875 4976 1942 5033 ad

368 5070 686 5129 sententiam
731 5068 862 5124 nihil
905 5067 1141 5123 interest.
1190 5065 1634 5122 Commemoravit
1676 5067 1844 5123 Lucas
1889 5075 1946 5123 et

364 5163 527 5219 alium
553 5160 770 5225 dixisse,
799 5158 995 5229 Sequar
1020 5167 1087 5225 te,
1110 5157 1342 5221 Domine,
1366 5158 1455 5212 sed
1480 5158 1695 5228 primum
1718 5158 1945 5228 permitte

365 5254 491 5307 mihi
510 5251 797 5307 renuntiare
816 5250 894 5303 his
913 5251 999 5318 qui
1026 5248 1163 5304 domi
1185 5258 1303 5304 sunt
1323 5249 1362 5314 ³;
1385 5247 1452 5304 de
1485 5263 1593 5318 quo
1630 5256 1770 5303 tacet
1808 5246 1942 5303 Mat-

370 5345 561 5399 tltaeus.
584 5343 708 5398 lnde
732 5341 842 5411 iam
880 5339 1053 5395 Lucas
1076 5340 1130 5394 in
1154 5338 1295 5394 aliud
1326 5338 1579 5409 perrexit,
1606 5352 1711 5392 non
1741 5338 1793 5392 in
1818 5337 1944 5394 illud

368 5437 510 5507 quod
537 5436 722 5491 ordine
744 5432 997 5503 temporis
1024 5432 1359 5502 sequebatur.
1381 5429 1505 5485 Post
1526 5431 1634 5485 lucc
1652 5439 1834 5498 autem,
1860 5429 1941 5485 in-

429 5610 444 5637 ¹
472 5608 544 5673 Sic
564 5611 671 5673 Mss.
712 5610 764 5673 et
800 5602 1822 5673 editioiltatisponensis,“quibusiconsentit
1855 5614 1943 5673 {tu-

387 5668 542 5723 mstini
564 5664 841 5726 Speculum,
871 5671 923 5711 et
937 5663 1243 5715 corbeiensia
1265 5663 1427 5713 Biblia.
1454 5672 1523 5714 At.
1550 5672 1623 5715 Er.
1652 5672 1704 5715 et
1726 5673 1835 5717 Lov.
1856 5668 1941 5718 lia-

387 5732 503 5771 nznt.
526 5723 588 5771 'n's
609 5736 717 5771 mue
740 5720 869 5771 doni
888 5729 1012 5771 sunt.

387 5680 542 5723 .lsum
564 5680 841 5726 spwttum,
871 5680 1012 5711 etum

367 5680 503 5778 nnt-
526 5723 588 5775 iis
609 5736 717 5782 qua
740 5720 869 5773 doni
888 5729 1012 5773 sunt.

1106 310 1193 366 DE
1230 304 1575 365 CONSENSU
1618 298 2255 368 EVANGELISTARUM,
2297 300 2357 359 S.
2396 301 2761 361 AUGUSTINI

2023 414 2153 483 quit,
2182 414 2454 487 designauit
2478 413 2725 470 Dominus
2738 422 2783 470 et
2801 414 2930 470 alios
2947 414 3296 484 septuaginta
3323 414 3461 470 duos
3482 414 3630 479 (Luc.

2022 520 2097 573 ιι,
2116 506 2205 572 57;
2225 523 2278 571 x.
2298 508 2375 580 l).
2400 507 2526 563 Post
2547 507 2664 565 lucc
2690 508 3281 579 quidem,manifeste;
3315 508 3417 564 sed
3442 519 3632 581 quanto

2022 599 2277 669 temporis
2318 600 2591 656 intervallo
2641 601 2880 670 posthaec
2919 600 3116 657 fecerit
3169 601 3313 658 illud
3355 601 3628 667 Dominus,

2024 707 2130 748 non
2157 702 2394 763 apparet.
2420 693 2475 747 ln
2501 692 2615 763 ipso
2640 701 2817 749 tamen
2845 693 3131 750 intervallo
3175 693 3246 748 ﬁt
3290 691 3442 763 quod
3484 692 3631 749 dein-

2023 798 2152 854 ceps
2186 782 2463 840 Matthzeus
2489 781 2793 855 subiungit:
2816 799 2940 840 nam
2984 784 3133 841 idem
3168 784 3475 840 Matthans
3498 785 3632 840 ordi-

2026 889 2150 930 nem
2180 883 2478 945 temporum
2502 873 2676 930 adhuc
2702 883 2868 944 tenet,
2897 883 2969 930 ita
2993 888 3240 931 narrans
3265 891 3282 928 :

2025 964 2248 1022 CAPUT
2287 963 2568 1021 XXIV.—
2596 964 2673 1020 De
2718 965 3130 1033 transfretatione
3169 966 3331 1036 ejus,
3375 964 3465 1019 ubi
3512 960 3629 1018 dor-

2097 1058 2233 1112 mivit
2265 1058 2319 1111 in
2352 1058 2601 1123 navicula,
2629 1066 2674 1112 et
2702 1056 2766 1111 de
2788 1056 3011 1127 expulsis
3034 1055 3344 1121 dwmaniis,
3374 1070 3503 1125 quos
3526 1071 3629 1124 per-

2098 1148 2231 1202 misit
2259 1148 2312 1201 in
2333 1163 2532 1219 porcos,
2556 1147 2806 1219 quomodo
2828 1164 2886 1201 ea
2901 1162 3017 1219 qua
3039 1157 3195 1217 gesta
3224 1146 3312 1201 vel
3343 1146 3483 1199 dicta
3500 1156 3627 1210 sunt.

2098 1240 2391 1295 conueniant
2418 1239 2546 1294 inter
2572 1242 2899 1307 Matthteum,
2930 1242 3174 1294 Marcum
3201 1246 3252 1292 et
3278 1238 3498 1291 Lucan.

2100 1331 2189 1387 55.
2211 1329 2279 1385 Et
2292 1329 2587 1384 ascendente
2604 1345 2664 1384 eo
2683 1330 2737 1384 in
2755 1329 3058 1394 nauiculam,
3076 1329 3250 1385 secuti
3269 1339 3518 1383 suntcum
3535 1328 3628 1382 dis-

2030 1422 2185 1494 cipuli
2198 1422 2306 1492 ejus
2324 1438 2342 1477 :
2363 1431 2409 1476 et
2421 1437 2532 1477 ecce
2544 1431 2709 1477 motus
2719 1437 2931 1493 magnus
2946 1422 3115 1491 factus
3127 1432 3208 1476 est
3225 1420 3285 1474 in
3302 1421 3460 1484 mari;
3475 1433 3629 1491 usque

2031 1515 2099 1570 ad
2125 1514 2251 1570 illud
2282 1513 2369 1569 ubi
2395 1515 2471 1570 ait
2497 1512 2601 1568 :Et
2622 1515 2753 1569 vertit
2779 1516 2833 1568 in
2862 1513 3113 1569 civitatem
3146 1530 3329 1568 suam.
3389 1514 3495 1568 Ista
3532 1513 3627 1567 duo

2033 1604 2169 1661 facta
2192 1605 2540 1661 continuatim
2554 1620 2674 1676 qua:
2692 1613 2872 1661 narrat
2889 1604 3177 1660 Matthzeus
3197 1604 3273 1661 de
3295 1604 3627 1675 tranquillam

2035 1697 2190 1762 mari,
2217 1707 2562 1768 posteaquam
2607 1697 2782 1754 ventis
2821 1696 3101 1768 imperavit
3154 1694 3330 1753 Iesus
3378 1711 3411 1751 a
3450 1711 3624 1751 somno

2034 1788 2312 1855 excitatus,
2341 1787 2485 1844 etde
2512 1787 2617 1844 illis
2641 1787 2732 1860 qui
2756 1786 3026 1843 habebant
3040 1801 3260 1855 mum
3287 1785 3622 1851 daemonium,

2036 1878 2307 1948 ruptisque
2347 1877 2575 1935 vinculis
2612 1877 2905 1949 agebantur
2946 1877 3001 1933 in
3033 1876 3351 1944 desertum,
3395 1876 3623 1932 similiter

2036 1976 2254 2023 narrant
2296 1967 2503 2023 Marcus
2545 1976 2600 2024 et
2641 1966 2811 2024 Lucas
2836 1966 3046 2041 (Matth.
3072 1981 3176 2023 vni
3195 2007 3215 2036 ,
3242 1967 3440 2033 23-34,
3472 1965 3623 2020 Marc.

2038 2072 2111 2123 iv,
2136 2059 2236 2123 36;
2265 2074 2318 2127 v,
2349 2060 2437 2127 l7,
2479 2067 2522 2113 et
2547 2057 2677 2113 Luc.
2708 2056 3278 2131 vnt,22-37):verbis
3318 2056 3442 2113 aliis
3482 2056 3622 2111 dicta:

2038 2158 2163 2206 sunt
2181 2150 2251 2206 ab
2278 2152 2383 2206 alio
2407 2159 2567 2221 atque
2589 2151 2694 2208 alio
2720 2150 2966 2221 quadam
2987 2149 3305 2213 sententia,
3324 2164 3433 2205 non
3461 2158 3621 2204 talncn

2039 2242 2180 2306 alim,
2214 2243 2357 2298 velut
2386 2241 2512 2297 illud
2554 2243 2696 2314 quod
2738 2258 2861 2300 eum
2907 2243 3035 2300 dicit
3079 2243 3299 2300 dixisse
3337 2241 3616 2308 blatthteus,

2044 2334 2179 2398 Quid
2208 2333 2370 2388 timidi
2394 2334 2528 2397 estis,
2558 2334 2767 2391 modica:
2790 2334 2948 2404 ﬁdei?
2972 2333 3189 2391 Marcus
3215 2332 3294 2390 ita
3323 2333 3473 2399 dicit,
3502 2330 3621 2398 Quid

2043 2424 2204 2478 timidi
2225 2425 2379 2479 estis?
2408 2424 2620 2479 necdum
2640 2424 2831 2479 habetis
2851 2424 3044 2496 ﬁdem?
3069 2425 3126 2481 id
3154 2435 3261 2492 est,
3289 2425 3435 2480 illam
3460 2420 3615 2495 perfe-

2042 2525 2202 2582 ctam,
2227 2516 2369 2571 velut
2393 2531 2618 2587 granum
2644 2517 2844 2587 sinapis
2867 2534 2881 2572 :
2903 2514 3007 2574 hoc
3027 2532 3164 2588 ergo
3201 2526 3261 2574 et
3297 2516 3389 2573 ille
3407 2517 3497 2580 ait,
3523 2529 3618 2568 mo-

2043 2609 2170 2663 dica:
2188 2608 2324 2671 ﬁdei.
2358 2607 2529 2663 Lucas
2546 2615 2748 2673 autem.
2783 2607 2881 2663 (lbi
2895 2619 2968 2663 est
2986 2609 3115 2673 ﬁdes
3144 2608 3356 2663 vestra!
3377 2606 3443 2662 Et
3466 2614 3613 2661 totum

2044 2699 2256 2768 quidem
2288 2698 2391 2753 dici
2417 2699 2606 2768 potuit,
2638 2698 2773 2763 Quid
2793 2699 2954 2753 timidi
2979 2702 3136 2754 estis?
3170 2699 3274 2754 Ubi
3299 2709 3373 2753 est
3398 2698 3518 2759 fides
3541 2711 3614 2749 os-

2045 2792 2189 2843 stra?
2216 2788 2433 2843 Modica:
2460 2789 2602 2857 ﬁdei.
2620 2787 2775 2844 Unde
2802 2789 2947 2845 aliud
2975 2789 3081 2856 hic,
3106 2790 3261 2845 aliud
3288 2791 3381 2844 ille
3403 2801 3610 2843 comme-

2046 2890 2235 2937 morat.
2265 2882 2329 2936 Et
2354 2881 2485 2937 illud
2507 2878 2649 2952 quod
2675 2881 2966 2937 excitantes
3002 2896 3125 2937 eum
3168 2883 3453 2940 dixerunt.
3499 2878 3611 2932 llat-

2048 2974 2214 3027 thzeus
2250 2974 2348 3040 sic,
2376 2974 2625 3039 Domine,
2648 2974 2790 3028 salva
2824 2989 2936 3038 nos,
2964 2972 3229 3037 perimus;
3256 2971 3477 3029 Marcus.
3504 2968 3607 3021 la-

2044 3073 2217 3135 gister,
2246 3080 2347 3117 non
2370 3066 2440 3117 ad
2465 3072 2513 3118 te
2546 3069 2760 3130 pertinet
2782 3064 2903 3132 quia
2928 3064 3154 3129 perimus
3170 3065 3199 3119 2
3218 3063 3410 3123 Lucas,
3434 3058 3609 3113 Prece-

2048 3164 2181 3225 ptor,
2209 3158 2429 3226 perimus
2455 3170 2474 3210 :
2504 3170 2609 3211 una
2628 3154 2922 3226 eademque
2963 3159 3232 3211 sententia
3276 3161 3359 3208 est
3400 3149 3606 3207 excitan-

2048 3246 2176 3300 tium
2216 3246 2518 3313 Dominum,
2548 3246 2948 3311 volentiumque
2974 3245 3206 3309 salvari;
3245 3258 3348 3302 nec
3380 3255 3507 3312 opus
3536 3244 3606 3293 est

2046 3351 2285 3407 quaerere
2308 3336 2436 3407 quid
2466 3336 2654 3392 horum
2697 3339 2872 3407 potius
2904 3335 3120 3392 Christo
3147 3336 3352 3392 dictum
3382 3332 3465 3389 sit.
3498 3328 3604 3385 Sive

2047 3428 2188 3483 enim
2232 3428 2430 3499 aliquid
2478 3428 2669 3484 horum
2713 3429 2871 3484 trium
2906 3427 3163 3496 dixerint,
3185 3428 3305 3483 sive
3330 3425 3428 3480 alia
3461 3422 3601 3477 verba

2045 3536 2164 3589 quae
2211 3520 2388 3575 nullus
2429 3518 2882 3591 Evangelistarum
2906 3525 3370 3581 commemoravit,
3400 3520 3601 3568 tantum-

2045 3612 2167 3667 dem
2196 3620 2373 3667 tamen
2402 3612 2631 3668 valentia
2656 3610 2722 3666 ad
2746 3610 2987 3668 eamdem
3018 3609 3304 3666 sententia:
3330 3606 3598 3663 veritatem.

2047 3703 2172 3774 quid
2210 3703 2277 3759 ad
2319 3718 2432 3758 rem
2470 3703 2722 3759 interest?
2741 3702 3051 3774 Quanquam
3083 3711 3138 3758 et
3168 3703 3274 3757 hoc
3297 3697 3408 3755 ﬁeri
3432 3692 3593 3767 pontii.

2048 3804 2105 3850 ut
2128 3795 2364 3866 pluribus
2392 3810 2514 3851 eum
2540 3793 2699 3850 simul
2722 3792 3097 3861 excitantibus,
3117 3793 3300 3850 omnia
3322 3792 3449 3855 bsic,
3475 3779 3595 3840 aliud

2046 3888 2115 3944 ab
2140 3888 2245 3944 alio
2270 3886 2594 3944 dicerentur.
2625 3887 2757 3944 ltem
2801 3885 2945 3958 quod
2983 3885 3166 3943 sedata
3209 3884 3508 3954 tempestate
3529 3873 3596 3929 di-

2048 3988 2237 4036 xerunt
2255 3977 2550 4036 secundum
2580 3977 2907 4045 Matthzeum,
2936 3976 3114 4044 Qualis
3135 3985 3210 4031 est
3231 3975 3331 4041 hic,
3347 3970 3457 4042 quia
3481 3962 3593 4020 renti

2047 4080 2094 4125 et
2121 4086 2261 4125 mare
2299 4070 2535 4125 obediunt
2581 4069 2663 4124 ei?
2697 4066 3000 4126 Secundum
3030 4066 3289 4132 Marcum,
3320 4062 3439 4129 Quis
3466 4064 3592 4129 putat

2048 4170 2120 4215 est
2140 4160 2251 4229 iste,
2282 4160 2401 4231 quia
2420 4170 2468 4215 et
2488 4169 2663 4215 ventus
2682 4167 2727 4214 et
2768 4175 2906 4216 mare
2941 4157 3180 4214 obediunt
3209 4158 3255 4212 ei
3270 4157 3295 4211 2
3320 4146 3585 4209 Secundum

2050 4252 2269 4320 Lucam,
2284 4253 2395 4324 quis
2419 4262 2568 4323 putas
2595 4252 2780 4319 hicest,
2804 4252 2982 4322 quiact
3003 4256 3162 4307 uentis
3182 4252 3390 4321 imperat
3406 4252 3583 4303 elutam

2050 4351 2096 4398 et
2115 4342 2354 4398 obediunt
2378 4343 2460 4397 ei?
2478 4344 2599 4413 quis
2627 4359 2731 4398 non
2751 4342 2927 4398 videat
2946 4357 3103 4399 unam
3125 4356 3245 4399 esse
3263 4326 3579 4397 sententiam?

2047 4432 2397 4489 Tantumdem
2410 4433 2551 4488 enim
2573 4448 2791 4504 prorsus
2805 4434 2964 4499 valet,
2990 4432 3115 4501 Quis
3142 4441 3291 4505 putas
3314 4438 3382 4485 est
3403 4422 3507 4480 iste!
3520 4426 3581 4480 et.

2051 4525 2227 4591 Qualis
2250 4535 2324 4580 est
2349 4526 2429 4580 hic
2446 4526 2471 4580 Ρ
2491 4533 2546 4580 ει
2563 4524 2653 4581 ubi
2682 4540 2787 4581 non
2816 4533 2900 4581 est
2921 4524 3143 4588 dictum,
3169 4525 3374 4590 imperat
3388 4558 3405 4581 .
3431 4510 3583 4579 Illique

2048 4625 2437 4689 consequenter
2464 4616 2787 4688 intelligitur.
2814 4618 2936 4688 quia
2964 4615 3245 4686 imperanti
3267 4607 3510 4668 obeditur.

2116 4709 2205 4766 56.
2234 4707 2388 4776 Quod
2422 4723 2554 4765 vero
2586 4707 2864 4763 Matthzcus
2895 4705 3029 4764 duos
3057 4706 3186 4763 dicit
3210 4704 3381 4765 fuisse.
3409 4694 3486 4761 (ιυί
3513 4689 3575 4742 ιε’

2047 4803 2257 4875 gionem
2299 4802 2444 4859 illam
2470 4801 2771 4857 daemonum
2809 4800 3165 4872 patiebantur,
3192 4811 3307 4870 qua:
3342 4796 3391 4847 in
3419 4792 3579 4859 porcos

2048 4893 2125 4948 ire
2150 4894 2407 4963 permissa
2451 4901 2551 4957 est,
2578 4891 2783 4948 Marcus
2807 4899 2982 4947 autem
3002 4900 3057 4946 et
3080 4888 3251 4946 Lucas
3274 4893 3423 4941 unum
3450 4885 3572 4930 com-

2046 4995 2346 5040 memorant
2379 5001 2391 5036 :
2428 4983 2689 5054 intelligas
2731 4996 2895 5038 unum
2937 4995 3123 5037 eorum
3166 4977 3322 5035 fuisse
3369 4970 3574 5041 Ρθτδοηπ

2046 5062 2266 5144 alicuius
2285 5072 2526 5128 clarioris
2550 5080 2606 5127 et
2632 5070 2951 5140 famosioris,
2977 5085 3138 5142 quem
3176 5067 3317 5139 regio
3359 5058 3437 5115 illa
3479 5062 3570 5105 πιέν

2050 5166 2189 5222 xime
2212 5165 2447 5233 dolebat,
2476 5172 2532 5221 et
2558 5180 2657 5235 pro
2685 5161 2838 5234 cuius
2880 5162 3051 5218 salute
3091 5158 3363 5224 plurimum
3397 5153 3570 5235 Silii?”

1980 5306 1981 5309 η
2046 5259 2157 5315 bat.
2186 5257 2298 5315 Hoc
2315 5234 2879 5325 volentessignilicare
2900 5252 3008 5309 duo
3048 5247 3402 5321 Evangelistze,
3428 5234 3566 5325 ξοίΨη

1954 5844 2001 5851 ..-

2045 5347 2568 5405 commemorandum
2606 5322 2993 5414 indicaverunt,
3033 5342 3101 5397 de
3144 5354 3248 5412 quo
3290 5329 3401 5390 facti
3439 5322 3568 5414 buli"

2046 5440 2183 5495 fama
2196 5440 2352 5495 latius
2370 5438 2773 5509 prmcluriusquc
2796 5436 3138 5505 fragravcrat.
3165 5429 3269 5487 Nec
3288 5416 3413 5487 αιιοά
3435 5407 3564 5509 θξ

2046 5532 2343 5587 da~mnnnm
2371 5497 2597 5586 Idiverse
2643 5497 2710 5582 ab
2751 5497 3100 5595 Evangelistis
3126 5522 3260 5577 dicta
3283 5517 3411 5571 sunt,
3436 5497 3564 5554 Ιιτὼοι

2047 5625 2245 5696 aliquid
2275 5623 2539 5694 scrupuli;
2571 5637 2691 5677 cum
2719 5619 2800 5675 vel
2821 5620 2888 5674 ad
2908 5632 3064 5672 unam
3086 5614 3246 5683 redigi
3274 5597 3557 5696 sent-cultelli-

2046 5685 2338 5775 velomnia
2368 5685 2504 5771 dicta
2527 5685 2749 5784 possint
2788 5709 3027 5779 intelligi.
3058 5706 3165 5765 Nec
3199 5701 3307 5776 quia
3330 5685 3559 5766 9⁸⁸⁸³⁸⁸⁸³⁷
