3878 6302
1376 315 1437 325 ιι..

245 413 411 474 1105

249 526 411 600 apud
444 523 750 581 Mattheum
766 567 783 593 ,
807 523 945 595 apud
973 523 1094 579 illos
1116 529 1292 579 autem
1317 521 1654 594 singulariter
1682 519 1856 590 loqui-

248 639 389 692 tur;
419 640 540 680 cum
566 634 622 680 et
648 626 745 696 ipsi
777 633 992 679 narrent
1033 622 1174 694 quod
1217 621 1572 692 interrogatus
1611 618 1737 690 quid
1765 632 1857 672 vo-

248 725 498 781 caretur,
530 713 790 784 legionem
836 729 896 770 se
934 729 1057 769 esse
1096 711 1390 782 respondit,
1430 727 1496 767 eo
1525 710 1665 782 quod
1691 709 1857 766 multa

248 819 451 866 essent
471 809 754 863 demonia.
774 807 881 863 Nec
901 806 1043 877 quod
1060 806 1267 860 Marcus
1291 805 1426 859 dixit
1449 804 1589 860 circa
1619 811 1857 858 montem

250 903 434 960 fuisse
478 916 692 972 gregem
743 914 1046 973 porcorum,
1094 898 1264 954 Lucas
1307 907 1487 952 autem
1545 897 1598 950 in
1652 904 1854 960 monte,

247 992 554 1064 quidquam
586 999 864 1060 repugnat.
893 989 1035 1046 Grex
1077 989 1219 1043 cnim
1271 1001 1550 1058 porcorum
1591 994 1700 1040 tam
1740 999 1854 1040 ma-

246 1101 404 1158 gnus
427 1085 545 1151 fuit,
569 1094 628 1140 ut
652 1083 850 1156 aliquid
874 1083 992 1154 ejus
1011 1090 1158 1139 esset
1186 1082 1240 1136 in
1267 1090 1466 1145 monte,
1494 1080 1690 1150 aliquid
1716 1078 1856 1134 circa

247 1163 525 1236 montem.
558 1177 724 1231 Erant
747 1175 892 1233 enim
919 1174 1026 1230 duo
1055 1173 1220 1228 millia
1243 1186 1548 1242 porcorum,
1566 1172 1705 1226 sicut
1720 1167 1858 1224 Mar-

246 1286 356 1324 cus
395 1268 685 1338 expressit.

245 1359 495 1417 CAPUT
544 1356 713 1414 XXV.
753 1384 826 1398 -
863 1352 944 1410 De
971 1353 1250 1424 ραι-αἰειιίσο
1280 1351 1363 1405 cui
1391 1351 1542 1417 dixit,
1573 1349 1858 1406 Dimittun-

328 1462 428 1507 tur
452 1451 546 1506 tibi
570 1456 808 1522 peccata,
834 1455 914 1513 et,
951 1445 1101 1501 Tolle
1125 1445 1400 1515 grabatum
1432 1451 1600 1507 tuum,
1643 1441 1858 1495 maxime

330 1551 512 1597 utrum
541 1541 679 1594 locus
709 1538 794 1592 ubi
814 1537 910 1591 hoc
937 1540 1127 1609 factum
1151 1543 1244 1600 est,
1276 1534 1538 1588 conveniat
1564 1533 1692 1585 inter
1721 1530 1859 1584 Mat-

329 1635 526 1688 tltazum
552 1643 598 1686 et
623 1630 896 1693 Marcum;
940 1629 1060 1699 quia
1104 1626 1377 1682 Mattheus
1415 1626 1534 1680 dicit
1571 1626 1624 1680 in
1660 1623 1859 1679 civitate

324 1743 432 1780 sua
458 1767 472 1791 ,
507 1722 713 1777 Marcus
739 1730 904 1775 autem
933 1721 986 1773 in
1012 1719 1389 1789 Capharnaum.

327 1816 428 1870 5'7.
463 1813 597 1868 Hinc
625 1827 752 1883 ergo
777 1810 1012 1881 sequitur
1038 1808 1336 1874 Mattheus,
1363 1805 1534 1862 adhuc
1554 1815 1854 1878 temporum

248 1907 510 1964 ordinem
551 1918 773 1960 servans
796 1945 812 1970 ,
865 1911 1026 1974 atque
1061 1900 1130 1956 ita
1179 1901 1538 1955 narrationem
1574 1899 1852 1955 contexit:

248 1998 328 2055 Et
379 1998 659 2053 ascendens
704 1997 758 2051 in
797 1995 1085 2050 naviculam
1132 1992 1505 2064 transfretavit,
1549 2000 1596 2045 et
1631 1995 1761 2046 venit
1803 1991 1857 2045 in

253 2093 520 2147 civitatem
569 2105 732 2144 suam.
791 2085 863 2141 Et
922 2102 1036 2142 ecce
1091 2083 1365 2152 offerebant
1420 2083 1466 2138 ei
1521 2082 1857 2154 paralyticum

237 2191 516 2254 Jacentem
541 2181 594 2236 in
613 2182 760 2248 lecto,
779 2187 909 2248 etc.,
936 2193 1104 2250 usque
1125 2177 1192 2232 ad
1220 2177 1346 2233 illud
1376 2176 1516 2249 quod
1545 2176 1638 2243 ait,
1672 2173 1857 2230 Viden-

246 2287 325 2332 tes
372 2284 545 2330 autem
587 2274 771 2337 turbae,
819 2274 1094 2327 timuerunt
1132 2278 1180 2325 et
1219 2268 1627 2342 gloriﬁcaverunt
1674 2265 1852 2335 Deum,

249 2370 346 2434 qui
371 2367 515 2422 dedit
547 2373 863 2440 postestatem
890 2363 1042 2417 talem
1063 2360 1345 2415 hominibus
1377 2358 1589 2430 (Matth.
1616 2374 1690 2423 ιχ,
1713 2359 1851 2431 1-8).

249 2467 334 2520 De
365 2463 474 2517 hoc
515 2459 806 2530 paralytico
850 2457 1100 2512 dixerunt
1139 2454 1299 2509 etiam
1331 2453 1536 2508 Marcus
1564 2461 1620 2507 et
1663 2451 1850 2506 Lucas.

244 2555 415 2624 Quod
445 2567 574 2622 ergo
599 2551 879 2606 Mattheus
903 2546 1032 2602 dicit
1057 2545 1338 2601 Dominum
1364 2545 1562 2600 dixisse
1581 2585 1594 2608 ,
1621 2543 1852 2610 Con/ide,

246 2645 370 2714 liti,
422 2643 744 2700 dimittuntur
791 2639 880 2694 tibi
923 2646 1127 2708 peccata
1159 2645 1279 2702 tua;
1320 2636 1493 2691 Lucas
1532 2645 1707 2690 autem
1749 2649 1853 2690 non

244 2735 417 2798 dixit,
450 2730 588 2796 Fili,
617 2732 732 2795 sed,
758 2732 930 2795 homo,
956 2729 1022 2785 ad
1051 2727 1369 2785 sententiam
1400 2725 1605 2782 Domini
1634 2741 1853 2790 expres-

245 2828 372 2886 sius
424 2823 795 2880 insinuandam
846 2823 985 2878 valet
1015 2839 1028 2876 :
1058 2821 1182 2892 quia
1225 2819 1426 2874 homini
1455 2819 1855 2874 dimittebantur

248 2924 484 2991 peccata
508 2956 523 2982 ,
574 2913 664 2984 qui
706 2913 811 2968 hoc
854 2913 968 2983 ipso
1004 2910 1145 2981 quod
1178 2912 1337 2965 homo
1366 2918 1513 2978 erat,
1545 2924 1649 2964 non
1673 2916 1855 2980 posset

243 3013 444 3065 dicere
465 3049 479 3071 ,
511 3005 626 3060 Non
667 3004 910 3075 peccavi;
943 3004 1100 3058 simul
1132 3002 1292 3057 etiam
1323 3011 1380 3056 ut
1405 3002 1493 3056 ille
1520 3001 1608 3072 qui
1652 3000 1853 3057 homini

245 3100 594 3167 dimittebat,
649 3098 1033 3168 intelligeretur
1077 3095 1235 3150 Deus.
1285 3095 1490 3149 Marcus
1532 3102 1710 3148 autem
1750 3093 1852 3148 hoc

245 3189 393 3248 dixit
418 3189 559 3255 quod
587 3197 642 3243 et
676 3187 990 3250 Mattheus;
1022 3186 1114 3240 sed
1144 3201 1247 3239 non
1285 3183 1438 3252 dixit,
1467 3182 1696 3253 Con/ide.
1747 3183 1851 3238 Po-

247 3290 358 3338 tuit
395 3279 611 3347 quidem
641 3286 695 3332 et
723 3278 795 3332 ita
820 3277 924 3332 dici
957 3295 969 3330 :
1001 3275 1254 3340 Conﬁdo,
1285 3275 1474 3338 homo;
1519 3276 1854 3330 dimittuntur

243 3372 346 3429 tibi
368 3376 608 3440 peccata,
635 3367 737 3420 ﬁli:
759 3374 866 3431 aut,
887 3365 1127 3427 Conﬁde,
1150 3365 1244 3429 ﬁli;
1259 3365 1596 3418 dimittuntur
1613 3365 1704 3419 tibi
1725 3379 1851 3434 pec-

246 3470 400 3524 cata,
424 3461 614 3524 homo;
637 3467 727 3512 aut
744 3457 978 3527 quolibet
1001 3457 1288 3510 verborum
1305 3455 1492 3510 ordine
1520 3457 1850 3526 congruenti.

326 3553 422 3611 58.
454 3551 586 3606 Illud
614 3565 741 3604 sane
772 3557 946 3620 potest
971 3563 1185 3603 movere
1211 3589 1226 3615 ,
1251 3545 1392 3617 quod
1420 3546 1485 3601 de
1517 3547 1616 3601 isto
1643 3548 1853 3620 paraly-

243 3647 359 3705 tico
392 3642 674 3697 Mattheus
705 3641 773 3695 ita
806 3649 985 3694 narrat
1019 3657 1032 3692 :
1064 3637 1137 3692 Et
1175 3638 1450 3692 ascendens
1479 3639 1530 3692 in
1560 3639 1846 3692 naviculam

245 3736 618 3796 transfretavit,
642 3743 686 3787 et
702 3734 830 3788 venit
846 3733 898 3786 in
919 3732 1163 3785 civitatem
1180 3748 1341 3786 suam.
1366 3729 1432 3784 Et
1454 3747 1564 3785 ecce
1578 3730 1855 3795 offerebant

249 3835 299 3886 ei
343 3828 684 3897 parulgticum
721 3828 974 3898 jacentem
1017 3826 1069 3879 in
1111 3824 1236 3879 lecto
1269 3824 1520 3879 :Marcus
1547 3833 1856 3880 autemnon

247 3922 357 3978 hoc
379 3920 436 3975 in
471 3919 587 3989 ejus
613 3917 826 3974 civitate
849 3917 1040 3971 factum
1069 3916 1217 3983 dicit,
1246 3931 1365 3985 que
1394 3916 1574 3986 utique
1593 3915 1854 3972 Nazareth

247 4023 515 4077 vocatur,
556 4011 650 4068 sed
697 4011 750 4065 in
793 4008 1197 4080 Capharnaum;
1239 4009 1378 4078 quod
1423 4010 1490 4063 ita
1538 4017 1756 4064 narrat:
1789 4009 1856 4065 Et

244 4108 440 4163 iterum
481 4104 685 4158 intravit
718 4103 771 4156 in
801 4101 1165 4171 Capharnaum
1207 4110 1317 4168 post
1361 4100 1465 4153 dies
1499 4115 1517 4152 :
1546 4110 1591 4152 et
1627 4100 1857 4154 auditum

253 4207 330 4254 est
355 4197 495 4268 quod
519 4197 571 4250 in
600 4196 749 4250 domo
775 4203 937 4256 esset;
960 4203 1004 4247 ct
1036 4201 1365 4248 convenerunt
1389 4193 1552 4259 multi,
1583 4194 1654 4246 ita
1683 4203 1856 4249 utnon

254 4298 464 4364 caperet
508 4305 663 4358 neque
697 4288 763 4340 ad
797 4287 1015 4357 januam
1055 4301 1074 4339 :
1107 4295 1151 4339 et
1192 4285 1485 4356 loquebatur
1522 4287 1594 4341 eis
1632 4289 1850 4340 verbum.

256 4381 325 4437 Et
359 4389 601 4435 venerunt
625 4383 840 4450 ferentes
862 4377 927 4430 ad
946 4392 1059 4430 eum
1088 4375 1443 4446 paralyticum,
1474 4379 1558 4445 qui
1588 4393 1618 4429 a
1637 4386 1855 4447 quatuor

251 4479 576 4549 portabatur.
633 4469 700 4525 Et
736 4489 849 4525 cum
886 4488 986 4525 non
1030 4481 1230 4541 possent
1267 4469 1452 4537 o/ferre
1472 4489 1586 4526 eum
1622 4471 1702 4525 illi
1745 4489 1854 4543 pra:

249 4569 439 4632 turba,
467 4568 777 4620 nudaverunt
804 4574 982 4619 tectum
1011 4565 1094 4618 ubi
1113 4573 1220 4617 erat
1239 4606 1254 4632 ,
1283 4573 1329 4618 et
1351 4566 1706 4636 patefacientes
1735 4566 1854 4620 sub-

250 4668 500 4715 mtserunt
523 4666 784 4731 grabatum
813 4659 865 4712 in
893 4674 992 4729 quo
1025 4658 1340 4729 paralyticus
1371 4659 1594 4728 jacebat.
1625 4657 1751 4713 Cum
1778 4659 1852 4714 vi-

252 4756 409 4809 disset
431 4761 598 4806 autem
620 4751 770 4805 Iesus
800 4751 950 4820 fidem
972 4750 1202 4815 illorum,
1234 4759 1338 4806 etc.
1375 4748 1565 4821 (Marc.
1598 4766 1631 4805 ll
1654 4793 1667 4816 ,
1698 4751 1848 4823 1-12)

254 4849 433 4903 Lucas
475 4855 652 4900 autem
690 4861 796 4898 non
827 4851 1210 4898 commemorat
1248 4859 1352 4914 quo
1391 4843 1444 4899 in
1489 4843 1606 4898 loco
1654 4843 1849 4900 factum

253 4941 345 5000 sit.
381 4938 476 4994 sed
506 4941 575 4992 ita
601 4937 732 4992 dicit
766 4955 778 4990 :
811 4935 876 4991 Et
904 4939 1090 5001 factum
1119 4945 1189 4990 est
1220 4934 1272 4988 in
1297 4952 1400 4989 una
1428 4934 1642 5000 dierum,
1673 4946 1718 4991 et
1741 4935 1851 5003 ipse

253 5041 462 5086 sedebat
501 5035 684 5084 docens
716 5045 735 5084 :
759 5038 807 5084 et
848 5038 991 5083 erant
1038 5026 1290 5081 Pharistei
1336 5027 1588 5089 sedentes,
1635 5037 1681 5082 et
1723 5029 1849 5099 legis

255 5129 506 5187 doctores,
538 5129 621 5185 qut
648 5130 881 5175 venerant
908 5135 970 5174 ea:
1001 5119 1139 5172 omni
1168 5118 1371 5173 castello
1406 5117 1634 5174 Galilwa:
1664 5130 1713 5174 et
1746 5118 1848 5174 Ju-

253 5217 379 5269 daza:
400 5224 448 5270 et
476 5212 759 5267 Jerusalem
792 5228 809 5265 :
836 5221 881 5265 et
927 5212 1082 5264 virtus
1105 5218 1212 5264 erat
1237 5208 1445 5265 Domini
1487 5211 1555 5264 ad
1596 5211 1848 5266 sanandos

252 5321 360 5359 eos.
412 5302 482 5360 Et
509 5321 619 5360 ecce
656 5305 747 5358 viri
791 5311 1045 5366 portantes
1085 5302 1136 5357 in
1175 5299 1302 5356 lecto
1343 5303 1594 5358 hominem
1630 5304 1715 5371 qui
1741 5314 1850 5359 erat

253 5399 568 5469 paralyticus
594 5438 610 5466 ,
650 5407 694 5450 et
721 5395 1008 5469 querebant
1041 5411 1156 5449 eum
1197 5394 1413 5463 inferre,
1456 5405 1502 5449 et
1526 5412 1711 5466 ponere
1733 5406 1850 5452 ante

249 5506 369 5542 eum
401 5506 420 5544 :
445 5501 494 5542 et
522 5506 620 5542 non
650 5495 950 5544 invenientes
979 5505 1080 5553 qua
1118 5497 1261 5556 parte
1297 5485 1444 5541 illum
1473 5490 1713 5558 inferrent
1745 5505 1848 5557 prae

259 5587 428 5638 turba.
461 5589 794 5632 ascenderunt
821 5595 978 5646 supra
1005 5589 1218 5645 tectum,
1247 5586 1295 5631 et
1323 5595 1412 5645 per
1441 5580 1635 5646 tegulas
1655 5579 1844 5634 submi-

259 5682 430 5727 serunt
456 5672 601 5725 illum
629 5689 740 5725 cum
767 5673 891 5725 lecto
911 5674 964 5726 in
989 5673 1207 5727 medium
1233 5682 1349 5726 ante
1373 5671 1568 5726 Iesum.
1620 5674 1846 5736 Quorum

250 5763 415 5830 ﬁdem
445 5772 499 5816 ut
528 5762 685 5829 vidit,
724 5761 853 5816 dixit
886 5779 904 5816 :
937 5762 1100 5818 Homo
1123 5804 1139 5831 ,
1169 5765 1491 5818 remittuntur
1525 5765 1613 5821 tibi
1643 5777 1847 5838 peccata

249 5863 357 5921 tua,
387 5863 494 5912 etc.
516 5854 664 5928 (Luc.
699 5869 762 5921 ν,
798 5852 1006 5922 17-26).
1044 5852 1295 5909 Remanet
1323 5854 1478 5924 igitur
1499 5858 1722 5926 questio
1755 5858 1839 5912 in-

1584 406 1788 463 LIBER
1823 402 2212 463 SECUNDUS.

1943 528 2048 575 σιει-
2069 518 2302 576 Marcum
2332 528 2386 576 et
2413 519 2742 589 Mattheum,
2764 523 2906 595 quod
2933 523 3213 582 Mattheus
3241 529 3310 584 ita
3336 532 3544 602 scribit,

3405 417 3546 475 H06

1962 617 2213 680 tanquam
2244 610 2299 665 in
2322 610 2535 667 civitate
2557 611 2764 668 Domini
2787 613 2982 671 factum
3014 618 3102 684 sit,
3134 618 3343 676 Marcus
3369 632 3547 680 autem

1961 700 2016 755 in
2041 699 2433 771 Capharnaum.
2481 702 2611 770 Que
2652 703 2922 761 difﬁcilius
2955 709 3290 777 solveretur,
3336 714 3380 768 si
3413 714 3548 770 Mat-

1963 793 2133 850 theus
2172 795 2331 851 etiam
2375 795 2635 853 Nazareth
2682 800 3027 855 nominaret:
3061 818 3202 858 nunc
3249 821 3376 861 vero
3421 787 3593 865 cum:

1962 888 2196 958 potuerit
2243 887 2357 959 ipsa
2403 888 2620 944 Galilea
2666 889 2768 946 dici
2820 893 3005 948 civitas
3040 893 3276 963 Christi,
3330 900 3451 970 quia
3492 873 3588 970 ini

1961 978 2178 1034 Galilea
2205 988 2321 1035 erat
2339 979 2596 1035 Nazareth
2619 999 2631 1035 :
2651 981 2788 1038 sicut
2807 985 3112 1041 universum
3134 1004 3355 1060 regnum
3387 992 3440 1054 in
3474 971 3586 1050 tots

1961 1073 2260 1127 civitatibus
2284 1074 2650 1142 constitutum,
2677 1075 2868 1132 dicitur
2888 1078 3126 1135 Romana
3152 1083 3370 1147 civitas;
3393 1073 3577 1140 cum-‘~

1960 1181 2066 1237 que
2095 1167 2148 1222 in
2173 1175 2253 1222 tot
2285 1169 2532 1238 gentibus
2555 1171 2838 1226 constituta
2863 1172 3048 1228 civitas
3073 1175 3174 1239 sit,
3206 1176 3272 1231 de
3294 1194 3395 1248 qua
3420 1181 3550 1234 scri-
3574 1185 3582 1211 θ

1960 1266 2110 1329 ptum
2139 1268 2221 1315 est
2243 1300 2260 1326 ,
2290 1257 2662 1315 Gloriosissima
2690 1262 2824 1316 dicta
2864 1273 2979 1318 sunt
3020 1265 3084 1318 de
3123 1276 3198 1333 te,
3240 1269 3414 1322 civitas
3451 1269 3551 1325 Dei

1961 1349 2133 1421 (Psal.
2164 1367 2391 1420 uxxvr,
2422 1353 2512 1424 3);
2551 1362 2608 1410 et
2639 1369 2764 1410 cum
2808 1356 2924 1428 ipse
2953 1358 3099 1427 prior
3125 1361 3346 1430 populus
3375 1362 3466 1418 Dei
3496 1364 3549 1418 in

1961 1453 2040 1499 tot
2073 1445 2373 1501 civitatibus
2409 1445 2689 1513 habitans,
2739 1449 2898 1504 etiam
2930 1465 3030 1504 una
3058 1451 3248 1506 domus
3280 1453 3453 1509 dictus
3478 1456 3550 1510 sit

1960 1535 2149 1591 domus
2175 1535 2336 1591 Israel
2367 1535 2519 1608 (Isai.
2542 1553 2595 1602 ν,
2630 1538 2696 1603 7;
2720 1536 2911 1593 Jerem.
2943 1555 3021 1606 ιιι,
3051 1541 3141 1604 20,
3171 1552 3219 1597 et
3247 1541 3437 1599 Ezech.
3469 1561 3546 1613 ιιι,

1960 1628 2015 1698 4)
2047 1647 2060 1683 :
2089 1629 2209 1701 quis
2237 1630 2554 1685 dubitaverit
2584 1630 2635 1685 in
2658 1632 2978 1688 civitatesua
3009 1634 3109 1690 hoc
3133 1635 3323 1693 fecisse
3342 1637 3550 1706 Jesum,

1959 1733 2081 1775 cum
2124 1719 2225 1775 hoc
2267 1720 2455 1777 fecerit
2490 1721 2542 1776 in
2574 1721 2786 1779 civitate
2814 1722 3182 1794 Capharnaum
3207 1728 3420 1785 civitate
3447 1729 3551 1786 Ga-

1961 1812 2144 1878 Iilee,
2186 1826 2293 1884 quo
2343 1812 2735 1870 transfretando
2775 1815 3009 1871 redierat
3034 1817 3101 1872 de
3140 1819 3355 1890 regione
3380 1819 3551 1876 Gera-

1961 1917 2246 1971 senorum,
2297 1912 2354 1959 ut
2381 1904 2602 1961 veniens
2647 1905 2699 1960 in
2744 1905 3015 1961 Galilaeam
3041 1948 3056 1971 ,
3102 1917 3245 1964 recte
3280 1909 3552 1968 diceretur

1959 1997 2172 2051 venisse
2198 1995 2250 2050 in
2277 1997 2546 2054 civitatem
2573 2013 2748 2065 suam,
2773 1999 2824 2053 in
2845 2014 3178 2070 quocumque
3200 2001 3392 2071 oppido
3408 2013 3552 2062 esset

1960 2086 2227 2153 Galilee;
2257 2088 2552 2158 presertim
2587 2089 2708 2159 quia
2737 2099 2790 2144 et
2829 2090 2940 2160 ipsa
2970 2090 3337 2160 Capharnaum
3359 2093 3430 2148 ita
3457 2109 3550 2150 ex-

1959 2179 2185 2235 cellebat
2211 2179 2262 2234 in
2280 2178 2516 2245 Galilea,
2546 2191 2604 2236 ut
2624 2190 2869 2252 tanquam
2887 2183 3201 2252 metropolis
3225 2183 3508 2240 haberetur
3523 2186 3549 2240 ἓ

1959 2271 2111 2339 Quod
2138 2272 2181 2326 si
2207 2287 2425 2342 prorsus
2455 2288 2562 2328 non
2606 2273 2793 2330 liceret
2830 2274 3074 2344 accipere
3098 2274 3368 2331 civitatem
3393 2276 3551 2332 Chri-

1960 2362 2062 2428 sti,
2099 2362 2186 2417 vel
2216 2363 2384 2432 ipsam
2415 2363 2684 2418 Galileam
2711 2405 2728 2430 ,
2775 2364 2830 2419 in
2863 2379 2965 2435 qua
2997 2375 3112 2420 erat
3139 2365 3433 2431 Nazareth,
3462 2370 3550 2426 vel

1960 2453 2128 2524 ipsam
2155 2452 2524 2524 Capharnaum
2550 2495 2566 2520 ,
2613 2471 2732 2525 que
2759 2456 2899 2510 sicut
2922 2465 3076 2526 caput
3107 2455 3340 2513 Galilee
3364 2459 3548 2516 civita-

1960 2546 2103 2602 tibus
2135 2545 2438 2612 eminebat;
2480 2545 2781 2602 diceremus
2805 2547 3107 2602 Mattheum
3143 2551 3549 2618 pretermisisse

1958 2651 2076 2706 qua:
2101 2645 2250 2706 gesta
2280 2643 2422 2701 sunt,
2457 2646 2798 2707 posteaquam
2824 2637 2968 2692 venit
3004 2637 3160 2694 Jesus
3190 2639 3242 2693 in
3273 2640 3546 2696 civitatem

1958 2740 2141 2790 suam,
2167 2725 2338 2782 donec
2362 2727 2568 2783 veniret
2593 2727 2996 2798 Capharnaum,
3027 2737 3082 2784 et
3111 2730 3210 2784 hoc
3241 2730 3548 2800 adjunxisse

1957 2817 2026 2872 de
2055 2826 2240 2872 sanato
2267 2819 2558 2889 paralytico
2591 2836 2604 2872 :
2637 2818 2772 2874 sicut
2798 2819 2853 2874 in
2868 2820 3048 2874 multis
3075 2821 3147 2874 ita
3167 2819 3385 2888 faciunt,
3409 2838 3547 2893 pre-

1962 2909 2318 2966 termittentes
2345 2912 2540 2978 media,
2575 2920 2823 2982 tanquam
2854 2912 2957 2969 hoc
2982 2914 3238 2969 continuo
3267 2925 3544 2985 sequatur,

1958 3003 2099 3074 quod
2149 3004 2265 3058 sine
2322 3004 2424 3059 ulla
2478 3005 2946 3075 pretermissionis
2992 3021 3104 3061 sue
3157 3007 3546 3078 signiﬁcatione

1958 3097 2305 3167 subjungunt.

1955 3207 2182 3266 CAPUT
2199 3207 2389 3264 XXVI.
2413 3239 2481 3250 —-
2501 3209 2581 3264 De
2602 3211 2859 3266 vocatione
2883 3227 3076 3283 quoque
3095 3210 3348 3279 Matthxi,
3378 3221 3546 3268 utrum

2032 3301 2210 3356 Marco
2239 3313 2284 3356 et
2316 3301 2467 3355 Luca:
2493 3304 2578 3372 qui
2602 3303 2776 3356 dicunt
2801 3302 2957 3358 Levin
2982 3303 3182 3374 Alphei
3201 3345 3216 3371 ,
3247 3304 3382 3359 idem
3409 3305 3546 3360 Mat-

2030 3397 2192 3452 theus
2218 3404 2480 3468 congruat.

2029 3511 2119 3567 59.
2154 3510 2288 3566 Hinc
2317 3525 2446 3580 ergo
2475 3509 2712 3581 sequitur
2735 3509 3048 3576 Mattheus,
3080 3509 3265 3566 dicens
3293 3528 3307 3564 :
3335 3509 3405 3565 Et
3432 3529 3546 3566 cum

1961 3604 2195 3659 transiret
2222 3603 2341 3657 inde
2363 3601 2531 3667 Iesus,
2561 3601 2685 3655 vidit
2706 3603 2955 3656 hominem
2980 3605 3228 3656 sedentem
3256 3603 3308 3656 in
3335 3602 3543 3671 telonio,

1962 3692 2264 3748 Matthwum
2308 3692 2510 3745 nomine
2527 3732 2543 3757 ,
2573 3699 2620 3744 et
2643 3693 2713 3744 ait
2739 3691 2848 3757 illi,
2874 3691 3093 3762 Sequere
3116 3708 3194 3745 me
3222 3707 3241 3746 :
3266 3700 3312 3746 et
3337 3707 3546 3762 surgens

1960 3795 2159 3839 secutus
2183 3792 2255 3839 est
2278 3800 2391 3838 eum
2417 3781 2627 3854 (Matth.
2659 3800 2734 3850 ix,
2765 3783 2842 3854 9).
2875 3783 2987 3838 Hoc
3012 3783 3220 3838 Marcus
3243 3785 3314 3839 ita
3343 3795 3544 3850 narrat,

1961 3877 2207 3934 eumdem
2229 3879 2388 3933 etiam
2420 3877 2532 3948 ipse
2561 3875 2802 3932 ordinem
2834 3883 3018 3934 tenens
3052 3885 3172 3946 post
3210 3876 3353 3931 illius
3388 3892 3546 3947 para-

1961 3969 2104 4041 Iytici
2143 3969 2465 4024 sanitatem:
2494 3967 2560 4023 Et
2598 3985 2827 4039 egressus
2859 3977 2933 4022 est
2956 4009 2970 4033 ,
3023 3968 3230 4038 inquit,
3280 3968 3348 4021 ad
3386 3985 3545 4032 mare,

1961 4061 2218 4130 omnisque
2239 4059 2383 4113 turba
2410 4060 2633 4113 veniebat
2650 4059 2718 4111 ad
2741 4075 2877 4126 cum,
2907 4068 2955 4113 et
2981 4058 3187 4112 docebat
3214 4074 3319 4114 eos.
3347 4056 3546 4112 Etcum

1961 4154 2271 4222 praeteriret,
2304 4149 2428 4203 vidit
2457 4148 2577 4203 Levi
2608 4151 2624 4181 ¹
2658 4149 2860 4219 Alphei
2891 4148 3142 4203 sedentem
3172 4148 3242 4200 ad
3282 4148 3544 4213 telonium,

1961 4253 2007 4297 et
2021 4244 2091 4298 ait
2113 4243 2210 4308 illi,
2235 4242 2454 4308 Sequere
2471 4257 2551 4295 me
2581 4256 2598 4294 :
2623 4251 2670 4294 et
2695 4257 2904 4312 surgens
2917 4250 3116 4294 secutus
3129 4249 3202 4293 est
3221 4256 3333 4293 eum
3357 4240 3546 4310 (Marc.

1961 4351 2018 4401 ιι,
2049 4336 2135 4400 I5,
2165 4334 2276 4405 Ii).
2317 4333 2399 4389 Nil
2428 4332 2512 4388 hic
2533 4341 2828 4403 repugnat;
2855 4333 2967 4402 ipse
2996 4341 3077 4387 est
3101 4332 3243 4387 enim
3271 4332 3549 4390 Mattheus

1957 4427 2051 4497 qui
2076 4435 2131 4481 et
2159 4425 2305 4479 Levi.
2358 4424 2527 4480 Lucas
2568 4424 2728 4480 etiam
2756 4423 2856 4478 hoc
2881 4432 3000 4494 post
3025 4424 3270 4479 eumdem
3298 4425 3548 4496 paralyti-

1960 4531 2081 4572 cum
2102 4523 2345 4571 sanatum
2373 4515 2444 4570 ita
2471 4514 2740 4584 subiungit
2767 4529 2782 4568 :
2813 4513 2881 4569 Et
2915 4524 3027 4585 post
3057 4514 3164 4568 haec
3191 4515 3330 4579 exiit,
3354 4524 3398 4568 et
3424 4516 3549 4568 vidit

1960 4607 2284 4678 publicanum
2327 4606 2530 4661 nomine
2565 4603 2687 4659 Levi
2719 4605 2974 4660 sedentem
3000 4605 3067 4657 ad
3101 4606 3376 4672 telonium,
3407 4616 3454 4660 et
3478 4608 3549 4660 ait

1958 4702 2055 4768 illi,
2083 4702 2303 4768 Sequere
2327 4716 2423 4754 me.
2449 4697 2516 4752 Et
2545 4699 2731 4754 relictis
2751 4699 2997 4764 omnibus,
3021 4716 3232 4770 surgens
3249 4710 3446 4755 secutus
3473 4710 3549 4754 est

1957 4811 2070 4850 eum
2099 4793 2249 4866 (Luc.
2281 4809 2345 4862 ν,
2373 4792 2464 4860 27,
2491 4793 2606 4864 28).
2637 4792 2771 4848 Hinc
2794 4802 2971 4848 autem
2995 4793 3318 4862 probabilius
3339 4792 3547 4848 videtur

1957 4887 2099 4960 quod
2145 4887 2261 4942 hec
2305 4887 2658 4958 pretermissa
2701 4885 3034 4942 recordando
3072 4885 3348 4940 Mattheus
3393 4901 3548 4941 com-

1959 4989 2219 5036 memorat
2248 4998 2261 5034 :
2293 4980 2415 5051 quia
2436 4979 2618 5050 utique
2640 4987 2766 5034 ante
2799 4979 2945 5034 iIIum
2972 4992 3279 5033 sermonem
3301 4975 3542 5032 habitum

1959 5073 2012 5127 in
2038 5081 2218 5127 monte
2240 5111 2257 5136 ,
2305 5069 2630 5127 credendum
2657 5078 2743 5126 est
2783 5077 3028 5124 vocatum
3057 5082 3178 5123 esse
3210 5067 3540 5124 Mattheum.

1958 5163 2017 5220 In
2045 5179 2112 5221 eo
2144 5164 2339 5234 quippe
2377 5171 2557 5218 monte
2602 5171 2727 5217 tunc
2755 5160 2925 5216 Lucas
2950 5169 3335 5215 commemorat
3357 5175 3548 5217 omnes

1955 5254 2233 5311 duodecim
2261 5269 2328 5310 ex
2357 5254 2599 5326 plurimis
2613 5251 2889 5323 discipulis
2916 5251 3138 5321 electos,
3161 5267 3296 5324 quos
3321 5260 3376 5308 et
3397 5254 3548 5324 Apo-

1954 5349 2125 5405 stolos
2155 5348 2447 5404 nominavit
2475 5345 2584 5420 (Id.
2615 5362 2690 5413 v1,
2724 5344 2838 5417 i5).

1951 5461 2178 5520 CAPUT
2222 5459 2434 5515 XXVII.
2481 5490 2554 5500 —
2595 5458 2675 5514 De
2713 5459 2937 5514 convivio
2977 5459 3065 5514 ubi
3107 5459 3357 5532 objectum
3382 5468 3458 5516 est
3495 5476 3526 5515 e

2024 5553 2160 5624 quod
2183 5568 2296 5606 cum
2323 5551 2663 5621 peccatoribus
2689 5550 3014 5605 manducarct
3036 5591 3054 5618 ,
3088 5559 3136 5606 et
3161 5551 3298 5623 quod
3323 5568 3424 5606 non
3452 5553 3540 5622 je-

2018 5649 2262 5719 junarent
2286 5642 2522 5714 discipuli
2549 5644 2693 5714 ejus,
2734 5645 2870 5714 quod
2903 5643 3098 5698 videtur
3135 5645 3266 5700 alius
3305 5645 3434 5701 alios
3467 5647 3546 5700 di-

2015 5808 2032 5837 ¹
2069 5811 2119 5853 tn
2142 5801 2547 5866 plerisquegttssq
2571 5801 2709 5854 Levia
2731 5798 2932 5865 .tlphci.
2957 5800 3030 5852 sic
3053 5801 3200 5854 etiam
3221 5801 3271 5856 in.
3293 5799 3545 5852 veteribus

1951 5861 2327 5917 Corbcie'nsibus
2347 5861 2523 5913 Bibliis.

3252 5938 3345 5974 ...θ-
