3878 6302
389 308 526 369 “07

464 439 576 481 cere
594 441 627 480 a
645 427 824 498 quibus
851 425 1096 500 objectum
1116 430 1201 496 sit,
1225 438 1272 482 et
1295 430 1358 483 de
1378 431 1536 484 verbis
1560 447 1752 497 eorum,
1774 433 1982 501 respon-

1095 312 1184 369 DE
1221 311 1574 372 CONSENSU
1613 312 2266 390 EVANGELISTARUM,
2306 319 2365 378 S.
2390 319 2786 380 ‘AUGUSTINI
3523 329 3638 393 1108

2092 427 2214 489 Νοη
2247 433 2380 492 enim
2412 455 2521 492 nent
2554 455 2733 494 vocare
2758 442 2956 511 justas,
2991 441 3080 497 sed
3119 453 3436 516 peccatores;
3460 447 3634 510 Marcus

457 519 626 589 sisque
665 514 906 587 Domini,
953 521 1125 575 struat
1155 520 1432 577 Mortam
1449 563 1466 590 ,
1500 520 1714 579 Marcus
1737 523 1788 581 et
1813 515 1986 580 Lucas
2089 536 2300 600 quoque
2324 537 2378 586 et
2408 527 2576 587 Lucas
2597 527 2799 589 eisdem
2828 539 2968 606 pene
2996 514 3173 593 verbis
3187 514 3428 596 eamdem
3450 543 3626 600 Senten-

462 621 770 683 congruant.-

465 723 554 781 60.
587 724 838 796 Sequitur
866 727 1043 799 itaque
1064 723 1374 794 Matthmus,
1406 733 1460 782 et
1496 727 1623 783 dicit
1653 749 1665 783 :
1694 725 1762 782 Et
1789 727 1982 799 factum

387 827 462 873 est
503 821 839 875 discumbente
882 835 940 874 eo
978 821 1031 874 in
1073 819 1258 886 domo,
1302 838 1411 875 ecce
1452 821 1597 874 multi
1645 819 1897 891 publicani
1935 831 1980 876 et

389 923 676 981 peccatores
702 915 947 966 venientes
967 953 981 978 ,
1018 911 1390 966 discumbebant
1420 928 1534 965 cum
1558 899 1704 977 Iesu,
1747 921 1792 966 et
1822 911 1977 967 disci-

387 1003 520 1072 pulis
540 1006 667 1074 ejus,
695 1011 822 1069 etc.,
856 1011 1024 1075 usthe
1047 1004 1112 1058 ad
1141 1001 1272 1058 illud
1298 1003 1388 1058 tibi
1416 1004 1521 1069 ait,
1551 993 1660 1060 Sed
1686 995 1855 1059 vinum
1881 1021 1978 1059 no-

388 1112 502 1149 vum
555 1096 609 1149 in
656 1105 792 1149 utres
839 1107 989 1151 novos
1040 1091 1278 1163 mittunt,
1336 1103 1384 1150 et
1427 1091 1574 1151 ambo
1620 1107 1979 1152 conservantur

387 1185 596 1258 (Matth.
629 1203 706 1250 ix,
734 1187 942 1259 10-17).
973 1181 1069 1243 Hic
1089 1185 1364 1244 Ma’llhmus
1388 1205 1490 1245 non
1520 1193 1781 1261 expressit
1803 1191 1854 1246 in
1885 1207 1977 1246 cu-

381 1279 466 1347 jus
496 1279 656 1333 domo
682 1273 1048 1336 discumbebat
1072 1281 1225 1336 Jesus
1250 1297 1371 1335 cum
1395 1267 1694 1351 publicanis
1714 1289 1766 1338 et
1789 1291 1978 1352 peccaé

385 1371 587 1424 toribus
620 1371 797 1426 :unde
842 1381 1024 1441 posset
1059 1369 1227 1430 videri
1257 1389 1362 1428 non
1410 1376 1515 1431 ltoc'
1537 1377 1603 1430 ei
1644 1375 1831 1431 Ordine
1852 1377 1976 1432 sub-

376 1461 619 1530 junxisse
646 1505 660 1529 ,
691 1463 787 1517 sed
811 1464 953 1534 quod
975 1465 1080 1519 alio
1113 1473 1352 1534 tempore
1383 1455 1577 1521 factum
1611 1475 1693 1522 est
1722 1468 1975 1522 recorda-

384 1561 470 1606 tus
521 1551 942 1622 interposuisse,
1007 1553 1108 1610 nisi
1162 1551 1370 1612 Marcus
1416 1557 1472 1612 et
1517 1553 1686 1613 Lucas
1733 1560 1824 1628 qui
1877 1559 1977 1615 hoc

386 1646 607 1698 omnino
628 1647 874 1701 similiter
901 1657 1134 1712 narrant,
1158 1649 1558 1703 manifestarcnt
1577 1651 1628 1704 in
1649 1641 1812 1706 domo
1825 1650 1972 1719 Levi,

382 1735 487 1790 hoc
514 1744 595 1790 est
619 1735 870 1802 Mattlnri,
890 1737 1219 1793 discubuisse
1238 1738 1443 1805 .lcsum,
1463 1745 1515 1793 et
1532 1731 1672 1795 dicta
1692 1737 1778 1795 illa
1796 1742 1974 1797 omnia

380 1843 503 1898 quae
533 1838 848 1898 sequuntur.
883 1831 958 1884 ita
987 1831 1127 1884 enim
1145 1825 1350 1885 Murcus
1374 1830 1475 1885 hoc
1500 1829 1639 1887 idem
1661 1827 1806 1902 dicit,
1825 1846 1977 1889 eum-

379 1919 502 1974 dem
535 1921 776 1976 ordinem
805 1934 1023 1977 servans
1053 1939 1066 1975 :
1101 1915 1170 1976 Et
1186 1925 1374 1993 factum
1397 1923 1487 1988 est,
1519 1941 1634 1978 cum
1662 1926 1975 2006 accumberet

377 2013 433 2066 in
460 2013 608 2068 domo
646 2013 814 2079 illius,
852 2013 998 2070 multi
1029 2015 1284 2087 publicani
1317 2023 1366 2071 et
1397 2021 1679 2084 peccatores
1704 2017 1856 2071 simul
1879 2019 1974 2074 disc

380 2105 673 2160 cumbebant
713 2124 825 2159 cum
850 2106 974 2160 Jesu
1005 2103 1194 2178 (Marc.
1227 2118 1295 2173 tt,
1329 2093 1537 2179 15-29.).
1579 2103 1714 2162 Cum
1740 2124 1866 2179 ergo
1895 2109 1974 2164 di-

377 2197 491 2264 cit,
525 2197 576 2251 in
617 2198 764 2252 domo
794 2200 967 2265 illius;
1013 2200 1262 2269 exprimit
1298 2202 1486 2271 utique
1535 2196 1684 2255 illum
1708 2245 1722 2269 ,
1763 2199 1831 2258 de
1869 2219 1974 2274 quo

377 2289 624 2357 superius
671 2289 1022 2359 loquebatur,
1071 2291 1123 2346 id
1154 2300 1238 2348 est
1262 2287 1412 2347 Levi.
1460 2287 1548 2348 Sic
1574 2301 1627 2349 et
1650 2287 1823 2349 Lucas
1850 2309 1972 2351 cum

379 2379 637 2447 dixisset,
665 2382 747 2436 Ait
776 2386 886 2451 illi,
917 2379 1137 2457 Sequere
1167 2403 1244 2441 me
1275 2404 1293 2441 :
1318 2385 1366 2441 et
1393 2387 1582 2443 relictis
1611 2383 1836 2444 omnibus
1860 2406 1973 2443 sur-

375 2489 499 2545 gens
537 2477 732 2529 secutus
779 2487 849 2531 est
896 2494 1050 2544 eum;
1099 2479 1349 2534 continuo
1383 2471 1642 2549 subjecit,
1689 2477 1756 2534 Et
1787 2477 1976 2552 fecitei

375 2565 656 2620 convivium
699 2585 937 2638 magnum
977 2561 1102 2624 Levi
1133 2571 1185 2624 in
1223 2569 1373 2625 domo
1416 2587 1552 2634 sua;
1598 2579 1643 2626 et
1680 2579 1787 2627 erat
1828 2573 1973 2629 turba

374 2656 539 2710 multa
565 2659 943 2728 publicanorum
967 2671 1014 2714 et
1042 2657 1278 2731 aliorum,
1310 2660 1398 2730 qui
1420 2677 1534 2716 cum
1565 2659 1668 2718 illis
1693 2669 1836 2718 erant
1864 2665 1972 2720 dis—

374 2749 656 2806 cumbentes
687 2751 837 2822 (Luc.
871 2769 936 2818 v,
966 2747 1185 2824 27-39).
1234 2745 1570 2811 Manifestum
1598 2766 1680 2813 est
1705 2757 1881 2830 itaque
1917 2755 1970 2813 in

375 2842 526 2911 cujus
555 2842 714 2899 domo
746 2845 844 2898 ista
871 2845 1212 2917 gerebantur.

448 2955 536 3009 (il.
578 2955 695 3011 Jam
738 2941 847 3028 ipsa
899 2959 1062 3014 verba
1107 2958 1416 3027 videamus,
1455 2961 1542 3015 vel
1587 2976 1706 3032 quas
1743 2961 1971 3018 Domino

379 3046 542 3113 dicta,
574 3048 657 3101 vel
688 3064 805 3117 qua:
835 3049 902 3102 ab
928 3049 1020 3103 illo
1051 3065 1306 3118 responsa
1336 3066 1524 3107 omnes
1545 3052 1631 3107 isti
1662 3061 1772 3108 tres
1792 3053 1970 3109 Evano

373 3136 578 3207 gelistze
598 3147 906 3207 posuerunt.
931 3138 1208 3194 Matthreus
1235 3158 1249 3193 :
1273 3139 1341 3194 Et
1355 3141 1597 3210 videntes,
1625 3143 1815 3214 inquit,
1836 3141 1971 3199 Pha-

373 3227 511 3282 τίειΒὶ
531 3272 545 3296 ,
589 3227 817 3283 dicebant
852 3219 1113 3300 discipulis
1152 3233 1260 3304 ejus
1282 3250 1300 3287 :
1333 3232 1502 3297 Quare
1534 3250 1648 3288 cum
1689 3231 1972 3303 publicanis

376 3329 428 3374 et
472 3322 813 3392 peccatoribus
861 3319 1136 3377 manduca!
1183 3321 1421 3397 magister
1467 3327 1672 3382 vester?
1726 3323 1968 3384 Totidem

372 3429 515 3484 pene
543 3415 717 3471 verbis
743 3415 844 3472 hoc
871 3416 948 3470 ait
975 3426 1028 3472 et
1055 3417 1261 3473 Marcus
1292 3435 1305 3470 :
1343 3419 1511 3485 Quare
1543 3436 1657 3474 cum
1686 3420 1968 3490 publicanis

373 3513 426 3558 et
445 3507 786 3576 peccatoribus
812 3507 1089 3562 manducet
1109 3515 1157 3561 et
1185 3507 1308 3562 bibit
1327 3510 1560 3581 magister
1589 3511 1793 3566 vester?
1823 3511 1968 3568 Prte-

375 3597 683 3652 termissum
722 3606 959 3670 estergo
983 3609 1016 3654 a
1055 3588 1308 3655 Mattiaco
1342 3601 1484 3669 quod
1519 3601 1625 3657 iste
1646 3600 1886 3669 addidit,
1918 3602 1972 3659 et

377 3687 540 3742 bibit:
567 3688 670 3744 sed
689 3690 819 3760 quid
845 3690 912 3745 ad
939 3697 1058 3747 rem
1073 3724 1095 3756 ,ν
1115 3697 1240 3746 eum
1265 3692 1419 3762 plena
1462 3693 1533 3747 sit
1560 3696 1849 3764 sententia,
1880 3691 1964 3751 in?

375 3779 598 3835 sinuans
639 3781 840 3851 pariter
867 3777 1252 3839 convivanles?
1289 3783 1462 3840 Lucas
1486 3791 1665 3842 autem
1693 3787 1968 3860 aliquanto

374 3871 710 3928 ditl'erentius
735 3874 840 3930 hoc
865 3874 1083 3930 videtur
1105 3883 1556 3934 commemorasse
1589 3897 1602 3934 :
1637 3877 1706 3936 Et
1735 3893 1965 3938 marmu-

373 3966 555 4018 rabant
575 4008 588 4030 ,
622 3965 827 4036 inquit,
858 3965 1112 4023 Pharisaei
1131 3973 1180 4023 et
1203 3969 1398 4025 Scriba:
1419 3977 1590 4025 eorum
1608 4015 1621 4039 ,
1655 3973 1874 4030 dicentes
1900 3973 1972 4030 ad

376 4053 658 4123 disciptllos
691 4056 802 4126 ejus
826 4071 845 4110 :
873 4055 1042 4123 Quare
1073 4063 1190 4112 eant
1233 4059 1514 4130 publicanis
1541 4067 1586 4116 et
1629 4064 1968 4133 peccatoribus

374 4147 694 4204 manducetis
733 4157 778 4203 et
824 4146 1031 4206 bibitis!
1069 4134 1188 4207 Non
1226 4153 1406 4225 utique
1431 4153 1742 4226 magistrum
1780 4165 1970 4214 eorum

374 4240 570 4295 nolens
597 4241 616 4273 ι
646 4240 758 4297 illic
789 4235 1014 4313 intelligi
1038 4245 1056 4309 ξ
1083 4242 1178 4298 sed
1204 4243 1361 4299 simul
1391 4243 1670 4315 erunibus,
1711 4251 1764 4302 et
1794 4248 1894 4319 ipsi
1913 4255 1970 4305 et

379 4330 654 4402 discipulis
696 4332 814 4402 ejus
850 4332 953 4390 hoc
989 4333 1260 4404 obiectum
1299 4335 1572 4394 insinuans
1602 4357 1616 4394 :
1643 4349 1747 4396 non
1789 4347 1966 4399 tamen

375 4423 427 4479 ei
457 4422 678 4490 dictum,
711 4425 804 4480 sed
831 4425 953 4494 illis,-
982 4425 1130 4496 (ταοᾱ
1155 4435 1206 4482 et
1236 4426 1307 4482 de
1331 4429 1446 4499 ipso
1471 4435 1522 4486 ct
1551 4429 1617 4486 de
1646 4429 1749 4487 illis
1769 4434 1966 4504 accipe-

377 4520 546 4570 retur.
586 4515 720 4571 Nam
751 4517 938 4589 utique
965 4518 1020 4572 et
1048 4515 1167 4588 ipse
1192 4511 1364 4575 Lucas
1404 4519 1474 4576 ita
1517 4521 1644 4576 dicit
1684 4517 1964 4580 Dominum

373 4606 718 4676 respondisse
740 4648 754 4672 ,
785 4608 905 4662 Non
931 4609 1043 4663 vent
1073 4613 1253 4665 vacare
1271 4610 1464 4683 justas,
1495 4611 1587 4666 sed
1609 4619 1892 4685 peccatores
1914 4615 1970 4670 tn“

375 4699 721 4768 pit-nitentium
753 4715 772 4752 :
797 4701 939 4769 quod
983 4707 1088 4755 non
1126 4701 1205 4760 eis
1245 4697 1648 4772 respondisset,
1695 4706 1796 4761 nisi
1824 4707 1965 4779 quod

374 4790 642 4855 dixerant,
669 4792 985 4847 manducetis
1009 4800 1055 4845 et
1083 4790 1268 4862 bibitis,
1300 4794 1365 4849 ad
1397 4794 1566 4865 ipsum
1597 4799 1826 4854 maxime
1846 4809 1968 4871 perc

376 4885 596 4939 tineret.
645 4882 936 4953 Propterea
961 4883 1121 4939 etiam
1151 4883 1432 4941 Mattheus
1454 4894 1509 4942 et
1547 4885 1755 4944 Marcus
1774 4889 1845 4946 de
1872 4890 1968 4947 illo

374 4969 654 5048 discipulis
689 4976 806 5047 eius
834 4977 936 5033 hoc
966 4977 1236 5049 obiectum
1261 4983 1383 5035 esse
1421 4985 1732 5048 narrarunt,
1765 4983 1886 5054 quia
1912 4989 1966 5041 et

377 5073 504 5131 cum
523 5069 592 5128 de
618 5069 899 5143 diScipulis
924 5070 1202 5129 dieeb'at'tir
1219 5114 1236 5140 ,
1269 5067 1527 5146 magistro
1550 5075 1719 5147 magis
1743 5073 1964 5147 objicles

377 5165 558 5234 batur,
587 5161 746 5236 quem
779 5165 1035 5222 sectanda
1061 5155 1426 5223 imitabantur:
1452 5164 1570 5225 Una
1595 5177 1723 5240 ergo
1748 5175 1966 5226 senten-

373 5260 451 5315 tta
481 5266 596 5326 est,
623 5261 677 5313 ct
699 5257 855 5314 tanta
879 5249 1071 5314 melius
1109 5258 1398 5327 insinuata,
1427 5265 1626 5333 quanto
1650 5260 1966 5333 quibusdam

375 5351 556 5408 verbis
577 5393 594 5418 ,
641 5359 890 5407 manente
926 5351 1153 5409 veritate
1176 5394 1190 5420 ,
1228 5353 1451 5410 variata.
1491 5347 1623 5410 Item
1658 5355 1800 5427 quod
1826 5355 1962 5413 Mat:

375 5443 551 5500 tbaeus
569 5441 735 5498 refert
761 5441 1044 5498 Domlnum'
1068 5445 1412 5515 respondisse
1432 5479 1449 5513 ,
1481 5445 1605 5502 Non
1627 5453 1699 5503 est
1718 5457 1845 5520 opus
1872 5462 1963 5504 va-

377 5536 589 5591 lentibus
633 5536 885 5605 Medicus,
931 5537 1022 5592 sed
1060 5539 1190 5594 male
1225 5539 1533 5593 habentibus.
1582 5538 1774 5596 Euntes
1799 5550 1964 5596 autem

378 5629 552 5684 discite
578 5631 701 5701 quid
724 5642 817 5701 est,
860 5631 1259 5688 Misericordiam
1288 5633 1421 5703 volo,
1447 5642 1492 5688 et
1513 5649 1614 5690 non
1636 5635 1961 5705 sacriﬁcium.

443 5779 559 5831 Isto
593 5787 1129 5838 antemnam».
1156 5791 1211 5840 et
1237 5785 1856 5847 tamentantum.
1929 5815 1965 5857 τ

2091 622 2218 675 tiam
2245 629 2550 691 tenuerunt,
2577 625 2679 680 nisi
2697 626 2842 696 quod
2867 625 3025 683 ambo
3049 631 3159 684 non
3178 630 3511 702 interponunt
3531 634 3633 692 illud

2086 723 2154 769 ex
2177 717 2440 786 propheta
2467 718 2868 784 testimonium,
2897 716 3308 777 Misericordidnt
3341 724 3480 793 bolo,
3508 739 3632 797 quam

2085 805 2405 877 sacri/icium.
2451 807 2624 865 Lucas
2643 815 2819 866 autem
2843 821 2967 866 cum
2992 811 3255 880 dixisset,
3290 809 3412 869 Non
3439 817 3540 870 veni
3561 824 3633 872 se»

2085 903 2200 955 care
2225 902 2412 968 justas,
2455 903 2545 957 sed
2583 903 2892 974 peccatores,
2923 902 3158 972 addidit,
3199 907 3260 962 in
3298 909 3610 979 plenitcntimn

2083 992 2223 1062 quad
2244 992 2312 1047 ad
2333 991 2728 1065 ex'planandam
2753 998 3073 1054 sententiam
3099 997 3262 1065 Met,
3299 1007 3366 1058 ne
3391 1003 3632 1074 mtiqu

2084 1085 2396 1154 peccatores
2420 1087 2494 1142 ob
2516 1086 2618 1143 hoc
2649 1086 2824 1161 ipsum
2859 1088 3001 1162 quod
3049 1085 3368 1161 peccatores
3402 1095 3543 1160 sunt,
3565 1092 3633 1151 di.

2085 1171 2174 1245 ﬁgi
2224 1175 2516 1233 arbitretur
2558 1193 2594 1234 a
2638 1176 2850 1236 Christo
2895 1201 2909 1237 :
2957 1191 3084 1237 cum
3130 1181 3188 1238 et
3231 1181 3323 1239 fda
3379 1186 3633 1244 similitudo

2082 1264 2149 1321 de
2178 1269 2394 1337 aegrotis
2423 1269 2560 1324 bene
2586 1270 2792 1327 intimet
2813 1272 2940 1344 quid
2961 1274 3091 1329 velit
3116 1274 3258 1330 Deus
3283 1275 3510 1332 iocando
3535 1293 3630 1349 pec.

2081 1363 2330 1424 catorcs,
2365 1368 2618 1432 tanquam
2657 1351 2893 1419 medicas
2919 1365 3091 1436 regitis
3119 1407 3134 1432 ,
3176 1365 3442 1438 utiqde'ut
3464 1369 3523 1424 ab
3545 1369 3629 1425 lni-

2080 1447 2282 1516 (tuitate
2323 1455 2574 1520 tanquam
2611 1447 2680 1507 ab
2714 1449 3027 1525 aegritudine
3059 1451 3198 1510 sam
3231 1453 3389 1524 ﬁant;
3424 1458 3551 1530 Quod
3571 1459 3619 1516 lit

2079 1551 2180 1608 per
2205 1539 2597 1610 paenitentiam.
2709 1609 2714 1624 Δ

2152 1623 2240 1687 62.
2281 1631 2409 1689 Item
2438 1633 2582 1704 quod
2607 1630 2734 1690 dicit
2760 1632 3057 1702 Mattheus,
3084 1633 3233 1692 Tunc
3257 1639 3554 1695 accesserant
3571 1643 3626 1697 ad

2079 1740 2193 1778 eum
2221 1724 2460 1794 discipuli
2489 1725 2707 1780 Joannis
2722 1769 2739 1794 ,
2763 1727 3017 1784 dicentes:
3043 1725 3215 1796 Quare
3239 1741 3330 1786 nos
3354 1737 3401 1785 et
3418 1731 3629 1787 Pharistei

2069 1813 2367 1886 jejunum
2393 1813 2676 1888 frequenter
2693 1815 2722 1871 .'
2739 1815 2947 1874 Marcus
2965 1817 3215 1877 similiter
3241 1819 3432 1889 intulit,
3460 1821 3629 1890 dicens,

2080 1906 2151 1962 Et
2183 1916 2327 1964 erant
2365 1909 2602 1980 discipuli
2649 1904 2866 1967 Joannis
2891 1912 2943 1967 et
2983 1909 3239 1970 Phariswi
3266 1916 3565 1988 jejunantes;
3593 1923 3631 1972 et

2080 1995 2300 2067 veniunt,
2332 2007 2381 2055 et
2406 2001 2583 2055 dicunt
2604 2000 2684 2057 illi
2708 2017 2728 2057 :
2756 1999 2859 2058 Cur
2883 2001 3124 2076 discipuli
3143 2005 3360 2061 Joannis
3395 2016 3438 2061 et
3471 2005 3628 2061 Pharia

2079 2101 2296 2145 sitorum
2311 2092 2566 2163 jejanant,
2589 2093 2664 2146 tui
2686 2101 2853 2147 autem
2879 2091 3121 2164 discipuli
3142 2111 3247 2151 non
3263 2097 3520 2169 jeiunant.’
3540 2097 3624 2153 nisi

2081 2179 2225 2251 quod
2255 2181 2359 2237 iste
2384 2181 2556 2251 putari
2583 2193 2758 2253 potest
2786 2182 3054 2239 addidisse
3082 2181 3398 2251 Pharismos,
3429 2187 3550 2258 quod
3574 2187 3631 2242 9i-

2078 2271 2192 2327 mnl
2216 2285 2336 2328 cum
2376 2273 2650 2345 discipulis
2682 2272 2903 2333 Joannis
2942 2277 3046 2334 hoc
3069 2277 3336 2346 dixerint,
3373 2293 3483 2336 cum
3517 2279 3627 2335 ttat-

2081 2363 2251 2420 thaeus
2297 2371 2502 2420 tantum
2541 2366 2829 2439 discipulos
2873 2368 3092 2426 Joannis
3132 2369 3234 2426 hoc
3263 2369 3453 2426 dixisse
3476 2368 3625 2440 peritid

2079 2453 2220 2508 beat.
2269 2453 2376 2510 Sed
2405 2457 2565 2512 verba
2594 2456 2710 2525 ipsa
2751 2467 2875 2528 qua!
2900 2458 3022 2514 illos
3047 2458 3248 2516 dixisse
3271 2460 3408 2531 apud
3429 2459 3626 2515 Marcum

2079 2547 2302 2617 legitur,
2349 2547 2516 2618 magis
2546 2547 2780 2604 indicant
2806 2548 3072 2620 aliosrhoc
3101 2550 3304 2609 dixisse
3331 2553 3398 2609 de
3427 2553 3554 2617 aliis;
3583 2549 3625 2606 id

2078 2645 2180 2701 est,
2222 2639 2472 2694 convivas
2496 2641 2587 2711 qui
2613 2640 2835 2697 aderant
2861 2643 3071 2699 Venisse
3105 2645 3174 2700 ad
3209 2645 3404 2713 Iesum,
3427 2646 3534 2717 quia
3555 2644 3624 2715 je-

2072 2731 2331 2802 junabant
2370 2730 2616 2804 discipuli
2659 2731 2880 2790 Joannis
2907 2741 2960 2791 et
2998 2735 3290 2805 Pharisaei,
3317 2747 3371 2794 et
3396 2733 3487 2794 hoc
3509 2738 3550 2793 ei
3571 2737 3624 2792 de

2079 2821 2183 2878 illis
2203 2821 2401 2881 dixisse
2430 2843 2442 2877 :
2468 2835 2524 2880 ut
2550 2827 2689 2898 quod
2708 2829 2802 2896 ait,
2825 2830 3043 2896 veniunt,
3071 2835 3180 2886 non
3210 2831 3276 2887 de
3302 2832 3424 2903 ipsis
3443 2827 3619 2895 dixerit,

2075 2913 2144 2972 de
2173 2915 2361 2988 quibus
2390 2919 2812 2992 interposuerat,
2849 2917 2916 2978 Et
2953 2933 3095 2979 erant
3122 2921 3358 2998 discipuli
3376 2925 3565 2981 Joannis
3584 2925 3623 2978 et

2080 3005 2335 3065 Phariszei
2361 3013 2695 3083 jejunantes;
2731 3014 2825 3070 Sed
2864 3029 2984 3071 cum
3016 3013 3103 3072 isti
3129 3027 3308 3075 essent
3329 3017 3617 3090 jejunantes,

2077 3101 2294 3155 veniunt
2326 3096 2418 3168 illi,
2453 3117 2585 3174 quos
2608 3101 2710 3158 hoc
2733 3093 2946 3174 movet,
2969 3105 3023 3163 et
3052 3107 3239 3164 dicunt
3266 3109 3358 3176 illi,
3384 3107 3480 3165 Cur
3498 3105 3620 3161 discl-

2074 3193 2186 3265 ptt‘li
2214 3194 2430 3250 Joannis
2465 3205 2514 3250 et
2556 3187 2933 3254 Pharisa'orutn
2954 3201 3230 3270 jejunan‘t,
3275 3203 3349 3256 tui
3371 3209 3518 3255 autem
3538 3203 3620 3253 non

2065 3277 2346 3358 jejunum?
2381 3283 2534 3355 Quod
2576 3282 2748 3344 Lucas
2791 3289 3087 3349 evidenti‘us
3136 3293 3412 3363 capressit,
3448 3291 3510 3346 ita
3537 3289 3619 3343 hoc

2074 3373 2215 3432 idem
2244 3377 2512 3444 intimans,
2535 3389 2656 3434 cum
2685 3379 2905 3436 dixisset
2923 3375 3050 3452 quid
3084 3381 3166 3439 eis
3193 3375 3505 3453 responderit
3530 3378 3617 3433 Do-

2072 3469 2251 3524 minus
2296 3469 2364 3526 de’
2407 3471 2680 3528 vocatione
2723 3479 3097 3544 peceatorum,
3144 3477 3385 3547 tanquam
3426 3477 3617 3544 διενοεῦ-

2073 3575 2192 3614 rum
2217 3577 2229 3613 :
2257 3559 2321 3614 At
2355 3559 2450 3627 illi,
2481 3562 2670 3633 inquit,
2700 3562 2934 3619 dixerunt
2960 3564 3031 3618 ad
3054 3579 3169 3621 eum
3188 3609 3203 3632 ,
3236 3559 3396 3633 Quare
3416 3561 3615 3634 discipuli

2071 3647 2288 3707 Joannis
2306 3651 2548 3726 jejunant
2583 3654 2898 3725 frequenter,
2927 3668 2974 3712 et
3007 3657 3214 3714 obsecra
3251 3659 3401 3713 tiones
3437 3655 3612 3729 faciunt.

2070 3745 2304 3803 similiter
2343 3757 2390 3803 et
2433 3745 2810 3804 Pharisteorum
2831 3794 2846 3820 ,
2885 3753 2958 3805 tui
3002 3755 3171 3806 autem
3200 3752 3351 3806 edunt
3375 3757 3418 3804 et
3441 3741 3617 3803 bibunt?

2072 3833 2216 3910 Ergo
2239 3848 2294 3895 et
2330 3839 2436 3909 hic,
2468 3839 2605 3897 sicut
2629 3841 2855 3909 Marcus,
2892 3844 3024 3898 alios
3065 3843 3135 3900 de
3166 3845 3282 3900 aliis
3321 3843 3414 3898 hoc
3452 3838 3614 3896 dixisse

2072 3931 2323 3987 narravit.
2359 3931 2509 3990 Unde
2550 3949 2676 4005 ergo
2716 3925 3029 4004 blattha'eus,
3077 3933 3223 3992 Tunc
3254 3929 3612 3991 accesseruntad

2071 4031 2188 4078 eum
2222 4019 2457 4096 discipuli
2478 4023 2695 4082 Joannis
2733 4027 2952 4082 dicentes
2973 4045 2992 4084 :
3025 4027 3198 4095 Quare
3220 4043 3307 4084 nos
3332 4027 3376 4083 et
3403 4021 3613 4079 Pharistti

2061 4107 2398 4187 jejunamus?
2423 4117 2522 4172 nisi
2561 4118 2682 4188 quia
2711 4127 2766 4173 et
2795 4117 2892 4188 ipsi
2922 4117 3165 4185 aderant,
3193 4129 3246 4176 et
3273 4123 3444 4174 amnes
3468 4122 3608 4170 certa-

2075 4205 2203 4273 tim,
2231 4215 2293 4264 ut
2337 4209 2560 4280 quisque
2602 4211 2826 4279 poterat,
2875 4209 2975 4266 hoc
3019 4210 3328 4281 obiecerunt
3370 4227 3382 4264 :
3420 4217 3606 4279 quorum

2071 4297 2334 4356 sententia
2389 4299 2598 4356 diverso
2651 4299 2900 4371 loquendi
2939 4301 3133 4366 modo,
3166 4303 3257 4359 sed
3299 4303 3459 4357 tamen
3483 4311 3508 4351 a
3532 4305 3605 4347 te-

2071 4392 2229 4448 ritate
2273 4405 2377 4448 non
2431 4394 2638 4462 alieno,
2669 4401 2700 4449 a
2754 4391 2922 4451 tribus
2979 4395 3326 4468 Evangellstis
3385 4389 3606 4449 insinuata

2071 4491 2174 4540 est.

2144 4573 2232 4632 65.
2265 4573 2394 4633 Item
2424 4569 2552 4634 illud
2581 4569 2650 4635 de
2676 4577 2860 4650 sponsi
2884 4575 3028 4647 ﬁliis,
3059 4581 3182 4651 quia
3210 4593 3310 4635 non
3332 4571 3606 4648 ieiunabant

2072 4665 2323 4738 quamdiu
2351 4679 2472 4724 cum
2501 4665 2580 4725 eis
2620 4675 2703 4726 est
2748 4682 2975 4741 Spon3us
2994 4714 3009 4740 ,
3039 4667 3284 4727 similiter
3317 4667 3601 4735 interposue-

2074 4767 2197 4814 runt
2239 4759 2516 4817 Matthtcus
2565 4770 2619 4817 et
2665 4755 2915 4818 Marcus:
2947 4763 3048 4818 nisi
3087 4763 3226 4835 quod
3269 4759 3457 4816 Marcus
3494 4753 3600 4808 filios

2074 4850 2374 4924 nuptiarum
2408 4850 2726 4922 appellavit,
2754 4865 2889 4923 quos
2919 4853 3006 4909 ille
3031 4854 3244 4924 sponsi;
3271 4849 3402 4922 quod
3427 4845 3484 4901 ad
3506 4854 3598 4898 rem

2074 4941 2205 4998 nihil
2253 4943 2490 4999 interest.
2523 4940 2685 5000 Filios
2723 4944 2917 5017 quippe
2955 4947 3251 5016 nuptiarum
3291 4959 3390 5001 non
3431 4943 3614 5015 tantum

2072 5036 2283 5106 sponsi,
2313 5034 2406 5092 sed
2447 5037 2607 5092 etiam
2647 5049 2858 5108 sponsa:
2901 5038 3255 5109 intelligimus.
3285 5033 3464 5132 Eadem
3497 5024 3624 5132 ergo:

2073 5131 2156 5183 est
2183 5133 2367 5198 aperta
2410 5127 2669 5184 sententia
2690 5170 2705 5194 ,
2735 5143 2841 5184 non
2871 5128 3035 5184 altera
3079 5129 3319 5184 adversa.
3346 5124 3500 5181 Lucas
3522 5122 3623 5186 ιιι-ἓ

2072 5227 2182 5276 tem
2212 5231 2317 5276 non
2344 5207 2450 5284 ait,
2489 5217 2754 5291 Numquid
2781 5227 3002 5292 possunt
3035 5219 3128 5276 [liii
3154 5218 3326 5291 sponsi
3361 5203 3627 5287 jejunarei.‘

2071 5310 2167 5370 θεὰ
2203 5311 2308 5381 ait,
2349 5309 2612 5384 Numquid
2638 5311 2843 5384 potestis
2881 5311 3018 5383 ﬁlios
3040 5311 3240 5385 sponsi,
3267 5309 3381 5364 dunt
3396 5311 3495 5361 cum
3515 5297 3598 5355 illis

2073 5413 2411 5481 estsponsus‘,
2435 5408 2601 5481 [ποτε
2635 5409 2914 5481 jejunare?
2937 5409 2988 5463 in
3014 5421 3117 5480 quo
3153 5413 3206 5462 et
3249 5403 3355 5476 ipse
3387 5398 3446 5455 ad
3480 5389 3596 5452 aliud

2071 5499 2321 5574 quiddam
2350 5496 2747 5563 insinuandum,
2775 5499 3015 5557 eamdem
3042 5497 3344 5557 sententiam
3370 5492 3597 5561 elegante!

2072 5595 2299 5666 aperuit.
2323 5589 2412 5651 Sic
2431 5595 2573 5650 enim
2601 5589 2911 5665 intelligitur
2938 5589 3150 5651 eosdem
3173 5589 3312 5662 ipsos
3333 5584 3414 5658 (Ῑιιί
3441 5583 3592 5678 ¹⁰αξ¹ξξ

2072 5665 2267 5746 bantur
2311 5686 2476 5744 fuisse
2513 5686 2780 5756 facturos,
2834 5693 2893 5744 ut
2937 5687 3175 5759 lugentes
3217 5665 3586 5759 ieiunarentﬁlii

2073 5778 2292 5856 sponsi,
2319 5779 2567 5853 quoniam
2594 5779 2697 5852 ipsi
2722 5749 2904 5839 essent
2935 5749 3183 5851 Sponsum
3466 5749 3595 5824 000d

3793 1933 3795 2072 η

3791 4145 3796 4402 I
