3878 6306
189 288 218 345 ι
229 284 340 348 ιοθ

187 409 378 458 autem
405 396 539 453 dixit
561 392 862 457 Matthaeus,
892 382 1226 459 tugere;hoc
1249 379 1457 436 Marcus
1491 384 1546 432 et
1585 375 1779 437 Lucas,

125 512 128 514 ‘
181 487 621 565 jejunare:quia
653 493 706 540 et
748 477 836 538 ille
878 489 1083 552 postea,
1133 485 1251 529 tunc
1287 469 1627 547 jejunabunt,
1676 464 1784 528 ait;

189 555 327 650 non,
363 592 492 637 tunc
515 555 787 650 Iugebunt.
822 573 1014 630 Verum
1052 567 1143 626 illo
1176 567 1340 622 verbo
1381 559 1693 634 signiﬁcavit
1722 555 1790 611 de

191 677 286 731 tali
310 673 518 746 jejunio
549 670 830 725 Dominum
859 663 1116 730 locutum,
1147 657 1285 732 quod
1319 657 1549 728 pertinet
1585 652 1652 706 ad
1686 650 1788 704 lut-

191 739 482 824 mili'ta'tem
506 760 860 819 tribulationis
885 777 896 810 :
928 765 985 812 ut
1008 753 1136 812 illud
1166 749 1426 814 alterum,
1449 744 1589 817 quod
1625 739 1790 814 perti-

193 870 286 916 net
311 859 383 915 ad
414 851 665 929 gaudium
693 851 886 910 mentis
911 851 962 905 in
991 846 1285 919 spiritualia
1306 849 1600 911 suspensae.
1634 846 1793 906 atque

192 949 263 1005 oh
288 947 398 1006 hoc
427 928 675 1004 alienam
718 940 1110 1016 quodammodo
1147 953 1177 992 a
1215 929 1582 1006 corporalibus
1620 928 1754 984 cibis
1776 969 1790 993 ,

195 1040 593 1115 posterioribus
617 1033 1048 1093 similitudinibus
1078 1029 1338 1086 Dominus
1361 1023 1688 1096 significasse
1715 1019 1792 1072 in-

197 1113 497 1205 telligatur,
523 1129 589 1186 de
611 1145 789 1203 panno
818 1137 956 1183 novo
979 1133 1035 1182 et
1071 1122 1137 1178 de
1164 1121 1288 1176 vino
1314 1131 1452 1172 novo
1476 1157 1490 1180 ,
1519 1113 1570 1169 id
1611 1119 1796 1167 osten-

195 1225 337 1282 dens
369 1219 514 1297 quod
549 1221 867 1279 animalibus
905 1226 1064 1288 atque
1091 1207 1391 1270 carnalibus
1425 1209 1565 1264 circa
1605 1221 1798 1275 corpus

126 1367 128 1369 .
167 1318 507 1388 ’occupatis,
535 1323 590 1370 et
617 1312 686 1369 ob
706 1313 808 1367 hoc
836 1318 1073 1366 veterem
1099 1301 1271 1359 adhuc
1301 1314 1513 1356 sensum
1545 1293 1801 1353 trahenti-

197 1408 324 1476 bus,
360 1407 467 1463 hoc
495 1421 661 1479 genus
685 1401 872 1475 jejunii
900 1415 1004 1456 non
1026 1404 1314 1468 congruat;
1337 1408 1467 1464 quas
1497 1384 1798 1444 similitudi-

198 1516 300 1559 nes
331 1511 391 1558 et
420 1477 515 1556 alii
536 1499 643 1554 duo
682 1495 929 1552 similiter
962 1490 1312 1562 explicarunt.
1341 1483 1456 1542 Jam
1491 1482 1632 1539 enim
1672 1477 1802 1535 satis

199 1599 254 1654 in
290 1602 549 1668 promptu
587 1599 670 1648 est
701 1589 831 1645 nihil
861 1603 984 1646 esse
1021 1583 1345 1641 contrarium
1368 1624 1382 1648 ,
1415 1580 1457 1635 si
1501 1573 1625 1648 quid
1666 1572 1803 1630 alius

200 1690 358 1755 dicit,
384 1661 526 1760 quod
548 1685 680 1740 alius
704 1680 1077 1754 praetermittit,
1100 1692 1192 1732 seu
1217 1671 1388 1740 verbi,
1415 1686 1508 1726 seu
1540 1668 1647 1730 rei;
1677 1661 1802 1721 dum

201 1783 289 1839 vel
321 1755 608 1837 ab'eadem
639 1775 902 1832 sententia
925 1788 1028 1827 non
1057 1767 1359 1832 recedatur,
1395 1763 1482 1819 vel
1516 1777 1635 1834 qua:
1669 1755 1805 1814 forte

204 1875 312 1930 alia
339 1873 581 1944 ponitur,
610 1869 697 1924 alii
731 1883 834 1922 non
858 1865 1189 1920 adversetur.

203 1941 444 2022 CAPUT
474 1958 709 2016 XXVIII.
732 1989 803 1999 —
821 1957 899 2012 De
936 1956 1047 2026 [ilia
1069 1946 1468 2021 Archisynagogi
1493 1941 1805 2008 resuscitata,

283 2063 331 2108 et
360 2051 576 2108 muliere
599 2066 711 2121 qum
729 2048 886 2120 tetigit
910 2045 1158 2115 ﬁmbriam
1179 2038 1451 2095 vestimenti
1471 2035 1578 2106 ejus
1605 2051 1621 2088 :
1645 2044 1809 2086 utrum

287 2146 418 2200 ordo
444 2161 543 2215 quo
571 2143 703 2197 dicta
728 2151 840 2196 sunt
875 2139 1003 2194 nihil
1031 2137 1265 2208 cuiquam
1298 2147 1468 2187 eorum
1504 2131 1808 2192 adversetur,

285 2259 319 2292 ιι
350 2236 535 2310 quibus
565 2235 700 2288 dicta
726 2240 873 2296 sunt;
907 2241 951 2286 et
978 2229 1195 2282 maxime
1231 2226 1294 2278 de
1322 2223 1480 2278 verbis
1506 2219 1812 2289 Archisyna-

286 2330 436 2402 gogi,
468 2327 648 2399 quibus
673 2324 865 2395 rogavit
896 2321 1190 2374 Dominum.

291 2425 385 2480 64.
443 2419 694 2490 Sequitur
738 2415 930 2472 deinde
977 2411 1253 2467 Matthreus
1302 2406 1476 2462 adhuc
1520 2414 1814 2476 temporum

213 2507 467 2564 ordinem
499 2487 716 2559 servans
741 2518 754 2555 :
786 2495 909 2553 Hazc
936 2497 1026 2551 illo
1054 2493 1280 2566 loquente
1312 2491 1380 2545 ad
1405 2508 1507 2557 eos,
1535 2506 1644 2543 ecce
1678 2487 1821 2558 prin-

215 2616 336 2670 ceps
380 2613 513 2652 unus
540 2593 767 2658 accessit,
807 2601 852 2644 et
877 2587 1119 2642 adorabat
1147 2602 1259 2640 eum
1288 2584 1499 2637 dicens:
1534 2578 1673 2634 Filia
1711 2594 1822 2632 mea

219 2692 379 2748 modo
408 2691 647 2758 defuncta
676 2691 746 2740 est
763 2701 782 2750 ;
811 2683 900 2739 sed
926 2682 1056 2749 veni,
1079 2680 1280 2750 impone
1297 2692 1500 2730 manum
1518 2685 1652 2727 tuam
1673 2687 1823 2741 super

217 2803 358 2849 cant,
400 2793 448 2838 et
469 2783 614 2846 vivet,
642 2787 746 2834 etc.
769 2819 782 2843 ,
812 2791 980 2846 usque
1004 2772 1069 2828 ad
1108 2770 1234 2826 illud
1271 2768 1359 2823 ubi
1384 2767 1486 2833 ait,
1519 2761 1579 2819 Et
1610 2763 1824 2819 surrexit

219 2878 442 2952 puella:
472 2884 518 2927 et
557 2873 675 2928 exiit
713 2875 850 2942 tanta
892 2869 998 2923 Ittec
1041 2866 1095 2920 in
1140 2863 1420 2918 universam
1459 2871 1642 2915 terram
1683 2857 1825 2911 illaut

223 2947 453 3041 (Matth.
481 2982 557 3032 rx,
587 2959 796 3034 18-26).
830 2953 1021 3016 Dicunt
1052 2955 1153 3012 hoc
1180 2964 1234 3010 et
1256 2953 1345 3009 alii
1371 2950 1510 3019 duo,
1541 2947 1749 3006 Marcus
1773 2955 1827 3003 et

222 3037 440 3146 Lucas;
469 3057 561 3115 sed
591 3057 658 3113 ab
690 3058 790 3112 isto
829 3053 1015 3110 Ordine
1047 3046 1473 3122 jantrecedunt.
1517 3037 1654 3098 Alibi
1685 3041 1824 3096 enim

225 3139 333 3212 hoc
375 3150 726 3208 recordamur
754 3155 910 3218 atque
939 3143 1217 3209 inserunt,
1264 3137 1315 3195 id
1343 3147 1454 3204 est,
1486 3151 1550 3192 eo
1595 3131 1709 3189 loco
1737 3132 1825 3188 ubi

225 3245 372 3304 redit
400 3238 788 3298 transfretando
814 3253 844 3292 a
872 3237 1088 3306 regione
1117 3233 1506 3288 Gerasenorum
1529 3269 1542 3291 ,
1586 3233 1704 3295 post
1739 3239 1830 3278 cx-

226 3336 386 3410 pulsa
418 3341 473 3388 et
498 3331 550 3385 in
589 3343 777 3400 porcos
803 3321 1059 3397 permissa
1086 3319 1367 3378 dientonia.
1399 3313 1530 3372 Nam
1561 3315 1659 3368 hoc
1696 3311 1834 3367 illar-

230 3405 332 3484 cus
359 3427 432 3481 ita
464 3422 733 3492 conjungit
759 3428 878 3490 post
907 3417 1037 3472 illud
1078 3415 1216 3486 apud
1258 3405 1554 3469 Gerasenos
1602 3408 1827 3462 factum:

231 3515 302 3573 Et
331 3531 448 3571 cum
487 3510 912 3576 transcendisset,
954 3505 1158 3577 inquit,
1204 3503 1354 3558 Iesus
1400 3499 1455 3555 in
1497 3501 1611 3554 navi
1657 3512 1834 3552 rursus

235 3619 382 3665 trans
411 3611 622 3680 fretum,
659 3601 882 3656 convenit
911 3599 1056 3653 turba
1101 3597 1257 3650 multa
1304 3593 1370 3647 ad
1409 3583 1600 3647 illum:
1641 3601 1686 3643 et
1728 3597 1834 3644 erat

235 3702 376 3783 circa
401 3713 560 3752 mare.
589 3694 654 3750 Et
680 3693 807 3748 venit
835 3689 1038 3763 quidam
1063 3687 1124 3742 de
1154 3683 1565 3756 urchisynagogis
1583 3722 1599 3748 ,
1638 3679 1836 3733 nomine

237 3773 444 3856 jairus,
467 3797 514 3842 et
538 3786 710 3841 videns
736 3799 848 3838 eum
874 3778 1084 3852 procidit
1110 3777 1178 3831 ad
1197 3775 1346 3848 pedes
1371 3776 1496 3842 eius,
1520 3782 1621 3829 etc.
1642 3768 1832 3843 (illam.

237 3897 295 3963 Υ,
319 3879 540 3950 21-45).
565 3877 641 3932 Ac
671 3891 766 3950 per
803 3873 904 3927 hoc
934 3870 1328 3942 intelligendum
1356 3875 1467 3930 est,
1499 3863 1598 3920 hoc
1625 3861 1836 3936 quidem

242 3957 312 4029 de
337 3966 738 4038 archisynagogi
769 3964 872 4019 ﬁlia
897 3963 1091 4020 factum
1118 3976 1258 4029 esse,
1286 3975 1404 4016 cum
1426 3957 1840 4012 transcendisset

243 4062 402 4120 .lcsus
431 4060 484 4116 in
516 4059 635 4114 navi
676 4071 859 4115 rursus
887 4064 1033 4110 trans
1066 4053 1255 4108 fretum
1282 4070 1293 4106 :
1323 4049 1418 4105 sed
1455 4058 1653 4120 quanto
1683 4057 1833 4118 post,

245 4171 355 4212 non
385 4161 626 4224 apparet.
654 4148 765 4205 Nisi
795 4148 937 4201 enim
962 4144 1149 4200 fuisset
1175 4141 1505 4198 intervallum
1526 4182 1542 4207 ,
1573 4154 1678 4194 non
1700 4146 1842 4192 esset

245 4245 465 4322 quando
490 4244 641 4299 ﬁeret
668 4240 810 4313 quod
835 4239 994 4294 modo
1024 4236 1258 4292 narravit
1282 4233 1560 4290 Matthatus
1581 4233 1633 4289 in
1662 4233 1841 4287 convi-

247 4337 337 4394 vio
383 4335 576 4392 domus
620 4347 732 4390 sua;
762 4349 773 4385 :
809 4341 1056 4400 tauquam
1102 4327 1168 4383 de
1205 4327 1308 4380 alio
1337 4326 1531 4396 quippe
1575 4324 1837 4390 narravit,

249 4442 404 4484 more
433 4423 890 4495 Evangelistarum
912 4461 927 4486 ,
956 4413 1098 4489 quod
1125 4417 1192 4473 de
1222 4431 1279 4473 se
1319 4432 1381 4472 ac
1423 4417 1565 4471 domi
1610 4431 1719 4470 sua:
1748 4431 1840 4487 ge-

250 4530 395 4578 stum
423 4527 540 4575 erat
564 4536 575 4572 :
604 4526 724 4588 post
750 4513 891 4586 quod
920 4511 1113 4568 factum
1143 4510 1273 4565 nihil
1302 4508 1440 4564 aliud
1468 4509 1718 4564 continuo
1756 4523 1837 4562 se-

249 4613 454 4686 quitur,
484 4625 640 4684 quam
668 4609 772 4666 hoc
791 4608 858 4665 de
886 4605 1285 4678 archisynagogi
1311 4603 1436 4657 lilia.
1462 4601 1548 4658 Sic
1571 4603 1679 4672 ipse
1701 4602 1843 4656 enim

253 4707 496 4765 contexit
523 4712 583 4760 ut
610 4705 723 4774 ipse
752 4701 1003 4758 transitus
1040 4707 1222 4770 aperte
1266 4696 1463 4752 indicet
1509 4696 1608 4749 hoc
1653 4709 1843 4750 consc-

254 4808 488 4874 quenter
525 4795 760 4859 narrari.
804 4792 946 4866 quod
980 4799 1036 4846 et
1076 4796 1466 4860 consequenter
1501 4785 1694 4840 factum
1736 4795 1841 4840 est:

256 4886 688 4966 quandoquidem
710 4901 832 4943 cum
857 4881 1099 4956 superius
1121 4886 1613 4945 commemorasset,
1637 4891 1752 4947 (piae
1781 4876 1846 4930 de

258 4999 440 5056 panno
467 4995 606 5038 novo
635 4989 690 5036 et
717 4979 786 5035 de
828 4977 951 5031 vino
992 4989 1128 5030 novo
1153 4973 1310 5030 Iesus
1339 4972 1568 5040 dixerit,
1598 4971 1849 5026 continuo

258 5075 508 5148 subjecit,
542 5071 668 5128 Iltec
693 5071 784 5126 illo
810 5070 1041 5140 loquente
1074 5066 1141 5120 ad
1180 5081 1290 5129 eos,
1325 5080 1434 5120 ecce
1462 5064 1693 5135 princeps
1719 5079 1850 5116 unus

262 5168 507 5232 accessit;
536 5179 601 5235 ac
629 5178 724 5233 per
752 5161 855 5216 hoc
891 5159 936 5214 si
963 5159 1077 5214 ham
1108 5156 1197 5212 illo
1225 5156 1472 5225 loquente
1497 5155 1744 5220 accessit,
1767 5154 1850 5208 ni-

260 5261 334 5315 hil
364 5256 510 5316 aliud
535 5254 794 5312 factorum
820 5250 1189 5320 dictorumque
1218 5246 1334 5316 ejus
1353 5245 1718 5316 interpositum
1749 5251 1848 5299 est.

263 5350 315 5404 lu
353 5346 656 5404 narratione
682 5352 860 5398 autem
901 5340 1062 5395 Marci
1081 5379 1098 5405 ,
1129 5347 1275 5408 patet
1299 5337 1445 5392 locus
1472 5337 1560 5390 ubi
1590 5334 1853 5405 interponi

264 5442 362 5494 alia
389 5439 694 5511 potuerunt,
718 5433 855 5490 sicut
876 5429 988 5503 jam
1013 5430 1362 5486 ostendimus.
1391 5421 1646 5482 Similiter
1673 5434 1726 5482 et
1752 5426 1854 5481 Lu-

269 5547 358 5585 cas
404 5544 526 5586 cum
572 5536 691 5596 post
737 5534 1008 5579 narratum
1039 5520 1176 5594 apud
1205 5519 1507 5577 Gerasenos
1547 5517 1856 5574 miraculum

273 5623 463 5678 transit
487 5618 555 5675 ad
585 5618 904 5674 narrandum
932 5617 999 5672 de
1022 5612 1424 5685 arcbisynagogl
1464 5613 1565 5666 tilla
1587 5653 1603 5679 ,
1633 5625 1737 5666 non
1780 5613 1858 5669 sic

276 5715 464 5770 transit
504 5719 562 5768 ut
598 5707 855 5767 renitatur
887 5706 1153 5777 Matthaeo,
1193 5704 1283 5777 qui
1311 5714 1432 5777 post
1455 5701 1571 5762 illas
1597 5703 1662 5762 de
1681 5719 1859 5772 panno

1528 263 1738 327 LIBER
1769 251 2129 321 SECUNDUS

3316 226 3455 283 IIIO

1896 377 1950 423 et
1968 367 2091 420 vino
2115 360 2488 419 similitudines
2511 357 2611 412 hoc
2631 365 2834 427 gestum
2865 364 2982 406 esse
3011 349 3358 406 demonstrat,
3386 341 3472 395 di-

1892 461 2084 525 cendo,
2111 457 2237 512 Haec
2260 458 2349 510 illo
2371 457 2615 525 loquente.
2640 450 2742 504 Istc
2771 447 2963 517 quippe
2989 457 3108 497 cum
3138 439 3479 494 terminasset

1893 551 2033 622 quod
2068 549 2204 618 apud
2229 547 2526 602 Gerasenos
2564 541 2757 594 factum
2806 539 3129 594 narraverat,
3177 530 3276 583 hoc
3319 526 3481 580 modo

1896 641 2104 698 transiit
2135 639 2187 692 in
2218 635 2358 691 aliud
2387 654 2397 688 :
2425 632 2639 687 Factum
2667 638 2738 684 est
2765 638 2927 682 autem
2950 669 2964 688 ,
2999 623 3187 692 inquit,
3220 635 3334 672 cum
3362 618 3480 672 red-

1895 735 2028 790 iiss’et
2057 731 2230 795 Iesus,
2259 729 2452 796 excepit
2475 725 2619 780 illum
2644 723 2789 777 turba
2820 736 2837 774 :
2863 729 3001 772 erant
3030 716 3161 770 enim
3189 729 3360 766 omnes
3391 728 3484 765 ea;-

1897 835 2173 898 Spectuntes
2209 837 2339 876 ettm.
2372 819 2438 872 Et
2476 833 2587 871 ecce
2618 816 2694 869 vir
2733 813 2814 866 cui
2850 825 3033 864 nomen
3061 806 3256 866 Jairus,
3302 813 3348 855 et
3378 802 3484 869 ipse

1900 895 2129 988 princeps
2158 925 2428 984 synagoga:
2455 918 2592 972 erat,
2626 917 2670 960 et
2697 902 2873 958 cecidit
2903 901 2969 954 ad
3010 897 3158 968 pedes
3180 895 3306 948 Jesu
3328 933 3342 958 ,
3373 902 3476 946 etc.

1904 983 2052 1084 '(Luc.
2085 983 2194 1071 vin,
2225 1004 2435 1070 40-56.)
2466 1001 2556 1056 Sic
2580 997 2905 1066 intelligitur,
2935 991 3077 1063 quod
3103 989 3249 1043 turba
3272 983 3485 1054 quidem

1900 1075 1990 1158 illa
2022 1100 2276 1154 continuo
2299 1093 2569 1163 exceperit
2595 1089 2874 1145 Dominum
2898 1126 2912 1150 ,
2945 1083 3137 1152 quippe
3164 1093 3323 1149 quem
3351 1075 3476 1130 redi-

1903 1201 2077 1248 turum
2107 1187 2448 1257 exspectabat
2489 1202 2502 1236 :
2539 1179 2681 1253 quod
2718 1192 2846 1234 vero
2871 1174 3132 1242 adiunxit,
3162 1171 3227 1224 Et
3266 1183 3377 1221 ecce
3417 1167 3488 1218 vit

1904 1285 1983 1338 cui
2015 1297 2193 1335 nomen
2228 1287 2337 1332 erat
2365 1276 2560 1341 Jairus,
2587 1287 2691 1327 non
2719 1269 2972 1324 continuo
2997 1264 3188 1318 factum
3221 1259 3486 1327 accipien-

1903 1376 2027 1431 dum
2054 1386 2136 1428 est
2159 1417 2172 1437 ,
2221 1371 2312 1426 sed
2355 1370 2499 1440 prius
2531 1364 2655 1421 illud
2699 1362 2765 1419 de
2795 1360 3037 1416 convivio
3073 1355 3490 1425 publicanorum.

1904 1473 2039 1525 sicut
2069 1476 2245 1523 narrat
2280 1464 2589 1526 Mattha‘us;
2619 1456 2704 1514 cui
2742 1457 2818 1512 rei
2859 1453 2939 1508 sic
2976 1449 3247 1516 conjunxit
3276 1444 3397 1508 hoc,
3429 1449 3488 1494 ut

1906 1582 2012 1622 non
2041 1564 2206 1633 possit
2229 1560 2366 1613 aliud
2402 1558 2593 1611 factum
2623 1556 3010 1617 consequenter
3038 1539 3280 1609 intelligi.

1978 1656 2065 1711 65.
2097 1655 2148 1708 In
2174 1654 2269 1707 hac
2297 1665 2420 1720 ergo
2443 1646 2765 1703 narratione,
2790 1654 2947 1709 quam
2979 1647 3118 1689 nunc
3138 1628 3486 1686 consideran-

1908 1747 2028 1804 dam
2056 1746 2407 1813 suscepimus,
2441 1740 2507 1794 de
2534 1739 2619 1792 illa
2649 1732 2860 1802 quidem
2889 1743 3005 1797 qnze
3050 1724 3250 1778 ﬂuxum
3278 1719 3491 1791 sangui-

1910 1842 1994 1894 nis
2018 1837 2334 1909 patiebatur,
2368 1843 2554 1886 omnes
2583 1828 2667 1881 isti
2697 1836 2801 1878 tres
2841 1817 3188 1888 Evangelista:
3227 1814 3344 1868 sine
3386 1810 3494 1863 ulla

1911 1930 2205 2003 qua-stione
2249 1923 2589 1980 corieordant.
2635 1917 2817 1984 Neque
2862 1910 3004 1964 enim
3051 1907 3271 1961 interest
3317 1901 3384 1955 ad
3410 1900 3492 1956 rei

1916 1991 2217 2082 veritatem,
2242 2015 2382 2088 quod
2410 2014 2475 2066 ab
2505 2011 2607 2063 alio
2635 2003 2832 2075 aliquid
2866 2002 3102 2058 tacitum,
3136 1996 3203 2049 ab
3227 1992 3333 2047 alio
3358 1991 3493 2045 dici-

1915 2123 2030 2178 tur;
2077 2127 2172 2165 nec
2215 2085 2354 2178 quod
2402 2105 2608 2159 Marcus
2648 2098 2795 2158 dicit,
2843 2092 2967 2159 Quis
3007 2088 3162 2158 tetigit
3207 2085 3499 2139 vestimenta

1917 2205 2068 2259 mea?
2092 2212 2143 2256 et
2168 2200 2336 2254 Lucas
2355 2240 2367 2259 ,
2400 2194 2522 2260 Quis
2549 2205 2626 2244 me
2655 2186 2854 2256 tetigit?
2880 2182 3026 2237 Alter
3053 2178 3195 2234 enim
3232 2175 3364 2230 dixit
3388 2173 3504 2228 usi-

1919 2303 2047 2362 tate,
2093 2293 2226 2347 alter
2263 2289 2498 2360 proprie,
2528 2281 2768 2338 eamdem
2812 2287 2987 2330 tamen
3037 2281 3258 2339 uterque
3293 2275 3506 2321 senten-

1920 2387 2068 2442 tiam.
2107 2384 2236 2438 Nam
2277 2378 2520 2434 usitatius
2553 2373 2796 2434 dicimus,
2819 2362 3133 2422 Conscindis
3172 2374 3286 2425 me,
3313 2370 3504 2428 quam,

1920 2473 2232 2532 Conscindis
2257 2471 2566 2525 vestimenta
2597 2479 2711 2518 mea
2738 2478 2750 2525 ;
2775 2474 2895 2515 cum
2921 2465 3094 2509 tamen
3139 2452 3192 2505 in
3219 2456 3406 2519 aperto
3432 2446 3504 2501 sit

1923 2569 2049 2640 quid
2077 2567 2302 2621 velimus
2334 2559 2575 2628 intelligi.

1997 2661 2085 2715 66.
2131 2658 2495 2711 Atverocnm
2543 2644 2816 2700 Matthu'tts
2865 2638 3361 2706 archisynagogum,
3405 2641 3511 2681 non

1926 2755 2259 2814 morituram,
2293 2747 2374 2798 vel
2403 2741 2738 2800 morientem,
2768 2734 2848 2786 vel
2874 2734 2926 2785 in
2953 2739 3191 2784 extremo
3217 2727 3338 2779 vitae
3368 2721 3514 2791 posi-

1928 2853 2034 2902 tam
2068 2843 2227 2898 ﬁliam
2255 2853 2404 2894 suam
2430 2843 2609 2889 narrat
2636 2829 2858 2882 Domino
2888 2823 3190 2885 nuntiasse,
3214 2817 3306 2872 sed
3336 2813 3513 2870 omni-

1930 2956 1998 2995 no
2020 2938 2356 2997 defunctam;
2387 2929 2459 2983 illi
2485 2937 2657 2981 autem
2684 2924 2788 2976 duo
2809 2964 2822 2987 ,
2855 2917 3011 2972 morti
3040 2918 3147 2982 jam
3177 2911 3471 2982 proximam
3494 2948 3514 2974 ,

1931 3033 2164 3088 nondum
2209 3037 2384 3081 tamen
2427 3030 2722 3080 mortuam,
2753 3025 2918 3081 usque
2957 3007 3089 3062 adeo
3129 3015 3186 3058 ut
3222 3003 3399 3057 dicant
3423 3013 3517 3053 ve-

1931 3124 2074 3178 nisse
2104 3127 2283 3189 postea
2313 3114 2398 3184 qui
2432 3119 2690 3164 mortuam
2721 3102 3056 3162 nuntiarent,
3087 3105 3140 3150 et
3166 3094 3234 3148 ob
3266 3093 3368 3146 hoc
3401 3091 3511 3159 jam

1934 3231 2035 3269 non
2067 3212 2262 3265 debere
2306 3204 2481 3259 vexari
2525 3198 2853 3267 magistrum,
2896 3200 3143 3258 tanquam
3174 3185 3250 3238 sic
3290 3182 3516 3246 veniret,

1933 3313 1991 3357 ut
2024 3314 2238 3353 manum
2278 3290 2596 3362 imponendo
2633 3285 2768 3339 tnori
2813 3297 2916 3336 non
2956 3281 3175 3341 sineret,
3200 3287 3305 3327 non
3343 3279 3400 3324 ut
3429 3270 3522 3339 qui

1937 3401 2114 3466 posset
2163 3395 2421 3442 mortuam
2466 3381 2722 3434 suscitare
2771 3394 2782 3428 :
2828 3366 3270 3427 considerandum
3312 3370 3413 3426 est,
3452 3376 3522 3414 ne

1937 3499 2230 3555 repugnare
2258 3479 2525 3538 videatur,
2555 3484 2606 3527 et
2637 3465 3035 3536 intelligendum
3064 3457 3334 3514 brevitatis
3359 3468 3518 3508 causa

1938 3577 2243 3635 Malthumm
2272 3571 2370 3625 hoc
2398 3568 2570 3636 potius
2599 3562 2777 3615 dicere
2819 3555 3078 3614 voluisse,
3113 3555 3354 3617 rogatum
3403 3551 3522 3597 esse

1938 3669 2218 3725 Dominum
2263 3672 2315 3716 ut
2365 3660 2559 3713 faceret
2600 3651 2739 3722 quod
2774 3664 2894 3704 eum
2944 3645 3132 3700 fecisse
3184 3637 3523 3694 manifestum

1941 3770 2044 3825 cst,
2092 3766 2148 3811 ut
2197 3753 2399 3808 scilicet
2441 3755 2702 3801 niortuam
2749 3739 3029 3795 suscitaret
3063 3752 3074 3786 :
3113 3729 3335 3787 attendit
3376 3727 3521 3781 enim

1943 3871 2048 3910 non
2078 3849 2239 3906 verba
2268 3845 2430 3916 patris
2471 3842 2536 3895 de
2579 3839 2680 3891 ﬁlia
2722 3847 2814 3889 sua
2838 3875 2851 3899 ,
2894 3826 3154 3898 sedquod
3194 3832 3274 3879 est
3312 3818 3525 3890 potissi-

1943 3964 2108 4010 mum,
2141 3943 2496 3997 voluntatem;
2527 3942 2580 3986 et
2626 3928 2748 3983 talia
2783 3924 2941 3979 verba
2970 3921 3169 3990 posuit,
3219 3913 3388 3985 qualis
3425 3925 3526 3965 vo-

1943 4039 2115 4095 luntas
2142 4043 2276 4090 erat.
2307 4031 2377 4083 Ita
2405 4029 2542 4082 enim
2571 4023 2964 4090 desperaverat,
2997 4023 3049 4066 ut
3073 4009 3244 4080 potius
3271 4021 3387 4061 eam
3418 4002 3532 4056 vel-

1946 4132 2016 4187 let
2058 4127 2405 4186 reviviscere,
2450 4135 2552 4171 non
2593 4113 2816 4168 credens
2861 4109 3032 4159 vivam
3063 4117 3218 4171 posse
3265 4095 3523 4160 inveniri,

1945 4238 2101 4294 quam
2142 4218 2450 4272 morientem
2501 4207 2805 4274 reliquerat.
2854 4198 2966 4251 Duo
3011 4196 3187 4260 itaque
3234 4191 3525 4256 posuerunt

1946 4275 2071 4385 quid
2112 4305 2302 4363 dixerit
2330 4304 2538 4358 Jairus:
2572 4292 2848 4349 Matlhams
2896 4296 3094 4347 autem,
3139 4279 3262 4350 quid
3307 4275 3534 4330 voluerit

1946 4366 2103 4474 aitque
2145 4395 2471 4468 cogitaverit.
2503 4388 2797 4451 Utrumque
2841 4393 2966 4447 ergo
3006 4374 3227 4445 petitum
3256 4376 3337 4423 est
3362 4383 3390 4420 a
3426 4366 3531 4419 Do-

1947 4494 2112 4558 mino,
2146 4499 2205 4544 ut
2232 4486 2309 4540 vel
2347 4483 2655 4537 morientem
2683 4475 2880 4529 salvam
2909 4469 3123 4529 faceret,
3154 4461 3234 4516 vel
3271 4466 3534 4514 mortuam

1948 4585 2226 4645 suscitaret
2257 4598 2268 4633 :
2301 4576 2394 4631 sed
2420 4589 2538 4629 cum
2581 4566 2890 4623 instituisset
2920 4559 3194 4614 Mattharus
3226 4563 3390 4608 totum
3417 4549 3536 4602 bre-

1949 4679 2086 4734 vitcr
2112 4673 2311 4735 dicere,
2345 4667 2444 4721 hoc
2475 4659 2758 4719 insinuavit
2783 4665 2987 4726 patrem
3015 4655 3285 4718 rogantem
3313 4642 3532 4705 dixisse,

1951 4757 2090 4842 quod
2120 4775 2174 4821 et
2197 4765 2368 4834 ipsum
2397 4764 2599 4812 certum
2626 4759 2710 4807 est
2732 4748 2984 4809 voluisse,
3012 4752 3063 4796 et
3088 4739 3354 4795 Christum
3379 4733 3537 4786 iecis-

1951 4824 2032 4916 se.
2063 4859 2201 4912 Sane
2226 4855 2268 4909 si
2296 4852 2366 4906 illi
2385 4849 2491 4904 duo
2505 4846 2587 4900 vel
2609 4843 2881 4913 quisquam
2911 4849 3113 4892 eorum,
3141 4841 3342 4898 patrem
3364 4824 3571 4942 ipsum!

1953 4954 2424 5010 commemorasset
2460 4941 2700 5000 dixisse,
2746 4932 2886 5004 quod
2930 4929 3008 4983 sui
3054 4924 3213 4979 domo
3261 4918 3580 4973 veuicntcsi

1955 5046 2217 5107 dixerant,
2249 5048 2306 5094 ut
2321 5035 2429 5108 jam
2454 5049 2554 5087 non
2583 5029 2966 5085 convexaretur
2995 5018 3167 5077 .lesus,
3199 5007 3341 5080 quod
3369 5005 3542 5071 puella

1956 5145 2161 5193 mortua
2185 5129 2388 5196 fuisset,
2412 5126 2764 5195 repugnarent
2785 5114 2897 5183 ejus
2918 5103 3222 5178 cogitationi
3247 5101 3406 5156 verba
3424 5111 3543 5166 qua:

1958 5231 2134 5306 posuit
2164 5191 2439 5281 Matthmus
2518 5191 2659 5273 nunc
2687 5227 2813 5266 vero
2857 5216 2911 5262 et
2940 5202 3066 5258 illud
3109 5201 3218 5254 suis
3255 5191 3544 5251 nuntianti-

1960 5291 2061 5384 Itus
2079 5368 2096 5394 ,
2127 5332 2180 5378 et
2205 5313 2609 5393 prohibentibus
2639 5321 2704 5362 ne
2733 5305 2840 5375 jam
2873 5298 3123 5367 magister
3165 5291 3390 5353 veniret,
3436 5300 3545 5340 non

1961 5376 2313 5490 legiturqmd
2336 5408 2428 5463 ille
2450 5398 2797 5461 consenserit.
2821 5395 2898 5448 Ac
2922 5407 3012 5462 per
3039 5389 3138 5442 hoc
3162 5396 3215 5441 et
3245 5381 3371 5438 illud
3399 5376 3548 5449 quod

1964 5471 2299 5568 eiuDominus
2315 5501 2410 5565 ait,
2436 5495 2560 5550 Noli
2588 5493 2775 5556 timere,
2799 5485 2945 5540 crede
2965 5491 3179 5545 tantum,
3207 5486 3252 5530 et
3271 5474 3408 5528 salva
3428 5471 3545 5538 erit,

1965 5621 2073 5661 non
2103 5598 2428 5656 difﬁdentem
2454 5583 2810 5660 reprehendit,
2841 5579 2933 5634 sed
2956 5574 3259 5631 credentem
3279 5565 3552 5622 robustius

1968 5658 2320 5752 conﬁrmavit.
2355 5658 2730 5751 Talis—quippe
2760 5676 2812 5731 in
2845 5672 2935 5728 illo
2967 5667 3094 5723 ﬁdes
3122 5671 3235 5720 erat
3256 5703 3270 5729 ,
3303 5658 3472 5731 qualis
3496 5664 3555 5712 et
