3878 6306
478 299 609 355 1111

473 415 530 468 iu
560 412 648 468 illo
677 414 765 479 qui
795 414 902 478 ait,
944 410 1104 466 Credo
1129 452 1144 479 ,
1171 409 1424 475 Domine;
1448 409 1636 481 adjuva
1660 409 2060 463 incredulitatem

473 519 637 557 meam
664 501 856 571 (Marc.
888 519 960 567 Ix,
988 501 1102 572 25).

544 597 634 652 67.
675 596 804 662 Qum
831 612 950 650 cum
991 596 1062 650 ita
1090 594 1197 649 siut
1229 607 1325 664 per
1363 590 1665 662 hujusmodi
1694 591 2056 661 Evangelista-

473 705 591 744 rum
616 689 906 742 locutiones
938 687 1130 750 varias,
1163 685 1258 741 sed
1289 700 1392 738 non
1420 685 1732 749 contrarias,
1761 699 1872 738 rem
1905 683 2059 752 plane

471 779 806 834 utilissimam
853 778 1143 843 discimus,
1192 786 1244 831 et
1292 775 1774 847 pernecessariam;
1829 773 1957 828 nihil
2004 774 2059 828 in

471 870 728 940 cujusque
746 870 918 924 verbis
944 884 1041 923 nos
1058 869 1251 924 debere
1277 868 1555 938 inspicere,
1581 867 1682 923 nisi
1711 867 2054 932 voluntatem,

469 963 553 1017 cui
586 963 779 1017 debent
806 962 962 1015 verba
990 961 1225 1023 servire;
1265 975 1364 1015 nec
1393 959 1604 1014 mentiri
1630 973 1981 1029 quemquam,
2011 959 2058 1013 si

473 1055 592 1110 aliis
625 1055 802 1110 verbis
829 1054 1024 1108 dixerit
1049 1053 1174 1123 quid
1203 1053 1291 1108 ille
1316 1053 1561 1118 voluerit,
1592 1051 1742 1121 cujus
1765 1052 1926 1107 verba
1951 1067 2058 1107 non

469 1145 598 1200 dicit
628 1164 639 1198 :
672 1162 738 1199 ne
770 1145 950 1199 miseri
992 1158 1224 1214 aucupes
1263 1158 1490 1210 vocum,
1535 1141 1774 1213 apicibus
1806 1141 2060 1213 quodam-

469 1236 630 1292 modo
659 1236 950 1290 litterarum
971 1243 1157 1305 putent
1175 1234 1437 1304 ligandam
1459 1248 1577 1290 esse
1599 1233 1907 1298 veritatem;
1935 1248 2058 1288 cum

467 1330 649 1398 utique
686 1345 788 1382 non
841 1329 892 1380 iu
938 1325 1114 1382 verbis
1153 1336 1374 1391 tantum,
1426 1325 1522 1381 sed
1561 1325 1720 1381 etiam
1761 1325 1813 1378 in
1850 1325 2059 1380 caeteris

468 1422 716 1477 omnibus
756 1420 923 1491 signis
963 1420 1300 1487 animorum,
1331 1434 1436 1476 non
1466 1418 1536 1474 sit
1571 1418 1674 1474 nisi
1710 1418 1823 1488 ipse
1848 1417 2059 1473 animus

467 1513 834 1584 inquirendus.

539 1607 628 1661 68.
669 1605 820 1673 Quod
842 1615 1018 1660 autem
1045 1603 1288 1659 nonnulli
1311 1603 1522 1659 codices
1545 1602 1740 1658 habent
1764 1603 2056 1659 secundum

467 1693 792 1758 Matthazum,
829 1693 948 1747 Non
986 1694 1120 1748 enim
1162 1705 1363 1746 mortua
1395 1702 1464 1747 est
1508 1695 1706 1759 mulier,
1738 1693 1825 1746 sed
1849 1695 2054 1759 dormit,

467 1799 588 1840 eum
610 1800 728 1838 eam
772 1783 975 1838 Marcus
1003 1792 1056 1838 et
1097 1783 1266 1838 Lucas
1292 1782 1570 1838 duodecim
1595 1799 1856 1838 annorum
1898 1783 2052 1852 puel—

467 1875 576 1930 lam
605 1875 770 1929 fuisse
799 1883 1092 1941 testentur;
1122 1874 1388 1945 intelligas
1416 1873 1629 1930 hebra‘o
1651 1891 1798 1930 more
1825 1875 2057 1930 loculum

466 1981 588 2023 esse
623 1965 949 2021 Matthmum.
981 1966 1112 2022 Nam
1140 1975 1194 2021 et
1221 1967 1339 2021 aliis
1379 1965 1772 2037 Scripturarnm
1801 1966 1930 2021 locis
1956 1967 2060 2023 hoc

467 2058 754 2122 invenitur,
789 2073 893 2113 non
923 2073 1014 2114 eas
1042 2067 1248 2114 tantum
1273 2075 1391 2129 qua:
1421 2059 1592 2114 virum
1625 2074 1793 2129 passae
1828 2057 2056 2126 fuerant,

466 2150 563 2205 sed
584 2150 801 2204 omnino
827 2150 1049 2206 feminas
1068 2150 1229 2206 etiam
1246 2150 1472 2206 intactas
1491 2158 1649 2220 atque
1670 2151 1920 2220 integras,
1945 2165 2060 2204 mu-

469 2239 627 2295 lieres
651 2240 903 2309 appellari
930 2258 942 2293 :
976 2240 1110 2295 sicut
1139 2240 1205 2295 de
1230 2241 1341 2310 ipsa
1372 2240 1482 2295 Eva
1513 2242 1769 2310 scriptum
1791 2250 1892 2299 est.
1921 2239 2058 2294 For-

467 2331 618 2384 mavit
645 2347 756 2384 eam
798 2332 850 2384 in
879 2331 1137 2386 mulierem
1163 2331 1312 2402 (Gen.
1346 2347 1404 2397 ιι,
1430 2331 1522 2401 22)
1547 2349 1560 2396 ;
1583 2340 1638 2386 et
1667 2331 1794 2386 illud
1836 2332 1887 2386 in
1922 2331 2060 2386 libro

468 2419 842 2483 Numerorum,
878 2421 966 2476 ubi
987 2423 1241 2493 jubentur
1267 2423 1522 2478 custodiri
1553 2423 1800 2478 mulieres
1823 2437 1942 2493 qua:
1968 2438 2061 2478 ne-

468 2515 705 2570 scierunt
746 2517 917 2570 cubile
966 2517 1207 2582 mascnli,
1253 2515 1304 2570 id
1347 2523 1429 2570 est
1469 2515 1720 2585 virgines,
1759 2531 1826 2570 ne
1857 2515 2061 2570 interli-

467 2607 676 2662 ciantur
705 2607 892 2678 (Num.
926 2623 1076 2673 xxxx,
1112 2607 1198 2679 18)
1222 2626 1234 2660 :
1255 2623 1356 2678 qua
1387 2607 1652 2662 locutione
1679 2607 1838 2662 etiam
1865 2606 2060 2662 Paulus

467 2700 640 2769 ipsum
669 2701 940 2754 Christum
987 2700 1062 2754 ait
1090 2704 1281 2770 factum
1310 2716 1373 2753 ea:
1401 2699 1619 2754 muliere.
1647 2697 1841 2769 (Galat.
1871 2715 1952 2766 tv,
1977 2698 2056 2771 4).

471 2791 582 2847 lloc
609 2792 748 2845 enim
781 2791 971 2846 melius
1004 2790 1346 2860 intelligimus
1365 2831 1378 2853 ,
1407 2806 1565 2860 quam
1594 2799 1650 2845 ut
1677 2790 1820 2845 illam
1850 2789 2057 2845 duode-

467 2882 571 2936 cim
600 2897 857 2936 annorum
876 2882 985 2951 jam
1015 2890 1256 2950 nuptam,
1290 2882 1374 2936 vel
1402 2883 1572 2936 virum
1599 2891 1869 2951 expertam
1896 2881 2059 2938 fuisse

466 2973 769 3027 credamus.

468 3061 692 3117 CAPUT
719 3059 910 3114 XXIX.
933 3091 1004 3100 —
1025 3060 1104 3114 De
1141 3061 1334 3116 duobus
1375 3063 1520 3116 ccecis
1545 3071 1592 3115 et
1620 3072 1758 3117 muto
1783 3063 2054 3131 daemonio,

899 3167 1013 3220 qua?
1030 3151 1166 3205 solus
1193 3150 1471 3205 Mattha’us
1496 3152 1634 3205 dicit.

536 3242 623 3298 69.
651 3241 906 3312 Sequitur
935 3243 1235 3308 Matthzeus,
1261 3252 1315 3298 et
1336 3243 1462 3297 dicit
1490 3261 1502 3296 :
1534 3242 1602 3296 Et
1624 3253 1916 3300 transeunte
1938 3247 2058 3303 inde

466 3333 614 3401 Iesu,
640 3335 796 3388 secuti
822 3344 936 3388 sunt
963 3351 1076 3388 eum
1104 3334 1209 3387 duo
1247 3335 1366 3388 caeci
1388 3335 1696 3402 clamantes,
1721 3344 1767 3389 et
1789 3336 2008 3390 dicentes
2037 3353 2058 3391 :

466 3424 707 3480 Miserere
733 3426 910 3490 nostri,
956 3425 1032 3493 ﬁli
1061 3424 1245 3489 David,
1291 3433 1343 3479 et
1380 3433 1592 3489 caetera,
1626 3440 1794 3496 usque
1820 3427 1887 3481 ad
1927 3426 2054 3482 illud

465 3519 555 3574 ubi
592 3520 704 3585 ait,
750 3517 1003 3572 Pharisaei
1039 3529 1206 3571 autem
1233 3516 1544 3572 dicebant:l
1552 3535 1583 3570 η
1606 3517 1834 3588 principe
1866 3519 2056 3574 daemo-

464 3611 662 3664 niorum
688 3609 821 3680 ejicit
864 3609 1116 3663 daemones
1153 3606 1386 3678 (Matth.
1438 3623 1518 3673 ιι,
1563 3607 1782 3678 27ο54).
1841 3608 1954 3664 Hoc
1985 3609 2056 3666 de

466 3700 676 3756 duobus
705 3701 863 3756 caecis
884 3709 936 3754 et
961 3699 1029 3754 de
1076 3708 1224 3754 muto
1270 3698 1538 3753 daemonio
1555 3737 1573 3765 ,
1601 3698 1747 3753 solus
1775 3698 2056 3756 Matthteus

463 3793 629 3862 ponit.
663 3791 739 3846 Illi
789 3791 930 3846 enim
958 3791 1062 3844 duo
1098 3791 1245 3854 caeci,
1274 3788 1342 3843 de
1380 3789 1571 3858 quibus
1612 3797 1668 3844 et
1709 3789 1799 3843 alii
1836 3799 2057 3846 narrant

464 3881 653 3952 (Marc.
676 3898 732 3946 x,
767 3879 956 3947 46-52,
985 3888 1039 3934 et
1061 3879 1186 3933 Luc.
1210 3894 1361 3946 xvnl,
1390 3877 1611 3949 55-45),
1640 3894 1749 3934 non
1771 3889 1895 3934 sunt
1928 3881 2052 3948 isti,

465 3973 559 4028 sed
592 3984 768 4028 tamen
799 3973 973 4027 simile
999 3972 1196 4026 factum
1227 3980 1346 4026 est:
1378 3970 1449 4026 ita
1474 3980 1534 4024 ut
1561 3972 1606 4024 si
1637 3972 1752 4040 ipse
1773 3971 2054 4028 Mattbaaus

465 4081 570 4120 non
591 4065 749 4120 etiam
777 4064 915 4118 illius
947 4063 1066 4118 lacti
1098 4061 1431 4117 meminisset
1468 4059 1682 4132 (Matth.
1705 4077 1798 4126 xx,
1827 4061 2052 4134 29-54),

467 4166 647 4226 posset
686 4156 857 4227 putari
891 4155 992 4229 hoc
1039 4153 1181 4225 quod
1232 4167 1373 4207 nunc
1402 4160 1607 4218 narrat,
1655 4151 1856 4207 dictum
1887 4151 2055 4208 fuisse

463 4253 623 4309 etiam
657 4252 724 4306 ab
765 4251 884 4306 aliis
911 4249 1137 4306 duobus.
1185 4247 1338 4315 Quod
1371 4245 1751 4308 commendare
1781 4247 2055 4302 memoria:

463 4345 749 4414 diligenter
777 4343 1053 4408 debemus,
1084 4356 1203 4395 esse
1225 4337 1466 4409 quaedam
1487 4336 1624 4392 facta
1654 4336 1886 4402 similia;
1909 4335 2053 4407 quod

466 4437 739 4506 probatur,
762 4451 881 4490 cum
912 4435 1050 4490 idem
1083 4433 1198 4503 ipse
1227 4431 1548 4502 evangelista
1581 4439 1869 4499 utrumque
1897 4445 2052 4484 com-

467 4537 764 4583 memorat:
796 4535 853 4580 ut
895 4527 938 4580 si
969 4524 1183 4596 quando
1228 4523 1352 4578 talia
1396 4522 1605 4592 singula
1643 4521 1784 4591 apud
1813 4521 2054 4591 singulos

466 4620 849 4681 invenerimus,
877 4625 1037 4685 atque
1059 4616 1111 4670 in
1136 4614 1215 4668 eis
1238 4613 1591 4679 contrarium,
1621 4610 1766 4681 quod
1784 4611 1918 4666 solvi
1942 4627 2052 4666 non

467 4717 663 4787 possit,
684 4722 925 4768 occurrat
953 4711 1104 4764 nobis
1135 4723 1240 4786 non
1264 4707 1368 4762 hoc
1393 4721 1512 4763 esse
1538 4706 1754 4770 factum,
1783 4705 1878 4760 sed
1907 4703 2052 4759 aliud

470 4807 666 4871 simile,
696 4804 778 4858 vel
807 4801 1052 4856 similiter
1081 4799 1299 4853 factum.

465 4898 694 4955 CAPUT
748 4894 1010 4950 XXX.——
1052 4891 1150 4946 Ubi
1199 4889 1459 4942 turbarum
1503 4888 1738 4941 misertus
1781 4886 1915 4940 misit
1973 4885 2054 4940 di-

540 4989 757 5060 scipulos
799 5002 949 5050 suos,
981 4983 1108 5036 dans
1135 4981 1206 5034 eis
1255 4987 1573 5049 postestatem
1603 4977 1873 5030 sanitatum
1917 4991 2052 5045 prte-

538 5080 872 5138 standarum,
901 5085 946 5128 et
981 5074 1051 5127 eis
1080 5072 1239 5126 multa
1282 5068 1559 5132 mandavit,
1601 5067 1842 5122 ordinans
1883 5083 2055 5137 quem-

538 5174 810 5230 admodum
825 5171 1038 5224 viverent
1061 5182 1079 5220 :
1097 5164 1179 5219 ubi
1199 5163 1526 5234 quwrendum
1548 5169 1620 5214 est
1647 5159 1897 5231 quomodo
1911 5157 2051 5212 Mat-

542 5268 703 5322 tlueus
746 5262 920 5315 Marco
961 5269 1005 5314 et
1053 5255 1207 5310 Luca:
1249 5261 1494 5326 congruat
1542 5252 1761 5306 maxime
1813 5250 1876 5304 de
1911 5251 2054 5322 virga

539 5372 690 5428 quam
719 5351 993 5407 secundum
1023 5346 1326 5402 Matthteum
1345 5344 1465 5398 dicit
1494 5359 1594 5397 non
1631 5339 1894 5412 ferendam
1913 5380 1928 5406 ,
1961 5356 2045 5394 se-

541 5448 761 5505 cundum
792 5443 1025 5496 Marcum
1049 5449 1216 5492 autem
1250 5437 1410 5492 solam
1440 5434 1736 5506 ferendam;
1762 5441 1809 5488 et
1851 5432 1913 5486 de
1955 5430 2050 5485 ha-

541 5540 644 5594 bitu
671 5536 1122 5588 calceamentorum
1150 5538 1299 5596 atque
1323 5526 1550 5580 vestium.

542 5631 628 5684 70.
661 5627 800 5681 Sane
825 5623 1076 5690 deinceps
1101 5634 1208 5673 non
1257 5625 1478 5686 apparet
1501 5615 1635 5670 ordo
1659 5628 1838 5670 rerum
1867 5620 2048 5682 gesta-

470 5734 612 5775 rum.
644 5717 777 5773 Nam
800 5723 924 5786 post
952 5714 1067 5769 haec
1081 5709 1188 5766 duo
1208 5709 1367 5776 facta,
1399 5707 1466 5764 de
1489 5708 1645 5764 caacis
1681 5714 1735 5763 et
1759 5712 1906 5761 muto
1930 5704 2046 5761 da:-

1252 294 1337 349 DE
1373 292 1730 351 CONSENSU
1771 291 2428 362 EVANGELISTARUM,
2470 293 2527 350 S.
2572 293 2939 352 AUGUSTINI
3592 301 3688 361 1111

2167 414 2384 475 monlo,
2431 411 2503 464 ita
2552 412 2837 482 sequitur:
2868 410 2933 466 Et
2977 412 3274 467 circumibat
3323 411 3470 470 Iesus
3509 416 3677 474 civitate
3781 480 3783 502 Ι

2168 496 2340 554 omnes
2368 509 2414 554 et
2439 502 2670 567 castella,
2707 502 2894 558 docens
2924 503 2977 557 in
3005 505 3278 576 synagogis
3319 521 3503 573 eorum,
3523 518 3563 561 et
3584 526 3664 579 pre

2167 591 2343 646 dicans
2371 608 2579 662 regnum
2602 592 2896 664 Evangelii,
2927 604 2974 648 et
3001 611 3184 650 curans
3212 612 3411 650 omnem
3427 598 3678 670 languorem,

2167 694 2214 740 et
2237 703 2434 742 omnem
2459 687 2818 756 inﬁrmitatem.
2856 686 3038 742 Videris
3065 698 3235 743 autem
3277 689 3468 754 turbas,
3505 692 3682 749 misertus

2166 788 2239 833 est
2263 779 2370 844 eis;
2397 781 2516 850 quia
2545 790 2688 834 erant
2714 781 2898 848 vexati,
2950 791 2996 836 et
3027 782 3274 852 jacentes,
3314 784 3440 838 sicut
3482 801 3579 840 oves
3608 805 3680 842 nos

2167 869 2403 926 habentes
2431 881 2704 942 pastorem.
2745 870 2887 926 Tunc
2929 873 3048 926 dicit
3075 873 3344 944 discipulis
3383 876 3481 931 suis
3507 893 3526 931 ε
3550 876 3680 939 leui:

2166 961 2368 1032 quidem
2397 961 2559 1015 multa
2578 1003 2593 1028 ,
2633 963 2854 1032 aperarii
2881 972 3047 1016 autem
3074 965 3225 1033 pauci
3252 979 3272 1018 :
3293 975 3460 1036 rogate
3483 983 3584 1037 ergo
3607 968 3683 1022 Do-

2168 1053 2361 1107 minum
2385 1055 2557 1109 messis
2575 1096 2591 1122 ,
2635 1064 2688 1108 ut
2711 1055 2881 1124 ejiciat
2909 1056 2925 1086 ¹
2950 1055 3307 1141 operarios’in
3348 1073 3540 1113 messem
3560 1076 3685 1117 mm.

2166 1141 2237 1198 Et
2263 1144 2550 1199 convocatis
2575 1145 2840 1200 duodecim
2882 1145 3143 1216 discipulis
3183 1147 3325 1214 suis,
3352 1148 3481 1203 dedit
3518 1151 3604 1205 illis
3625 1171 3688 1222 po-

2167 1241 2396 1289 testatem
2423 1235 2692 1305 spirituum
2728 1234 3122 1303 immundorum,
3151 1245 3209 1292 et
3239 1246 3450 1302 caetera,
3479 1254 3618 1311 usque
3637 1243 3683 1295 ad
3786 1233 3787 1240 “

2166 1325 2310 1380 aliud
2339 1325 2428 1380 ubi
2466 1325 2560 1391 ait,
2592 1327 2750 1379 Amen
2787 1325 2901 1380 dico
2941 1325 3078 1380 vobis
3116 1343 3220 1381 non
3268 1329 3436 1399 perdet
3472 1333 3688 1386 mercedus

2164 1434 2310 1472 suam
2331 1416 2440 1489 (Id.
2461 1433 2535 1486 Ix,
2558 1418 2628 1473 55
2647 1435 2662 1484 ;
2683 1434 2738 1483 ι,
2765 1417 2881 1489 42).
2914 1416 2970 1472 In
2999 1417 3104 1474 hoc
3131 1427 3248 1474 toto
3277 1420 3565 1492 loco,quem
3587 1438 3687 1477 nunc

2164 1522 2667 1574 commemoramus,
2715 1511 2877 1564 multa
2913 1510 3118 1564 monuit
3153 1508 3440 1580 discipulos
3461 1514 3685 1567 suosmet
3788 1508 3789 1564 ι

2167 1607 2344 1654 utrum
2375 1615 2497 1654 cum
2528 1615 2595 1654 ex
2639 1599 2824 1655 ordine
2852 1599 3132 1655 Matthaaus
3181 1601 3519 1670 subjunxerit,
3560 1619 3613 1656 an
3650 1604 3685 1658 ei
3788 1663 3789 1666 η

2165 1688 2300 1744 ordo
2324 1690 2574 1744 narrandi
2602 1690 2900 1745 recordatio
2918 1705 3013 1746 sua
3043 1689 3232 1759 fuerit,
3257 1692 3389 1747 sicut
3411 1693 3585 1748 dictum
3601 1706 3675 1757 est,

2166 1797 2275 1838 non
2325 1791 2567 1853 apparet.
2607 1782 2762 1838 Hunc
2790 1783 2965 1839 locum
2992 1783 3235 1839 brevitur
3249 1783 3452 1840 videtur
3474 1787 3682 1857 perstrin-

2166 1873 2310 1930 xisse
2335 1874 2561 1940 Marcus,
2593 1884 2649 1931 et
2695 1889 2818 1930 eum
2855 1875 2935 1930 sic
2980 1875 3255 1945 ingressus
3280 1887 3360 1930 est
3379 1918 3393 1940 ,
3423 1876 3580 1933 dicens
3605 1893 3616 1929 :
3639 1876 3685 1930 Et

2166 1966 2461 2020 circumibat
2509 1967 2714 2020 castella
2748 1967 2802 2020 in
2849 1966 3061 2021 circuitu
3105 1967 3315 2022 docens.
3353 1965 3420 2021 Et
3465 1967 3688 2021 convocavit

2167 2056 2451 2122 duodecim,
2483 2067 2528 2111 et
2557 2058 2704 2128 erepit
2731 2073 2815 2111 eos
2838 2058 3033 2112 mittere
3062 2058 3246 2122 binos;
3272 2065 3319 2112 et
3336 2057 3475 2112 dabat
3495 2057 3581 2112 illis
3617 2073 3684 2127 ρο-

2169 2157 2394 2202 testatem
2419 2147 2686 2218 spirituum
2714 2147 3091 2202 immundorum
3108 2189 3124 2216 ,
3168 2157 3225 2204 et
3247 2157 3434 2204 cetera
3448 2188 3463 2214 ,
3483 2161 3622 2219 usque
3637 2146 3684 2201 ad

2169 2239 2298 2295 illud
2329 2240 2414 2295 ubi
2453 2240 2526 2294 ait
2545 2281 2560 2305 ,
2613 2239 2849 2295 Excutite
2872 2241 3127 2311 pulverem
3155 2241 3221 2294 de
3245 2240 3445 2312 pedibus
3467 2239 3683 2305 vestris,is

2170 2329 2508 2384 testimonium
2535 2330 2637 2384 illis
2667 2327 2858 2403 (Marc.
2885 2346 2960 2398 γι,
2991 2330 3169 2402 641).
3206 2331 3314 2387 Sed
3336 2339 3588 2401 antequam
3611 2328 3687 2384 hoc

2169 2431 2412 2476 narraret
2428 2421 2656 2488 Marcus,
2679 2422 2827 2493 prius
2857 2431 2976 2494 post
2998 2423 3372 2479 resuscitatam
3392 2423 3536 2478 ﬁliam
3549 2421 3682 2477 archi-

2169 2514 2445 2585 synagogi,
2474 2513 2602 2570 illud
2631 2515 2888 2582 narravit,
2919 2514 3011 2570 ubi
3047 2515 3335 2571 Dominum
3365 2516 3416 2571 in
3455 2515 3596 2586 patria
3617 2527 3684 2568 sua

2169 2605 2522 2672 mirabantur,
2543 2604 2682 2660 unde
2715 2605 2790 2660 illi
2817 2615 2962 2661 esset
2988 2614 3136 2662 tanta
3161 2605 3418 2677 sapientis
3432 2613 3481 2661 et
3492 2605 3683 2670 virtutes,

2168 2709 2291 2749 cum
2322 2694 2438 2763 ejus
2462 2695 2835 2766 cogitationem
2866 2704 3090 2751 nossent
3115 2714 3128 2751 :
3156 2697 3301 2768 quod
3326 2695 3577 2753 Mattheus
3598 2703 3686 2764 post

2169 2787 2586 2843 admonitionem
2609 2788 2763 2842 istam
2788 2788 3173 2860 discipulorum
3191 2829 3210 2858 ,
3238 2798 3296 2847 et
3315 2798 3430 2862 post
3450 2788 3538 2844 alia
3559 2785 3682 2842 multa

2167 2889 2555 2937 commemorat
2593 2879 2808 2953 (Matth.
2843 2898 2956 2947 xm,
2991 2882 3105 2953 54).
3147 2881 3328 2954 Itaque
3350 2885 3578 2938 incerti-tt
3596 2888 3682 2944 est,

2167 2981 2348 3028 utrum
2398 2972 2500 3027 hoc
2543 2972 2684 3042 quod
2728 2973 2904 3043 agitur
2943 2973 2996 3028 in
3047 2973 3170 3044 ejus
3220 2975 3417 3046 patria,
3464 2970 3682 3027 Mattheus

2166 3067 2426 3122 omissum
2468 3066 2834 3129 revocaverit;
2881 3079 2949 3120 an
2997 3063 3210 3121 Marcus
3258 3063 3566 3121 recordatum
3609 3074 3682 3114 an-

2167 3155 2498 3225 ticipaverit;
2563 3155 2805 3224 quisnam
2863 3169 3049 3211 eorum
3104 3154 3347 3211 ordinem
3396 3153 3466 3210 rei
3523 3157 3680 3223 gestae,

2167 3259 2224 3305 et
2289 3250 2410 3320 quis
2469 3249 2854 3306 recordationis
2925 3266 3036 3306 sate
3097 3251 3350 3307 tenuerit.
3416 3249 3563 3304 Lucas
3608 3258 3680 3298 sn-

2167 3351 2276 3398 tem
2304 3342 2560 3398 continuo
2608 3351 2730 3412 post
2770 3344 3220 3400 resurrectionem
3271 3343 3388 3398 lilia
3425 3340 3554 3403 Jairi,
3588 3333 3678 3391 sub-

2159 3433 2335 3504 jungit
2356 3432 2498 3487 hunc
2522 3433 2699 3488 locum
2723 3433 2791 3489 de
2822 3442 3089 3506 potestate
3119 3443 3176 3489 et
3201 3431 3536 3489 admonitione
3557 3424 3679 3481 disci-

2165 3524 2411 3595 pulorum
2447 3522 2598 3594 (Luc.
2653 3540 2726 3589 ix,
2765 3524 2916 3596 1-6),
2971 3533 3079 3579 tam
3130 3524 3360 3580 breviter
3408 3533 3522 3576 sane
3559 3527 3677 3587 quam

2163 3613 2373 3668 Marcus
2397 3630 2411 3666 :
2443 3629 2614 3684 neque
2640 3613 2757 3684 ipse
2787 3613 2879 3680 ita,
2903 3622 2962 3668 ut
2988 3613 3089 3670 hoc
3113 3614 3267 3684 sequi
3292 3612 3444 3668 etiam
3470 3609 3514 3663 in
3539 3616 3676 3662 rerum

2161 3714 2433 3776 gestarum
2467 3704 2655 3760 ordine
2699 3713 2973 3775 appareat.
3007 3704 3066 3758 ιιι
3092 3702 3392 3758 nominibus
3417 3712 3530 3768 ergo
3551 3692 3675 3750 disci-

2163 3795 2441 3865 pulorum,
2475 3793 2680 3862 Lucas,
2707 3793 2800 3866 qui
2828 3808 2924 3851 eos
2961 3793 3067 3848 alio
3115 3793 3240 3849 loco
3285 3791 3504 3847 nominat
3524 3789 3560 3851 ',
3581 3795 3673 3838 cum

2163 3885 2312 3954 prius
2331 3885 2598 3954 eliguntur
2629 3885 2682 3940 in
2713 3895 2929 3950 monte,
2969 3899 2998 3938 a
3027 3883 3282 3940 Matthteo
3309 3900 3408 3940 non
3443 3881 3672 3946 discrepat,

2165 3974 2266 4028 nisi
2308 3973 2360 4027 in
2401 3974 2616 4030 nomine
2656 3973 2808 4030 Judze
2853 3973 3036 4029 Jacobi
3060 3972 3178 4044 (Id.
3219 3990 3292 4042 vi,
3328 3970 3524 4040 “46),
3551 3977 3673 4036 que

2161 4063 2437 4119 Matthaeus
2456 4063 2778 4119 Thaddaeum
2793 4063 3020 4134 appellat
3038 4081 3052 4129 ;
3078 4065 3316 4120 nonnulli
3340 4072 3499 4118 autem
3512 4055 3673 4113 codices

2161 4157 2359 4212 habent
2380 4156 2664 4212 Lehbrcum
2691 4155 2734 4209 ⁸.
2772 4155 2901 4224 Quis
2929 4167 3106 4211 autem
3149 4171 3372 4226 unquam
3405 4143 3672 4223 prohibuerit

2161 4249 2373 4304 duobus
2407 4249 2490 4303 vel
2522 4246 2690 4302 tribus
2719 4247 3023 4303 nominibus
3051 4248 3316 4304 hominem
3343 4258 3490 4301 unum
3508 4232 3671 4294 vocari?

2232 4343 2322 4396 7|.
2349 4341 2496 4397 Solet
2523 4340 2650 4395 item
2680 4339 2868 4410 quaeri,
2897 4339 3168 4411 quomodo
3191 4338 3454 4394 Mattheus
3473 4341 3519 4388 et
3539 4329 3670 4384 Lucas

2161 4434 2700 4492 commemoraverint
2723 4432 2922 4488 dixisse
2951 4433 3232 4488 Dominum
3257 4427 3504 4499 discipulis
3530 4430 3578 4477 ut
3595 4431 3669 4472 nec

2161 4530 2360 4599 virgam
2383 4527 2581 4582 ferrent
2601 4568 2619 4594 ,
2645 4541 2768 4581 cum
2791 4526 2932 4580 dicat
2953 4526 3182 4592 Marcus,
3213 4525 3276 4580 Et
3306 4518 3516 4593 praeerit
3535 4514 3593 4568 δίε
3621 4523 3667 4562 ιιι

2159 4620 2281 4693 quid
2305 4619 2531 4673 tollerent
2573 4617 2626 4671 in
2651 4618 2752 4681 via,
2793 4617 2891 4670 nisi
2917 4618 3108 4688 virgam
3135 4625 3362 4678 tantum;
3387 4619 3435 4666 et
3467 4610 3667 4674 sequam!

2159 4711 2318 4766 etiam
2350 4711 2484 4780 ipse,
2513 4724 2613 4762 non
2644 4724 2838 4778 peram,
2861 4725 2963 4762 non
2992 4724 3194 4779 panem,
3219 4721 3366 4776 neque
3393 4701 3439 4755 in
3457 4712 3565 4753 sana
3584 4703 3662 4745 tu:

2160 4811 2218 4858 ut
2238 4801 2483 4857 ostendat
2509 4800 2560 4854 in
2591 4798 2782 4854 eodem
2811 4798 2931 4854 loco
2952 4799 3156 4854 versari
3177 4794 3504 4852 narrationem
3530 4793 3662 4840 suam.

2160 4896 2213 4951 in
2243 4910 2349 4965 quo
2369 4903 2422 4950 et
2458 4893 2666 4948 illorum
2687 4891 2777 4962 qui
2803 4891 3056 4946 dixerunt
3080 4905 3179 4946 nec
3215 4891 3401 4958 virgam
3427 4874 3660 4937 ferendam-

2159 4985 2311 5054 Quod
2341 4986 2407 5039 ita
2457 4984 2702 5050 solvitur,
2731 4991 2789 5037 ut
2830 4982 3186 5052 intelligamus
3214 4978 3312 5034 sub
3335 4977 3427 5032 alia
3451 4965 3660 5054 significa-

2161 5051 2306 5132 tione
2333 5077 2532 5131 dictam
2554 5075 2777 5145 virgam,
2799 5089 2918 5144 quae
2944 5051 3232 5129 secundum
3258 5069 3469 5124 Marcum
3489 5051 3656 5114 ferenda

2159 5177 2280 5234 est;
2307 5177 2359 5223 et
2385 5169 2484 5223 sub
2527 5166 2629 5220 alia
2669 5166 2812 5221 illam
2847 5179 2968 5236 qum
3015 5163 3300 5220 secundum
3327 5155 3584 5214 Malthmum
3619 5151 3660 5195 el

2161 5259 2356 5316 Lucam
2384 5273 2491 5314 non
2516 5265 2598 5313 est
2633 5255 2850 5312 ferenda
2879 5275 2893 5311 :
2922 5257 3062 5311 sicut
3092 5257 3188 5312 sub
3211 5255 3308 5310 alia
3343 5238 3657 5320 signiﬁcatione

2224 5401 2240 5465 ξ
2619 5401 2728 5447 ιω·
2751 5407 2886 5465 γονον
2911 5394 3342 5465 Wo-“
3356 5374 3612 5465 “2.5%;

2224 5462 2245 5495 ³
2265 5443 2886 5532 ᾖῦδῆίίέιιοῖιᾶιεὶέ-ἐί
2907 5443 3234 5508 ιιδῦὲῶὧῶ
3265 5462 3360 5502 uss.
3378 5484 3392 5510 ,
3412 5443 3495 5496 alio
3511 5443 3655 5490 nam

2156 5529 2382 5574 nominat.

2223 5587 2244 5618 ³
2266 5593 2315 5632 In
2336 5583 2553 5646 quinque
2573 5587 2700 5642 Mss.
2719 5579 3005 5646 ιβράωαέη
3020 5585 3256 5646 mete:
3271 5577 3514 5646 υιιξθιὲίέτέ

2159 5616 3462 5706 tea:.31;";:;.I;ht'“é;;.'i6:'¢3','imitamina:
3475 5639 3503 5706 κο
3520 5616 3650 5686 ore

2311 5693 2606 5765 ﬁmddaiov,
2628 5693 2685 5755 εί
2699 5693 2915 5754 ιεὸόωιιδ
2935 5693 3019 5766 qui
3040 5693 3226 5756 vocatur
3253 5693 3504 5749 Thoddanu.
