3878 6302
166 345 328 404 1113

162 462 503 534 intelligitur
520 461 760 526 tentatio,
773 460 842 518 de
869 475 971 532 qua
995 459 1194 515 dictum
1215 465 1329 523 est,
1356 455 1490 512 Deus
1515 453 1769 510 neminem

162 565 341 611 tentat
363 554 584 626 (Jacobi.
606 571 644 621 ι,
672 555 803 626 15);
832 561 888 610 et
915 555 1015 608 sub
1033 553 1136 609 alia
1174 551 1242 607 de
1269 565 1371 622 qua
1418 549 1618 604 dictum
1644 556 1762 614 est,

165 646 368 701 Tentat
396 663 481 700 vos
504 643 753 700 Dominus
784 645 917 700 Deus
940 653 1114 708 vester,
1146 652 1201 696 ut
1220 642 1345 696 sciat
1366 641 1410 695 si
1435 640 1644 710 diligitis
1655 653 1770 692 eum

163 737 368 810 (Deut.
399 753 512 802 xui,
536 737 605 808 5)
632 753 648 802 ;
686 736 772 792 illa
799 736 1123 791 seductionis
1146 743 1250 800 est,
1282 731 1397 786 haec
1418 729 1766 803 probationis.

161 829 336 885 Sicut
378 828 634 899 judicium
679 827 836 882 aliter
861 825 1137 897 accipitur,
1166 824 1234 879 de
1274 839 1379 894 quo
1426 823 1624 877 dictum
1664 827 1764 886 est,

166 921 279 988 Qui
307 921 439 976 bene
480 925 725 992 fecerunt,
773 919 826 974 in
874 918 1284 973 resurrectionem
1329 916 1474 979 vitae;
1512 913 1597 984 qui
1638 912 1771 966 male

161 1014 442 1080 fecerunt,
496 1012 551 1065 in
604 1012 1018 1066 resurrectionem
1065 1009 1249 1080 judicii
1306 1008 1482 1080 (Joan.
1535 1021 1593 1071 v,
1639 1003 1764 1076 29);

159 1115 220 1159 et
240 1104 434 1170 aliter,
463 1103 532 1160 de
559 1117 665 1173 quo
691 1101 892 1157 dictum
923 1110 1035 1165 est,
1064 1100 1256 1154 Judica
1282 1115 1378 1161 me,
1410 1096 1567 1164 Deus,
1596 1103 1641 1149 et
1660 1095 1766 1150 dis-

159 1210 324 1248 cerne
345 1209 553 1248 causam
576 1208 736 1246 meam
757 1192 819 1245 de
839 1199 984 1263 gente
1008 1207 1110 1245 non
1127 1199 1301 1244 sancta
1329 1187 1501 1260 (Psal.
1520 1202 1647 1251 xui,
1673 1185 1763 1254 l):

161 1286 304 1342 illud
348 1287 494 1342 enim
528 1284 786 1357 judicium
837 1282 1196 1339 damnationis
1248 1288 1364 1346 est,
1410 1279 1512 1333 hoc
1559 1277 1764 1332 discre-

159 1377 360 1432 tionis.

234 1467 335 1520 72.
361 1466 432 1521 Et
457 1464 620 1520 multa
645 1464 748 1519 alia
768 1470 892 1518 sunt
911 1461 1072 1518 verba
1101 1476 1221 1531 quae
1251 1475 1355 1515 non
1379 1459 1577 1515 habent
1605 1473 1764 1512 unam

158 1559 648 1629 signiﬁcationem,
674 1555 768 1610 sed
800 1554 1026 1609 diversis
1046 1553 1177 1608 locis
1191 1561 1544 1622 congruenter
1569 1550 1761 1620 posita,

159 1650 393 1705 diverso
433 1647 591 1704 modo
625 1646 1020 1717 intelliguntur,
1063 1653 1120 1700 et
1141 1642 1425 1714 aliquando
1453 1657 1573 1698 cum
1595 1657 1762 1711 expo-

156 1741 368 1796 sitione
397 1740 646 1795 dicuntur
675 1758 690 1795 :
719 1749 774 1793 ut
795 1748 878 1794 est
921 1736 1047 1792 illud
1073 1778 1090 1802 ,
1123 1735 1298 1792 Nolite
1326 1735 1468 1806 pueri
1495 1734 1620 1804 ει]ῑεὶ
1641 1750 1753 1787 sen-

155 1834 339 1898 sibus,
375 1831 465 1886 sed
509 1831 703 1885 malitia
734 1831 931 1900 parvuli
973 1837 1148 1896 estote,
1201 1837 1255 1882 ut
1282 1827 1509 1883 sensibus
1549 1825 1762 1896 perfecti

159 1923 280 1977 sitis
311 1922 363 1993 (Ι
396 1922 516 1976 Cor.
561 1938 670 1988 xtv,
713 1921 784 1976 ‘20
805 1925 840 1989 ).
877 1922 985 1975 Hoc
1006 1921 1150 1976 enim
1177 1919 1410 1975 breviter
1436 1919 1612 1972 clausa
1642 1931 1764 1971 sen-

156 2014 337 2068 tentia
370 2012 477 2067 dici
525 2013 711 2082 potuit,
743 2013 912 2066 Nofite
941 2027 1062 2066 esse
1084 2009 1254 2081 pueri,
1282 2008 1376 2064 sed
1391 2015 1563 2064 estote
1591 2007 1760 2076 pueri.

165 2103 238 2158 Et
271 2102 431 2167 illud,
463 2101 524 2158 Si
547 2103 657 2167 quis
687 2113 827 2173 putat
851 2121 899 2157 εις
919 2102 1195 2172 sapientem
1215 2117 1320 2155 esse
1348 2100 1400 2152 in
1426 2098 1560 2153 vobis
1587 2099 1639 2150 in
1668 2097 1762 2151 hoc

156 2195 378 2261 stcculo,
410 2194 594 2251 stultus
621 2197 742 2263 ﬁat,
784 2205 834 2247 ut
881 2195 947 2248 sit
980 2193 1181 2265 sapiens
1217 2191 1329 2265 (Id.
1354 2207 1433 2257 ιιι,
1460 2191 1552 2260 l8)
1588 2207 1601 2245 :
1629 2189 1757 2259 quid

159 2285 311 2341 enim
329 2284 481 2340 aliud
496 2285 648 2351 dixit,
669 2301 844 2355 quam,
871 2283 985 2339 Non
1008 2284 1080 2339 sit
1099 2284 1333 2354 sapiens,
1351 2289 1409 2336 ut
1432 2281 1500 2336 sit
1515 2279 1761 2349 sapiens?

163 2375 484 2447 Aliquando
511 2385 686 2431 autem
728 2378 922 2430 clausae
957 2375 1027 2428 ita
1071 2369 1336 2439 dicuntur,
1368 2380 1426 2426 ut
1475 2380 1760 2426 exerceant

160 2468 575 2539 inquirentem:
607 2479 663 2521 ut
716 2477 799 2522 est
839 2466 979 2536 quod
1010 2465 1086 2520 ait
1127 2463 1195 2518 ad
1240 2463 1490 2530 Galatas,
1538 2462 1760 2517 Invicem

158 2574 326 2613 onera
352 2568 518 2612 vestra
540 2567 735 2627 portate
753 2598 766 2620 ,
791 2567 838 2611 et
869 2556 940 2610 sic
966 2552 1306 2624 adimplcbitis
1345 2554 1501 2624 legem
1540 2550 1752 2608 Christi.

166 2649 275 2716 Qui
303 2649 443 2703 enim
465 2657 609 2718 putat
629 2664 682 2701 se
704 2664 810 2701 esse
836 2646 1059 2716 aliquid,
1087 2661 1202 2699 cum
1247 2644 1373 2698 nihil
1406 2645 1505 2708 sit,
1539 2644 1758 2714 seipsum

157 2741 385 2795 seducit.
423 2740 566 2809 Opus
594 2749 757 2792 autem
782 2755 929 2793 suum
967 2737 1142 2808 probet
1170 2737 1524 2802 unusquisque,
1557 2745 1604 2789 et
1638 2744 1755 2790 tunc

157 2833 217 2886 in
243 2831 521 2896 semetipso
548 2827 743 2882 habebit
785 2827 1018 2900 gloriam,
1055 2836 1103 2880 et
1150 2844 1250 2880 non
1292 2827 1344 2879 in
1372 2825 1550 2880 altera.
1591 2823 1760 2880 Unus-

158 2923 388 2993 quisque
435 2922 566 2973 enim
594 2919 855 2989 proprium
881 2934 1008 2972 onus
1048 2916 1265 2987 portabit
1290 2914 1484 2984 (Galat.
1513 2931 1587 2980 vn,
1616 2915 1753 2983 2-5).

165 3013 286 3070 Nisi
321 3011 508 3067 oneris
550 3025 742 3065 nomen
770 3010 868 3064 sub
897 3007 1122 3063 diversis
1165 3007 1644 3078 signiﬁcationibus
1664 3021 1756 3059 ac-

158 3100 400 3174 ceperis,
417 3099 598 3170 procul
613 3099 774 3154 dubio
793 3098 1001 3170 putabis
1015 3096 1262 3153 eumdem
1292 3097 1391 3150 sibi
1420 3096 1472 3150 in
1496 3095 1759 3165 loquendo

161 3209 292 3252 esse
318 3193 674 3258 contrarium,
712 3200 769 3247 et
809 3191 912 3246 hoc
945 3191 997 3243 in
1027 3204 1129 3243 una
1161 3188 1422 3242 sententia
1451 3199 1556 3241 tam
1587 3186 1759 3241 vicine

161 3285 363 3357 positis
390 3285 572 3339 verbis
597 3283 718 3352 :qui
746 3296 868 3336 cum
898 3281 1056 3350 paulo
1079 3288 1203 3332 ante
1245 3277 1469 3342 diceret,
1499 3277 1640 3329 Alter
1679 3276 1758 3330 al-

161 3378 329 3432 terius
359 3389 515 3430 onera
560 3379 790 3442 portate;
835 3378 1020 3439 postea
1062 3368 1214 3432 dixit,
1260 3365 1610 3435 Unusquisque
1640 3381 1760 3433 pro-

163 3467 344 3536 prium
375 3479 503 3518 onus
544 3461 779 3532 portabit.
810 3458 917 3514 Sed
943 3459 1044 3511 alia
1095 3465 1218 3511 sunt
1244 3471 1405 3509 onera
1439 3455 1758 3526 participan-

163 3560 249 3615 dae
279 3555 629 3616 infirmitatis,
651 3552 751 3607 alia
777 3549 1061 3606 reddendae
1077 3548 1298 3603 rationis
1322 3547 1430 3602 Deo
1446 3546 1513 3600 de
1542 3545 1748 3600 actibus

165 3648 378 3704 nostris
407 3663 420 3699 :
445 3645 531 3699 illa
559 3658 683 3698 cum
704 3640 957 3696 fratribus
986 3637 1328 3695 sustentanda
1357 3635 1758 3692 communicau-

165 3750 272 3805 tur,
310 3738 428 3791 haec
453 3735 665 3806 propria
681 3733 750 3788 ab
774 3746 1092 3802 unoquoque
1119 3737 1416 3799 portantur.
1448 3727 1524 3783 Ita
1539 3737 1591 3781 et
1617 3727 1759 3797 virga

172 3828 499 3898 intelligitur
526 3824 893 3897 spiritualiter,
936 3823 1001 3876 de
1039 3837 1145 3892 qua
1184 3820 1398 3874 dicebat
1442 3819 1755 3889 Apostolus,

175 3919 242 3975 In
265 3921 414 3990 virga
435 3917 630 3971 veniam
648 3915 716 3969 ad
731 3931 816 3968 vos
841 3913 882 3984 (Ι
903 3913 1020 3968 Cor.
1046 3928 1118 3976 tv,
1147 3911 1208 3965 21
1230 3910 1286 3980 )?
1313 3918 1367 3964 et
1390 3910 1756 3980 corporaliter,

171 4012 288 4065 sive
315 4008 385 4063 ad
412 4021 604 4077 equum
631 4021 731 4075 qua
759 4004 955 4058 utimur
1001 4000 1113 4056 sive
1144 3999 1210 4055 ad
1237 4000 1435 4070 aliquid
1461 3999 1605 4054 aliud
1625 4015 1762 4069 opus

166 4099 329 4155 fuerit
358 4115 373 4152 :
402 4107 461 4151 ιιι
484 4097 696 4151 interim
725 4093 970 4148 omittam
1019 4099 1074 4145 et
1099 4091 1231 4146 alias
1259 4090 1415 4160 hujus
1441 4090 1762 4162 nominisjﬁ-

167 4201 390 4262 guratas
412 4186 843 4258 signiﬁcationes.

232 4282 322 4338 75.
333 4281 625 4348 Utrumque
641 4293 770 4348 ergo
780 4274 1148 4345 accipiendum
1163 4283 1245 4329 est
1256 4289 1284 4327 a
1297 4273 1522 4329 Domino
1536 4277 1762 4345 Aposto-

169 4374 476 4438 lisdictnm,
493 4381 546 4427 et
561 4380 618 4425 ut
632 4385 730 4425 nec
740 4370 941 4438 virgam
955 4367 1174 4433 ferrent,
1195 4375 1317 4422 etut
1335 4369 1542 4422 nonnisi
1560 4368 1759 4437 virgam

168 4464 532 4521 ferrent.Cutn
543 4463 684 4517 enim
700 4458 990 4515 secundum
1005 4457 1305 4512 blatthmum
1319 4457 1520 4513 diceret
1531 4458 1630 4523 eis,
1646 4458 1760 4512 No-

167 4557 256 4610 lite
277 4553 534 4624 possidere
557 4568 760 4615 aurum,
781 4566 940 4622 neque
957 4557 1241 4620 argentum,
1259 4564 1416 4619 neque
1429 4551 1692 4619 pecuniam
1707 4551 1760 4603 in

165 4646 318 4699 zonis
342 4643 541 4705 vestris;
561 4657 661 4694 non
679 4657 850 4710 peram
864 4641 918 4694 in
939 4641 1039 4705 via,
1059 4655 1216 4708 neque
1229 4639 1357 4691 duas
1375 4640 1584 4703 tunicas,
1605 4656 1762 4708 neque

170 4739 538 4799 calceamenta,
563 4748 719 4802 neque
740 4732 972 4802 virgam;
1006 4731 1259 4786 continuo
1289 4730 1536 4800 subjecit,
1567 4729 1760 4802 Dignus

170 4838 241 4884 est
271 4828 406 4881 enim
431 4823 690 4893 operarius
703 4821 813 4876 cibo
830 4839 946 4876 suo.
966 4820 1120 4878 Unde
1157 4821 1287 4876 satis
1305 4821 1535 4876 ostendit
1553 4837 1650 4876 cur
1665 4838 1758 4878 eos

173 4918 286 4973 hzcc
316 4915 590 4987 possidere
617 4928 678 4968 ac
703 4913 845 4968 ferre
875 4911 1105 4967 noluerit
1129 4930 1142 4966 :
1163 4927 1269 4966 non
1292 4912 1432 4982 quod
1462 4914 1756 4967 necessaria

174 5024 277 5062 non
327 5007 434 5061 sint
471 5004 842 5059 sustentationi
873 5003 1031 5072 hujus
1058 5003 1217 5068 vitas;
1249 5003 1344 5058 sed
1392 5004 1513 5072 quia
1547 5005 1625 5058 sic
1663 5019 1757 5058 eos

175 5099 434 5165 mittebat,
465 5107 522 5152 ut
551 5097 628 5152 eis
653 5095 768 5151 haec
795 5095 976 5150 deberi
993 5098 1388 5150 demonstraret
1411 5097 1478 5149 ab
1501 5097 1606 5151 illis
1629 5098 1758 5166 ipsis

177 5189 374 5257 quibus
406 5187 749 5258 Evangelium
798 5185 1139 5242 credentibus
1187 5187 1590 5252 annuntiarent,
1636 5196 1756 5242 tan-

147 5271 160 5371 Ἰ
181 5294 336 5347 quam
364 5279 627 5349 stipendia
654 5277 1023 5342 militantibus,
1052 5285 1302 5347 tanquam
1332 5278 1556 5332 fructum
1589 5279 1757 5334 viuere

154 5370 578 5457 lplantatoribus,
625 5383 874 5442 tanquam
933 5371 1012 5425 lac
1042 5370 1219 5441 gregis
1245 5372 1570 5440 pastoribus.
1605 5371 1756 5428 Unde

145 5487 160 5576 ᾖ
179 5461 371 5519 Paulus
393 5464 522 5519 dicit
547 5482 558 5516 :
588 5465 712 5529 Quis
739 5465 921 5519 militat
941 5464 1046 5518 suis
1069 5463 1332 5534 stipendiis
1352 5480 1572 5532 unquam
1591 5465 1617 5519 Ρ
1640 5466 1751 5535 quis

181 5554 373 5626 plantat
397 5554 609 5616 vineam,
641 5563 686 5607 et
725 5555 788 5608 de
834 5558 1008 5626 fructu
1035 5555 1144 5623 ejus
1172 5570 1273 5607 non
1295 5554 1436 5607 edit?
1460 5555 1570 5625 quis
1591 5556 1755 5626 pascit

186 5661 396 5720 gregem,
427 5655 476 5700 ct
500 5646 564 5699 de
588 5646 716 5700 lacte
740 5648 902 5718 gregis
927 5664 1025 5701 non
1060 5648 1306 5719 percipit?
1340 5649 1472 5704 llinc
1502 5649 1644 5704 enim
1673 5650 1753 5705 lo-

181 5736 439 5809 quebatur
465 5736 530 5792 de
578 5736 643 5792 iis
691 5751 811 5806 qua:
835 5739 1132 5796 necessaria
1155 5747 1282 5798 sunt
1306 5739 1750 5810 praedicatoribus

1497 336 1701 395 LIBER
1737 334 2115 394 SECUNDUS.

3315 331 3452 387 HM

1880 450 2187 522 Evangelii:
2215 448 2356 505 unde
2383 449 2538 520 paulo
2562 459 2684 519 post
2701 449 2848 516 dicit,
2880 448 2944 506 Si
2987 464 3080 504 nos
3117 447 3253 503 vobis
3301 448 3452 518 spiri-

1877 543 2037 596 tualia
2055 542 2428 608 seminavimus,
2470 557 2707 612 magnum
2731 552 2802 596 est
2831 543 2872 596 si
2898 552 3059 596 vestra
3086 541 3310 594 carnalia
3339 557 3451 594 me-

1876 634 2069 688 temus?
2096 632 2157 687 Si
2195 633 2284 686 alii
2307 633 2564 702 potestatis
2588 643 2764 686 vestra:
2788 633 3112 703 participant,
3145 649 3244 685 non
3291 631 3449 701 magis

1875 725 2007 778 nos?
2030 725 2118 779 sed
2158 739 2258 777 non
2303 740 2474 778 sumus
2501 725 2578 778 usi
2621 723 2714 777 hac
2754 734 3010 792 potestate.
3041 722 3191 778 Unde
3230 733 3450 792 apparet

1875 814 1989 870 haec
2017 831 2123 869 non
2155 815 2224 868 ita
2249 815 2566 884 prtecepisse
2597 814 2898 878 Dominum,
2925 823 3172 882 tanquam
3204 813 3446 882 Evange-

1874 907 2010 962 lista:
2036 907 2214 961 vivere
2241 906 2453 961 aliunde
2479 922 2584 961 non
2611 905 2860 968 debeant,
2892 921 3051 975 quam
3091 905 3169 959 eis
3211 904 3449 974 praeben-

1873 998 2012 1053 tibus
2036 999 2227 1068 quibus
2243 998 2556 1052 annuntiant
2587 997 2930 1068 Evangelium
2954 1012 2970 1060 ;
2998 996 3230 1065 alioquin
3261 1005 3448 1050 contra

1873 1091 1974 1147 hoc
2005 1103 2327 1163 praeceptum
2371 1091 2495 1147 fecit
2533 1091 2670 1147 idem
2696 1092 2969 1162 apostolus
2992 1133 3007 1157 ,
3041 1092 3128 1161 qui
3159 1093 3354 1146 victum
3383 1092 3450 1146 de

1871 1196 2120 1236 manuum
2162 1197 2379 1236 suarum
2412 1182 2680 1237 laboribus
2731 1182 3077 1251 transigebat,
3107 1197 3174 1236 ne
3200 1183 3446 1251 cuiquam

1869 1273 2044 1342 gravis
2078 1281 2222 1327 esset
2253 1272 2296 1344 (l
2325 1271 2507 1327 Thess.
2540 1288 2596 1337 ιι,
2628 1272 2684 1344 9)
2711 1290 2724 1325 :
2749 1272 2841 1326 sed
2870 1281 3184 1342 potestatem
3213 1271 3446 1336 dedisse,

1869 1361 1923 1417 in
1953 1377 2054 1432 qua
2079 1363 2279 1417 scirent
2307 1363 2407 1418 sibi
2436 1363 2534 1418 ista
2561 1363 2765 1419 deberi.
2795 1361 2926 1416 Cum
2967 1371 3144 1417 autem
3165 1376 3194 1415 a
3225 1361 3449 1416 Domino

1868 1455 2066 1525 aliquid
2100 1457 2408 1527 imperatur,
2453 1457 2550 1510 nisi
2589 1456 2700 1523 ﬁat,
2743 1453 3118 1511 inobedientite
3144 1455 3297 1524 culpa
3328 1461 3447 1508 est:

1869 1560 1990 1600 cum
2009 1558 2188 1600 autem
2211 1556 2445 1616 potestas
2461 1547 2634 1611 datur,
2660 1547 2989 1617 Iicetcuique
3012 1561 3116 1600 non
3145 1545 3241 1609 uti,
3261 1553 3313 1600 et
3329 1553 3450 1599 tan-

1867 1651 2025 1706 quam
2054 1637 2120 1691 de
2146 1653 2242 1692 suo
2263 1638 2383 1708 jure
2405 1637 2616 1692 cedere.
2645 1638 2770 1692 llaec
2792 1653 2919 1706 ergo
2943 1637 3196 1690 Dominus
3225 1636 3447 1706 loquens

1867 1725 2168 1797 discipulis,
2202 1728 2252 1782 id
2278 1729 2487 1798 agebat,
2510 1728 2652 1798 quod
2681 1730 2793 1798 ipse
2822 1729 3106 1798 Apostolus
3139 1728 3294 1797 paulo
3329 1735 3447 1796 post

1865 1818 2101 1887 apertius
2145 1819 2212 1871 ita
2243 1819 2472 1887 explicat
2502 1837 2514 1872 :
2541 1817 2760 1872 Nescitis
2790 1818 3027 1888 quoniam
3055 1817 3141 1887 qui
3170 1818 3222 1871 in
3254 1817 3440 1886 templo

1867 1917 2157 1975 operantur,
2179 1923 2291 1978 qum
2313 1909 2375 1962 de
2416 1908 2602 1977 templo
2625 1917 2742 1961 sunt
2771 1908 2966 1960 edunt?
2988 1913 3072 1976 qui
3107 1908 3256 1959 altari
3277 1906 3446 1960 deser-

1865 1997 2024 2060 viunt,
2053 1999 2206 2052 altari
2237 1999 2677 2068 compartiuntur?
2713 1998 2802 2053 Sic
2842 2007 2889 2051 et
2920 1997 3167 2050 Dontinus
3195 1998 3443 2050 ordinavit

1864 2088 1928 2144 iis
1951 2091 2037 2159 qui
2079 2089 2407 2160 Evangelium
2449 2092 2770 2153 annuntiant,
2827 2092 2891 2144 de
2938 2089 3211 2160 Evangelio
3239 2092 3398 2144 vivere
3425 2107 3445 2144 :

1865 2195 1956 2250 ego
1979 2190 2146 2234 autem
2175 2181 2367 2234 nullius
2412 2181 2592 2234 horum
2632 2197 2752 2234 usus
2796 2197 2906 2234 sum
2935 2179 2984 2252 (Ι
3013 2179 3130 2234 Cor.
3163 2196 3240 2240 Ix,
3263 2179 3444 2252 7-15).

1863 2269 1994 2326 Cum
2026 2273 2199 2342 itaque
2237 2272 2363 2327 dicit
2406 2272 2476 2326 ita
2509 2273 2792 2326 Dominum
2832 2272 3128 2336 ordinasse,
3178 2287 3236 2327 se
3264 2283 3443 2329 autem

1863 2378 2018 2417 usum
2073 2379 2176 2418 non
2220 2379 2373 2430 esse,
2424 2364 2604 2436 utique
2647 2364 2881 2420 ostendit
2910 2364 3088 2419 utendi
3122 2374 3439 2436 potestatem

1863 2453 2039 2509 datam
2064 2496 2078 2519 ,
2109 2471 2216 2509 non
2248 2457 2547 2527 impositam
2573 2456 2838 2511 serviendi
2869 2456 3263 2511 necessitatem.

1937 2547 2024 2601 7b.
2059 2547 2170 2601 Hoc
2191 2563 2318 2617 ergo
2352 2547 2604 2602 ordinans
2649 2549 2919 2612 Dominus,
2961 2548 3102 2618 quod
3145 2564 3265 2602 eum
3303 2548 3448 2604 ordi-

1863 2653 2020 2694 nasse
2044 2640 2170 2694 dicit
2189 2642 2493 2710 Apostolus,
2523 2642 2611 2712 qui
2644 2641 2990 2711 Evangelium
3013 2642 3350 2707 annnntiant,
3374 2641 3444 2697 de

1863 2729 2156 2802 Evangelio
2177 2732 2384 2798 vivere,
2420 2731 2506 2786 illa
2542 2731 2810 2802 Apostolis
2829 2732 3162 2802 loquebatur,
3194 2743 3249 2784 ut
3275 2730 3448 2785 securi

1863 2837 1970 2876 non
1999 2822 2352 2892 possiderent,
2384 2838 2559 2894 neque
2588 2831 2864 2892 portarent
2910 2822 3033 2876 huic
3057 2823 3178 2876 vita:
3204 2836 3449 2877 necessa-

1863 2915 1962 2980 ria,
1993 2930 2090 2970 nec
2119 2931 2328 2986 magna,
2359 2929 2462 2971 nec
2487 2915 2726 2969 minima.
2751 2914 2877 2970 ideo
2891 2915 3083 2984 posuit,
3117 2931 3203 2968 nec
3234 2915 3445 2985 virgam,

1862 3008 2150 3063 ostendens
2179 3024 2209 3062 a
2235 3008 2474 3063 lidelibus
2496 3009 2606 3063 suis
2627 3008 2805 3062 omnia
2832 3007 3014 3062 deberi
3039 3008 3295 3061 ministris
3315 3007 3447 3072 suis,

1863 3100 2003 3154 nulla
2034 3101 2302 3170 superﬂua
2334 3101 2752 3171 requirentibus.
2797 3099 2874 3154 Ac
2915 3114 3010 3169 per
3055 3100 3154 3152 hoc
3182 3097 3447 3166 addendo,

1862 3192 2060 3263 Dignus
2086 3202 2157 3247 cst
2181 3193 2311 3246 enim
2336 3193 2598 3263 operarius
2625 3193 2735 3246 cibo
2768 3208 2882 3254 suo,
2924 3206 3142 3261 prorsus
3168 3192 3374 3261 aperuit
3395 3199 3449 3244 et

1862 3281 2145 3336 illustravit
2175 3281 2316 3335 unde
2339 3290 2392 3334 et
2414 3295 2579 3349 quare
2608 3281 2722 3334 haec
2742 3281 2919 3334 omnia
2954 3282 3279 3350 loqueretur.
3304 3281 3449 3334 llanc

1863 3389 1990 3444 ergo
2017 3383 2331 3442 potestatem
2352 3373 2513 3443 virgae
2540 3373 2754 3427 nomine
2775 3371 3110 3440 signiﬁcavit,
3142 3387 3263 3426 cum
3287 3372 3440 3437 dixit,

1864 3482 1927 3519 ne
1947 3466 2066 3536 quid
2081 3466 2307 3518 tollerent
2327 3465 2380 3518 in
2404 3465 2504 3527 via,
2529 3465 2625 3516 nisi
2652 3464 2842 3534 virgam
2862 3473 3076 3516 tantum.
3105 3463 3278 3516 Potuit
3301 3464 3444 3517 enim

1863 3556 2024 3611 etiam
2050 3556 2126 3611 sic
2142 3555 2374 3610 breviter
2397 3555 2523 3621 dici,
2546 3553 2688 3608 Nihil
2717 3554 3142 3608 necessariorum
3167 3553 3441 3607 vobiscum

1865 3645 2068 3707 feratis.
2123 3661 2223 3700 nec
2272 3646 2497 3715 virgam,
2541 3644 2641 3698 nisi
2695 3645 2893 3713 virgam
2950 3653 3192 3698 tantum:
3225 3653 3281 3698 ut
3320 3643 3450 3698 illud

1863 3737 2006 3810 quod
2043 3738 2241 3793 dictum
2296 3746 2380 3792 est
2426 3753 2518 3790 nec
2561 3736 2784 3807 virgam,
2840 3736 3182 3806 intelligatur,
3230 3751 3298 3790 ne
3347 3737 3448 3790 mi-

1863 3830 2034 3884 nimas
2078 3828 2292 3899 quidem
2342 3842 2466 3892 res;
2504 3827 2646 3899 quod
2690 3842 2818 3882 vero
2852 3826 3168 3896 adjunctum
3209 3835 3322 3890 est,
3355 3827 3451 3881 nisi

1863 3921 2055 3992 virgam
2102 3929 2327 3985 tantum,
2377 3919 2720 3989 intelligatur,
2771 3917 2894 3988 quia
2940 3933 3035 3987 per
3077 3926 3390 3986 potestatem
3419 3931 3452 3973 a

1867 4011 2092 4066 Domino
2117 4019 2411 4080 acceptam,
2444 4025 2561 4080 quae
2592 4011 2754 4079 virgae
2786 4010 3000 4063 nomine
3027 4007 3318 4078 signiﬁcata
3341 4017 3445 4075 est,

1865 4103 2025 4158 etiam
2053 4117 2170 4172 qum
2187 4117 2291 4156 non
2320 4109 2598 4171 portantur
2614 4115 2719 4154 non
2737 4099 2981 4154 deerunt.
3003 4098 3296 4169 Utrumque
3322 4114 3450 4169 ergo

1865 4192 2118 4247 Dominus
2143 4192 2294 4256 dixit,
2324 4191 2417 4247 sed
2447 4191 2569 4261 quia
2596 4206 2701 4245 non
2733 4199 3017 4260 utrumque
3040 4207 3177 4244 unus
3204 4205 3437 4259 evange-

1864 4284 1983 4340 lista
2014 4285 2468 4350 commemoravit,
2497 4292 2710 4353 putatur
2741 4283 2831 4336 ille
2859 4283 2949 4352 qui
2985 4283 3183 4352 virgam
3223 4283 3322 4336 sub
3350 4281 3453 4335 alia

1866 4375 2249 4444 signiﬁcatione
2277 4373 2502 4444 positam
2535 4371 2822 4426 tollendam
2856 4371 3008 4436 dixit,
3043 4373 3091 4427 ei
3122 4373 3210 4441 qui
3238 4372 3439 4440 virgam

1866 4477 2054 4518 rursus
2074 4462 2216 4517 aliud
2249 4462 2636 4533 signiﬁcantem
2664 4476 2769 4514 non
2797 4461 3086 4516 tollendam
3116 4460 3283 4528 dixit,
3328 4475 3450 4516 esse

1865 4554 2198 4618 contrarius;
2231 4553 2326 4608 sed
2352 4554 2461 4623 jam
2493 4553 2698 4608 ratione
2725 4551 2931 4607 reddita
2963 4569 3068 4606 non
3100 4561 3339 4622 putetur.

1937 4645 2025 4701 75.
2049 4644 2138 4700 Sic
2172 4654 2226 4700 et
2266 4645 2625 4700 calceamenta
2663 4659 2783 4699 cum
2813 4644 2942 4698 dicit
2980 4642 3257 4698 Matthzeus
3281 4643 3333 4698 in
3372 4644 3454 4700 via

1865 4751 1971 4791 non
1997 4751 2119 4791 esse
2139 4736 2416 4805 portanda,
2440 4751 2622 4790 curam
2648 4734 2910 4804 prohibet,
2932 4748 3036 4803 qua
3057 4733 3176 4789 ideo
3198 4734 3454 4803 portanda

1864 4830 2182 4900 cogitantur,
2214 4845 2280 4884 ne
2302 4828 2509 4885 desint.
2541 4828 2648 4883 Hoc
2678 4835 2732 4882 et
2755 4826 2824 4882 de
2847 4826 3052 4881 duabus
3082 4827 3271 4880 tunicis
3298 4826 3454 4880 intel-

1866 4921 2130 4990 ligendum
2159 4929 2262 4985 est,
2295 4935 2362 4976 ne
2391 4921 2668 4990 quisquam
2707 4934 2891 4974 eorum
2921 4927 3114 4988 praeter
3149 4932 3269 4973 eam
3295 4932 3453 4987 quam

1865 5023 2008 5069 esset
2051 5014 2282 5081 indutus,
2313 5014 2470 5068 aliam
2502 5013 2814 5084 portandam
2846 5020 3072 5081 putaret,
3099 5011 3360 5066 sollicitus
3389 5002 3479 5094 usi

1865 5120 1997 5174 opus
2039 5114 2218 5167 esset,
2266 5121 2386 5161 cum
2431 5120 2497 5160 ex
2543 5106 2628 5160 illa
2674 5110 2934 5174 ροιθεωιθ
2970 5111 3150 5173 9058et
3192 5089 3542 5192 εοείνυνθοδζῖ

1863 5197 2091 5251 Proinde
2111 5196 2315 5251 Marcus
2333 5195 2557 5252 dicendo
2580 5195 2803 5250 calceari
2848 5209 2941 5247 eos
2982 5192 3239 5247 sandaliis
3267 5195 3346 5248 vel
3369 5208 3455 5248 so-

1863 5288 1980 5353 leis,
2004 5288 2198 5358 aliquid
2226 5287 2326 5342 hoc
2350 5287 2763 5342 calceamentum
2796 5283 3034 5355 mysticae
3059 5284 3456 5354 signiﬁcationis

1864 5378 2059 5434 habere
2081 5377 2352 5442 admonet,
2383 5385 2438 5430 ut
2466 5390 2559 5445 pes
2587 5390 2756 5444 neque
2780 5383 2950 5429 tectus
2976 5374 3064 5440 sit,
3095 5389 3265 5444 neque
3286 5375 3455 5433 nudus
3490 5381 3512 5421 ἱι

1862 5469 1927 5524 ad
1959 5479 2186 5532 terram;
2233 5467 2284 5521 id
2317 5476 2431 5531 est,
2465 5482 2565 5521 nec
2611 5467 2905 5521 occultetur
2947 5467 3316 5536 Evangelium,
3360 5483 3457 5523 nec

1864 5560 2088 5614 terrenis
2113 5557 2404 5612 commodis
2433 5558 2703 5612 innitatur.
2745 5556 2811 5611 Et
2845 5557 2984 5628 quod
3014 5571 3117 5610 non
3143 5558 3340 5628 portari
3371 5559 3455 5614 vel

1869 5650 2048 5706 haberi
2078 5647 2209 5702 duas
2239 5649 2461 5712 tunicas,
2491 5647 2586 5702 sed
2617 5649 2920 5719 expressius
2942 5647 3090 5702 indui
3114 5647 3358 5718 prohibet
3377 5648 3434 5705 di

1863 5755 2012 5808 cens,
2042 5739 2106 5796 Et
2153 5756 2214 5796 ne
2239 5739 2563 5796 induerentur
2590 5739 2786 5795 duabus
2812 5740 3031 5808 tunicis;
3055 5739 3182 5810 quid
3220 5754 3313 5799 eos
3341 5756 3431 5799 mo
