3878 6310
41 371 188 432 ΗΠ

33 475 112 549 de
141 485 332 559 spicis
355 489 410 537 et
429 479 496 536 de
528 477 634 532 isto
659 479 843 528 sanato
860 510 875 533 ,
900 464 1150 537 quoniam
1183 450 1551 559 est-sabbatum
1577 443 1665 559 hic

39 533 562 639 commemoratur;
592 566 695 622 nisi
719 565 888 620 Lucas
903 554 1199 626 aperuisset
1219 545 1324 600 alio
1348 539 1567 597 sabbato
1585 533 1667 639 fa:

39 689 201 736 ctum
246 686 388 729 esse
427 667 496 723 de
535 664 760 719 sanitate
799 625 961 711 aridae
1000 658 1226 704 manus:
1260 633 1486 694 Proinde
1528 625 1670 699 quod

42 729 484 826 biuttltmus,
530 755 598 811 Et
635 768 748 808 cum
769 749 888 804 inde
912 741 1186 801 transisset,
1219 731 1351 787 venit
1375 729 1428 782 in
1451 736 1676 796 synago—

43 877 171 936 gam
195 871 416 920 eorum,
439 865 546 906 non
564 845 777 919 quidem
797 838 943 896 venit
960 833 1060 890 nisi
1076 846 1199 886 cum
1222 825 1344 881 inde
1370 818 1672 878 transisset,

1336 934 1358 936 νμ
1377 915 1466 936 μ-ε-
1520 914 1641 936 νιΑοῦ
1659 935 1665 936 ,

47 914 150 1015 sed
183 960 324 1025 post
344 914 478 1020 quot
497 914 610 1000 dies
631 942 686 996 in
708 945 1029 1017 synagogam
1056 937 1242 982 eorum
1267 915 1491 1018 venerit,
1520 914 1673 980 post-

49 1015 302 1119 eaquam
324 1015 569 1110 a-segete
596 1035 686 1090 illa
712 1015 990 1090 transivit,
1034 1036 1103 1119 an
1130 1025 1278 1119 recta
1313 1015 1676 1119 continuoque

52 1093 189 1196 illn‘c
229 1136 390 1196 ierit,
421 1146 527 1186 non
557 1135 869 1196 expressum
899 1123 1002 1172 est.
1040 1114 1117 1167 Ac
1142 1123 1238 1178 per
1266 1101 1552 1196 boc_loeus
1581 1093 1677 1149 da-

165 1190 490 1283 narrationi
514 1190 671 1274 Lucae
688 1256 702 1278 ,
737 1212 828 1284 qui
854 1209 983 1264 dicit
1001 1203 1106 1258 alio
1127 1197 1350 1255 sabbato
1378 1190 1541 1287 huius
1563 1199 1676 1238 ma-

57 1339 194 1381 num
217 1327 499 1378 sanatam.
525 1311 630 1369 Sed
649 1279 824 1380 pateat
843 1310 1079 1358 movere,
1105 1285 1372 1362 quomodo
1398 1279 1678 1381 Matthteus

57 1413 303 1479 dixerit,
337 1408 486 1482 quod
526 1404 624 1476 ipsi
652 1373 1100 1466 interrogaverint
1126 1382 1403 1482 Dominum
1425 1415 1441 1441 ,
1473 1374 1533 1430 Si
1563 1373 1678 1476 licet

61 1507 283 1566 sabbato
330 1464 535 1563 curare,
576 1495 817 1549 volentes
852 1482 1094 1543 invenire
1128 1469 1414 1533 accusandi
1443 1464 1680 1521 occasio-

64 1621 226 1670 nem;
256 1604 390 1672 ipse
415 1612 544 1652 vero
568 1593 674 1648 illis
691 1589 758 1644 de
776 1600 876 1640 ove
899 1574 1236 1652 proposuerit
1252 1564 1680 1629 similitudinem,

65 1664 298 1756 dicens,
328 1689 462 1756 Quis
495 1685 586 1740 erit
618 1698 682 1736 es
705 1678 842 1734 nobis
868 1675 1018 1728 homo
1041 1668 1124 1738 qui
1146 1664 1322 1720 habeat
1341 1672 1478 1715 ouem
1504 1669 1680 1756 unum,

64 1751 114 1846 et
137 1751 192 1844 si
217 1751 472 1843 ceciderit
508 1779 617 1832 haec
638 1772 855 1830 sabbatis
888 1770 943 1823 in
971 1767 1185 1836 foveam,
1221 1771 1386 1812 nonne
1409 1751 1610 1846 tenebit,
1635 1758 1684 1801 et

69 1842 260 1938 levabit
289 1875 452 1932 eant?
491 1871 693 1936 Quanto
719 1863 895 1919 melior
921 1867 993 1913 est
1033 1851 1332 1938 hamaove?
1360 1847 1540 1916 Itaqite
1571 1842 1686 1938 licet

68 1973 305 2031 sabbatis
335 1969 466 2023 bene
495 1932 690 2036 dicere:
717 1971 841 2013 eum
867 1953 1073 2008 Marcus
1094 1957 1148 2003 et
1173 1932 1342 2000 Lucas
1366 1940 1483 1994 illos
1509 1934 1686 2027 potius

72 2025 386 2122 aﬂDOInino
407 2025 761 2121 interrogatos
794 2060 918 2102 esse
947 2031 1449 2111 perbibeant,.Lieet
1479 2025 1687 2113 sabbato

75 2159 207 2212 bene
236 2155 452 2222 facere,
486 2163 554 2200 an
580 2140 745 2196 male?
769 2137 994 2191 animam
1018 2129 1210 2184 salvam
1253 2129 1441 2196 facere,
1477 2135 1545 2172 an
1571 2132 1688 2185 pere

80 2214 248 2303 ἀργεῖ)
276 2245 471 2310 Itaque
491 2231 890 2304 intelligendum
917 2235 1001 2282 est
1021 2222 1159 2294 quod
1189 2219 1264 2275 illi
1290 2217 1439 2288 prius
1468 2214 1696 2310 interro-

77 2300 342 2413 gaverint
372 2300 702 2389 Dominum:
748 2322 810 2379 Si
849 2321 962 2376 licet
1000 2315 1204 2372 sabbato
1246 2324 1424 2365 curare
1454 2324 1470 2361 :
1500 2300 1693 2359 deinde

84 2402 235 2504 quod
270 2425 586 2494 intelligens
603 2415 952 2488 cogitationes
975 2422 1182 2470 eorum,
1212 2402 1412 2457 aditum
1440 2408 1695 2504 accusan-

85 2485 140 2582 di
172 2485 570 2594 queerentium,
597 2485 934 2568 constituerit
960 2504 1012 2557 in
1033 2497 1213 2555 medio
1233 2495 1377 2549 illum
1403 2502 1561 2560 quem
1584 2485 1699 2539 fue-

87 2635 175 2681 rat
192 2584 526 2679 sanaturus,
558 2619 612 2666 et
640 2599 1047 2674 interrogaverit
1071 2611 1189 2667 quas
1213 2590 1418 2647 Marcus
1446 2594 1500 2642 et
1528 2584 1699 2639 Lucas

89 2727 217 2774 eum
250 2715 625 2778 interrogasse
654 2698 1108 2756 commemorant;
1139 2700 1202 2740 ac
1231 2694 1357 2738 tunc
1386 2679 1492 2734 illis
1519 2686 1698 2730 tacen-

92 2811 263 2873 tibus,
289 2766 642 2874 prOpostiisse
665 2785 1064 2846 similitudinem
1080 2779 1148 2834 de
1168 2791 1287 2839 ove,
1307 2781 1362 2830 et
1379 2766 1704 2828 conclusisse

94 2863 262 2972 quod,
292 2863 460 2950 liceat
502 2887 722 2942 sabbato
763 2883 898 2936 bene
933 2877 1134 2938 lacere;
1169 2877 1440 2940 postremo
1475 2863 1705 2918 circum-

97 2957 307 3062 spectis
349 2985 433 3040 eis
457 2995 578 3037 cum
606 2977 685 3032 ira
704 3018 718 3041 ,
763 2973 897 3028 sicut
921 2969 1127 3023 Marcus
1155 2963 1304 3027 dicit,
1335 2957 1704 3015 contristatum

100 3044 285 3154 Slrlper-
301 3075 549 3132 caecitate
567 3067 744 3124 cordis
768 3075 973 3124 eorum,
997 3056 1196 3112 dixisse
1229 3049 1451 3109 homini.
1479 3044 1708 3101 Extende

102 3185 320 3226 manum
345 3167 508 3219 luam.

103 3259 343 3320 CAPUT
386 3250 626 3312 XXXVI.
653 3279 725 3291 --
751 3238 1184 3303 Considerandum
1207 3244 1376 3290 utrum
1413 3232 1475 3285 ab
1495 3231 1590 3284 isto
1616 3241 1709 3280 eu-

172 3358 270 3427 jus
299 3349 456 3405 arida
495 3357 677 3398 manus
714 3344 890 3392 sanata
918 3341 1010 3396 est,
1038 3331 1110 3384 ita
1149 3326 1497 3397 digrediuntur
1535 3322 1586 3372 hi
1616 3327 1713 3372 tres

183 3416 538 3511 Euangelistaz
562 3433 696 3489 utin
733 3428 876 3484 nullo
903 3423 998 3482 sibi
1039 3421 1362 3476 adversentur
1400 3416 1510 3486 ipso
1534 3428 1716 3467 narra-

183 3536 346 3592 tionis
368 3531 566 3584 ordine.

189 3630 284 3685 85.
330 3621 586 3692 Sequitur
603 3614 911 3674 Matthmus,
935 3609 1005 3664 ita
1033 3612 1327 3663 contexens
1357 3597 1718 3655 narrationem

115 3734 272 3778 suam
299 3737 316 3773 :
343 3690 604 3772 Exeuntes
625 3717 792 3763 autem
816 3702 1063 3758 Pharistei
1085 3699 1348 3753 consilium
1365 3692 1612 3767 faciebant
1629 3690 1722 3744 ad-

118 3827 294 3870 versus
319 3825 456 3873 eum,
480 3803 730 3876 quomodo
749 3816 860 3855 eum
881 3796 1161 3869 perderent.
1183 3791 1334 3846 Iesus
1349 3800 1515 3844 autem
1539 3786 1719 3853 sciens,

121 3907 332 3963 recessit
365 3900 519 3964 inde;
563 3905 608 3950 et
638 3893 797 3949 secuti
825 3899 942 3946 sunt
971 3901 1083 3942 eum
1108 3884 1276 3949 multi,
1319 3892 1364 3936 et
1407 3879 1600 3935 curavit
1642 3893 1725 3932 eos

126 4014 302 4055 omnes
333 4014 353 4051 :
379 4003 428 4050 et
455 3989 690 4063 pracepit
720 3986 788 4042 eis
814 3997 878 4038 ne
903 3981 1223 4052 manifestum
1249 3989 1358 4030 eum
1386 3977 1625 4046 facerent.
1659 3966 1728 4023 Ut

127 4061 500 4163 adimpleretur
527 4082 660 4149 quod
685 4081 869 4134 dictant
900 4085 971 4130 est
999 4091 1087 4145 per
1116 4071 1308 4124 Isaiam
1335 4067 1628 4163 prcphctam
1646 4061 1728 4117 di-

129 4153 349 4245 centem,
375 4188 430 4234 ct
453 4184 666 4237 cmtera,
692 4183 858 4242 usque
888 4167 953 4221 ad
977 4164 1103 4220 illud
1132 4164 1218 4218 ubi
1247 4163 1337 4226 ait,
1367 4153 1433 4214 Et
1460 4160 1510 4212 in
1531 4157 1733 4210 nomine

133 4275 244 4349 ejus
271 4280 446 4348 gentes
467 4269 734 4341 sperabunt
767 4263 784 4328 (
812 4260 997 4316 Matth.
1030 4269 1127 4323 itu,
1158 4253 1312 4311 M—ﬁi
1343 4253 1386 4324 ).
1433 4247 1545 4308 Iioc
1589 4250 1733 4305 solus

135 4343 237 4425 istc
264 4343 679 4426 commemorat,
714 4356 787 4412 illi
817 4356 924 4410 duo
954 4353 1005 4408 in
1040 4353 1137 4406 alia
1172 4356 1538 4420 perrexerunt.
1580 4343 1736 4400 Ordi-

137 4479 262 4518 nem
292 4473 430 4515 sane
467 4456 544 4510 rei
574 4460 734 4524 gestm
760 4445 969 4503 videtur
993 4435 1201 4500 Marcus
1239 4439 1622 4512 aliquantulum
1657 4445 1737 4493 te-

141 4555 356 4614 nuisse,
385 4547 473 4616 qui
501 4545 629 4600 dicit
656 4543 838 4597 .lesum
865 4536 1073 4608 cognita
1112 4534 1340 4604 maligna
1372 4531 1649 4586 adversum
1677 4543 1738 4585 se

140 4639 502 4714 dispositione
523 4634 848 4712 Iudaeorum,
876 4627 1160 4684 secessisse
1181 4623 1246 4680 ad
1269 4633 1417 4678 mare
1441 4637 1560 4677 cum
1583 4621 1714 4675 disci

146 4733 288 4808 pulis
329 4727 464 4792 suis,
495 4735 547 4782 et
578 4721 642 4779 ad
684 4735 804 4778 eum
833 4719 1016 4776 turbas
1048 4715 1365 4773 conﬂuxisse
1385 4756 1400 4781 ,
1432 4721 1486 4768 et
1525 4726 1732 4767 sanasse

149 4799 272 4882 eum
304 4819 568 4894 plurimos
598 4813 785 4888 (Marc.
815 4826 891 4876 tn,
923 4805 1106 4877 7-H).
1131 4803 1283 4863 Unde
1311 4813 1486 4858 autem
1521 4799 1739 4871 cmperit

155 4917 210 4971 in
241 4909 387 4969 aliud
417 4911 513 4976 ire,
555 4919 662 4961 non
692 4901 830 4974 quod
862 4901 1046 4957 ordine
1077 4907 1410 4968 sequeretur,
1453 4897 1537 4950 vix
1585 4909 1744 4964 appa-

155 5011 271 5062 ret:
303 5009 486 5062 utrum
510 4993 599 5054 ubi
629 4995 757 5053 dicit
781 4992 1092 5051 convenisse
1119 4989 1183 5044 ad
1202 5003 1323 5046 eum
1343 4981 1554 5053 turbas;
1580 4986 1748 5056 potuit

158 5099 301 5156 enim
327 5098 435 5153 hoc
463 5094 570 5166 tam
611 5099 666 5147 et
691 5089 796 5144 alio
824 5091 1065 5156 tenipore
1091 5101 1103 5138 :
1134 5095 1200 5138 an
1229 5079 1314 5137 ubi
1355 5081 1502 5146 dicit,
1527 5079 1751 5133 ascendit

159 5191 214 5245 in
239 5195 483 5244 montem.
511 5180 665 5253 Quod
703 5187 756 5236 et
789 5178 959 5234 Lucas
999 5169 1206 5230 videtur
1233 5177 1651 5228 commemorare
1671 5168 1752 5225 di-

165 5295 315 5349 cens,
347 5279 567 5334 Factum
591 5284 662 5331 est
687 5281 852 5328 autem
876 5267 927 5325 in
953 5264 1055 5323 illis
1086 5265 1274 5330 diebus,
1307 5262 1426 5319 exiit
1461 5261 1513 5319 in
1537 5273 1753 5318 montem

167 5389 314 5428 orare
337 5369 488 5446 (Luc.
509 5383 584 5436 Vl,
615 5365 704 5437 12)
727 5383 741 5419 :
767 5357 991 5418 dicendo
1015 5359 1178 5425 enim,
1206 5359 1260 5412 in
1281 5356 1384 5413 illis
1404 5355 1595 5422 diebus,
1623 5355 1752 5412 satis

171 5463 403 5521 ostendit
423 5475 526 5517 non
553 5458 804 5514 continuo
833 5453 1049 5511 factum.

173 5553 402 5610 CAPUT
428 5547 693 5607 XXXVII.
724 5580 792 5591 -~
829 5545 907 5602 De
937 5549 1076 5600 muto
1101 5555 1147 5599 et
1175 5555 1304 5598 caeco
1330 5543 1416 5614 qui
1453 5539 1754 5598 daemonium

250 5643 497 5712 habebat,
563 5640 811 5713 quomodo
881 5637 1152 5694 Matthteus
1217 5634 1476 5706 Lucasque
1544 5651 1756 5689 consen-

253 5737 402 5794 tiant.

257 5827 347 5888 8i.
378 5827 656 5890 Matthaius
684 5839 813 5900 ergo
836 5825 1074 5896 sequitur
1101 5831 1155 5884 et
1177 5823 1343 5884 dicit:
1377 5823 1520 5882 Tunc
1567 5823 1761 5882 oblatus

1387 331 1591 389 LIBER
1628 315 2013 384 SECUNDUS.

3215 300 3360 358 “I8

1779 441 1854 488 est
1880 431 1925 486 ei
1948 425 2250 485 dwmoninm
2271 409 2495 488 habens,
2523 436 2686 474 ctam
2725 428 2776 475 et
2820 425 3028 481 mutus:
3073 423 3128 470 et
3171 416 3366 472 curarit

1788 542 1902 581 eum
1923 564 1938 585 .
1967 524 2035 576 ita
2061 529 2115 575 ut
2141 518 2424 590 loqueretur
2451 523 2500 570 et
2525 513 2712 568 videret
2741 509 2956 582 (Matth.
2983 526 3085 576 ιιι,
3113 508 3227 578 22).
3255 507 3366 563 Hoc

1783 632 1888 672 non
1912 616 2014 670 isto
2043 611 2252 675 ordine,
2283 607 2379 663 sed
2408 614 2530 676 post
2565 603 2671 660 alia
2713 603 2878 658 multa
2915 602 3087 658 Lucas
3123 613 3367 657 eorume-

1782 717 1988 771 morat,
2023 713 2078 760 et
2125 711 2332 758 mutum
2375 698 2506 755 dicit
2545 705 2749 752 tantum
2799 710 2905 752 non
2951 694 3115 750 etiam
3167 706 3369 748 omni

1784 798 1934 870 (Luc.
1964 813 2040 858 ιιι,
2072 794 2159 867 Η)
2190 811 2203 847 :
2232 791 2327 849 sed
2356 805 2466 846 non
2493 805 2559 845 ex
2579 804 2647 845 eo
2671 787 2814 858 quod
2849 785 3052 857 aliquid
3079 795 3252 850 tacet,
3299 783 3392 870 de;

1781 862 1889 946 alio
1911 888 2095 944 dicere
2126 862 2393 958 putandus
2418 892 2502 937 est
2548 898 2563 933 :
2597 895 2662 938 ea
2711 880 2856 936 enim
2886 879 3166 950 sequentia
3205 862 3402 944 etiam

1785 983 1898 1053 ipse
1927 978 2167 1036 contexit
2193 990 2313 1046 quae
2340 972 2639 1028 Mattbaeus.

1785 1069 2011 1128 CAPUT
2035 1062 2323 1123 XXXVIII.
2340 1062 2471 1118 —U
2477 1063 2525 1117 bi
2546 1063 2596 1116 ei
2619 1062 2808 1116 dictant
2825 1069 2900 1116 est
2919 1060 3057 1131 quod
3083 1059 3140 1113 in
3168 1057 3368 1112 Beelse-

1856 1161 1944 1216 but
1966 1160 2098 1231 ejicit
2121 1156 2391 1218 dwmonia,
2417 1153 2664 1224 quidquid
2689 1153 2878 1222 exipsa
2897 1152 3157 1206 occasione
3174 1149 3372 1205 locum
3401 1171 3408 1202 ι

1860 1263 1931 1308 est
1955 1251 2019 1305 de
2046 1246 2359 1318 blasphemia
2388 1244 2628 1299 adversus
2649 1243 2900 1313 Spiritum
2925 1251 3188 1306 sanctum,
3225 1249 3274 1294 et
3312 1239 3376 1293 ds

1859 1343 2054 1400 duabus
2079 1340 2372 1406 arboribus,
2401 1347 2572 1392 utrum
2599 1337 2654 1391 in
2693 1334 2836 1390 nullo
2863 1334 3139 1389 Mattheus
3173 1349 3210 1386 a
3247 1331 3376 1387 duo-

1861 1441 1955 1496 bus
1982 1439 2120 1506 aliis,
2150 1436 2367 1491 maxime
2393 1451 2425 1487 a
2447 1431 2610 1498 Luca,
2642 1430 2926 1486 dissentiat.

1864 1531 1953 1587 85.
2018 1529 2272 1599 Sequitur
2321 1523 2635 1589 Mattiacas,
2683 1521 2870 1577 dicens
2919 1535 2941 1575 :
2993 1517 3062 1574 Et
3113 1518 3379 1588 stupebant

1792 1637 1963 1678 omnes
1988 1620 2164 1684 turbw,
2192 1626 2238 1672 et
2266 1617 2495 1670 dicebant
2521 1631 2534 1667 :
2565 1611 2830 1682 Numquid
2873 1611 2954 1664 hic
2989 1618 3063 1664 est
3092 1609 3231 1679 ﬁlius
3273 1606 3382 1662 Da-

1792 1715 1913 1771 vid?
1937 1711 2194 1768 Pharisaei
2218 1718 2388 1763 autem
2411 1706 2672 1760 audientes
2693 1703 2930 1757 dixerunt
2959 1717 2978 1755 :
3001 1700 3102 1755 Hic
3125 1715 3228 1754 non
3243 1699 3384 1770 ejicit

1794 1806 2046 1860 daemones
2069 1803 2169 1857 nisi
2204 1800 2260 1856 in
2281 1796 2560 1855 Beelzebub
2585 1794 2818 1866 principe
2857 1793 3241 1848 datmoniorutn.
3285 1788 3383 1844 Jo~

1794 1915 1882 1954 sus
1904 1905 2071 1952 autem
2093 1895 2254 1950 sciens
2291 1892 2618 1963 cogitationes
2662 1905 2840 1944 eorum
2865 1887 2995 1943 dicit
3038 1888 3110 1940 eis
3159 1903 3172 1938 :
3221 1883 3385 1939 Omne

1795 2004 2006 2058 regnum
2035 1986 2250 2040 divisum
2269 1992 2445 2038 contra
2472 1996 2553 2046 se,
2579 1978 2911 2044 desolabitur,
2942 1985 3072 2044 etc.,
3106 1989 3278 2046 usque
3316 1973 3386 2030 ad

1800 2077 1930 2136 illud
1961 2077 2048 2133 ubi
2081 2077 2173 2143 ait,
2215 2074 2302 2130 Ea:
2328 2073 2487 2129 verbis
2515 2072 2614 2126 tuis
2629 2069 3013 2144 justiﬁeaberis,
3052 2077 3101 2123 et
3125 2084 3189 2123 ea
3226 2066 3389 2122 verbis

1802 2170 1902 2225 tuis
1924 2165 2342 2224 condemnaberis
2375 2163 2587 2237 (Matth.
2617 2179 2691 2218 xu
2713 2203 2730 2229 ,
2777 2161 2989 2232 tib-37).
3028 2159 3238 2215 Marcus
3280 2173 3388 2212 non

1809 2279 1878 2319 ex
1902 2261 2185 2318 occasione
2218 2259 2359 2315 illius
2386 2257 2520 2314 muti
2545 2254 2762 2326 subiicit
2787 2255 2985 2310 dictum
3007 2253 3080 2309 de
3096 2253 3226 2309 Iesu
3243 2251 3388 2322 quod

1811 2355 1866 2409 in
1893 2351 2191 2409 Beelzebub
2220 2350 2438 2421 ejiceret
2470 2347 2766 2413 daemonia;
2810 2345 2903 2401 sed
2949 2353 3071 2416 post
3107 2345 3208 2399 alia
3245 2357 3395 2414 qum-

1806 2444 1930 2500 dam
1953 2485 1970 2511 ,
1998 2458 2117 2513 quae
2147 2441 2293 2496 solus
2321 2447 2727 2506 commemorat,
2747 2437 2849 2492 hoc
2870 2445 3082 2508 quoque
3107 2433 3392 2498 subnectit,

1808 2537 1923 2592 sive
1948 2535 2054 2590 alio
2083 2535 2202 2590 loco
2232 2532 2283 2587 id
2307 2531 2551 2587 recolens
2578 2539 2632 2585 et
2655 2529 2950 2600 adjungens
2974 2568 2989 2593 ,
3031 2528 3146 2583 sive
3196 2525 3397 2597 aliquid

1813 2627 2256 2700 praetermittens,
2283 2632 2338 2678 et
2375 2621 2566 2678 deinde
2613 2622 2678 2676 ad
2723 2622 2862 2676 hunc
2902 2621 3143 2676 ordinem
3182 2620 3396 2676 rediens

1811 2719 2002 2791 (Marc.
2038 2733 2116 2784 nt,
2141 2714 2358 2785 22-50).
2386 2715 2560 2770 Lucas
2593 2723 2773 2769 autem
2814 2729 2950 2784 pene
2977 2712 3197 2768 totidem
3224 2711 3401 2768 verbis

1813 2809 1918 2865 hoc
1939 2808 2069 2864 dicit
2089 2807 2230 2878 quod
2278 2805 2553 2870 Matthazns
2578 2804 2728 2875 (Luc.
2759 2820 2834 2869 ιι,
2869 2802 3054 2875 ιι-εθ)
3103 2818 3122 2856 :
3165 2811 3220 2858 et
3259 2799 3404 2873 quod

1814 2901 2038 2972 digitum
2069 2900 2162 2954 Dei
2184 2899 2415 2968 appellat
2438 2897 2688 2967 Spiritum
2712 2895 2837 2962 Dei,
2865 2895 2935 2950 ab
2966 2893 3154 2950 eadem
3181 2901 3403 2951 senten-

1817 2992 1891 3046 tia
1919 3007 2024 3047 non
2053 2988 2284 3051 recedit;
2319 2988 2444 3057 quin
2470 2985 2646 3058 potius
2685 2995 2740 3041 et
2767 2984 2967 3048 aliquid
2989 2984 3176 3048 docet,
3212 2992 3273 3038 ut
3305 2997 3407 3038 no-

1819 3081 2056 3136 verimus
2131 3077 2581 3150 quemadmodum
2673 3077 3026 3148 intelligamus
3090 3077 3411 3147 ubicmque

1817 3173 2211 3262 Scripturarum
2227 3170 2527 3262 legerimus
2545 3168 2767 3240 digitum
2795 3169 2910 3224 Dei.
2937 3169 2997 3224 In
3033 3167 3154 3224 aliis
3193 3178 3414 3262 autem¢

1819 3278 1939 3332 qum
1961 3277 2068 3316 non
2093 3260 2180 3314 hic
2206 3261 2391 3315 dicunt
2420 3261 2629 3315 Marcus
2665 3269 2720 3315 et
2755 3260 2928 3315 Lucas
2954 3302 2972 3328 ,
3011 3262 3156 3316 nulla
3198 3260 3410 3316 cohiroé

1822 3352 1996 3406 versia
2025 3359 2142 3415 est;
2175 3364 2275 3404 nec
2305 3349 2360 3404 in
2397 3349 2479 3403 his
2519 3365 2640 3419 qua:
2679 3349 2953 3421 aliquanto
2994 3350 3148 3405 aliter
3187 3349 3406 3419 dicunt,

1827 3443 1948 3513 quia
1976 3441 2161 3496 eadem
2187 3441 2452 3496 sententia
2479 3448 2581 3494 est.

1825 3531 2059 3590 CAPUT
2102 3531 2421 3588 XXXIX.——
2447 3531 2599 3596 Quod
2618 3531 2874 3600 respondit
2903 3531 3174 3601 petentibus
3191 3533 3412 3602 signum,

1897 3626 1961 3680 de
1984 3625 2016 3678 .1
2022 3641 2121 3680 ana
2152 3625 2400 3696 propheta
2416 3633 2463 3677 et
2490 3623 2554 3677 de
2573 3622 2625 3677 Ν
2628 3623 2833 3689 inivitis,
2852 3633 2897 3677 et
2915 3625 2977 3678 de
3003 3625 3197 3696 Regina
3225 3627 3412 3690 Austri,

1900 3725 1944 3771 et
1972 3716 2036 3770 de
2079 3716 2259 3788 spiritu
2282 3714 2572 3781 immundo,
2597 3714 2686 3783 qui
2723 3727 2838 3767 cum
2881 3715 3057 3769 exierit
3097 3714 3158 3769 ab
3184 3716 3413 3782 homine,

1898 3809 2028 3865 redit
2068 3819 2115 3864 et
2155 3807 2338 3862 inuenit
2373 3807 2585 3861 domum
2631 3806 2930 3861 mandatam
2955 3847 2970 3873 ,
3005 3807 3256 3878 quomodo
3299 3807 3416 3862 lla-

1904 3903 2067 3955 thazus
2089 3899 2241 3954 Luca:
2267 3906 2533 3969 congruat.

1905 3993 1996 4047 86.
2036 3990 2287 4062 Sequitur
2337 3989 2654 4055 Mattheus,
2699 3997 2754 4045 et
2791 3989 2923 4045 dicit
2977 4006 2992 4042 :
3033 3988 3178 4045 Tum:
3212 4001 3421 4064 respuit.

1837 4085 2019 4139 derunt
2039 4084 2087 4138 ei
2105 4083 2311 4153 quidam
2333 4081 2397 4136 de
2419 4081 2610 4138 Scribis
2640 4091 2686 4136 et
2716 4079 2993 4137 Pharisaais
3022 4083 3282 4138 dicentes:
3309 4083 3425 4137 Ma.

1839 4176 2013 4246 gister,
2045 4173 2277 4229 volumus
2296 4187 2329 4227 ιι
2358 4182 2404 4228 te
2421 4175 2622 4244 signum
2648 4173 2833 4238 videre,
2861 4181 2991 4238 etc.,
3016 4187 3185 4243 usque
3209 4174 3274 4228 ad
3296 4175 3426 4230 illud

1845 4267 1936 4322 ubi
1961 4266 2066 4332 ait,
2109 4266 2200 4321 Sic
2227 4266 2322 4320 erit
2363 4275 2412 4319 et
2441 4265 2750 4336 generationi
2789 4265 2906 4320 huic
2946 4266 3175 4336 pessima:
3213 4263 3426 4337 (Matth.

1843 4372 1943 4422 xu,
1975 4354 2192 4426 58-45).
2228 4356 2353 4410 limo
2377 4356 2536 4410 etiam
2553 4355 2724 4410 Lucas
2748 4364 2928 4409 narrat
2949 4369 3018 4410 eo
3046 4355 3260 4425 quidem
3287 4355 3424 4420 loco,

1844 4446 1942 4503 sed
1961 4447 2232 4518 aliquanto
2259 4446 2456 4515 dispari
2485 4445 2680 4501 ordine
2710 4445 2868 4517 (Luc.
2903 4460 2958 4499 ιι
2977 4484 2994 4509 ,
3041 4445 3254 4517 16-57).
3298 4445 3428 4502 Nam

1845 4538 1975 4595 illud
2001 4537 2144 4609 quod
2173 4537 2433 4606 petierunt
2452 4537 2659 4607 signum
2687 4552 2718 4590 a
2749 4535 2972 4591 Domino
2988 4536 3058 4592 de
3084 4538 3243 4606 crelo,
3271 4551 3432 4608 supra

1849 4630 2287 4687 commemoravit
2334 4638 2453 4699 post
2495 4629 2622 4684 illud
2671 4629 2740 4685 de
2767 4639 2914 4684 muto
2951 4629 3266 4686 miraculum
3317 4649 3331 4687 :
3380 4640 3433 4701 et

1851 4737 1957 4778 non
1987 4722 2058 4777 ibi
2078 4721 2278 4788 retulit,
2300 4720 2428 4792 quid
2447 4721 2528 4776 eis
2555 4719 2624 4776 ad
2653 4720 2757 4776 hoc
2774 4721 3028 4778 Dominus
3051 4723 3432 4793 respbndisset;

1852 4812 1946 4869 sed
1977 4822 2158 4884 postea
2180 4827 2300 4867 cum
2331 4812 2498 4867 turbae
2527 4813 2956 4878 concurrissent,
2981 4813 3111 4869 dicit
3134 4813 3237 4870 hoc
3271 4814 3434 4871 fuisse

1852 4920 2168 4976 responsum
2196 4905 2295 4970 eis,
2324 4920 2462 4975 quos
2487 4904 2579 4961 dat
2621 4904 2840 4976 intelligi
2869 4905 3116 4976 superius
3144 4917 3174 4960 ει
3201 4915 3261 4961 se
3285 4921 3436 4963 com-

1855 5005 2200 5064 memoratos,
2229 4997 2368 5067 quod
2389 4997 2458 5053 de
2483 4998 2624 5054 caelo
2649 4997 2854 5068 signum
2881 4998 3188 5068 qumrebant
3214 5015 3227 5052 :
3255 5006 3311 5055 et
3337 4999 3437 5056 hoc

1856 5091 2090 5147 annectit
2116 5101 2459 5162 posteaquam
2475 5091 2792 5161 interposuit
2816 5091 2886 5148 de
2910 5092 3134 5148 muliere
3160 5103 3280 5164 quae
3304 5094 3439 5150 dixit

1861 5183 2118 5249 Domino,
2161 5182 2346 5238 Beatus
2371 5191 2538 5238 uenter
2578 5185 2661 5250 qui
2699 5193 2747 5238 te
2782 5184 3018 5253 portavit.
3072 5181 3220 5239 Hanc
3261 5196 3438 5242 autem

1861 5275 2136 5331 mulierem
2169 5275 2490 5344 interponit,
2521 5289 2641 5328 cum
2677 5273 2748 5329 de
2783 5277 3032 5330 aermnae
3060 5275 3267 5330 Domini
3294 5290 3441 5332 com~

1863 5376 2246 5432 memorasset,
2314 5365 2454 5436 quod
2504 5364 2721 5436 spiritus
2784 5365 3086 5422 immundus
3145 5367 3329 5424 exiens
3377 5371 3444 5425 ab

1863 5457 2080 5513 homine
2102 5498 2117 5524 ,
2146 5456 2318 5523 redit,
2348 5463 2404 5511 et
2431 5454 2630 5510 invenit
2672 5454 2978 5510 mandatam
3017 5455 3256 5512 domum.
3317 5456 3444 5516 Post

1866 5551 2147 5606 mulierem
2177 5561 2304 5618 ergo
2332 5546 2511 5614 illam,
2550 5561 2670 5601 cum
2710 5547 2913 5603 diceret
2961 5561 3276 5618 responsum
3324 5565 3445 5607 esse

1859 5641 2038 5731 turbis
2065 5639 2133 5696 de
2160 5640 2313 5731 signo
2332 5637 2474 5710 quod
2493 5639 2562 5695 de
2597 5639 2734 5695 ca'lo
2758 5638 3066 5710 quaerebant
3088 5681 3102 5707 ,
3135 5640 3446 5714 interposita

1870 5731 2219 5790 similitudine
2244 5729 2395 5788 lous:
2419 5731 2693 5804 prophetat
2711 5773 2727 5802 ,
2749 5732 2942 5790 deitide
2975 5733 3288 5792 continuato
3333 5751 3447 5794 ser-

1875 5839 2033 5887 mone
2058 5824 2228 5896 ipsius
2254 5824 2484 5898 Domini,
2511 5833 2896 5889 commemorat
2931 5825 3132 5889 dictum
3170 5828 3238 5890 de
3266 5831 3447 5901 regina
