3878 6312
620 297 759 355 1119

610 607 795 650 eorum
819 612 938 668 quae
978 600 1079 657 hoc
1104 604 1220 661 loco
1260 607 1348 665 ille
1388 615 1639 671 narravit.
1680 619 1809 687 Quis
1858 600 2034 681 autem
2080 646 2185 686 non

615 685 791 741 videat
840 690 1110 759 superﬂuo
1155 700 1356 767 quairi,
1409 718 1516 773 quo
1563 706 1650 761 illa
1692 685 1878 769 ordine
1931 685 2183 777 Dominus

607 776 839 845 dixerit;
866 796 987 837 cum
1011 793 1067 840 et
1090 786 1191 843 hoc
1222 789 1429 849 discere
1469 795 1757 856 debeamus
1804 820 1898 875 per
1939 809 2181 884 Evange-

606 866 846 925 listarum
887 875 1379 938 excellentissimam
1426 866 1823 962 auctoritatem,
1886 914 1992 955 non
2059 866 2181 961 esse

604 961 937 1019 mendacium
960 1006 977 1031 ,
1008 968 1054 1023 si
1081 971 1358 1042 quisquam
1384 991 1489 1033 non
1532 980 1635 1037 hoc
1659 985 1846 1043 ordine
1864 992 2177 1065 cujusquam

562 1072 579 1085 ε
598 1066 899 1112 sermonem
923 1058 1233 1132 digesserit,
1259 1082 1367 1137 quo
1393 1069 1481 1126 ille
1508 1087 1539 1126 a
1575 1090 1681 1145 quo
1724 1058 2017 1152 processit,
2034 1058 2175 1146 -cum

599 1144 764 1213 ipsius
783 1148 987 1207 ordinis
1012 1152 1139 1209 nihil
1171 1156 1378 1215 intersit
1404 1162 1470 1217 ad
1511 1144 1622 1221 rem
1642 1209 1658 1235 ,
1689 1144 1802 1227 sive
1828 1173 1898 1228 ita
1918 1216 1934 1240 ,
1962 1144 2078 1235 sive
2100 1181 2170 1236 ita

593 1237 705 1291 sit?
733 1237 800 1292 Et
837 1240 1008 1297 adhuc
1035 1244 1203 1302 Lucas
1229 1251 1617 1319 productiorem
1645 1258 1784 1317 hunc
1814 1237 2021 1322 Domini
2051 1285 2170 1326 ser-

578 1789 847 1849 gestarum
874 1792 1126 1857 servarit,
1157 1794 1411 1852 incertum
1439 1810 1541 1857 est.
1574 1803 1649 1859 Ita
1679 1810 1820 1864 enim
1851 1818 2149 1873 connectit:

576 1868 645 1922 Et
672 1888 785 1926 cum
822 1874 1116 1947 loqueretur,
1149 1887 1342 1954 rogavit
1368 1905 1482 1944 eum
1527 1896 1731 1963 quidam
1768 1868 2150 1963 thisteu'snut

575 1963 847 2029 pranderet
870 1969 1007 2037 apud
1030 1987 1100 2025 se.
1122 1972 1241 2029 Non
1269 1986 1443 2034 autem
1481 1983 1594 2050 ait,
1625 1985 1756 2043 Cum
1804 1990 1919 2048 hare
1961 1995 2147 2067 loque-

573 2060 750 2118 retur;
778 2056 892 2122 sed,
920 2074 1033 2113 cum
1056 2062 1354 2131 loqueretur.
1380 2068 1511 2125 Nam
1538 2074 1582 2128 si
1608 2075 1843 2144 dixisset,
1868 2082 1998 2137 Cum
2031 2056 2145 2144 haec

568 2142 899 2215 loqueretur,
925 2157 1226 2211 necessario
1252 2171 1466 2229 cogeret
1494 2164 1787 2238 intelligere
1829 2142 1933 2229 hoc
1957 2177 2143 2234 ordine

578 2249 684 2291 non
712 2244 915 2294 tantum
939 2257 971 2297 a
994 2259 1053 2299 se
1077 2244 1242 2303 fuisse
1269 2260 1477 2307 narrata
1503 2295 1519 2320 ,
1557 2271 1739 2313 verum
1771 2271 1825 2317 et
1860 2278 1891 2318 a
1916 2264 2140 2324 Domino

563 2337 731 2394 gesta.

563 2413 787 2473 CAPUT
810 2418 922 2480 XL.
943 2452 1014 2465 —
1051 2424 1149 2481 Ubi
1179 2428 1226 2482 ei
1260 2433 1491 2487 nuntiata
1541 2446 1614 2492 est
1653 2451 1812 2496 mater
1856 2454 1904 2498 et
1949 2450 2133 2517 fratres

629 2509 758 2597 ejus,
807 2520 975 2568 utrum
1017 2533 1049 2570 a
1091 2516 1269 2575 Marco
1310 2531 1356 2577 et
1398 2523 1538 2580 Luca
1584 2530 1708 2585 ordo
1746 2534 1852 2603 ipse
1888 2509 1988 2590 non
2027 2540 2131 2594 dis-

632 2580 818 2672 δίεμαι.

628 2690 718 2747 87.
748 2693 1003 2766 Sequitur
1021 2714 1150 2771 ergo
1185 2702 1493 2775 Mattbwus,
1535 2720 1591 2765 et
1626 2711 1753 2769 dicit
1791 2730 1806 2769 :
1850 2718 2029 2774 Adhuc
2072 2738 2128 2777 eo

553 2780 781 2851 loquente
806 2787 875 2840 ad
916 2789 1116 2857 turbas,
1142 2809 1256 2846 ecce
1290 2805 1445 2851 mater
1487 2801 1593 2869 ejus
1621 2811 1669 2855 et
1710 2807 1889 2874 fratres
1928 2812 2129 2869 stabant

554 2875 700 2943 faris,
721 2889 998 2946 quarentes
1026 2882 1162 2952 loqui
1186 2886 1252 2948 ei,
1278 2897 1407 2952 etc.,
1436 2904 1602 2960 usque
1631 2893 1698 2948 ad
1724 2896 1849 2952 illud
1878 2900 1965 2956 ubi
2011 2904 2120 2972 ait,

561 2963 868 3038 Quicumque
886 2972 1018 3024 enim
1056 2973 1224 3042 fecerit
1257 2978 1560 3034 voluntatem
1599 2981 1772 3041 Patris
1808 2991 1905 3043 mei
1950 2978 2043 3064 qui
2070 2997 2124 3052 in

552 3056 689 3109 cadis
717 3066 809 3121 est,
835 3060 943 3129 ipse
984 3078 1121 3115 meus
1147 3065 1305 3132 frater
1330 3077 1375 3120 et
1398 3085 1540 3123 soror
1563 3081 1610 3124 et
1634 3084 1791 3129 mater
1810 3089 1879 3131 est
1907 3056 2117 3153 (ἀρετὴ.

548 3158 601 3208 ι,
656 3145 881 3219 46-50).
931 3150 1045 3205 Hoc
1107 3154 1222 3209 sine
1281 3156 1444 3213 dubio
1498 3176 1884 3234 consequenter
1915 3145 2119 3243 gestum

552 3233 847 3308 intelligere
880 3241 1156 3300 debemus.
1208 3247 1465 3307 Praemisit
1510 3233 1688 3323 enim,
1730 3274 1852 3317 cum
1906 3233 1971 3321 ad
2016 3268 2119 3326 hoc

542 3327 859 3384 narrandum
890 3335 1169 3404 transiret,
1192 3338 1369 3395 Adhuc
1411 3359 1468 3397 eo
1506 3346 1732 3416 loquente
1772 3354 1840 3406 ad
1898 3360 2068 3415 turbas
2091 3378 2111 3416 :

540 3413 667 3484 quid
692 3426 774 3472 est
793 3429 991 3488 autem,
1020 3424 1218 3491 Adhuc,
1267 3430 1368 3486 nisi
1413 3433 1540 3488 illud
1567 3413 1723 3506 quod
1766 3413 2113 3514 loquebatur"?

540 3503 656 3563 Non
675 3511 816 3566 enim
841 3514 993 3582 dixit,
1020 3516 1087 3572 Et
1106 3535 1172 3574 eo
1195 3521 1444 3593 loquente
1467 3528 1534 3583 ad
1563 3503 1761 3601 turbas,
1789 3552 1913 3594 ecce
1944 3553 2112 3600 mater

538 3598 653 3667 ejus
681 3612 735 3657 et
760 3602 979 3673 fratres;
1010 3610 1144 3677 sed,
1186 3615 1363 3670 Adhuc
1404 3635 1460 3673 eo
1500 3598 1774 3690 loquente:
1820 3646 1938 3699 quae.
1988 3598 2109 3690 cum

535 3690 681 3758 dicit,
712 3698 853 3767 cogit
879 3699 1117 3773 intelligi,
1145 3704 1262 3761 haec
1285 3708 1564 3780 loquente,
1595 3732 1715 3785 qua:
1761 3690 2004 3791 superius
2028 3727 2107 3782 in-

530 3782 760 3841 dicabat.
781 3789 908 3845 Nam
930 3803 986 3848 et
1003 3794 1208 3852 Marcus
1232 3809 1352 3869 post
1376 3803 1504 3858 illud
1530 3782 1670 3875 quod
1688 3809 1755 3865 de
1781 3782 2103 3883 bliiSphemia

532 3872 762 3942 Spiritus
785 3883 950 3936 sancti
981 3923 996 3948 ,
1027 3887 1152 3953 quid
1174 3888 1425 3948 Dominus
1466 3872 1659 3953 dixerit
1684 3872 1985 3970 retulit,-Et
2024 3925 2105 3964 ve-

528 3964 675 4021 niunt
695 4009 710 4034 ,
740 3970 927 4039 inquit,
953 3986 1111 4031 mater
1133 3981 1240 4049 ejus
1267 3991 1312 4035 et
1333 3984 1513 4052 fratres
1534 3988 1722 4057 (Marc.
1750 4010 1827 4061 ιιι,
1861 3964 2055 4071 fil-55)
2084 4020 2097 4056 :

532 4059 905 4123 praetermissis
955 4066 1289 4136 quibusdam,
1321 4075 1525 4141 quze‘in
1555 4078 1740 4135 eodem
1789 4059 1933 4142 textu
1981 4059 2097 4147 ser-

530 4147 704 4202 monis
731 4150 939 4207 Domini
956 4163 1010 4210 et
1036 4156 1310 4216 Matthmus
1336 4166 1591 4233 prolixius
1613 4170 1812 4240 Marco,
1843 4186 1896 4231 et
1923 4178 2094 4238 Lucas

522 4239 779 4309 prolixius
798 4243 1043 4303 Mattiaco
1066 4264 1375 4320 posuerunt.
1404 4258 1572 4315 Lucas
1591 4272 1767 4319 autem
1809 4284 1913 4323 non
1938 4271 2094 4343 hujus

520 4329 598 4384 rei
621 4342 784 4399 gesta
802 4335 1042 4393 ordinem
1073 4344 1270 4406 tenuit,
1301 4347 1392 4401 sed
1421 4357 1809 4424 praeoccupavit
1862 4329 2094 4429 boc,'et

516 4422 849 4480 recordatum
887 4439 1011 4486 ante
1035 4437 1287 4491 narravit.
1322 4439 1554 4511 Denique
1583 4446 1683 4501 hoc
1730 4449 1806 4505 sic
1855 4452 2090 4525 interpon

513 4512 641 4577 suit,
673 4526 729 4569 ut
749 4519 979 4575 solutum
1017 4538 1265 4595 appareat
1305 4545 1335 4583 a
1375 4547 1513 4588 nexu
1549 4545 1603 4591 et
1654 4512 2006 4610 superiorum.
2033 4558 2089 4603 et

515 4609 887 4671 posteriorum.
922 4612 1047 4668 Post
1074 4631 1516 4680 commemoratas
1540 4628 1681 4683 enim
1711 4635 1963 4700 quasdam
1996 4654 2085 4708 pa-

512 4695 722 4752 rabolas
744 4699 985 4771 Domini,
1013 4707 1082 4761 ita
1107 4708 1208 4764 boc
1231 4711 1299 4767 de
1324 4724 1491 4771 matre
1510 4725 1564 4772 et
1585 4695 1831 4779 fratri-bus
1851 4726 1966 4796 ejus
1996 4695 2085 4784 re.

513 4787 786 4845 cordatum
813 4792 1126 4864 interposuit
1155 4818 1168 4854 :
1204 4800 1455 4859 Venerunt
1482 4818 1647 4863 autem
1685 4813 1755 4865 ad
1791 4787 1936 4869 illum
1956 4859 1970 4882 ,
2002 4820 2083 4873 in-

508 4881 641 4949 quit,
661 4892 817 4937 mater
845 4895 889 4938 et
912 4885 1094 4954 fratres
1110 4891 1219 4961 ejus
1240 4909 1259 4946 :
1281 4902 1326 4946 et
1352 4911 1451 4948 non
1474 4908 1699 4964 poterant
1723 4904 1792 4955 ad
1806 4920 1917 4959 eum
1939 4910 2079 4964 adire

510 4984 619 5038 pra:
664 4973 808 5025 turba
850 4991 871 5028 :
908 4990 1013 5031 non
1039 4983 1539 5053 expressitquando
1562 4989 1629 5043 ad
1666 5006 1785 5047 eum
1815 5000 2072 5055 venerint.

510 5061 713 5119 Rursus
740 5081 860 5121 cum
890 5077 944 5122 et
973 5067 1096 5126 hinc
1126 5074 1313 5128 transit
1333 5116 1349 5137 ,
1382 5076 1448 5130 ita
1477 5078 1739 5147 loquitur:
1770 5083 1982 5142 Factum
2002 5101 2077 5145 est

502 5164 689 5223 autem,
720 5155 914 5228 inquit,
945 5160 998 5214 in
1018 5177 1119 5215 una
1138 5162 1363 5232 dierum,
1394 5176 1442 5220 et
1476 5167 1584 5238 ipse
1601 5174 1821 5228 ascendit
1855 5178 1906 5230 in
1935 5182 2075 5235 navi-

499 5247 695 5310 culam,
726 5259 772 5302 et
794 5250 1031 5321 discipuli
1077 5256 1187 5321 eius
1240 5257 1401 5329 (Luc.
1449 5276 1573 5328 vut,
1625 5264 1830 5337 19-22).
1885 5270 1950 5325 Et
1989 5273 2074 5330 hic

501 5338 683 5408 utique
710 5355 829 5396 cum
851 5343 998 5410 dicit,
1023 5344 1240 5401 Factum
1255 5360 1324 5405 est
1342 5352 1395 5406 in
1424 5370 1526 5407 una
1549 5355 1741 5411 dierum
1759 5402 1773 5424 ,
1821 5363 1948 5416 satis
1988 5366 2071 5419 in-

499 5429 658 5491 diCat,
685 5448 790 5487 non
820 5450 1039 5493 necesse
1079 5454 1199 5497 esse
1235 5452 1289 5496 ut
1335 5444 1448 5500 haec
1491 5446 1606 5502 dies
1648 5450 1967 5523 intelligatur
2018 5459 2069 5514 in

500 5536 600 5591 qua
632 5521 732 5577 hoe
754 5534 958 5593 gestum
989 5538 1089 5595 est,
1125 5531 1205 5585 vel
1232 5532 1320 5588 illa
1357 5552 1473 5604 qua:
1514 5542 1767 5597 continuo
1810 5521 2065 5616 sequitur.

494 5610 634 5667 Nihil
661 5618 835 5686 itaque
870 5618 1026 5676 habet
1064 5627 1424 5693 repugnantia:
1463 5645 1583 5684 cum
1617 5636 1824 5689 czeteris
1863 5610 2069 5696 duobus

493 5703 637 5762 Quod
666 5706 939 5765 Matthazus
966 5710 1035 5770 de
1056 5722 1227 5771 matre
1260 5725 1316 5773 et
1338 5715 1587 5777 fratribus
1617 5722 1825 5783 Domini
1862 5728 2062 5801 narrat,

1419 316 1505 375 DE
1542 318 1893 385 CONSENSU
1932 328 2576 418 EVANGELISTARUM,
2615 352 2672 410 S.
2711 357 3073 422 AUGUSTINI
3672 399 3749 422 λιιι
3782 78 3798 387 i

625 412 829 479 Austri,
845 424 902 471 et
926 416 995 473 de
1026 418 1269 480 Ninivitis
1292 442 1306 480 :
1330 426 1401 484 ita
1422 431 1619 502 aliquid
1657 439 1831 506 potius
1868 455 2193 500 commemo-

628 504 764 559 ravit
790 507 929 576 quod
947 508 1224 569 Mattbseus
1253 520 1428 584 tacuit,
1457 538 1614 591 quam
1630 504 1826 599 aliquid
1855 538 2189 601 praetermisit

3672 399 3749 459 ιιιο
3795 392 3797 451 l

2303 468 2474 525 neque
2495 460 2547 515 in
2571 465 2745 523 verbis
2771 469 2999 541 Domini,
3032 495 3206 552 neque
3233 485 3287 541 in
3326 488 3437 560 ipso
3470 498 3623 559 ordine
3643 524 3746 574 rerum

2299 555 2587 612 gestarum.

2349 1111 2535 1167 sagcna
2574 1104 2727 1158 missa
2750 1108 2803 1161 in
2851 1127 3015 1181 mare,
3047 1127 3093 1170 et
3116 1120 3183 1173 de
3203 1128 3478 1196 proferente
3504 1104 3559 1188 de
3796 1154 3797 1199 ἢ

2350 1201 2476 1241 nova
2495 1199 2543 1243 et
2561 1203 2756 1259 uetera,
2786 1204 3034 1268 quomodo
3074 1205 3257 1266 Marco
3297 1225 3343 1268 et
3382 1217 3525 1275 Luca
3562 1224 3745 1287 latum

2344 1282 2635 1349 consentiat,
2663 1287 2741 1341 vel
2766 1289 2818 1342 in
2842 1291 2921 1346 his
2944 1310 3057 1364 quis
3080 1313 3201 1354 cum
3226 1302 3317 1360 illo
3334 1307 3569 1381 dixerunt,
3595 1322 3652 1372 ut

2342 1371 2549 1427 rationis
2575 1377 2767 1433 ordine.
3553 1391 3559 1399 ’

2260 1740 2424 1795 omnis
2452 1744 2600 1799 turba
2626 1749 2789 1804 stabat
2812 1752 2866 1806 in
2884 1754 3082 1824 littore;
3118 1770 3167 1815 et
3193 1763 3387 1822 locutus
3408 1779 3475 1824 at
3498 1774 3558 1826 ds
3575 1778 3734 1833 nlullan

2256 1830 2512 1897 parabolis
2535 1834 2704 1894 dicens
2726 1882 2740 1904 ,
2762 1850 2820 1929 et
2841 1855 3061 1914 caetera,
3112 1867 3283 1925 usque
3326 1859 3391 1915 ad
3419 1862 3531 1918 illud
3567 1867 3635 1921 ubi
3672 1830 3729 1937 ait,

2252 1917 2285 1971 Ι
2288 1920 2381 1975 deo
2406 1927 2567 1981 omnis
2593 1930 2755 1985 scriba
2774 1919 2949 1991 doctus
2975 1940 3028 1993 in
3052 1917 3212 2014 regno
3234 1950 3462 2007 calorum
3477 1997 3491 2021 ,

2247 2112 2293 2157 et
2314 2115 2475 2161 vetera
2504 2109 2712 2180 (Matth.
2738 2132 2850 2181 xui,
2879 2119 3057 2191 1-52).
3091 2124 3223 2183 Post
3240 2129 3366 2187 illud
3394 2137 3517 2204 quod
3536 2152 3725 2197 narratum

2245 2205 2329 2250 est
2353 2197 2418 2252 de
2448 2210 2615 2258 matre
2636 2215 2688 2258 et
2716 2205 2971 2269 fratribus
3001 2214 3213 2273 Domini
3237 2261 3252 2286 ,
3280 2222 3379 2280 hoc
3409 2197 3633 2286 continuo
3663 2248 3722 2303 ge-

2244 2300 2381 2346 stum
2408 2310 2550 2360 esse,
2581 2311 2635 2354 et
2656 2317 2776 2357 eum
2807 2307 3046 2365 ordinem
3074 2314 3376 2375 Matthazum
3391 2324 3531 2378 etiam
3568 2326 3608 2380 in
3642 2300 3722 2380 nar-

2242 2383 2407 2438 rando
2433 2389 2683 2453 tenuisse,
2701 2408 2762 2447 ea
2789 2413 2875 2451 res
2906 2400 3158 2470 insinuat,
3186 2410 3305 2477 quia
3325 2426 3437 2467 cum
3461 2415 3581 2470 illinc
3599 2426 3718 2471 trans-

2240 2472 2367 2539 iret,
2415 2477 2487 2532 ita
2537 2488 2805 2540 contexuit
2830 2497 2887 2542 ut
2908 2490 3149 2564 diceret,
3182 2472 3248 2553 ιη
3283 2502 3370 2556 illo
3403 2505 3478 2558 die
3495 2507 3630 2559 exiens
3660 2504 3718 2559 ιι.
3796 2542 3797 2581 ξ

2235 2579 2322 2618 sus
2350 2566 2413 2620 de
2436 2567 2606 2638 domo,
2633 2574 2831 2630 sedebat
2859 2596 3003 2635 secus
3021 2600 3183 2653 mare,
3213 2599 3260 2642 et
3284 2603 3564 2663 congregata
3579 2595 3717 2648 sumat

2233 2672 2347 2710 eum
2380 2660 2538 2716 turba:
2561 2666 2748 2720 multis.
2778 2668 2909 2725 Cum
2942 2675 3083 2730 enim
3125 2678 3291 2746 dicit,
3324 2660 3388 2737 In
3427 2660 3505 2739 illo
3530 2687 3596 2738 die
3633 2685 3713 2755 (nisi

2233 2746 2370 2803 forte
2410 2750 2544 2817 dies,
2591 2770 2741 2812 more
2779 2758 3213 2837 Scripturarum,
3251 2781 3446 2843 tempus
3486 2746 3710 2845 signiticet),

2231 2844 2361 2897 satis
2390 2846 2586 2903 indicat
2612 2861 2702 2906 aut
2730 2851 2831 2908 hoc
2850 2870 3243 2930 consequenter
3265 2874 3458 2936 gestum
3480 2909 3492 2931 ,
3528 2844 3600 2921 aut
3638 2884 3709 2922 non

2230 2934 2393 2988 multa
2436 2937 2695 3009 interponi
2742 2948 3008 3015 potuisse;
3053 2934 3289 3009 maxime
3330 2958 3440 3025 quia
3476 2966 3522 3011 et
3564 2957 3708 3011 Marcus

2227 3037 2347 3077 eum
2377 3027 2614 3084 ordinem
2650 3042 2792 3088 tenet
2818 3036 3006 3107 (Marc.
3040 3057 3121 3108 tv,
3158 3045 3308 3115 1-54)
3349 3065 3361 3100 :
3404 3047 3548 3101 Lucas
3578 3057 3701 3100 autem

2228 3124 2345 3182 post
2369 3116 2497 3171 illud
2534 3122 2671 3190 quod
2702 3136 2879 3180 narrat
2902 3128 2969 3182 de
2991 3141 3165 3188 matre
3193 3144 3245 3190 et
3275 3136 3502 3192 fratribus
3539 3135 3703 3197 Domini.

2224 3205 2279 3258 in
2302 3207 2443 3261 aliud
2467 3214 2670 3278 transit,
2705 3232 2801 3272 nec
2829 3234 2893 3274 eo
2917 3224 3143 3279 transitu
3164 3231 3518 3284 connexiouent
3540 3230 3703 3298 aliquam

2222 3296 2365 3364 facit,
2393 3316 2493 3370 qua
2516 3303 2637 3359 huic
2664 3309 2834 3364 ordini
2870 3327 3169 3384 repugnare
3207 3322 3432 3376 videatur
3455 3322 3472 3395 (
3488 3321 3586 3375 Luc-
3616 3335 3699 3385 VIII.

2220 3386 2334 3459 22).
2362 3390 2606 3448 Omnium
2644 3413 2771 3467 ergo
2816 3400 3006 3459 horum
3034 3422 3158 3476 quae
3195 3386 3469 3466 Matthaaus‘
3495 3412 3699 3466 Dominum

2220 3476 2454 3535 locutum
2480 3498 2601 3540 esse
2626 3491 2857 3545 narravit
2880 3533 2894 3557 ,
2917 3510 3034 3563 qua:
3063 3513 3188 3554 cum
3209 3502 3294 3556 illo
3318 3503 3536 3559 dixerunt
3556 3501 3701 3555 Marcus

3796 1176 3797 1265 ι

3796 1660 3797 1739 ι

3795 2238 3797 2341 1

3795 2348 3797 2475 ί

2218 3580 2271 3623 et
2298 3570 2486 3639 Lucas,
2519 3592 2621 3630 non
2650 3578 2846 3636 habent
2875 3593 3240 3658 repugnantia).
3266 3594 3598 3663 quwstioncm:
3620 3604 3699 3660 (Ιυίθ

2214 3671 2390 3716 autem
2420 3666 2533 3733 ipse
2559 3669 2704 3725 solus
2729 3672 2899 3739 dixit,
2946 3679 3119 3736 multo
3146 3687 3307 3755 magis
3333 3687 3436 3741 sine
3464 3696 3699 3741 controver-
3796 3760 3797 3763 η

2212 3752 2289 3804 sia
2322 3765 2444 3811 sunt
2476 3774 2490 3810 :
2538 3775 2640 3814 nec
2679 3762 2732 3816 in
2758 3763 2873 3834 ipso
2902 3769 3108 3837 ordine,
3144 3752 3374 3844 quamvis
3399 3778 3618 3846 aliquanto
3643 3772 3698 3825 di-

2210 3857 2420 3899 versum
2444 3848 2582 3903 alius
2610 3852 2771 3907 alium
2803 3864 3007 3925 teneat,
3039 3866 3232 3931 partim
3276 3878 3513 3937 gestarum
3553 3876 3693 3924 remm.
3796 3900 3797 3905 η

2210 3937 2401 4004 partim
2432 3941 2815 4002 recordationis
2837 3963 2967 4017 suae,
2994 3953 3151 4011 video
3177 3958 3299 4027 quid
3334 3959 3411 4013 vel
3435 3959 3506 4012 cui
3528 3957 3691 4026 quisque
3795 3956 3797 4027 λ

2206 4024 2534 4084 adversetur.

2206 4115 2431 4173 CAPUT
2472 4122 2631 4177 LXII.
2671 4155 2743 4165 —-
2789 4129 2938 4193 Quod
2989 4138 3122 4190 venit
3161 4139 3213 4193 in
3258 4141 3456 4210 patriam
3491 4151 3617 4197 suain,
3656 4139 3689 4184 et

2274 4209 2583 4266 mirabantur
2604 4215 2900 4285 doctrinam,
2919 4239 3033 4276 cum
3058 4243 3214 4297 genus
3238 4232 3343 4299 ejus
3366 4232 3687 4283 contemnerent:

2270 4302 2518 4368 quomodo
2579 4308 2853 4363 consentiat
2904 4312 3082 4370 Marco
3138 4328 3184 4373 et
3246 4318 3388 4372 Luca:
3441 4316 3684 4379 Manlia:qu

2269 4394 2486 4447 maxime
2532 4406 2699 4453 utrum
2742 4408 2985 4461 narrandi
3041 4412 3167 4465 ordo
3214 4412 3337 4466 nihil
3381 4412 3508 4465 alteri
3544 4406 3680 4461 adra-

2264 4494 2419 4538 setur.

2267 4576 2358 4631 89.
2387 4578 2636 4649 Sequitur
2662 4598 2791 4655 ergo
2805 4585 3080 4646 Matthaeus
3109 4611 3123 4647 :
3149 4594 3213 4647 Et
3230 4599 3404 4666 factum
3418 4601 3478 4647 est
3495 4601 3679 4644 eamcon-

2191 4680 2484 4725 summasset
2509 4671 2544 4725 J
2549 4691 2660 4728 esus
2688 4678 2956 4744 parabolas
2979 4682 3102 4737 istas
3122 4726 3136 4749 ,
3177 4686 3363 4739 transiit
3393 4684 3527 4737 inde:
3549 4689 3585 4733 ct
3619 4691 3675 4729 ve-

2190 4756 2331 4811 niens
2354 4760 2407 4812 in
2440 4764 2656 4831 patriam
2686 4783 2857 4834 suam,
2888 4771 3095 4827 docebat
3138 4793 3219 4830 eos
3260 4776 3310 4830 in
3349 4772 3582 4866 synagoga
3612 4781 3673 4866 ἦθ’

2188 4864 2303 4901 rum
2326 4852 2366 4917 ¹,
2385 4862 2511 4917 etc.,
2533 4869 2701 4925 usque
2726 4859 2791 4913 ad
2822 4861 2945 4916 illud
2977 4864 3065 4918 ubi
3090 4867 3181 4929 ait,
3211 4867 3275 4920 Et
3301 4883 3391 4919 non
3411 4864 3510 4935 fecit
3528 4860 3582 4912 ibi
3601 4856 3671 4909 vir-

2187 4947 2314 4992 tutes
2354 4944 2539 4998 multas
2586 4958 2792 5017 propter
2835 4952 3224 5010 incredulitatem
3270 4957 3455 5011 illorum
3498 4944 3669 5024 (Παίων

2188 5048 2303 5101 xui,
2334 5036 2544 5111 53-58).
2578 5044 2618 5095 A
2649 5048 2924 5114 superiore
2967 5067 3213 5111 sermone
3259 5054 3575 5126 parabolarum
3614 5044 3669 5098 sic

2187 5128 2396 5190 transit,
2431 5139 2487 5183 ut
2511 5147 2617 5186 non
2647 5138 2893 5195 ostendat
2923 5148 3290 5215 consequentis
3327 5144 3501 5200 ordinis
3527 5146 3665 5234 lieres-

2185 5219 2393 5275 sitatem
2429 5239 2441 5274 :
2477 5228 2770 5292 praesertim
2817 5233 2942 5301 quia
2969 5235 3173 5293 Marcus
3200 5239 3265 5292 ab
3302 5237 3407 5293 istis
3440 5226 3664 5305 parabolis,

2186 5324 2293 5363 non
2322 5311 2373 5365 in
2400 5315 2540 5382 quod
2573 5316 2672 5372 iste
2694 5361 2711 5385 ,
2742 5322 2835 5377 sed
2866 5324 2918 5379 in
2948 5327 3091 5383 aliud
3116 5328 3327 5383 tendens
3347 5368 3360 5391 ,
3400 5325 3446 5379 in
3484 5315 3596 5390 quod
3626 5320 3664 5365 εί

2181 5401 2353 5457 Lucas
2379 5405 2447 5457 ita
2493 5413 2762 5466 contexuit
2791 5420 3177 5485 narrationem,
3216 5428 3269 5473 ut
3302 5412 3563 5473 credibilius
3598 5416 3659 5455 05-

2180 5494 2425 5550 tendatur
2447 5497 2546 5554 hoc
2571 5515 2689 5556 eSse
2720 5505 2894 5573 potius
2913 5520 3287 5581 consequenter
3309 5514 3520 5594 gestum.
3557 5489 3658 5594 (Ιυίξά

2180 5584 2280 5655 ipsi
2310 5587 2413 5642 duo
2438 5594 2809 5650 continuanter
2841 5599 3156 5672 adjungunt,
3185 5601 3247 5657 de
3272 5598 3380 5654 navi
3421 5593 3587 5649 scilicet
3618 5585 3654 5636 in

2240 5723 2862 5798 ‘Ilss.tres,insynagoqa
2892 5731 3652 5803 eumdumime
