3878 6312
72 304 221 363 “2|

70 430 186 488 qua
218 414 535 471 dormiebat
562 414 717 473 Iesus
735 457 753 483 ,
782 424 838 473 et
855 416 923 473 de
946 416 1037 473 illo
1058 415 1313 473 miraculo
1336 416 1681 487 expulsorum

69 505 487 561 dzemoniorum
518 506 655 576 apud
685 506 986 564 Gerasenos
1015 506 1204 578 (Marc,
1251 522 1327 571 tv,
1372 509 1442 563 55
1465 524 1480 573 ;
1505 524 1559 573 v,
1590 509 1679 576 t7,

68 607 120 649 et
141 594 290 651 Luc.
327 596 678 668 vttt,22-37),
706 613 824 669 qua:
848 598 955 652 duo
988 597 1265 653 Matthteus
1297 598 1407 667 jam
1438 600 1683 669 superius

71 689 348 744 recolens
369 688 683 758 interposuit
711 688 923 760 (Matth.
950 703 1041 743 vnt
1061 731 1077 755 ,
1104 688 1323 758 23-34).
1366 688 1516 745 Nunc
1556 704 1684 761 ergo

69 794 201 849 quae
226 779 285 832 in
312 779 484 849 patria
510 794 604 832 sua
634 778 893 833 Dominus
936 777 1128 833 dixerit
1160 777 1244 833 vel
1281 778 1331 833 ei
1360 777 1501 833 dicta
1535 778 1643 834 sint
1664 820 1679 845 ,

66 869 376 925 videamus
402 878 580 925 utrum
599 883 722 924 cum
746 869 865 923 aliis
887 867 1095 923 duobus
1118 868 1293 923 Marco
1313 877 1369 923 et
1394 868 1533 923 Luca
1552 882 1683 923 con-

67 959 339 1015 cordent.
375 958 508 1014 Nam
533 958 768 1014 Joannes
792 959 949 1029 longe
979 958 1032 1012 in
1061 957 1287 1015 diversis
1316 968 1371 1015 et
1408 958 1682 1015 dissimili-

66 1048 176 1104 bus
227 1048 565 1105 narrationis
614 1064 726 1104 sua;
768 1048 899 1105 locis
942 1049 1025 1104 vel
1073 1048 1213 1104 dicta
1266 1064 1388 1105 esse
1456 1050 1683 1106 Domino

70 1141 205 1194 talia
240 1138 434 1209 (Joau.
465 1155 540 1201 vt,
568 1139 693 1211 42),
734 1139 817 1194 vel
844 1154 966 1194 eum
1009 1138 1208 1194 dixisse
1256 1148 1679 1207 commemorat,

66 1232 259 1303 qualia
298 1231 407 1287 hoc
437 1232 554 1287 loco
576 1240 683 1287 tres
702 1232 883 1286 caateri
914 1230 1293 1285 meminerunt.

146 1324 243 1379 90.
273 1324 351 1379 Et
378 1323 582 1379 Marcus
627 1323 842 1393 quidem
872 1321 1059 1377 eadem
1093 1336 1257 1391 prope
1297 1329 1682 1377 commemorat

72 1415 161 1470 hic
190 1416 389 1470 omnia
417 1432 535 1485 quae
560 1413 859 1480 Matthteus,
890 1412 989 1467 nisi
1012 1410 1154 1467 quod
1173 1411 1453 1467 Dominum
1477 1411 1680 1466 labrum

71 1518 124 1562 et
150 1507 347 1561 Mariae
379 1507 541 1561 tilium
581 1504 710 1559 dicit
740 1519 770 1557 a
808 1502 1014 1558 civibus
1062 1502 1173 1557 suis
1222 1501 1421 1557 dictum
1468 1501 1678 1574 (Marc.

72 1616 145 1665 vt,
178 1600 339 1670 1-6),
376 1612 503 1661 non,
530 1598 669 1651 sicut
691 1594 987 1660 Matthxeus,
1026 1593 1162 1649 fabri
1198 1594 1383 1649 tilium.
1425 1592 1536 1649 Nec
1576 1594 1678 1649 mi-

71 1690 316 1746 randum
340 1702 448 1755 est,
477 1704 597 1744 cum
628 1698 912 1758 utrumque
938 1685 1041 1741 dici
1070 1686 1302 1756 potuerit
1335 1700 1435 1742 :eo
1459 1686 1599 1742 enim
1624 1692 1681 1751 et

69 1782 295 1837 fabrum
344 1780 676 1846 credebant,
723 1794 831 1850 quo
873 1777 1005 1833 fabri
1044 1776 1451 1834 ﬁliumJLueas
1500 1786 1677 1833 autem

72 1875 334 1931 eamdem
365 1887 481 1929 rem
501 1881 704 1944 gestam
730 1869 1129 1937 latiusindicat,
1156 1878 1210 1943 et
1236 1868 1387 1939 plura
1416 1869 1487 1925 ibi
1531 1884 1680 1925 com-

72 1977 359 2026 memorat
385 1984 401 2031 ;
433 1981 531 2021 nec
560 1966 715 2034 longe
744 1972 863 2033 post
900 1962 1220 2032 baptismum
1246 1971 1300 2017 et
1331 1961 1678 2016 tentationem

71 2062 194 2130 ejus
222 2059 337 2113 hoc
365 2056 573 2121 inserit,
603 2055 717 2110 siue
739 2054 900 2109 dubio
926 2068 1305 2124 praeoccupans
1332 2052 1471 2123 quod
1498 2054 1679 2108 multis

70 2152 245 2207 rebus
274 2147 611 2217 interpositis
641 2154 821 2217 postea
848 2153 1057 2215 gestum
1098 2153 1181 2199 est
1221 2160 1237 2199 :
1286 2142 1427 2198 unde
1453 2143 1678 2213 quisque

70 2241 259 2313 possit
289 2240 581 2294 advertere
600 2278 614 2303 ,
646 2236 785 2307 quod
816 2236 938 2290 huic
967 2245 1072 2289 tam
1118 2250 1321 2304 magna:
1362 2233 1676 2303 quaestioni,

71 2347 241 2405 quam
275 2332 351 2386 de
376 2344 646 2386 consensu
683 2328 1141 2397 Evangelistarum
1192 2324 1525 2381 enodandam
1568 2325 1679 2379 Deo

72 2425 378 2495 adjuvaute
410 2420 775 2490 suscepimus,
822 2417 1110 2488 plurimum
1166 2417 1525 2472 necessarium
1564 2425 1675 2483 est,

72 2532 181 2571 non
234 2514 548 2570 nescientes
580 2508 778 2580 aliquid
810 2524 905 2564 eos
955 2509 1397 2580 praetermisisse,
1438 2517 1529 2563 aut
1584 2524 1678 2564 ne-

73 2608 314 2662 scientes
352 2601 801 2673 quemadmodum
828 2616 888 2656 se
914 2600 1047 2655 ordo
1071 2615 1249 2655 rerum
1278 2608 1544 2669 gestarum
1577 2600 1675 2655 ba-

74 2698 263 2764 beret,
295 2696 471 2751 alium
520 2694 698 2765 potius
739 2692 981 2747 ordinem
1014 2708 1125 2747 suze
1158 2693 1543 2748 recordationis
1593 2704 1674 2749 te-

74 2790 262 2843 nuisse
288 2805 305 2853 ;
340 2786 486 2857 quod
516 2784 638 2839 hinc
666 2782 1063 2839 evidentissime
1090 2782 1305 2853 intelligi
1336 2792 1528 2851 potest,
1555 2785 1675 2851 quia

76 2878 252 2932 Lucas
298 2884 592 2945 antequam
627 2872 825 2943 aliquid
867 2882 1107 2927 narraret
1149 2872 1429 2926 Dominum
1486 2872 1676 2929 fecisse

74 2968 483 3039 Capharnaum,
514 2965 904 3036 praeoccupavit
924 2966 1063 3018 hunc
1088 2965 1260 3019 locum
1283 3006 1298 3031 ,
1332 2981 1489 3036 quem
1534 2982 1675 3021 nunc

76 3058 514 3120 consideramus,
541 3055 632 3110 ubi
653 3055 798 3110 cives
826 3054 943 3125 ejus
968 3062 1023 3110 et
1051 3054 1341 3123 potentiam
1378 3056 1587 3111 virtutis
1620 3058 1672 3113 in

75 3162 139 3203 eo
164 3147 487 3218 stupebant,
519 3153 573 3200 et
602 3144 983 3216 ignobilitatem
1012 3146 1222 3216 generis
1241 3149 1670 3203 contemnebant.

77 3237 208 3294 Nam
242 3239 353 3293 hoc
381 3253 503 3293 eum
541 3237 668 3292 dicit
694 3237 772 3291 eis
805 3236 1037 3301 dixisse,
1070 3236 1253 3307 Utique
1288 3238 1463 3292 dicetis
1504 3239 1673 3294 mihi:

78 3330 297 3395 Medice,
330 3347 459 3384 cura
488 3329 702 3400 teipsum
730 3343 748 3381 :
772 3336 964 3398 quanta
991 3327 1274 3381 audivimus
1300 3332 1435 3399 facta
1476 3328 1529 3382 in
1568 3328 1672 3383 Ca-

78 3422 409 3491 pharnaum,
438 3420 520 3490 {ac
557 3428 601 3473 et
632 3419 711 3472 hic
744 3420 798 3472 in
841 3418 1005 3488 patria
1047 3426 1172 3483 tua;
1211 3433 1331 3473 cum
1382 3418 1671 3473 secundum

77 3512 326 3581 ejusdem
360 3508 526 3580 ipsius
552 3509 708 3564 Luca:
734 3508 1091 3563 narrationem
1118 3508 1249 3563 nihil
1271 3509 1444 3565 adhuc
1470 3510 1674 3581 legatur

79 3603 271 3661 iecisse
300 3601 697 3671 Capharnaum.
729 3598 880 3666 Quod
908 3598 1029 3669 quia
1056 3598 1269 3669 longum
1314 3615 1418 3654 non
1468 3608 1582 3666 est,
1618 3610 1673 3656 et

77 3696 399 3752 facillimum
427 3702 509 3749 est
552 3703 605 3748 et
633 3691 1085 3763 pet-necessarium
1106 3732 1121 3757 ,
1152 3701 1319 3747 totum
1350 3692 1669 3763 inserimus,

78 3787 220 3843 unde
243 3788 312 3843 ad
343 3786 449 3841 hoc
471 3783 790 3839 narrandum
814 3792 869 3838 et
894 3783 1162 3854 quomodo
1185 3784 1408 3839 venerit.
1447 3784 1671 3841 Postea-

79 3891 237 3945 quam
265 3876 592 3947 baptizatum
618 3882 674 3928 et
700 3882 954 3927 tentatum
984 3873 1265 3928 Dominum
1294 3873 1565 3939 iudicavit,
1598 3876 1671 3931 ita

81 3967 324 4036 sequitur
358 3982 373 4020 :
403 3983 421 4016 ι
454 3963 520 4019 Et
546 3972 908 4018 consummata
924 3963 1069 4018 omni
1097 3964 1405 4031 tcntatione,
1427 3965 1671 4023 diabolus

80 4058 303 4114 recessit
332 4058 403 4110 ab
442 4054 534 4110 illo
574 4069 741 4125 usque
778 4053 844 4107 ad
893 4061 1119 4124 tempus.
1164 4054 1231 4110 Et
1268 4070 1545 4126 regressus
1587 4065 1672 4113 est

83 4149 239 4206 Iesus
266 4150 323 4205 in
365 4148 563 4202 virtute
591 4144 819 4215 Spiritus
845 4144 898 4199 in
927 4143 1199 4200 Galilaeam
1231 4162 1245 4199 :
1273 4155 1328 4201 et
1368 4146 1505 4202 fama
1541 4149 1670 4204 exiit

81 4257 173 4312 per
194 4243 506 4297 universam
537 4237 807 4307 regionem
832 4235 899 4290 de
936 4236 1047 4290 illo.
1095 4237 1163 4291 Et
1202 4237 1315 4307 ipse
1343 4237 1570 4293 docebat
1615 4239 1668 4294 in

80 4334 364 4406 synagogis
393 4345 578 4389 eorum
600 4371 613 4395 ,
635 4336 689 4383 et
718 4327 1155 4397 magnilirabatur
1193 4330 1260 4384 ab
1306 4331 1572 4386 omnibus.
1600 4331 1669 4387 Et

80 4427 225 4481 venit
262 4422 568 4488 Nazaretlt,
618 4420 706 4476 ubi
744 4428 860 4473 erat
906 4420 1165 4487 nutritus,
1209 4429 1262 4476 et
1310 4422 1526 4478 intravit
1577 4438 1666 4478 se-

79 4517 313 4573 cundum
350 4511 794 4571 consuetudinem
822 4524 972 4565 suam
1000 4510 1087 4565 die
1112 4512 1317 4567 sabbati
1345 4514 1396 4568 in
1440 4530 1668 4586 synago-

79 4624 217 4679 gam,
248 4618 304 4664 et
324 4606 559 4663 surrexit
587 4604 784 4672 legere.
816 4602 882 4655 Et
906 4603 1131 4658 traditus
1156 4613 1241 4659 est
1264 4605 1337 4660 illi
1380 4605 1515 4662 liber
1543 4623 1667 4678 pro.

82 4700 251 4768 pheta:
278 4698 450 4754 Isaiae.
486 4695 552 4749 Et
577 4704 633 4748 ut
666 4692 891 4748 revolvit
910 4691 1125 4759 librum,
1148 4695 1349 4751 invenit
1375 4697 1548 4752 locum
1577 4699 1665 4755 ubi

81 4793 333 4863 scriptum
366 4797 485 4845 erat
515 4805 529 4843 :
557 4786 783 4856 Spiritus
828 4787 1034 4841 Domini
1077 4801 1238 4857 super
1270 4803 1392 4854 me;
1448 4802 1667 4861 propter

82 4884 215 4951 quod
249 4884 405 4938 unxit
430 4898 514 4937 me
540 4928 553 4948 ,
582 4882 949 4952 evangelizare
991 4880 1311 4951 pauperibus
1354 4880 1498 4934 misit
1536 4896 1623 4936 me
1644 4923 1660 4947 ,

86 4976 371 5042 przedicare
391 4975 614 5044 captivis
643 4976 1011 5031 remissionem
1032 5017 1047 5039 ,
1076 4982 1131 5029 et
1155 4974 1311 5029 cmcis
1331 4973 1529 5039 visum,
1577 4973 1662 5028 di-

83 5064 287 5121 mittere
308 5065 611 5121 conl‘ractos
640 5065 693 5120 in
715 5066 1081 5121 I'CIIIISSIOIICID
1101 5107 1115 5128 ,
1139 5065 1425 5134 prmdicare
1467 5080 1663 5120 annum

90 5155 287 5212 Domini
317 5168 598 5229 acceptum
620 5169 674 5213 et
701 5159 841 5213 diem
883 5157 1263 5213 retributionis.
1294 5156 1362 5210 Et
1401 5172 1521 5210 cum
1564 5158 1662 5227 pli-

85 5259 251 5302 cas-set
279 5251 493 5315 librum,
525 5249 755 5305 reddidit
784 5249 1046 5309 ministro.
1076 5256 1129 5302 et
1157 5246 1312 5301 sedit.
1333 5248 1399 5302 Et
1424 5250 1659 5302 omnium

88 5334 137 5388 in
180 5354 442 5411 synagoga
472 5343 609 5396 oculi
645 5351 799 5397 erant
829 5340 1162 5394 intendentes
1192 5339 1243 5392 in
1290 5354 1433 5393 eum.
1486 5337 1662 5409 Caepit

88 5438 255 5484 autem
284 5432 465 5487 dicere
500 5434 567 5487 ad
600 5433 755 5499 illos,
783 5432 915 5499 Ouia
960 5430 1117 5485 hodie
1153 5431 1363 5500 impleta
1414 5443 1495 5486 est
1544 5432 1660 5489 haec

90 5520 341 5587 scriptura
369 5523 420 5576 in
449 5524 667 5575 auribus
700 5525 910 5577 vestris.
955 5522 1019 5577 Et
1055 5537 1244 5577 omnes
1296 5523 1659 5579 testimonium

90 5607 161 5664 illi
186 5611 402 5681 dabant,
432 5622 486 5669 et
511 5613 838 5669 mirabantur
868 5616 921 5669 in
949 5615 1129 5671 verbis
1153 5615 1353 5686 gratim,
1378 5630 1496 5686 qua!
1530 5630 1657 5687 pro-

92 5701 347 5762 cedebant
371 5705 441 5763 de
463 5720 559 5765 ore
583 5705 783 5781 ipsius,
802 5714 861 5764 et
879 5705 1129 5766 dicebant
1173 5724 1188 5763 :
1238 5707 1425 5769 Nonne
1454 5712 1540 5772 hic
1576 5723 1661 5773 est

1389 302 1591 359 LIBER
1630 298 2004 360 SECUNDUS.

3219 315 3361 375 1122

1795 416 1937 474 ﬁlius
1963 417 2200 489 Ioseph?
2236 419 2300 475 Et
2338 420 2413 475 ait
2434 420 2539 477 illis
2559 462 2575 488 ,
2607 422 2800 496 Utique
2840 426 3029 483 dicetis
3057 426 3187 483 mihi
3219 428 3361 487 hanc

1792 508 2188 565 similitudinem
2232 527 2245 564 :
2282 510 2512 578 Medice,
2543 528 2669 569 cura
2711 517 2959 587 teipsum.
2984 518 3209 588 'Quanta
3258 537 3360 576 au-

1790 596 2019 654 divimus
2047 601 2182 655 l'acta
2204 601 2255 655 in
2279 601 2669 673 Capharnaum,
2700 606 2785 664 l'ac
2804 618 2858 665 et
2885 610 2972 666 hic
2997 611 3049 666 in
3070 612 3239 681 patria
3268 622 3356 668 tua

1791 686 1941 757 (Luc.
1987 706 2059 757 tv,
2110 692 2320 761 lli-23),
2365 703 2419 750 et
2464 705 2677 765 uetera,
2721 698 2894 755 donec
2934 710 3149 772 peragat
3191 710 3359 760 totum

1791 777 1963 848 ipsum
1996 782 2313 837 narrationis
2339 797 2449 839 suae
2474 785 2667 843 locum.
2712 790 2849 857 Quid
2876 806 3005 863 ergo
3043 793 3359 863 evidentius,

1789 883 1947 938 quam
1981 870 2085 927 hoc
2124 886 2247 927 eum
2277 873 2531 931 scientem
2580 893 2980 950 praeoccupasse
3015 883 3362 951 narrandum,

1791 973 1913 1015 cum
1942 963 2123 1034 utique
2148 964 2257 1033 jam
2288 981 2475 1037 magna
2503 968 2571 1024 ab
2595 969 2686 1025 illo
2728 971 2781 1025 in
2811 971 3180 1044 Capharnaum
3224 976 3361 1033 facta

1788 1049 1953 1107 fuisse
1980 1063 2033 1108 et
2054 1054 2168 1124 ipse
2197 1058 2441 1125 noverit,
2467 1068 2524 1115 et
2560 1059 2672 1129 ipse
2698 1074 3113 1133 commemoret,
3161 1083 3280 1138 quae
3304 1084 3363 1126 se

1787 1142 2021 1197 nondum
2049 1159 2293 1201 narrasse
2318 1147 2498 1218 utique
2524 1149 2667 1204 scit?
2693 1149 2876 1223 Neque
2896 1153 3039 1210 enim
3063 1163 3266 1211 tantum
3292 1158 3360 1213 ab

1788 1233 1903 1305 ejus
1924 1235 2186 1306 baptismo
2215 1253 2523 1309 progressus
2549 1250 2669 1309 est,
2700 1252 2757 1298 ut
2778 1243 2973 1300 oblitus
2996 1255 3207 1316 putetur
3227 1264 3362 1303 non-

1787 1323 1913 1379 dum
1940 1341 1999 1380 se
2022 1326 2218 1397 aliquid
2245 1343 2692 1388 commemorasse
2718 1333 2788 1389 de
2816 1334 2880 1390 iis
2902 1350 3021 1406 qua:
3045 1336 3098 1391 in
3119 1337 3361 1409 Caphar-

1787 1431 1947 1470 naum
1966 1426 2113 1488 gesta
2143 1417 2351 1475 fuerant
2383 1439 2396 1475 :
2425 1422 2584 1478 modo
2612 1424 2755 1480 enim
2819 1427 2979 1498 οωρὶι
3027 1438 3146 1498 post
3187 1430 3361 1502 bapti-

1784 1522 1957 1561 smum
1988 1509 2181 1578 aliquid
2210 1525 2429 1568 narrare
2454 1512 2522 1569 de
2551 1514 2794 1570 Domino.

1783 1592 2009 1653 CAPUT
2048 1597 2227 1653 XLIlI.
2258 1629 2331 1640 —
2358 1601 2791 1667 Quemadmodum
2830 1604 2961 1661 inter
2986 1624 3041 1663 se
3066 1611 3361 1666 conveniant

1857 1683 2129 1743 Mattheus
2148 1728 2164 1755 ,
2199 1687 2406 1745 Marcus
2431 1701 2479 1746 et
2504 1690 2668 1747 Lucas
2709 1695 2772 1750 de
2813 1696 2969 1751 verbis
3002 1696 3219 1754 Herodis
3246 1717 3360 1755 cum

1854 1777 2075 1832 audisset
2101 1779 2165 1834 de
2188 1780 2499 1837 mirabilibus
2522 1782 2761 1855 Domini,
2788 1787 2863 1841 vel
2881 1787 2945 1843 de
2967 1788 3077 1858 ipso
3112 1792 3363 1846 narratio-

1854 1867 2003 1921 tionis
2029 1869 2222 1924 ordine.

1853 1956 1943 2013 9|.
1974 1960 2224 2030 Sequitur
2249 1960 2525 2017 Mattheus
2557 1980 2570 2017 :
2600 1961 2667 2017 In
2692 1963 2783 2018 illo
2801 1974 3019 2037 tempore
3041 1968 3233 2021 audivit
3257 1967 3362 2023 He.

1782 2048 1928 2101 rodes
1951 2049 2199 2103 tetrarcha
2224 2050 2417 2119 famam
2442 2050 2594 2117 Jesu,
2621 2062 2668 2106 et
2689 2053 2761 2106 ait
2790 2056 2958 2123 pueris
2980 2056 3084 2109 suis
3110 2072 3130 2111 :
3162 2054 3260 2111 Hic
3287 2066 3362 2112 est

1781 2140 2006 2197 Joannes
2036 2142 2294 2213 Baptista;
2333 2145 2441 2215 ipse
2465 2146 2681 2199 surrexit
2706 2162 2737 2197 a
2765 2147 2972 2201 mortuis
2990 2188 3007 2215 ,
3037 2158 3083 2201 et
3118 2148 3231 2203 ideo
3258 2150 3362 2203 uir-

1783 2241 1910 2287 tutes
1925 2245 2193 2305 aperantur
2208 2236 2258 2288 in
2276 2250 2333 2289 eo
2350 2234 2559 2306 (Matth.
2584 2235 2857 2307 Χιν,1,2).
2879 2236 3083 2294 Marcus
3104 2237 3204 2295 hoc
3222 2239 3361 2298 idem

1781 2332 1837 2379 et
1863 2324 2051 2379 eodem
2093 2325 2251 2380 modo
2288 2325 2450 2393 dicit,
2477 2325 2571 2382 sed
2600 2342 2705 2382 non
2730 2326 2920 2384 eodem
2948 2328 3361 2403 ordine*(Marc.

1780 2430 1855 2480 γι,
1881 2416 2081 2485 14-16).
2104 2416 2231 2471 Nam
2254 2425 2594 2489 posteaquam
2615 2418 2903 2491 discipulos
2926 2420 3179 2477 Dominus
3197 2424 3361 2490 misit,

1780 2505 1965 2561 dicens
1986 2507 2064 2561 eis
2091 2522 2158 2562 ne
2186 2508 2311 2578 quid
2341 2508 2391 2562 in
2422 2509 2503 2563 via
2535 2509 2766 2577 ferrent,
2791 2510 2889 2565 nisi
2912 2512 3115 2583 virgam
3136 2521 3361 2581 tantum,

1782 2598 2067 2653 terminato
2092 2614 2158 2653 eo
2182 2612 2458 2667 sermone,
2485 2610 2739 2671 quantum
2766 2602 2834 2657 ab
2859 2602 2952 2657 illo
2979 2619 3361 2662 commemorato

1781 2694 1891 2741 tum
1918 2698 2033 2755 est,
2064 2689 2222 2743 etiam
2256 2688 2354 2743 hoc
2378 2690 2621 2759 subjecit,
2644 2692 2786 2746 nulla
2812 2701 2985 2749 tamen
3014 2694 3149 2751 facta
3177 2710 3361 2753 neces~

1780 2778 1954 2841 sitate,
1983 2794 2084 2847 qua
2119 2778 2217 2833 hoc
2239 2780 2397 2833 etiam
2427 2790 2815 2851 consequenter
2838 2791 3047 2854 gestum
3069 2800 3188 2841 esse
3211 2787 3360 2842 intel-

1782 2869 1941 2938 ligere
1976 2884 2290 2938 cogeremur
2318 2888 2332 2923 :
2364 2869 2500 2924 sicut
2541 2886 2641 2925 nec
2664 2871 2969 2939 Matthzeus;
3012 2872 3080 2928 In
3108 2876 3197 2930 ilio
3220 2878 3361 2935 enim

1782 2968 2005 3028 tempore
2044 2959 2211 3023 dixit,
2245 2974 2349 3014 non
2370 3000 2386 3027 ,
2418 2960 2472 3014 In
2500 2960 2594 3015 illo
2619 2960 2735 3027 die,
2762 2964 2846 3017 vel
2889 2964 3019 3019 liora
3048 2981 3062 3018 :
3093 2966 3195 3022 nisi
3221 2970 3360 3039 quod

1778 3050 1985 3107 Marcus
2005 3069 2109 3106 non
2135 3053 2274 3123 quod
2299 3053 2541 3109 Herodes
2564 3054 2787 3122 dixerit,
2816 3056 2942 3125 sedl,
2966 3057 3208 3114 Dicebant
3226 3100 3244 3127 ,
3271 3061 3359 3117 in-

1777 3144 1924 3215 quit,
1964 3145 2083 3214 quia
2113 3144 2338 3200 Joannes
2378 3143 2612 3215 Baptista
2649 3149 2865 3202 surrexit
2889 3165 2921 3202 a
2946 3151 3154 3206 mortuis
3180 3166 3201 3205 :
3232 3152 3361 3209 Mat-

1780 3233 1950 3287 thazus
1985 3248 2113 3287 vero
2150 3232 2218 3288 de
2256 3233 2370 3302 ipso
2399 3233 2638 3301 Herode,
2669 3234 2784 3301 Ait,
2813 3236 3011 3307 inquit,
3040 3241 3209 3311 pueris
3235 3244 3359 3298 suis.

1777 3321 1948 3376 Lucas
1992 3322 2151 3377 etiam
2190 3336 2313 3375 eum
2356 3322 2605 3377 narrandi
2633 3324 2904 3391 ordinem,
2930 3342 3088 3397 quem
3116 3328 3359 3400 Marcus,

1778 3420 1989 3479 tenens,
2014 3428 2113 3468 nec
2141 3412 2255 3482 ipse
2279 3427 2407 3468 sane
2432 3413 2591 3468 etiam
2622 3429 2798 3469 rerum
2821 3425 3090 3487 gestarum
3110 3422 3358 3478 eumdem

1776 3506 2015 3562 ordinem
2049 3506 2210 3560 fuisse
2232 3504 2378 3561 credi
2400 3521 2616 3576 cogens,
2640 3507 2707 3561 ita
2736 3506 2836 3565 hoc
2866 3507 3007 3563 idem
3034 3524 3359 3568 commemo-

1776 3608 1897 3654 rat:
1929 3598 2130 3652 Audiuit
2167 3607 2369 3664 autem,
2402 3597 2597 3668 inquit,
2633 3596 2856 3654 Herodes
2892 3600 3143 3655 tetrarcha
3187 3603 3358 3659 omnia

1774 3706 1886 3761 quw
1927 3689 2111 3760 ﬁebant
2145 3688 2208 3741 ab
2249 3704 2343 3755 eo,
2381 3697 2428 3742 et
2462 3688 2754 3755 hazsitabat,
2794 3707 2852 3746 eo
2887 3693 3026 3762 quod
3053 3693 3303 3750 diceretur
3325 3713 3360 3752 a

1773 3783 2073 3855 quibusdam
2095 3784 2213 3851 quia
2248 3780 2472 3837 Joannes
2498 3782 2715 3836 surrexit
2737 3799 2771 3836 a
2794 3785 3043 3851 mortuis;
3089 3803 3123 3841 a
3149 3788 3358 3856 quibus-

1774 3875 1890 3928 dam
1921 3890 2061 3939 vero,
2110 3873 2228 3945 quia
2266 3871 2411 3928 Elius
2444 3874 2711 3944 apparuit;
2757 3873 2819 3928 ab
2862 3876 2977 3929 aliis
3018 3886 3215 3944 autem,
3240 3878 3357 3948 quia

1774 3965 2016 4038 prapheta
2047 3981 2178 4019 unus
2222 3964 2285 4019 de
2328 3964 2545 4034 antiquis
2581 3965 2818 4019 surrexit.
2866 3963 2934 4019 Et
2974 3967 3045 4020 ait
3085 3965 3313 4025 Herodes
3336 3984 3357 4025 .°

1771 4058 2024 4114 Joannem
2049 4075 2139 4130 ego
2165 4058 2443 4121 decollari;
2483 4058 2595 4124 quis
2632 4066 2705 4113 est
2745 4067 2909 4111 autem
2941 4058 3032 4113 iste
3053 4058 3117 4114 de
3137 4076 3236 4130 quo
3264 4076 3356 4132 ego

1773 4152 1925 4204 audio
1954 4150 2119 4204 talia?
2144 4147 2211 4203 Et
2236 4148 2482 4219 quterebat
2510 4148 2673 4202 ridere
2696 4164 2807 4202 eum
2834 4147 2982 4221 (Luc.
3015 4165 3071 4205 ιχ
3091 4191 3107 4217 ,
3137 4150 3266 4223 7-9).
3296 4151 3355 4207 In

1774 4242 1856 4297 Itis
1879 4241 2055 4298 verbis
2076 4241 2245 4297 Lucas
2264 4255 2475 4312 quoque
2495 4239 2673 4294 Marco
2693 4247 2992 4307 attestatur,
3014 4240 3079 4296 ad
3102 4242 3203 4297 hoc
3219 4241 3357 4298 dun-

1773 4340 1915 4386 taxat
1956 4331 2097 4402 qttod
2140 4331 2228 4386 alii
2274 4330 2539 4393 dixerint,
2585 4344 2692 4385 non
2737 4329 3291 4396 Herodes,Joannem
3321 4348 3352 4389 a

1772 4424 1996 4480 mortuis
2023 4424 2337 4480 surrexisse.
2384 4422 2490 4478 Sed
2516 4422 2640 4494 quia
2665 4422 2997 4479 haesitantem
3027 4439 3328 4483 commemo

1770 4517 1907 4572 ravit
1929 4515 2216 4582 Herodem,
2237 4514 2506 4584 verbaque
2530 4514 2646 4581 ejus
2671 4513 2742 4568 ita
2774 4522 2952 4584 postea
2974 4515 3151 4586 posuit
3178 4516 3353 4574 dicem

1773 4611 1838 4665 tis
1856 4652 1872 4677 ,
1902 4608 2153 4664 Joannem
2194 4623 2285 4678 ego
2314 4606 2593 4672 decollari;
2634 4606 2745 4677 quis
2768 4614 2842 4660 est
2865 4616 3033 4661 autem
3056 4608 3147 4664 iste
3171 4609 3232 4662 de
3252 4626 3353 4680 quo

1771 4703 1925 4756 audio
1953 4718 2042 4772 ego
2070 4701 2231 4755 talia?
2271 4697 2668 4769 intelligendum
2695 4706 2777 4754 est
2796 4708 2888 4753 aut
2914 4715 3034 4755 eum
3068 4712 3185 4771 post
3210 4702 3347 4758 hanc

1771 4791 2156 4847 haesitationem
2181 4789 2523 4846 conﬁrmasse
2550 4788 2602 4843 in
2628 4789 2805 4843 animo
2829 4803 2927 4844 suo
2950 4789 3090 4859 quod
3129 4791 3196 4845 ab
3235 4792 3352 4847 aliis

1769 4884 2062 4949 dicebatur,
2092 4898 2214 4939 cum
2239 4883 2311 4935 ait
2339 4881 2516 4951 pueris
2544 4880 2674 4947 suis,
2696 4880 2832 4935 sicut
2851 4880 3129 4936 Matthaeus
3151 4891 3351 4950 narrat,

1774 4976 1835 5030 Et
1860 4975 1929 5028 ait
1959 4976 2127 5047 pueris
2150 4974 2255 5029 suis
2284 4987 2303 5028 :
2337 4970 2435 5025 Hic
2458 4981 2532 5026 est
2555 4971 2782 5027 Joannes
2802 4971 3071 5041 Baptista;
3097 4973 3203 5043 ipse
3236 4992 3353 5027 sur-

1771 5069 1900 5123 rexit
1928 5085 1961 5122 a
1990 5067 2231 5133 mortuis,
2274 5074 2324 5121 et
2358 5065 2471 5120 ideo
2514 5067 2717 5120 virtutes
2758 5074 3030 5136 operantur
3052 5066 3105 5119 in
3128 5082 3186 5120 eo
3219 5078 3351 5123 :aut

1769 5160 1838 5214 ita
1860 5157 2251 5232 pronuntianda
2272 5165 2396 5211 sunt
2416 5157 2528 5211 haec
2546 5155 2729 5220 verba,
2752 5162 2807 5208 ut
2828 5153 3155 5210 harsitantem
3177 5156 3351 5212 adhuc

1770 5234 2023 5306 indicent.
2052 5251 2106 5304 Si
2137 5248 2278 5304 enim
2306 5247 2539 5312 diceret,
2568 5243 2957 5311 Numquidnam
2980 5244 3065 5300 hic
3083 5255 3165 5300 est
3183 5286 3197 5311 ,
3224 5255 3349 5311 aut,

1768 5343 2029 5415 Numquid
2072 5342 2208 5397 forte
2256 5341 2341 5395 hic
2385 5348 2469 5395 est
2513 5337 2745 5393 Joannes
2770 5336 3059 5407 Baptista?
3084 5352 3190 5393 non
3216 5353 3352 5407 Opus

1767 5442 1909 5490 esset
1927 5432 2216 5489 admonere
2257 5429 2453 5500 aliquid
2478 5429 2547 5484 de
2579 5428 3033 5499 pronuntiatione,
3059 5444 3163 5499 qua
3191 5429 3351 5486 dubi-

1770 5535 1886 5581 tans
1912 5534 2069 5595 atque
2098 5523 2353 5578 haesitans
2380 5519 2720 5592 intelligatur.
2748 5517 2901 5575 Nunc
2922 5518 3045 5590 quia
3074 5520 3161 5576 illa
3184 5520 3347 5578 verba

1768 5619 1980 5685 desunt,
2001 5628 2227 5687 utroque
2250 5615 2408 5670 modo
2434 5612 2763 5687 pronuntiari
2790 5620 2997 5685 potest;
3026 5622 3085 5669 ut
3106 5620 3200 5670 aut
3214 5628 3349 5670 con-

1768 5711 2033 5768 ﬁrmatum
2059 5722 2183 5764 eum
2220 5720 2289 5764 ex
2320 5705 2548 5764 aliorum
2573 5704 2750 5763 verbis
2768 5745 2783 5773 ,
2810 5704 3117 5764 credentem
3144 5704 3344 5764 dixisse
