3878 6316
619 295 762 356 “23

617 413 978 484 accipiamus:
1021 414 1114 464 aut
1153 403 1358 469 adhuc,
1405 403 1544 460 sicut
1591 404 1760 460 Lucas
1804 411 2210 468 commemorat,

622 507 954 562 haesitantem
986 520 999 554 :
1033 499 1327 572 prtesertim
1356 497 1479 567 quia
1508 503 1562 551 et
1590 495 1795 551 Marcus
1815 538 1828 561 ,
1852 496 1939 567 qui
1967 496 2213 566 superius

619 599 862 663 dixerat,
889 596 956 650 ab
981 595 1100 650 aliis
1129 593 1296 648 fuisse
1320 592 1519 647 dictum
1563 591 1705 662 quod
1745 590 1980 646 Joannes
2008 605 2037 642 τι
2067 604 2213 644 mor-

623 690 726 746 tuis
769 687 1094 753 resurrexit,
1141 686 1192 739 in
1231 692 1472 738 extremo
1519 691 1694 737 tamen
1740 682 1909 753 ipsum
1949 680 2214 737 Herodem

620 781 822 836 diuisae
847 794 952 833 non
979 785 1146 844 tacet,
1195 776 1356 842 Quem
1379 790 1470 846 ego
1493 774 1738 829 decollari
1765 773 2047 839 Joannem,
2079 774 2160 828 hic
2185 791 2216 828 a

624 871 836 925 inortuis
866 868 1155 924 resurrexit.
1187 867 1317 933 Qua:
1345 867 1468 920 item
1492 865 1651 919 verba
1673 864 1880 920 duobus
1904 865 2076 920 modis
2099 880 2213 935 pro-

623 964 851 1019 nuntiari
896 971 1142 1033 possunt,
1177 968 1235 1015 ut
1268 967 1359 1014 aut
1382 957 1778 1016 conﬁrmantis.
1808 967 1895 1013 aut
1923 957 2214 1013 dubitantis

623 1056 1003 1124 intelligantur.
1023 1052 1156 1108 Cum
1183 1059 1360 1105 autem
1383 1050 1553 1105 Lucas
1575 1056 1918 1120 posteaquam
1943 1048 2044 1103 hoc
2069 1062 2216 1103 com-

625 1148 972 1211 memoravit,
1003 1146 1056 1200 lu
1083 1143 1224 1199 aliud
1256 1152 1524 1208 transeat;
1567 1141 1672 1198 duo
1694 1140 1815 1208 isti,
1859 1140 2134 1196 Mattlucus
2163 1149 2218 1197 et

623 1238 830 1294 Marcus
868 1251 934 1292 ex
981 1237 1079 1290 hac
1112 1235 1394 1290 occasione
1423 1241 1645 1288 narrant
1674 1231 2118 1304 quemadmodum
2149 1233 2218 1288 sit

623 1328 691 1381 ab
722 1326 931 1385 llerode
962 1325 1195 1380 Joannes
1221 1324 1450 1379 occisus.

620 1417 702 1472 CA
714 1419 843 1474 PU'I‘
873 1417 1056 1472 XLIV.
1085 1445 1156 1458 ο-
1184 1417 1261 1472 De
1281 1415 1482 1470 Joanne
1506 1414 1723 1484 incluso,
1751 1417 1828 1471 vel
1854 1417 2002 1472 etiam
2025 1417 2211 1482 occiso,

931 1527 1028 1580 quo
1045 1509 1222 1564 ordine
1245 1511 1307 1563 ab
1336 1509 1414 1563 his
1443 1508 1601 1563 tribus
1630 1521 1888 1563 narretur.

697 1602 786 1658 9‘2.
829 1601 1082 1671 Sequitur
1122 1615 1250 1671 ergo
1294 1599 1607 1664 Mattbzrus,
1657 1609 1711 1656 et
1757 1600 1883 1656 dicit
1927 1619 1938 1654 :
1988 1599 2215 1656 Herodes

629 1695 760 1747 enim
786 1694 940 1746 lenuit
964 1691 1217 1746 Joannem
1240 1734 1253 1758 ,
1283 1703 1326 1745 et
1354 1691 1581 1762 alligavit
1609 1708 1744 1758 eum,
1774 1703 1819 1745 et
1847 1693 2010 1761 posuit
2031 1694 2079 1746 in
2100 1709 2216 1745 car-

625 1800 782 1840 cerem
818 1793 1021 1854 propter
1081 1780 1456 1848 Herodiadem,
1489 1797 1697 1836 uxorem
1738 1782 1912 1851 fratris
1950 1781 2060 1846 sui,
2084 1791 2211 1848 etc.,

629 1890 796 1944 usque
836 1874 899 1927 ad
939 1889 1058 1928 cum
1089 1872 1264 1926 locum
1294 1871 1381 1925 ubi
1408 1873 1512 1938 ait,
1557 1871 1623 1925 Et
1661 1872 1948 1926 accedentes
1981 1872 2216 1943 discipuli

627 1967 736 2037 ejus
757 2009 770 2032 ,
794 1967 1011 2020 tulerunt
1041 1983 1224 2037 corpus
1246 1968 1286 2033 ¹,
1317 1976 1364 2020 et
1391 1964 1689 2035 sepelierunt
1715 1963 1879 2030 illud;
1902 1975 1946 2018 et
1972 1965 2217 2022 venientes

627 2061 980 2114 nuntiaverunt
1005 2057 1129 2114 Iesu
1156 2056 1367 2128 (Matth.
1401 2074 1490 2114 stv
1512 2099 1528 2124 ,
1554 2057 1736 2125 5-12).
1777 2056 1982 2112 Marcus
2011 2057 2111 2114 hoc
2140 2061 2217 2120 si-

627 2155 825 2210 militer
851 2165 1030 2210 narrat
1070 2154 1263 2224 (Marc.
1293 2169 1378 2220 vt,
1410 2153 1596 2226 17-29)
1627 2173 1640 2208 :
1673 2153 1845 2210 Lucas
1885 2162 2061 2208 autem
2110 2169 2217 2209 non

625 2244 812 2300 eodem
841 2244 1024 2300 ordine
1067 2246 1116 2300 id
1144 2245 1474 2312 recordatur,
1509 2245 1602 2301 sed
1639 2245 1778 2300 circa
1829 2246 1999 2318 ipsum
2039 2245 2217 2316 bapti-

626 2351 800 2394 smum
821 2354 927 2409 quo
941 2338 1194 2393 Dominus
1215 2337 1507 2408 baptizatus
1527 2347 1625 2393 est.
1651 2336 1802 2393 Unde
1819 2337 1918 2396 hoc
1947 2352 2220 2412 praeoccu-

623 2442 780 2498 passe
809 2428 1118 2500 intelligitur
1144 2437 1198 2485 et
1221 2430 1334 2506 ipse
1354 2445 1416 2484 ex
1446 2429 1728 2489 occasione
1752 2473 1765 2496 ,
1799 2440 1857 2486 ut
1882 2431 1954 2485 ibi
1975 2441 2218 2487 narraret

624 2518 764 2590 quod
804 2520 969 2575 multo
1017 2531 1134 2591 post
1179 2520 1373 2577 factum
1413 2530 1514 2577 est.
1557 2520 1690 2576 Cum
1722 2523 1861 2576 enim
1891 2538 2220 2578 commemo-

624 2618 795 2666 rasset
822 2609 1041 2667 Joannis
1065 2611 1221 2668 verba
1243 2611 1310 2667 de
1331 2612 1585 2681 Domino,
1610 2610 1751 2683 quod
1780 2613 2132 2668 ventilabrum
2163 2611 2216 2678 in

624 2715 784 2757 manu
814 2701 959 2773 ejus,
993 2707 1047 2758 ct
1074 2702 1348 2758 mundabit
1392 2718 1569 2758 arcam
1611 2718 1791 2769 suam,
1830 2702 2095 2762 frumenta
2124 2721 2215 2760 rc-

625 2793 818 2848 condet
867 2793 918 2847 in
971 2792 1220 2848 horreum
1267 2808 1457 2859 suum,
1504 2793 1685 2866 paleas
1723 2803 1900 2848 autem
1939 2794 2219 2852 comburet

622 2883 732 2953 igni
755 2883 1169 2955 inexstinguibili
1202 2901 1216 2940 :
1246 2884 1499 2940 continuo
1520 2884 1764 2956 subjecit,
1789 2884 1932 2957 quod
1955 2903 2059 2941 non
2082 2903 2215 2942 con-

624 2973 774 3027 tinuo
798 2974 992 3028 factum
1015 2991 1132 3029 esse
1159 2973 1389 3030 Joannes
1415 2975 1738 3046 evangelista
1763 2977 2098 3053 apertissime
2125 2994 2220 3042 ex-

626 3066 810 3135 ponit,
867 3080 987 3120 cum
1046 3076 1468 3138 commemorat,
1525 3076 1869 3142 posteaquam
1918 3071 2218 3142 baptizatus

625 3167 768 3214 esset
791 3157 977 3227 Jesus,
1006 3159 1109 3215 isse
1136 3159 1285 3216 illum
1327 3161 1381 3216 in
1420 3159 1728 3226 Galilaeam,
1757 3160 1969 3236 quando
1997 3163 2120 3219 fecit
2148 3163 2216 3222 de

623 3267 758 3324 aqua
787 3252 1000 3319 vinum;
1046 3261 1101 3308 et
1142 3251 1266 3310 inde
1296 3262 1415 3332 post
1445 3269 1733 3325 paucorum
1764 3254 1972 3311 dierum
2016 3257 2070 3311 in
2110 3257 2215 3318 Ca-

627 3343 925 3415 pltarnaum
955 3344 1357 3415 habitationem,
1382 3345 1603 3402 rediisse
1629 3345 1695 3402 ad
1723 3345 1960 3412 Judaeum
1991 3357 2208 3416 terram,

624 3443 681 3493 et
720 3436 791 3492 ibi
829 3437 1128 3510 baptizasse
1178 3437 1372 3493 multos
1411 3439 1553 3494 circa
1578 3435 1864 3504 Jordanem
1886 3479 1900 3506 ,
1929 3448 2211 3512 antequam

623 3529 818 3583 missus
847 3538 990 3583 esset
1011 3527 1245 3584 Joannes
1275 3528 1326 3586 in
1354 3544 1624 3584 carcerem
1657 3528 1834 3603 (Joan.
1863 3545 1930 3598 ιι,
1961 3531 2014 3602 1,
2042 3531 2134 3604 12,
2165 3542 2214 3588 et

624 3631 717 3682 ιιι,
745 3617 959 3690 22-24).
983 3618 1111 3688 Quis
1138 3628 1315 3676 autem
1343 3635 1447 3674 non
1477 3628 1658 3692 putet,
1689 3621 1778 3694 qui
1803 3621 1977 3678 minus
1997 3623 2017 3653 ³
2047 3622 2100 3678 in
2131 3624 2214 3681 bis

621 3707 811 3766 litteris
837 3710 1074 3767 cruditas
1103 3721 1218 3780 est,
1244 3721 1492 3784 tanquam
1522 3720 1643 3784 post
1669 3713 1762 3768 illa
1790 3713 1949 3768 verba
1984 3711 2052 3769 de
2077 3730 2207 3770 ven-

623 3801 814 3857 tilabro
843 3813 896 3857 et
920 3803 986 3858 de
1011 3819 1131 3857 area
1155 3802 1404 3857 mundata
1423 3843 1439 3872 ,
1471 3803 1721 3858 continuo
1742 3803 1864 3860 sita
1894 3803 2098 3860 Joanne
2127 3804 2211 3864 of-

623 3889 802 3946 fensus
829 3891 1086 3960 Herodes,
1109 3901 1162 3947 et
1189 3908 1309 3948 eum
1341 3893 1394 3947 in
1422 3907 1691 3949 carcerem
1714 3894 1956 3950 miserit?
1981 3893 2096 3950 Non
2117 3911 2212 3950 au-

623 3993 731 4040 tem
760 3985 860 4040 hoc
885 3983 1073 4041 ordine
1102 3986 1201 4041 ista
1231 3995 1441 4040 narrata
1485 4002 1591 4056 quo
1630 3997 1775 4059 gesta
1819 3997 1980 4064 sunt,
2007 3999 2060 4045 et
2086 3991 2211 4068 alibi

624 4077 729 4154 iam
761 4078 1126 4148 probavimus,
1159 4085 1213 4133 et
1238 4077 1339 4134 hoc
1368 4077 1484 4150 ipso
1509 4078 1626 4135 loco
1657 4096 1760 4135 non
1787 4080 2008 4156 quilibet
2035 4082 2205 4152 alius,

623 4172 718 4228 sed
741 4171 877 4228 idem
900 4170 1070 4227 Lucas
1095 4170 1195 4227 hoc
1226 4172 1411 4244 probat
1437 4171 1587 4245 (Luc.
1621 4188 1707 4242 ιιι,
1738 4173 1947 4244 15-21).
1979 4174 2034 4232 Si
2066 4175 2208 4231 enim

624 4272 742 4336 post
777 4263 935 4322 verba
964 4263 1048 4318 illa
1074 4272 1324 4319 continuo
1347 4263 1579 4319 Joannes
1619 4264 1669 4320 in
1713 4279 1983 4328 Carcerem
2014 4267 2210 4330 missus

623 4365 737 4424 cst,
768 4356 1034 4428 quomodo
1056 4365 1172 4427 post
1201 4357 1366 4428 ipsam
1393 4356 1955 4413 rouimemorationem
1985 4357 2208 4416 Joannis

625 4447 678 4500 in
725 4463 994 4502 carcerem
1043 4447 1188 4503 missi
1235 4449 1530 4520 baptizatus
1567 4460 1648 4508 est
1687 4450 1875 4519 Jesus,
1916 4454 2210 4520 secundum

625 4539 790 4610 ipsius
829 4540 986 4596 Lucae
1030 4543 1426 4596 narrationem?
1451 4543 1679 4600 Proinde
1717 4547 2051 4606 manifestum
2093 4559 2207 4618 cst,

626 4645 694 4686 ex
719 4633 992 4687 occasione
1023 4633 1352 4689 recordatum
1385 4651 1801 4708 pratoccupasse,
1825 4649 1877 4693 et
1898 4649 2018 4694 ante
2043 4641 2209 4696 multa

625 4737 744 4792 qua:
791 4725 1093 4794 priusquam
1135 4723 1323 4780 Joanni
1370 4725 1473 4794 hoc
1518 4730 1698 4795 lieret,
1731 4739 1878 4798 gesta
1903 4739 2210 4788 narraturus

627 4824 778 4883 erat,
807 4814 906 4869 hoc
944 4825 1366 4888 przeoccupatum
1409 4817 1460 4871 in
1513 4835 1606 4875 sua
1656 4822 1957 4880 narratione
2000 4825 2211 4900 praemi-

627 4908 782 4964 sisse.
811 4907 916 4962 Sed
947 4923 1045 4963 nec
1076 4906 1145 4964 illi
1173 4908 1277 4961 duo
1303 4907 1578 4974 Matthzeus
1603 4922 1654 4968 ct
1671 4912 1891 4983 ,‘Marcus
1927 4930 1991 4970 eo
2029 4931 2208 4972 rerum

627 4998 814 5053 ordine
835 4998 902 5053 de
927 4998 1128 5053 Joanne
1160 4999 1210 5054 in
1239 5015 1503 5054 carcerem
1531 5003 1693 5058 misso
1715 5004 1764 5056 in
1783 5021 1876 5060 sua
1907 5008 2209 5066 narratione

628 5099 946 5160 posuerunt,
976 5107 1079 5161 quo
1111 5089 1303 5146 factum
1331 5101 1550 5162 apparet
1576 5094 1735 5154 etiam
1772 5096 1821 5149 in
1848 5112 2031 5151 eorum
2071 5099 2207 5160 scri-

629 5181 733 5250 ptis
757 5199 768 5233 :
799 5198 918 5235 nam
957 5191 1008 5235 et
1050 5181 1149 5250 ipsi
1175 5182 1416 5249 dixerunt
1437 5222 1452 5250 ,
1483 5183 1673 5238 tradito
1699 5183 1901 5240 Joanne
1928 5188 2204 5252 Dominum

626 5272 733 5326 isse
760 5273 810 5326 iu
841 5271 1110 5350 Galileeam
1142 5269 1350 5346 (Matt/1.
1380 5289 1448 5340 tv,
1493 5271 1590 5342 12,
1630 5284 1676 5328 et
1717 5274 1882 5329 Marc.
1916 5293 1966 5348 ι⁹
2002 5277 2122 5350 14);
2154 5289 2207 5335 et

627 5374 746 5437 post
767 5364 932 5420 multa
959 5382 1076 5440 quae
1111 5367 1233 5421 fecit
1256 5363 1311 5418 in
1339 5366 1587 5435 Galliam,
1619 5368 1837 5426 veniunt
1876 5370 1943 5434 ad
1983 5370 2206 5430 lierodis

1473 5456 1500 5481 Ν

681 5537 858 5608 inditi,
877 5549 1049 5608 corpus
1070 5535 1191 5608 ejus.
1217 5537 1379 5600 Abest.
1405 5536 1528 5608 ejus,
1551 5550 1580 5589 a
1602 5545 1707 5608 Mss.
1721 5547 1787 5608 _et
1802 5553 1830 5591 a
1847 5554 2024 5606 gmw.

656 5601 704 5644 ’ρ
720 5600 862 5659 auiti,
889 5599 982 5650 nisi
997 5599 1266 5663 ardeatinus,
1311 5610 1410 5651 etc.
1599 5639 1611 5661 ,
1638 5601 1749 5663 nisi,
1767 5617 1797 5653 ιι
1819 5599 1924 5656 Mss.
1945 5614 2004 5657 ut
2024 5608 2086 5659 sit
2101 5607 2202 5660 iste

617 5663 962 5785 ἒῇεἶξιίθῖωε
985 5669 1174 5730 auum,
1198 5664 1239 5714 si
1282 5663 1443 5724 mitius
1464 5664 1514 5718 in
1546 5664 1625 5726 his
1644 5665 1822 5726 Interit»
2091 5681 2195 5736 est,

1401 284 1488 343 DE
1525 278 1876 344 CONSENSU
1917 278 2570 350 EVANGELISTARUM,
2611 282 2668 338 S.
2709 276 3075 342 AUGUSTINI

3691 294 3761 357 liii
3784 294 3785 346 ἲ

2311 397 2729 456 admonitionem
2748 401 2830 456 vel
2850 398 3244 455 haesitationem
3265 441 3282 468 ,
3305 399 3443 470 quod
3467 398 3765 477 Joannesqm

2303 489 2622 560 decollavit,
2649 507 2680 546 a
2706 492 2929 547 mortuis
2958 493 3253 548 resurrexit
3283 491 3488 563 (Matth.
3520 511 3615 564 xiv,
3638 500 3670 564 l,
3689 501 3725 566 2,
3744 517 3765 557 tl

2307 581 2473 637 Mare.
2503 599 2555 638 vr
2577 624 2591 649 ,
2628 582 2846 664 14-16);
2875 593 2929 640 et
2949 599 3015 640 ex
3045 584 3147 641 bac
3170 585 3449 642 occasione
3479 601 3653 645 narrant
3669 598 3769 650 omnia

2305 691 2424 746 quae
2451 675 2517 730 de
2543 675 2746 732 Joanne
2770 676 3105 748 contigerunt
3133 677 3348 733 incluso
3376 687 3428 733 et
3452 680 3621 736 occiso.

2304 765 2530 825 CAPUT
2567 767 2726 824 XLV.
2756 800 2828 809 —
2856 769 2937 823 Ad
2978 769 3286 824 miraculum
3327 770 3390 824 de
3433 772 3618 842 quinque
3645 777 3769 844 parile

2363 877 2461 932 quo
2484 861 2661 917 ordine
2677 859 2740 916 ab
2760 861 3008 930 erunibus,
3032 871 3077 917 et
3094 862 3512 934 quemadmodum
3533 875 3679 919 rentum
3693 868 3741 921 sit.

2374 951 2463 1007 95.
2503 953 2754 1024 Sequitur
2783 969 2909 1028 ergo
2934 952 3217 1010 Matthaaus
3238 997 3253 1022 ,
3282 969 3401 1010 cum
3427 953 3616 1010 dixisset
3644 960 3767 1011 nuntia-

2305 1051 2417 1100 tum
2441 1061 2558 1101 esse
2583 1045 2799 1102 Christo
2819 1045 2959 1118 quod
2984 1045 3223 1104 Joannes
3250 1047 3454 1103 occisus
3473 1047 3550 1114 sit,
3577 1058 3616 1103 et
3639 1049 3686 1104 ita
3707 1065 3767 1103 nir-

2306 1135 2567 1193 rationem
2595 1139 2831 1195 contexit
2861 1156 2873 1192 :
2908 1137 3060 1203 Quod
3081 1156 3202 1193 cum
3227 1139 3478 1206 audisset,
3504 1141 3765 1215 inquit,lesss,

2305 1231 2502 1285 secessit
2525 1231 2644 1286 inde
2667 1232 2720 1286 in
2750 1231 2983 1286 navicula
3008 1232 3061 1285 in
3087 1231 3261 1286 locum
3289 1231 3525 1285 desertum
3546 1249 3717 1290 seorsum.
3739 1232 3768 1285 Et

2305 1336 2421 1374 cum
2449 1320 2703 1386 audissent
2733 1322 2891 1377 turba
2912 1367 2923 1390 ι,
2953 1332 3136 1378 secuta:
3158 1332 3278 1378 sunt
3306 1340 3416 1378 eum
3444 1323 3650 1393 pedestria
3670 1325 3710 1377 de
3731 1327 3764 1375 ci.

2305 1413 2556 1468 uitatibus.
2608 1411 2678 1469 Et
2724 1415 2894 1472 exiens
2932 1414 3055 1469 vidit
3101 1415 3308 1470 turbam
3332 1416 3555 1482 multum,
3580 1415 3766 1467 emistus

2305 1513 2377 1560 est
2404 1506 2494 1572 eis,
2519 1514 2565 1560 et
2585 1508 2774 1560 curavit
2797 1504 3066 1579 languidos
3093 1522 3272 1562 eorum
3307 1505 3505 1579 (Matth.
3527 1505 3765 1572 nv,13,ll}.

2306 1597 2420 1654 Hoc
2461 1599 2714 1654 continuo
2757 1607 2878 1672 post
2921 1599 3139 1656 Joannis
3195 1597 3489 1671 passionem
3533 1596 3766 1651 factumesse

2305 1700 2706 1754 commemorat.
2751 1687 2904 1756 Unde
2951 1699 3071 1766 post
3117 1688 3264 1756 haec,
3314 1688 3444 1744 facta
3477 1697 3584 1744 sunt
3614 1687 3678 1742 illa
3702 1703 3763 1756 qu

2307 1781 2479 1852 primo
2521 1769 2732 1838 narrata
2775 1791 2932 1850 sunt,
2983 1783 3180 1853 quibus
3225 1789 3402 1838 motus
3447 1779 3642 1836 Herodes
3672 1777 3763 1840 dixit,

2304 1871 2558 1930 Joannem
2599 1891 2689 1946 ego
2735 1873 3001 1929 decollari.
3053 1874 3151 1929 Illa
3194 1872 3338 1931 enim
3379 1872 3632 1950 posteriora
3650 1869 3762 1924 debet

2307 1965 2566 2040 intelligi,
2597 1983 2716 2039 quae
2741 1965 2806 2022 ad
2833 1965 3100 2022 Herodem
3131 1964 3356 2038 pertulit
3379 1961 3522 2030 fama,
3549 1970 3594 2018 ut
3616 1974 3763 2015 movere-

2308 2066 2411 2125 tur,
2440 2067 2494 2113 et
2520 2057 2789 2114 haesitaret
2833 2057 3074 2129 quisnam
3106 2057 3212 2114 iste
3268 2071 3386 2112 esse
3426 2063 3610 2128 posset,
3645 2051 3690 2105 de
3707 2057 3785 2120 quoi

2306 2151 2509 2208 audiret
2541 2152 2696 2219 talia,
2725 2167 2845 2206 cum
2888 2151 3150 2207 Joannem
3190 2151 3307 2222 ipse
3343 2147 3608 2204 occidisset.
3644 2143 3762 2198 Marus

2305 2255 2484 2302 autem
2512 2257 2858 2324 posteaquam
2888 2244 3194 2330 passionem
3222 2239 3435 2316 Joannis
3459 2236 3659 2304 narravit,
3680 2249 3759 2289 con-
3784 2239 3785 2298 ι

2307 2346 2566 2393 memorat
2589 2337 2878 2410 discipulos
2908 2336 3100 2398 missos
3132 2334 3360 2391 rediisse
3385 2331 3445 2386 ad
3471 2329 3645 2394 Jesum,
3667 2335 3759 2378 etre-
3784 2337 3785 2412 ἦ

2307 2429 2578 2485 nuntiasse
2619 2429 2695 2489 illi
2739 2429 2916 2484 omnia
2957 2445 3075 2510 qua:
3113 2435 3338 2519 egerant
3382 2435 3431 2480 ct
3473 2421 3759 2480 docueraulifl

2307 2521 2589 2577 Dominum
2615 2521 2693 2577 eis
2737 2521 2897 2594 (quod
2930 2508 3043 2596 ipse
3072 2508 3234 2576 solus-
3249 2513 3611 2582 commemorat)
3642 2508 3755 2562 duim

2308 2622 2365 2668 ut
2394 2613 2788 2686 requiescerent
2836 2613 3088 2688 pusillum
3133 2613 3190 2668 in
3237 2609 3468 2672 deserto,
3494 2598 3756 2694 etasceodue

2305 2718 2427 2758 cum
2470 2703 2548 2758 eis
2591 2703 2644 2758 in
2694 2719 2914 2771 navem,
2946 2711 3002 2758 et
3030 2703 3140 2758 isse
3173 2719 3186 2754 :
3220 2708 3275 2757 et
3305 2697 3473 2755 turbas
3509 2693 3591 2748 hoc
3613 2688 3756 2743 videnti

2309 2795 2633 2865 prtevenisse
2670 2809 2762 2850 cos
2804 2794 2964 2861 illuc;
3015 2809 3246 2872 quarum
3291 2791 3540 2847 miscrtum
3576 2780 3753 2839 Dominum

2306 2885 2551 2943 docuisse
2574 2887 2768 2956 multa;
2799 2896 2853 2943 et
2883 2887 3010 2941 hora
3030 2885 3144 2958 jam
3171 2883 3520 2966 progrediente
3537 2874 3678 2931 iactum
3691 2881 3754 2966 esst

2305 2987 2364 3034 ut
2391 2977 2457 3034 de
2481 2979 2717 3052 quinque
2757 2979 2983 3052 panibus
3007 2986 3060 3034 ct
3083 2963 3292 3048 duobus
3332 2974 3538 3060 piscibus
3557 2978 3690 3060 omnis
3706 2963 3750 3030 (ἰαί

2305 3069 2529 3127 aderant
2549 3079 2889 3144 pascerentur
2913 3067 3107 3142 (Marc.
3140 3086 3227 3146 τι,
3255 3057 3444 3138 ⁸5044).
3469 3059 3591 3144 Quod
3611 3057 3749 3112 miracu-

2303 3158 2412 3216 lum
2439 3175 2628 3217 onmes
2662 3171 2887 3233 quatuor
2922 3159 3279 3234 Evangelistae
3315 3150 3748 3214 commemoraverunt

2303 3251 2474 3310 Lucas
2498 3254 2657 3311 etiam
2679 3254 2766 3332 qui
2789 3254 2900 3327 jam
2927 3237 3086 3326 longe
3111 3269 3268 3330 supra
3296 3251 3359 3307 de
3381 3245 3571 3306 Joannis
3599 3236 3750 3332 passim

2302 3355 2612 3402 narraverat
2641 3330 2794 3420 (Luc.
2825 3363 2915 3416 ιιι,
2941 3345 3034 3419 20)
3057 3388 3072 3415 ,
3101 3362 3169 3403 ex
3189 3345 3453 3414 occasione
3473 3352 3559 3414 qua
3587 3330 3747 3427 diximus.

2295 3459 2444 3508 nunc
2476 3452 2822 3522 posteaquam
2848 3442 3286 3503 commemoravit
3309 3441 3438 3498 illam
3463 3428 3640 3522 Herodis
3657 3423 3749 3522 hesi-

2304 3532 2558 3598 tationem
2582 3533 2650 3589 de
2677 3507 2902 3590 bomino
2928 3535 3175 3606 quisnam
3203 3541 3361 3600 esset,
3382 3529 3469 3590 hoc
3485 3507 3749 3580 εοηιὶηυοευίν

2297 3624 2470 3696 jungit
2494 3625 2634 3697 quod
2663 3625 2874 3682 Marcus
2890 3667 2907 3694 ,
2939 3625 2991 3680 id
3012 3634 3128 3693 est,
3159 3623 3374 3685 rediisse
3391 3618 3452 3674 ad
3474 3616 3593 3672 illum
3610 3609 3748 3675 Αρθδίθ

2302 3713 2381 3770 los
2402 3757 2418 3788 ,
2450 3725 2504 3770 et
2533 3732 2778 3776 narrasse
2807 3715 2879 3772 illi
2907 3731 3256 3790 quaecumque
3298 3714 3536 3770 fecerant,
3559 3705 3747 3757 etassum'
3784 3709 3785 3734 ι

2301 3810 2404 3890 ptis
2423 3809 2502 3874 eis
2530 3809 2815 3868 secessisse
2844 3808 2896 3862 in
2924 3808 3100 3866 locum
3128 3807 3392 3865 desertum
3409 3843 3425 3870 ,
3450 3807 3578 3890 atque
3595 3803 3643 3852 60

2302 3885 2382 3960 tas
2420 3899 2632 3965 turbas,
2658 3907 2710 3954 et
2739 3899 2972 3958 locutum
2998 3914 3122 3956 esse
3149 3898 3217 3968 de
3247 3907 3403 3968 regno
3427 3888 3529 3960 Dei,
3555 3892 3596 3940 et
3615 3885 3746 3970 eost-ﬁu
3784 3923 3785 3970 ξ

2298 4009 2426 4050 cura
2453 3992 2760 4064 indigebant
2801 4005 3022 4048 sanasse
3051 4009 3066 4045 :
3096 4000 3255 4066 atque
3282 3987 3396 4046 inde
3423 3981 3554 4048 etiam
3573 3962 3746 4061 ίΡ⁵θ¹δξθ

2298 4086 2600 4145 declinante
2639 4092 3024 4140 commemorat
3046 4082 3355 4144 miraculum
3375 4077 3437 4132 de
3457 4071 3638 4146 quinqui?
3656 4069 3747 4130 9”"

2299 4178 2399 4238 bus
2428 4177 2624 4234 factum
2646 4175 2758 4250 (Id.
2787 4192 2876 4244 ix,
2909 4175 3126 4248 10-17).

2368 4269 2458 4328 9i.
2497 4269 2567 4324 At
2606 4248 2731 4323 vero
2776 4267 3035 4336 Joannes,
3082 4265 3176 4338 qui
3215 4262 3422 4326 multum
3461 4253 3518 4318 ab

2298 4359 2658 4430 Evangelistis
2683 4373 2748 4414 eo
2771 4358 2954 4426 distat,
2984 4337 3107 4430 quia
3135 4355 3297 4427 magis
3317 4354 3366 4412 in
3386 4337 3744 4422 εει-ωοιιῦωείιυίὲ

2297 4452 2555 4510 Dominus
2586 4451 2767 4508 habuit
2793 4450 3126 4526 immoratur,
3150 4462 3303 4521 quam
3341 4445 3390 4506 in
3425 4433 3551 4502 lactis
3580 4431 3742 4526 (ιυπξξ

2296 4544 2534 4606 rabiliter
2549 4543 2692 4618 fecit:
2715 4552 3063 4614 PosteaQuam
3088 4509 3497 4608 έοιιιιῐιθωοιιιιὶι
3511 4509 3742 4618 θυωΪῷ

2294 4597 2937 4700 eleuatus;
2959 4597 3330 4704 matriae.
3357 4621 3480 4697 quod
3501 4597 3741 4718 ξξωοὶυίῗξζ

2294 4730 2438 4803 gitur
2482 4730 2714 4798 factum,
2745 4745 2865 4794 cum
2907 4701 3090 4796 et‘alii
3135 4720 3459 4796 Evangelistm
3494 4699 3740 4828 diutini“;

2293 4795 2498 4888 Joanne
2524 4795 2716 4888 tradito
2736 4821 2842 4880 isse
2875 4821 2928 4880 in
2953 4819 3258 4884 Galil-mm;
3297 4795 3737 4906 posléallwf’ifﬂf

2294 4885 2734 4976 COInmemoravit
2777 4913 3011 4972 Joannes
3031 4956 3046 4984 ,
3074 4915 3129 4972 in
3160 4877 3372 4970 transitu

2294 4973 2429 5064 riam
2444 5007 2612 5064 multa
2627 5023 2744 5078 quae
2764 5005 2973 5070 locutus
2989 4973 3070 5064 est
3090 5020 3155 5061 ex
3181 4995 3436 5072 occasione
3455 4982 3566 5078 mi"?

2295 5107 2432 5156 tamn
2448 5113 2605 5170 quam
2623 5062 2824 5152 iitvcnit
2839 5067 2903 5150 ad
2919 5105 3154 5166 puteum,
3171 5062 3387 5159 contexit
3399 5062 3733 5170 narrationi.

2293 5200 2349 5246 ct
2388 5149 2508 5260 pogt
2546 5187 2680 5244 duos
2703 5187 2817 5244 dies
2845 5149 2975 5246 didit
3002 5149 3270 5252 cum'inde
3297 5175 3443 5282 esiisc

2291 5242 2504 5338 sua;
2533 5242 2751 5342 νοιέίεεεε·
2771 5279 2823 5348 ιιι
3018 5242 3266 5376 me.
3296 5267 3376 5374 ei

2291 5376 2502 5444 vinum,
2551 5383 2603 5436 ct
2641 5388 2860 5432 sanasse
2899 5373 3064 5430 lilium
3089 5337 3728 5480 regulicttjllsll‘laﬂgwég

2291 5468 2345 5572 3r
2363 5469 2419 5538 δυ
2435 5439 2645 5572 43:5?»
2676 5468 2792 5572 “35f
2812 5481 2972 5572 νεῖον
2996 5439 3704 5572 ηιπὲῖιυιοέιίηίὲἰέίῗᾜ

2291 5517 2796 5635 .‘igie'iiiis’a'iii
2823 5517 3502 5635 aiéiu'tﬁmm
3525 5517 3598 5590 sed
3618 5517 3724 5576 επεν

3635 4241 3741 4297 tribus

2359 5739 2376 5770 ι
2396 5743 2471 5788 Er.
2498 5743 2550 5788 et
2570 5740 2680 5788 Lor.
2704 5732 2885 5799 ferunt,
2907 5731 3012 5800 ipso
3033 5733 3129 5788 die.
3187 5735 3242 5781 tl.
