3878 6308
545 318 681 377 “27

542 432 738 490 debent
761 446 949 489 omnes
973 429 1191 488 veridici
1216 438 1519 487 narratores
1536 472 1553 497 ,
1594 445 1715 486 cum
1756 427 1826 485 de
1868 427 2085 485 homine
2104 470 2122 498 ,

543 526 628 580 vel
664 525 734 581 de
769 524 989 595 angelo,
1028 524 1111 580 vel
1155 523 1224 580 de
1260 524 1370 580 Deo
1413 522 1608 595 aliquid
1650 530 1898 589 narrant;
1932 522 2123 579 horum

540 617 684 673 enim
708 616 954 671 voluntas
972 614 1152 672 verbis
1174 615 1347 688 promi
1368 624 1561 687 potest,
1585 629 1652 671 ne
1672 614 1740 671 de
1766 615 1877 688 ipsa
1898 614 2045 671 inter
2063 628 2125 672 se

543 707 740 779 aliquid
764 707 1088 778 discrepent.

611 801 699 857 98.
726 798 866 857 Sane
894 800 1294 870 prmtermittere
1320 814 1425 855 non
1441 806 1651 870 oportet
1677 798 1779 856 hoc
1800 798 1918 856 loco
1939 799 2118 855 inten-

541 902 652 949 tum
676 902 730 949 et
748 893 814 948 ad
834 904 1056 959 caetera,
1082 908 1201 963 qua:
1236 892 1356 946 talia
1391 890 1527 948 forte
1554 892 1914 960 occurrerint,
1945 890 2122 948 facere

542 983 815 1050 lectorem,
841 983 962 1053 quia
990 982 1161 1038 Lucas
1187 982 1318 1037 dixit
1344 982 1745 1054 quinquagenos
1781 982 1964 1052 iussos
2000 996 2124 1039 esse

540 1073 871 1129 discumbere
887 1113 905 1140 ,
932 1071 1137 1127 Marcus
1160 1088 1288 1128 vero
1328 1082 1384 1127 et
1418 1072 1824 1143 quinquagenm
1849 1081 1905 1128 et
1931 1081 2121 1128 cente-

540 1182 657 1223 nos.
689 1166 842 1233 Quod
884 1165 972 1221 hic
1014 1164 1136 1221 ideo
1178 1181 1283 1219 non
1324 1174 1535 1233 movet,
1580 1166 1699 1239 quia
1739 1181 1875 1221 unus
1918 1176 2122 1238 partem

539 1255 703 1323 dixit,
733 1257 869 1312 alter
893 1265 1061 1313 totum
1090 1272 1104 1310 :
1133 1255 1223 1324 qui
1251 1255 1393 1311 enim
1420 1257 1581 1311 etiam
1611 1256 1679 1311 de
1700 1258 1940 1313 centenis
1978 1267 2123 1314 retu-

538 1347 631 1414 lit,
673 1346 775 1403 hoc
816 1348 997 1403 retulit
1037 1345 1178 1417 quod
1225 1345 1315 1401 ille
1361 1346 1898 1417 praetermisitznihil
1943 1349 2121 1420 itaque

536 1440 862 1495 contrarium
883 1447 984 1494 est.
1008 1436 1384 1493 Verumtamen
1414 1436 1460 1491 si
1482 1437 1621 1491 alius
1641 1436 1711 1492 de
1737 1437 2124 1509 quinquagenis

537 1538 741 1585 tantum
791 1537 1259 1594 commemoraret,
1299 1525 1435 1581 alius
1476 1534 1680 1581 tantum
1726 1526 1794 1582 de
1838 1528 2078 1583 centenis
2102 1568 2119 1595 ,

539 1622 696 1676 valde
719 1621 986 1676 videretur
1010 1634 1130 1675 esse
1156 1619 1512 1684 contrarium;
1532 1633 1635 1674 nec
1662 1619 1814 1675 facile
1841 1618 2123 1690 dignosce-

539 1724 686 1769 retur
714 1723 998 1784 utrumque
1021 1711 1220 1768 dictum
1245 1724 1397 1774 esse,
1426 1724 1592 1766 unum
1629 1720 1807 1766 autem
1834 1710 1902 1765 ab
1928 1712 2119 1779 altero,

538 1806 761 1860 alterum
788 1802 856 1858 ab
878 1804 1047 1859 altero
1073 1816 1195 1858 esse
1220 1809 1733 1856 commemoratum:
1764 1809 1818 1856 et
1846 1809 2019 1857 tamen
2042 1812 2123 1857 at-

541 1896 738 1953 tentius
763 1894 1154 1951 consideratam
1180 1892 1406 1947 inveniri
1441 1890 1689 1946 debuisse
1728 1892 1852 1962 quis
1886 1908 1991 1947 non
2037 1891 2119 1947 fa-

536 1988 744 2044 teatur?
765 1987 877 2042 Hoc
900 1985 1020 2043 ideo
1046 1985 1177 2053 dixi,
1204 1985 1324 2055 quia
1357 1983 1595 2039 existunt
1617 1997 1760 2053 saepe
1781 1983 1957 2053 aliqua
1978 1983 2123 2054 ejus-

538 2080 711 2147 modi,
738 2095 858 2150 qua:
883 2092 1069 2149 parum
1096 2073 1496 2132 intendentibus
1520 2082 1575 2129 et
1604 2081 1809 2129 temere
1833 2073 2121 2144 iudicanti-

534 2171 636 2227 bus
657 2167 921 2225 contraria
948 2165 1248 2232 videantur,
1266 2172 1321 2220 et
1346 2179 1452 2218 non
1476 2162 1603 2218 sint.

533 2258 757 2315 CAPUT
797 2256 1002 2313 XLVII.
1024 2285 1094 2296 -—
1112 2254 1260 2323 Quod
1284 2252 1555 2308 ambulauit
1579 2268 1731 2324 super
1762 2268 1921 2325 aquas
1942 2293 1958 2319 ,
1986 2268 2117 2324 quo.

604 2352 755 2405 modo
769 2351 856 2422 qui
874 2350 968 2403 hoc
987 2348 1222 2402 dixerunt
1240 2347 1369 2401 inter
1382 2362 1436 2401 se
1453 2344 1745 2400 conveniant
1764 2360 1784 2409 ;
1805 2356 1849 2401 et
1870 2344 2119 2415 quomodo

604 2444 667 2496 ab
694 2442 784 2497 illo
812 2441 924 2495 loco
946 2438 1312 2511 digrediuntur,
1343 2436 1426 2490 ubi
1450 2436 1622 2490 turbas
1645 2435 1709 2491 de
1727 2435 1945 2506 quinque
1966 2436 2117 2504 pani-

602 2534 693 2588 bus
716 2532 870 2605 pavit.

602 2625 691 2681 99.
732 2622 985 2694 Sequitur
1022 2621 1335 2688 Matthmus,
1364 2629 1420 2676 et
1442 2620 1571 2676 dicit
1597 2636 1611 2673 :
1633 2618 1701 2674 Et
1729 2621 1937 2676 dimissa
1972 2622 2118 2676 turba

531 2717 754 2773 ascendit
781 2717 832 2770 in
860 2724 1077 2770 montem
1115 2714 1256 2768 solas
1290 2729 1455 2767 orare.
1496 2710 1706 2781 Vespere
1746 2722 1915 2767 autem
1954 2713 2112 2781 facto,

529 2808 667 2862 solus
690 2816 797 2860 erat
823 2805 891 2860 ibi
911 2821 931 2859 :
951 2801 1183 2858 navicula
1205 2812 1374 2856 autem
1407 2802 1460 2855 in
1488 2801 1649 2855 medio
1671 2804 1799 2853 mari
1818 2800 2117 2872 jactabatur

530 2898 795 2969 fluctibus;
832 2906 941 2950 erat
982 2895 1109 2949 enim
1154 2892 1435 2947 contrarius
1478 2901 1673 2945 ventus.
1716 2889 1907 2955 Quarta
1948 2899 2116 2946 autem

528 2989 701 3059 vigilia
724 2988 884 3042 noctis
907 2985 1038 3039 venit
1066 2986 1131 3037 ad
1157 3000 1240 3038 eos
1267 2982 1534 3035 ambulans
1561 2998 1718 3050 supra
1754 2999 1912 3037 mare.
1946 2980 2013 3035 Et
2040 2982 2116 3036 ci-

529 3078 701 3132 dentes
726 3093 840 3131 eum
864 3092 1019 3145 supra
1043 3090 1182 3128 mare
1205 3073 1541 3126 ambulantem
1572 3073 1757 3124 turbati
1784 3083 1922 3136 sunt,
1945 3074 2116 3126 dicen-

529 3177 603 3227 tes
628 3186 647 3223 :
672 3167 803 3234 Quia
832 3168 1131 3238 phantasma
1153 3172 1264 3229 est,
1286 3172 1416 3230 διο..
1445 3177 1611 3233 usque
1647 3163 1712 3218 ad
1736 3163 1861 3218 illud
1891 3164 1979 3218 ubi
2007 3165 2113 3231 ait,

539 3259 792 3315 Venerunt
814 3268 861 3313 et
884 3257 1217 3311 adoracerunt
1237 3270 1351 3309 eum
1377 3252 1594 3308 dicentes
1617 3270 1635 3306 :
1673 3252 1795 3307 Vere
1821 3251 1988 3308 Filius
2018 3252 2114 3309 Dei

529 3367 581 3407 es
604 3349 813 3424 (Matth.
842 3364 955 3414 xlv,
984 3347 1200 3419 23-35).
1232 3345 1440 3401 Marcus
1467 3360 1681 3415 quoque
1705 3346 1805 3402 hoc
1827 3347 1967 3402 idem
1997 3356 2116 3417 post

530 3450 803 3497 narratum
840 3438 911 3495 de
948 3438 1182 3510 quinque
1226 3436 1449 3506 panibus
1496 3435 1810 3491 miraculum
1841 3436 1911 3491 ita
1937 3438 2114 3508 sequi-

530 3543 615 3589 tur
642 3550 656 3587 :
682 3529 748 3585 Et
773 3546 887 3585 cum
927 3544 1039 3583 sero
1065 3536 1227 3594 esset,
1258 3534 1367 3580 erat
1410 3525 1551 3580 navis
1590 3525 1643 3579 in
1682 3526 1846 3581 medio
1885 3527 2033 3591 mari,
2065 3537 2114 3583 et

528 3626 638 3695 ipse
650 3624 787 3679 solus
801 3622 855 3677 in
871 3632 1025 3677 terra.
1040 3618 1107 3674 Et
1126 3619 1298 3674 videns
1318 3635 1402 3673 eos
1422 3618 1706 3674 laborantes
1723 3620 1778 3674 in
1796 3620 2110 3691 remigaudo,

527 3723 635 3770 erat
654 3714 787 3769 enim
811 3720 982 3767 ventus
1012 3712 1294 3765 contrarius
1313 3711 1403 3775 eis,
1427 3718 1532 3766 etc.
1574 3709 1763 3784 (Marc.
1795 3728 1866 3777 vt,
1890 3712 2109 3784 47-54),

527 3805 793 3873 similiter,
821 3802 923 3857 nisi
961 3801 1100 3873 quod
1130 3801 1198 3857 de
1222 3801 1380 3856 Petro
1406 3816 1568 3872 super
1602 3816 1769 3872 aquas
1806 3803 2113 3861 ambulante

528 3894 661 3952 nihil
685 3894 838 3949 dixit.
882 3892 995 3948 Hoc
1020 3900 1199 3947 autem
1225 3905 1293 3946 ne
1317 3900 1529 3947 moveat
1554 3892 1962 3962 praecavendum
1989 3903 2108 3963 est,

525 3983 668 4057 quod
690 3984 896 4039 Marcus
922 3981 1054 4037 dixit
1079 3980 1149 4037 de
1168 3981 1421 4046 Domino,
1453 3996 1577 4036 cum
1617 3982 1915 4040 ambularet
1949 3999 2112 4056 super

524 4092 712 4148 aquas,
742 4084 797 4132 et
834 4074 1048 4130 volebat
1082 4071 1355 4144 praeterire
1381 4088 1493 4129 eos.
1525 4074 1805 4142 Quomodo
1830 4078 1974 4133 enim
2003 4076 2109 4134 hoc

527 4169 820 4240 intelligere
845 4175 1166 4238 potuerunt,
1199 4165 1298 4220 nisi
1320 4164 1441 4233 quia
1469 4165 1521 4220 in
1546 4165 1815 4222 diversum
1843 4168 1981 4233 ibat,
2012 4183 2108 4225 eos

524 4262 707 4318 volens
746 4269 994 4331 tanquam
1039 4257 1243 4314 alienos
1284 4258 1585 4327 praeterire,
1609 4273 1639 4312 a
1679 4259 1872 4328 quibus
1897 4259 1969 4314 ita
1998 4274 2108 4315 non

522 4353 929 4427 agnoscebatur,
952 4360 1011 4406 ut
1042 4350 1353 4421 phantasma
1384 4351 1693 4418 putaretur?
1718 4348 1869 4419 Quod
1895 4350 1960 4405 ad
1988 4366 2106 4423 my-

523 4447 708 4502 sticam
734 4443 1169 4516 significationem
1191 4439 1401 4508 referri,
1427 4441 1545 4511 quis
1561 4456 1731 4512 usque
1756 4440 1895 4498 adeo
1920 4440 2106 4499 tardus

524 4546 629 4602 est,
658 4544 718 4591 ut
741 4534 873 4591 nolit
905 4532 1218 4589 advertere?
1248 4531 1353 4587 Sed
1382 4542 1559 4588 tamen
1590 4533 1813 4588 turbatis
1839 4544 1893 4589 et
1921 4534 2101 4589 excla-

524 4627 792 4682 mantibus
817 4625 1080 4691 subvenit,
1105 4624 1308 4692 dicens,
1334 4622 1583 4694 Conﬁdite
1600 4664 1617 4691 ,
1637 4640 1728 4696 ego
1755 4643 1865 4680 sum
1892 4643 1910 4691 ;
1952 4626 2106 4683 nolite

523 4720 716 4774 timere.
754 4715 1032 4784 Quomodo
1069 4730 1199 4787 ergo
1235 4731 1332 4772 eos
1369 4717 1581 4772 volebat
1617 4719 1921 4787 praeterire,
1967 4734 2100 4790 quos

522 4817 776 4883 paventes
809 4807 879 4863 ita
924 4807 1236 4872 confirmat,
1263 4806 1363 4861 nisi
1392 4806 1515 4878 quia
1552 4808 1641 4862 illa
1686 4810 1929 4865 voluntas
1967 4826 2102 4881 prte-

510 4889 764 4975 ltereundi
788 4898 853 4953 ad
879 4895 1196 4953 eliciendum
1236 4895 1383 4952 illum
1420 4897 1708 4954 clamorem
1739 4902 1979 4967 valebat,
2013 4903 2099 4957 cui

508 4979 791 5047 subveniri
819 4988 1126 5060 oportebat!

591 5083 716 5140 100.
753 5081 987 5139 Joannes
1026 5080 1185 5135 etiam
1231 5077 1406 5134 adhuc
1452 5094 1574 5135 cum
1618 5080 1733 5135 istis
1773 5082 2098 5153 aliquantum

518 5182 849 5238 immoratur.
880 5175 1012 5232 Nam
1038 5184 1151 5247 post
1194 5182 1464 5230 narratum
1502 5174 1570 5230 de
1606 5174 1837 5246 quinque
1878 5178 2100 5246 panibus

520 5271 865 5336 miraculum,
892 5267 1007 5338 ipse
1041 5281 1253 5337 quoque
1278 5264 1379 5321 hoc
1416 5264 1483 5321 de
1519 5265 1793 5321 laborante
1822 5268 2093 5337 navicula,

518 5372 576 5419 et
598 5360 666 5417 de
688 5358 1047 5415 ambulatione
1071 5355 1279 5411 Domini
1306 5370 1468 5428 super
1490 5371 1658 5427 aquas
1682 5372 1784 5411 non
1827 5364 1994 5424 tacet,
2026 5359 2095 5414 ita

517 5462 808 5510 contexens
831 5468 845 5504 :
867 5449 1018 5505 Jesus
1042 5464 1160 5519 ergo
1187 5463 1299 5501 cum
1324 5448 1631 5519 cognovisset
1655 5449 1774 5520 quia
1801 5450 1995 5504 venturi
2018 5467 2101 5506 es-

517 5552 625 5600 sent
643 5584 658 5608 ,
686 5552 741 5597 ut
776 5548 1009 5611 raperent
1049 5555 1160 5593 eum
1177 5579 1190 5603 ,
1223 5547 1269 5591 et
1315 5542 1534 5609 facerent
1578 5556 1692 5593 eum
1734 5555 1938 5613 regem,
1966 5543 2097 5614 fugit

515 5635 699 5688 iterum
722 5633 775 5686 in
795 5642 1008 5686 montem
1032 5631 1138 5700 ipse
1161 5630 1320 5685 solus.
1352 5628 1420 5685 Ut
1448 5639 1615 5685 autem
1637 5647 1749 5687 sero
1767 5636 1958 5705 factum
1980 5644 2053 5689 est
2076 5678 2091 5704 ,

521 5728 879 5779 descenderunt
910 5719 1142 5790 discipuli
1181 5721 1289 5790 ejus
1314 5720 1382 5775 ad
1411 5737 1548 5777 mare
1571 5737 1589 5777 :
1609 5730 1656 5778 et
1682 5734 1797 5778 cum
1838 5728 2092 5785 ascendis-

1350 316 1441 374 ΒΕ
1477 314 1830 373 CONSENSU
1868 313 2518 387 EVANGELISTARUM,
2557 315 2615 375 S.
2655 314 3023 375 AUGUSTINI
3636 324 3728 385 illi

2236 442 2345 487 sent
2366 447 2540 487 narem
2553 474 2569 500 ,
2590 440 2827 487 venerunt
2854 440 2996 487 trans
3014 447 3153 487 mare
3169 431 3223 487 in
3243 429 3594 505 Capitonem.
3612 437 3663 493 Et
3681 450 3729 495 ιε’

2231 524 2396 579 neer
2429 527 2543 594 jam
2590 525 2741 594 {cette
2780 532 2958 588 erant,
2986 534 3035 579 et
3071 541 3171 579 non
3213 527 3409 581 venerat
3430 526 3493 580 ad
3515 543 3587 582 eos
3607 528 3725 587 last.

2232 618 2379 674 Mare
2388 629 2708 675 autemvento
2724 637 2908 694 magno
2920 621 3079 693 ﬂante
3090 623 3404 694 mergebat,
3416 632 3518 680 etc.
3535 622 3584 695 (1
3585 641 3727 686 eam“.

2232 710 2443 782 15—2”.
2474 710 2615 767 Nihil
2644 711 2731 768 hic
2753 713 3077 769 contrarium
3104 714 3269 769 videri
3298 722 3495 785 potest,
3524 715 3607 771 nisi
3629 718 3727 787 quod

2226 800 2502 858 Matthteus
2516 802 2749 857 dimissis
2763 803 2931 859 turbis
2944 818 3067 859 eum
3091 803 3223 860 dicit
3247 804 3536 862 ascendisse
3558 807 3603 861 in
3622 820 3728 862 mot-

2228 901 2335 949 tem
2354 934 2371 961 ,
2394 903 2452 947 ut
2490 892 2600 949 illic
2636 894 2786 950 solus
2807 902 2987 950 oraret
3010 912 3023 948 :
3049 893 3287 951 Joannes
3310 903 3478 951 autem
3494 937 3508 961 ,
3533 896 3579 951 in
3600 903 3729 954 manu

2228 982 2417 1051 fuisse,
2443 998 2565 1039 cum
2606 983 2810 1041 eisdem
2853 984 3020 1041 turbis
3047 999 3180 1055 quas
3207 984 3277 1041 de
3304 986 3522 1056 quinque
3559 987 3724 1055 panibus

2228 1076 2369 1146 pavit
2397 1076 2436 1129 ί.
2466 1074 2572 1131 Sed
2612 1091 2733 1131 cum
2755 1086 2812 1132 et
2834 1075 2948 1145 ipse
2973 1074 3208 1132 Joannes
3234 1075 3374 1132 dicat
3399 1084 3510 1147 post
3532 1077 3634 1132 illud
3654 1076 3746 1147 ιιιίσί

2227 1168 2467 1223 raculum
2496 1166 2694 1238 fugisse
2715 1182 2838 1223 eum
2864 1168 2917 1223 in
2942 1174 3179 1224 montem
3201 1207 3221 1235 ,
3250 1183 3318 1223 ne
3343 1184 3374 1223 a
3403 1168 3552 1224 turbis
3574 1178 3726 1225 tenere-

2229 1269 2335 1327 tur,
2359 1276 2478 1331 qute
2514 1275 2636 1315 eum
2677 1259 2926 1316 volebant
2965 1274 3143 1331 regem
3185 1258 3396 1324 facere;
3427 1260 3584 1329 utique
3605 1261 3725 1315 mani-

2228 1352 2419 1409 festum
2458 1360 2541 1407 est
2579 1351 2720 1424 quod
2743 1352 2812 1407 de
2838 1361 3017 1407 monte
3041 1352 3092 1406 in
3113 1351 3353 1422 planiora
3380 1351 3724 1417 descenderant,

2226 1443 2441 1515 quando
2480 1443 2552 1497 illi
2582 1457 2746 1512 panes
2767 1441 2935 1498 turbis
2964 1441 3249 1497 ministrati
3275 1450 3415 1498 sunt.
3444 1442 3501 1497 Et
3526 1442 3622 1497 ideo
3651 1458 3723 1497 non

2227 1546 2311 1593 est
2333 1536 2659 1593 contrarium
2701 1533 2843 1605 quod
2868 1534 3105 1589 ascendit
3133 1548 3320 1589 rursus
3344 1534 3394 1588 in
3423 1536 3723 1598 montem,sic-

2228 1636 2287 1683 ut
2332 1635 2389 1683 et
2416 1624 2693 1681 Matthaeus
2730 1634 2783 1679 et
2822 1623 3056 1680 Joannes
3097 1623 3321 1679 dicunt:
3351 1625 3445 1678 nisi
3482 1623 3599 1694 quod
3627 1623 3722 1677 llat-

2228 1718 2398 1773 tlneus
2443 1716 2601 1783 dicit,
2627 1716 2888 1779 ascendit;
2934 1714 3171 1771 Joannes
3215 1724 3418 1780 autem,
3456 1715 3567 1785 fugit
3592 1714 3722 1783 :quod

2225 1818 2369 1865 esset
2392 1808 2750 1868 contrarium.
2777 1806 2822 1860 si
2858 1805 3064 1876 fugiens
3093 1820 3201 1861 non
3239 1805 3550 1862 ascenderet.
3575 1804 3660 1859 Nec
3681 1806 3723 1858 il-

2227 1898 2315 1954 lnd
2342 1905 2602 1969 repugnat
2642 1896 2785 1967 quod
2811 1895 3091 1952 Mattheus
3117 1895 3293 1963 dixit,
3319 1896 3523 1951 ascendit
3554 1896 3597 1950 in
3618 1912 3720 1948 ιιιοιι-

2228 1998 2325 2043 tem
2351 1990 2487 2044 solus
2511 2004 2684 2053 orare;
2712 1986 2946 2043 Joannes
2964 1995 3146 2044 autem
3166 2029 3183 2055 ,
3211 1987 3335 2043 Cum
3361 1988 3646 2058 cognovisset,
3664 1988 3719 2041 in-

2224 2080 2372 2151 quit,
2404 2080 2521 2151 quia
2548 2081 2740 2135 venturi
2763 2089 2955 2145 essent,
2983 2087 3038 2133 ut
3064 2081 3285 2153 facerent
3313 2096 3421 2135 eum
3442 2096 3607 2150 regem,
3628 2080 3718 2148 fugit

2223 2172 2403 2226 iterum
2422 2172 2475 2225 in
2498 2180 2711 2225 montem
2737 2172 2848 2240 ipse
2867 2171 3023 2247 solus.
3050 2171 3234 2243 Neque
3251 2174 3389 2227 enim
3409 2186 3562 2228 causae
3582 2170 3714 2227 orandi

2223 2267 2487 2322 contraria
2514 2275 2598 2322 est
2638 2280 2797 2321 causa
2837 2264 3074 2336 fugiendi
3102 2281 3118 2321 :
3144 2265 3545 2337 quandoquidem
3569 2274 3613 2319 et
3633 2265 3715 2318 hinc

2225 2356 2515 2422 Dominus,
2549 2356 2934 2427 trausllgurans
2971 2355 3025 2412 in
3061 2372 3123 2414 se
3142 2372 3335 2429 corpus
3364 2357 3629 2413 humilitatis
3648 2371 3697 2410 no

2222 2458 2367 2513 strue,
2396 2458 2454 2504 ut
2488 2448 2762 2505 conforme
2793 2449 2993 2507 faceret
3028 2452 3245 2522 corpori
3273 2452 3447 2523 gloriae
3479 2466 3571 2506 suae
3604 2448 3711 2520 (ΡΙιὶ-

2223 2538 2351 2611 lipp.
2384 2555 2471 2606 Ill,
2496 2540 2611 2610 2i),
2663 2539 2712 2594 id
2763 2556 2974 2610 quoque
3011 2540 3277 2609 docebat,
3318 2542 3446 2597 banc
3476 2557 3577 2598 esse
3608 2540 3714 2594 nobis

2221 2648 2464 2702 magnam
2507 2648 2723 2688 causam
2749 2633 2967 2698 orandi,
3000 2634 3217 2703 quando
3243 2646 3323 2689 est
3360 2648 3500 2689 causa
3523 2630 3711 2702 fugiendi.

2221 2726 2330 2781 Nec
2374 2724 2501 2781 illud
2549 2726 2833 2781 adversum
2878 2735 2994 2793 est,
3022 2727 3167 2797 quod
3193 2726 3456 2781 Matthaeus
3491 2726 3608 2794 prius
3626 2737 3710 2776 eum

2220 2816 2355 2871 dixit
2399 2816 2624 2884 jthiSSO
2666 2817 2957 2885 discipulos
2978 2818 3272 2873 ascendere
3314 2817 3366 2871 in
3393 2815 3710 2879 naviculam,et

2221 2908 2523 2978 praecedere
2565 2924 2687 2964 eum
2719 2918 2865 2965 trans
2902 2909 3133 2973 fretum,
3161 2910 3330 2965 donec
3371 2907 3617 2963 dimitteret
3637 2912 3710 2957 tnr-

2221 2998 2345 3063 bas,
2373 3013 2436 3053 ac
2461 2998 2652 3054 deinde
2694 2999 2930 3054 dimissis
2958 2999 3132 3054 turbis
3158 2999 3448 3055 ascendisse
3468 2999 3515 3052 in
3537 3004 3705 3051 montem

2220 3088 2393 3143 solum
2417 3104 2606 3155 orare;
2627 3089 2859 3145 Joannes
2881 3104 3009 3143 vero
3028 3092 3177 3160 prius
3199 3105 3319 3145 eum
3344 3088 3517 3159 fugisse
3537 3097 3708 3139 comme-

2220 3188 2392 3235 morat
2421 3180 2590 3234 solum
2638 3181 2692 3234 in
2734 3189 3003 3245 montem,
3031 3195 3098 3235 ac
3147 3179 3371 3244 deinde,
3399 3176 3462 3233 Ut
3481 3185 3615 3230 ααιειιι
3630 3185 3707 3227 sat

2219 3272 2408 3342 factum
2466 3278 2567 3336 est,
2620 3270 2823 3342 inquit,
2872 3271 3238 3326 descendaunt
3279 3268 3497 3332 discipuli
3537 3266 3623 3336 ejus
3660 3260 3706 3312 ad

2218 3380 2391 3429 mare;
2413 3372 2463 3418 et
2484 3380 2596 3418 cum
2620 3364 2959 3419 ascendissent
2996 3380 3203 3430 nauem,
3235 3373 3335 3419 etc.
3364 3360 3480 3428 Quis
3500 3356 3613 3414 enim
3630 3366 3705 3408 non

2218 3456 2395 3511 videat
2418 3456 2519 3512 hoc
2545 3454 2942 3526 recapitulando
2967 3455 3231 3513 Joannem
3261 3464 3431 3526 postea
3450 3451 3613 3508 dixisse
3626 3445 3704 3501 ἷκε
3794 3444 3795 3503 ι

2219 3554 2328 3600 tum
2356 3561 2386 3600 a
2412 3547 2685 3615 discipulis
2704 3587 2719 3605 .
2754 3546 2894 3617 quod
2928 3546 3038 3616 jam
3066 3546 3226 3603 Jesus
3252 3546 3465 3618 iusserat
3490 3548 3703 3607 antequam

2217 3635 2437 3706 fugisset
2465 3638 2516 3691 in
2542 3645 2777 3691 montem
2797 3651 2813 3701 ;
2831 3638 2967 3693 sicut
2994 3637 3137 3693 solet
3156 3639 3208 3693 in
3235 3648 3464 3692 sermone
3479 3630 3536 3687 ad
3555 3622 3703 3696 aliquid

2216 3729 2637 3801 praetermissum
2683 3728 2845 3784 rediri
2889 3728 3319 3800 quodammodo?
3365 3725 3459 3784 Sed
3495 3722 3591 3795 quia
3625 3719 3705 3788 ip“

2216 3820 2452 3887 reditus,
2481 3821 2712 3875 maxime
2761 3820 2814 3874 in
2873 3819 3134 3878 brevitate
3186 3836 3249 3877 ac
3296 3826 3473 3892 puncto
3515 3805 3704 3880 tempori!

2214 3907 2417 3976 factus,
2464 3924 2569 3963 non
2612 3918 3093 3976 commemoratur;
3123 3917 3308 3981 putant
3342 3909 3606 3981 plerumque
3638 3892 3702 3966 σῐυί

2213 4001 2465 4068 audiunt,
2491 4000 2595 4058 hoc
2625 4000 2785 4057 etiam
2822 4012 3003 4073 postea
3046 4001 3244 4060 factum
3281 4017 3393 4058 esse
3426 3994 3701 4069 quodposlea

2213 4094 2425 4150 dicitur.
2452 4094 2541 4150 Sic
2577 4094 2738 4151 etiam
2767 4110 2901 4165 quos
2923 4094 3135 4151 dixerat
3165 4090 3451 4152 ascendisse
3473 4096 3646 4145 navem,
3664 4082 3701 4132 ei

2212 4186 2424 4242 venisse
2462 4195 2609 4241 trans
2655 4199 2802 4240 mare
2844 4183 2898 4240 in
2934 4183 3335 4256 Capharnaum,
3362 4181 3477 4238 dicit
3502 4166 3699 4232 adeosin

2212 4280 2346 4333 mari
2378 4278 2680 4334 laborantes
2697 4278 2908 4333 venisse
2930 4277 3214 4334 Dominum
3238 4274 3559 4334 ambulantem
3581 4272 3699 4331 super

2210 4384 2376 4440 aquas
2402 4388 2415 4424 :
2438 4368 2579 4440 quod
2607 4370 2785 4441 utique
2813 4369 2959 4439 prius
2989 4370 3041 4425 in
3068 4369 3183 4441 ipsa
3212 4366 3517 4439 navigatione
3548 4359 3694 4412 factum

2209 4468 2326 4527 est,
2359 4475 2460 4531 qua
2488 4458 2771 4515 veniebant
2796 4459 3193 4530 Capharnaum.
3662 4531 3671 4541 _

2281 4551 2405 4607 IOl.
2449 4552 2616 4607 Lucas
2642 4562 2819 4608 autem
2840 4563 2959 4623 post
2984 4561 3259 4608 narratum
3278 4549 3339 4605 de
3362 4546 3559 4618 quinque
3582 4547 3693 4606 pam-

2206 4642 2307 4699 bus
2332 4643 2642 4699 miraculum
2672 4643 2843 4714 pergit
2862 4642 2914 4698 in
2934 4642 3099 4710 aliud,
3118 4643 3255 4699 etab
3272 4638 3441 4695 ordine
3457 4635 3544 4689 isto
3564 4626 3696 4695 digna.

2207 4735 2367 4791 ditur.
2395 4734 2579 4806 Neque
2602 4734 2747 4791 enim
2789 4734 2987 4805 aliquid
3025 4735 3095 4791 de
3139 4730 3370 4790 navicula
3408 4726 3483 4782 illa
3515 4726 3693 4775 eamme.

2207 4838 2423 4897 morat,
2473 4839 2527 4885 et
2567 4828 2637 4885 de
2680 4828 2762 4885 via
2822 4828 3029 4884 Domini
3087 4842 3242 4899 super
3281 4809 3572 4894 aquansed
3602 4815 3689 4861 cum

2205 4922 2463 4979 dixisset:
2487 4921 2554 4977 Et
2579 4922 3005 4976 manducaverunt
3024 4936 3211 4988 omnes,
3240 4926 3285 4972 et
3309 4909 3501 4969 saturati
3518 4900 3689 4994 mni-99f

2203 5014 2456 5071 sublatum
2479 5021 2550 5067 est
2575 5012 2709 5084 quod
2732 5011 2983 5083 superfuit
3020 5012 3123 5067 illis
3158 4986 3515 5081 fragmentum»!
3536 4986 3688 5084 captiui

2205 5106 2504 5169 duodecim;
2533 5073 2723 5158 deinde
2751 5073 3024 5172 subiunxit
3041 5143 3057 5169 ,
3087 5073 3354 5171 Et'factum
3376 5097 3457 5153 est,
3480 5073 3687 5172 cuiusqu

2205 5206 2329 5249 esset
2352 5166 2535 5259 orans,
2558 5202 2703 5247 erant
2730 5166 2865 5245 cumv
2885 5192 2977 5247 illo
3002 5166 3053 5245 et
3089 5166 3349 5259 discipuli,
3376 5188 3416 5235 et
3436 5166 3686 5235 ἱιιιεηοθατίί

2201 5287 2319 5341 illos
2346 5285 2519 5339 dicens
2540 5300 2560 5339 :
2587 5283 2746 5350 Quem
2794 5300 2875 5338 me
2911 5283 3087 5337 dicunt
3124 5296 3228 5337 esse
3275 5264 3591 5353 turbte(l.uc.-
3615 5267 3682 5353 ti":

2204 5379 2293 5447 i7,
2323 5377 2446 5449 18)?
2470 5340 2858 5448 jamdeinceps
2899 5374 3043 5432 aliud
3084 5384 3325 5434 namus,
3352 5378 3443 5420 non
3481 5348 3593 5427 quod
3627 5340 3681 5396 illi

2264 5553 2282 5587 ι
2307 5547 2653 5620 sensuum
2675 5546 2892 5620 ωφιίρτιε
2912 5552 3041 5599 ηοω
3069 5548 3272 5620 ωλι,
3285 5512 3680 5620 figiendﬂ‘iiﬁf

2200 5584 3274 5672 mmuTFWZBEsZEme
3283 5584 3677 5672 ὶξτθαὲἔὲΜ

2201 5641 2307 5728 Et?
2323 5641 2956 5732 meum}?
2968 5641 3404 5732 Extrema;
3412 5641 3575 5718 ῖωθίέεε»
3596 5641 3676 5690 ³⁸⁸⁸⁸

2202 5736 2397 5790 easdem
2419 5733 2582 5786 turbas
2602 5733 2665 5785 de
2686 5730 2910 5796 utrinque,
2937 5739 3035 5784 etc.
