3878 6324
340 305 479 362 H39

340 433 481 488 tres,
511 418 601 490 qui
629 414 907 472 Dominum
930 410 1288 466 ambulantem
1315 419 1475 477 super
1513 417 1677 474 aquas
1705 401 1919 457 venisse

338 514 408 571 ad
435 514 743 582 navigantes
771 506 1058 577 discipulos
1095 502 1408 557 retulerunt.
1448 496 1558 552 Nec
1599 496 1718 550 ideo
1748 492 1917 565 putari

339 606 499 661 debet
525 604 576 657 in
610 604 700 656 illo
723 608 901 654 monte
924 638 939 664 ,
968 610 1071 668 quo
1094 608 1216 651 eum
1253 590 1383 645 dixit
1412 588 1690 642 Matthmus
1729 600 1919 640 ascen-

339 697 513 761 disse,
538 703 596 747 ut
639 692 783 746 solus
825 697 1038 753 oraret,
1065 685 1265 740 dixisse
1302 680 1609 751 discipulis,
1642 676 1803 742 Quem
1842 691 1921 728 me

342 792 517 844 dicunt
536 803 639 841 esse
655 784 812 839 turba:
833 783 1027 853 (Lucas
1047 779 1186 834 enim
1204 774 1412 829 videtur
1438 772 1489 825 in
1512 771 1613 824 hoc
1628 782 1921 837 congruere

344 880 629 944 Matthaco,
659 877 779 946 quia
805 875 966 936 dixit,
997 888 1111 925 cum
1148 868 1284 924 solus
1311 873 1435 920 esset
1464 878 1656 927 orans;
1685 877 1805 917 cum
1830 861 1919 915 ille

340 977 599 1039 dixisset,
626 969 849 1025 ascendit
871 968 923 1021 in
945 974 1160 1019 montem
1184 962 1321 1016 solus
1350 954 1551 1029 orare)?
1575 955 1670 1011 sed
1701 953 1919 1009 omnino

337 1067 494 1131 alibi,
526 1078 645 1119 cum
684 1062 829 1115 solus
854 1064 1064 1121 oraret,
1097 1062 1148 1109 et
1173 1060 1351 1108 essent
1376 1064 1497 1104 cum
1529 1047 1620 1100 illo
1641 1044 1915 1115 discipuli,

338 1158 442 1212 hoc
471 1151 829 1221 interrogavit.
875 1148 1057 1203 Solum
1098 1144 1293 1214 quippe
1341 1141 1512 1194 Lucas
1553 1137 1713 1191 fuisse
1752 1134 1916 1198 dixit,

337 1262 442 1303 non
471 1246 585 1300 sine
604 1240 899 1312 discipulis,
917 1238 1055 1292 sicut
1069 1232 1343 1288 Mattliaeus
1364 1238 1419 1286 et
1436 1229 1687 1289 Joannes,
1709 1225 1920 1295 quando

345 1341 413 1395 ab
437 1339 525 1393 illo
554 1336 944 1393 discesserunt,
972 1336 1028 1381 ut
1052 1324 1409 1395 prmcederent
1431 1335 1551 1375 eum
1581 1329 1726 1372 trans
1752 1329 1915 1369 mare.

341 1433 452 1491 Iste
484 1443 712 1497 namque
738 1421 1071 1494 apertissime
1110 1416 1374 1488 adjunxit,
1405 1414 1567 1467 Erant
1605 1428 1720 1465 cum
1757 1409 1845 1463 illo
1874 1417 1919 1462 et

345 1524 606 1594 discipuli.
638 1518 869 1575 Proinde
891 1514 1062 1571 solum
1087 1511 1251 1576 dixit,
1279 1509 1394 1563 sine
1424 1506 1592 1561 turbis
1610 1545 1625 1572 ,
1657 1517 1775 1574 qute
1798 1516 1918 1556 cum

336 1618 430 1673 illo
456 1631 562 1670 non
592 1609 920 1666 habitabant.

334 1703 564 1763 CAPUT
616 1699 846 1756 XLVIII.
876 1727 948 1737 —
984 1692 1248 1761 Quomodo
1302 1689 1573 1744 Matt/treus
1618 1697 1665 1741 et
1712 1684 1919 1738 Marcus

408 1794 600 1850 Joanni
638 1809 738 1846 non
767 1790 1093 1843 adversentur
1113 1785 1166 1838 in
1197 1799 1253 1837 eo
1278 1781 1410 1852 quod
1434 1780 1497 1832 ab
1515 1779 1587 1832 eis
1613 1776 1771 1829 tribus
1793 1791 1916 1827 nar-

405 1900 552 1945 ratur
580 1886 700 1956 quid
729 1891 1053 1955 posteaquam
1082 1878 1475 1945 transfretarunt
1508 1874 1697 1940 factum
1724 1868 1806 1921 sit.

408 1982 529 2038 102.
571 1977 822 2046 Sequitur
845 1973 1122 2028 Matthaeus
1143 2012 1156 2035 ,
1181 1969 1364 2021 dicens
1390 1985 1400 2019 :
1429 1964 1492 2018 Et
1524 1980 1635 2016 cum
1667 1966 1914 2031 transfre-

336 2082 556 2138 lassent,
582 2076 816 2125 venerunt
844 2068 895 2120 in
937 2074 1121 2118 terram
1147 2059 1385 2114 Genesar.
1418 2055 1483 2109 Et
1511 2070 1625 2109 cum
1651 2053 1917 2124 cognovis-

332 2176 441 2223 sent
461 2181 570 2219 eum
598 2162 691 2217 viri
712 2159 809 2215 loci
829 2157 967 2213 illius
988 2198 1003 2221 ,
1028 2156 1268 2209 miserunt
1288 2152 1340 2204 in
1360 2150 1641 2203 universam
1667 2148 1917 2218 regionem

334 2258 507 2319 illam,
534 2262 579 2307 et
603 2252 883 2307 obtulerunt
901 2248 946 2302 ei
967 2262 1137 2301 omnes
1155 2244 1285 2297 male
1305 2242 1538 2295 habentes
1564 2250 1647 2293 :et
1676 2238 1917 2309 rogabant

335 2368 449 2407 eum
468 2391 485 2416 ,
513 2357 566 2401 ut
593 2347 669 2401 vel
697 2344 947 2413 ﬁmbriam
976 2338 1251 2395 vestimenti
1271 2339 1379 2407 ejus
1418 2342 1708 2405 tangerent;
1738 2341 1782 2385 et
1810 2332 1920 2399 qui-

334 2456 543 2510 cumque
572 2437 856 2507 tetigerunt,
877 2432 1003 2486 salvi
1038 2430 1155 2499 facti
1184 2437 1317 2481 sunt.
1350 2424 1492 2478 Tunc
1518 2432 1827 2477 accesserunt
1848 2422 1914 2473 ad

333 2548 448 2586 eum
474 2528 532 2581 ab
563 2524 894 2595 Jerosolymis
918 2519 1108 2577 Scriba:
1126 2529 1169 2572 et
1199 2517 1449 2571 Phariswi
1475 2516 1727 2568 dicentes:
1751 2512 1919 2577 Quare

333 2620 569 2690 discipuli
593 2619 663 2671 tui
690 2612 1126 2684 transgrediuntur
1144 2608 1459 2663 traditionem
1481 2606 1774 2660 seniorum?
1797 2602 1919 2657 Non

336 2714 470 2767 enim
492 2712 660 2765 lavant
700 2724 876 2762 manus
901 2722 1047 2768 suas,
1081 2719 1195 2756 cum
1225 2717 1405 2771 panem
1428 2698 1728 2752 manducent
1749 2739 1762 2763 ,
1786 2704 1914 2758 etc.,

334 2818 507 2873 usque
535 2800 601 2855 ad
630 2798 753 2853 illud
795 2796 882 2850 ubi
913 2796 1017 2861 ait,
1052 2791 1172 2845 Non
1199 2791 1313 2845 lotis
1336 2799 1497 2842 autem
1518 2787 1747 2841 manibus
1770 2804 1918 2840 man-

335 2897 539 2957 ducare,
562 2910 660 2947 non
673 2885 1223 2960 coinquinathominem
1244 2882 1452 2956 (Matth.
1474 2897 1579 2946 xxv,
1599 2882 1688 2944 '54;
1703 2878 1915 2949 xv,20).

336 2988 461 3043 Haec
491 2996 544 3040 et
574 2983 781 3038 Marcus
807 2986 1190 3035 commemorat
1220 2974 1333 3029 sine
1355 2974 1527 3042 aliqua
1560 2971 1920 3041 repugnantia:

336 3074 631 3149 quaestione
663 3069 849 3145 (Marc.
902 3084 975 3124 vu
998 3110 1011 3131 ,
1046 3066 1199 3136 1-25)
1226 3083 1237 3118 :
1269 3062 1518 3134 quidquid
1545 3064 1683 3117 enim
1710 3063 1920 3116 diverso

336 3168 498 3225 modo
524 3166 591 3220 ab
614 3164 720 3218 alio
746 3163 956 3225 dicitur,
985 3160 1051 3214 ab
1072 3158 1259 3214 eadem
1281 3156 1542 3211 sententia
1563 3170 1665 3209 non
1698 3153 1915 3209 recedit.

337 3260 573 3315 Joannes
596 3265 770 3309 autem
794 3254 861 3308 ab
889 3251 1128 3305 navicula
1150 3290 1165 3313 ,
1199 3248 1265 3302 ad
1294 3263 1452 3315 quam
1479 3246 1733 3300 Dominus
1761 3260 1920 3314 super

339 3366 488 3406 mare
526 3345 803 3401 ambulans
849 3342 1029 3406 venit,
1063 3348 1404 3408 posteaquam
1450 3336 1693 3390 exierunt
1736 3336 1786 3388 in
1819 3344 1922 3388 ter-

341 3456 456 3495 ram
481 3479 495 3502 ,
527 3450 675 3490 more
705 3448 802 3488 suo
829 3433 882 3487 in
926 3444 1227 3485 sermonem
1261 3428 1466 3480 Domini
1504 3426 1771 3493 intentus,
1799 3442 1921 3480 eum

338 3545 407 3583 ex
435 3526 713 3581 occasione
732 3523 882 3592 panis
904 3520 1066 3575 multa
1092 3519 1457 3589 przecipueque
1484 3517 1659 3571 divina
1689 3517 1921 3572 locutum

340 3635 463 3676 esse
489 3624 905 3678 commemorat;
938 3620 1161 3683 postque
1200 3610 1370 3679 ipsum
1408 3625 1709 3664 sermonem
1739 3626 1922 3665 rursus

347 3712 404 3767 in
431 3708 572 3763 aliud
615 3716 773 3775 atque
814 3704 956 3759 aliud
1001 3703 1116 3772 ejus
1157 3701 1389 3756 narratio
1424 3702 1718 3755 sublimiter
1756 3700 1923 3754 fertur

346 3801 523 3873 (Joan.
545 3816 620 3864 vr,
645 3796 858 3868 29-72).
880 3796 989 3851 Nec
1009 3803 1187 3848 tamen
1210 3795 1259 3847 in
1282 3809 1347 3848 eo
1367 3793 1506 3863 quod
1527 3793 1593 3846 ab
1613 3786 1727 3846 istis
1743 3793 1921 3862 digre-

350 3892 513 3956 ditur,
538 3887 733 3959 aliquid
762 3886 934 3942 ordini
975 3886 1223 3947 istorum,
1257 3884 1396 3938 illius
1434 3885 1484 3937 in
1529 3884 1629 3937 alia
1670 3885 1924 3939 transitus

347 3981 676 4037 adversatur.
720 3977 854 4046 Quid
899 3978 1043 4031 enim
1075 3974 1320 4045 prohibet
1368 3975 1663 4044 intelligere
1705 3984 1760 4030 et
1804 3976 1924 4030 illos

346 4086 468 4128 esse
495 4079 707 4126 sanatos
727 4084 756 4121 a
789 4066 1010 4122 Domino
1030 4108 1043 4131 ,
1074 4065 1142 4120 de
1178 4065 1368 4134 quibus
1404 4074 1621 4119 narrant
1648 4064 1924 4121 Mattltaeus

348 4171 405 4217 et
446 4160 687 4223 Marcus;
714 4166 768 4212 et
796 4157 897 4212 illis
926 4156 1016 4226 qui
1044 4171 1164 4211 eum
1210 4155 1373 4210 secuti
1421 4165 1543 4210 sant
1572 4166 1714 4209 trans
1744 4172 1920 4222 mare,

348 4252 464 4307 haec
490 4267 608 4306 eum
635 4251 870 4304 locutum
897 4262 1037 4314 esse,
1055 4261 1172 4316 quae
1195 4246 1445 4316 prmdicat
1463 4246 1695 4301 Joannes
1720 4266 1733 4301 :
1755 4262 1923 4317 quan-

347 4342 631 4414 doquidem
659 4338 1046 4410 Capharnaum,
1064 4352 1169 4408 quo
1193 4337 1437 4391 dicuntur
1456 4337 1744 4393 secundum
1765 4337 1925 4393 Joan-

351 4449 473 4489 nem
521 4430 923 4497 transfretasse,
962 4428 1110 4498 juxta
1159 4436 1401 4497 stagnum
1447 4436 1528 4482 est
1571 4426 1827 4491 Genesar,
1859 4428 1927 4483 ad

351 4540 509 4596 quam
552 4535 744 4580 terram
775 4521 1065 4577 secundum
1107 4520 1408 4574 Matthamm
1444 4521 1689 4576 dicuntur
1717 4522 1927 4577 exisse?

352 4614 577 4673 CAPUT
621 4614 806 4670 XLIX.
836 4645 907 4655 —
936 4612 1011 4666 De
1052 4613 1258 4665 muliere
1295 4611 1581 4667 Chanamea
1616 4629 1729 4687 quae
1765 4615 1925 4681 dixit,

422 4711 489 4766 Et
516 4724 675 4763 canes
700 4708 862 4762 edunt
882 4707 948 4761 de
973 4706 1125 4760 micis
1145 4705 1452 4761 cadentibus
1469 4706 1535 4762 de
1558 4722 1737 4762 mensa
1755 4707 1927 4763 domi-

425 4816 613 4857 norum
641 4814 877 4864 suorum,
905 4797 1153 4869 quomodo
1171 4797 1297 4851 inter
1316 4813 1370 4852 se
1386 4796 1657 4852 Matt/treus
1671 4797 1931 4868 Lucasque

425 4892 755 4947 consentiant.

429 4984 549 5039 10⁸5.
592 4982 843 5052 Sequitur
885 4981 1061 5051 itaque
1088 4983 1365 5037 Matthaens
1392 4991 1511 5052 post
1537 4983 1683 5038 illum
1722 4999 1928 5040 sermo-

354 5095 476 5135 nem
501 5077 736 5140 Domini,
758 5077 847 5132 ubi
874 5078 941 5133 de
971 5092 1072 5131 non
1099 5079 1223 5133 lotis
1244 5080 1485 5133 manibus
1504 5095 1622 5134 cum
1651 5081 1931 5138 Pharisazis

355 5171 491 5241 egit,
550 5180 708 5240 atque
764 5168 835 5223 ita
906 5169 1141 5223 conserit
1200 5172 1588 5236 narrationem,
1653 5172 1928 5237 ordinem,

359 5272 613 5332 quantum
664 5261 775 5331 ipse
826 5261 1078 5317 transitus
1130 5260 1359 5326 indicat,
1392 5279 1566 5318 rerum
1611 5265 1769 5319 etiam
1815 5282 1931 5336 qua:

358 5362 660 5409 consecutae
704 5336 828 5406 sunt
872 5366 1092 5407 servans
1124 5370 1136 5405 :
1171 5350 1234 5405 Et
1280 5370 1535 5424 egressus,
1583 5355 1785 5425 inquit,
1817 5356 1935 5412 inde

359 5443 511 5498 Iesus
537 5443 732 5499 secessit
761 5444 811 5497 in
851 5454 1015 5513 partes
1045 5442 1171 5514 Tyri
1197 5452 1243 5497 et
1273 5442 1498 5499 Sidonis.
1536 5446 1597 5499 Et
1624 5464 1733 5501 ecce
1756 5449 1936 5503 mulier

362 5532 652 5589 Chananwa
680 5552 712 5585 a
737 5535 917 5602 ﬁnibus
963 5536 1065 5590 illis
1105 5552 1301 5606 egressa
1322 5578 1337 5601 ,
1372 5538 1601 5590 clamavit
1649 5540 1819 5594 dicens
1843 5542 1887 5594 ei
1914 5559 1934 5596 :

367 5624 610 5681 Miserere
652 5626 781 5691 mei,
823 5624 1065 5691 Domine,
1100 5628 1176 5696 ﬁli
1218 5626 1418 5692 David;
1448 5629 1556 5699 ﬁlia
1596 5648 1705 5685 mea
1747 5634 1878 5687 male
1903 5651 1935 5687 a

366 5716 612 5773 dwmonio
650 5724 875 5769 vexatur.
905 5716 1002 5780 Qui
1039 5733 1139 5771 non
1179 5720 1435 5790 respondit
1476 5721 1523 5776 ei
1547 5723 1774 5794 verbum,
1803 5734 1930 5799 etc.,

604 5812 827 5876 Sauc'r.
867 5812 1144 5876 Ancusr.
1197 5815 1306 5879 III.

1664 287 1866 345 LIBER
1905 282 2280 341 SECUNDUS.

3470 291 3609 349 1150

2026 414 2192 468 usque
2212 398 2277 451 ad
2300 398 2425 451 illud
2449 399 2535 452 ubi
2552 399 2643 461 ait,
2661 399 2704 452 0
2721 399 2919 464 mulier,
2943 415 3129 469 magna
3148 408 3219 454 est
3234 400 3359 469 ﬁdes
3374 411 3461 456 tua
3478 422 3497 469 ;
3514 406 3607 474 ﬁat

2024 491 2150 543 sicut
2173 491 2262 543 vis.
2290 487 2355 542 Et
2379 498 2557 543 sanata
2581 499 2652 542 est
2680 490 2788 557 ﬁlia
2807 492 2914 560 ejus
2934 491 3103 545 catilla
3124 492 3248 546 liora
3269 492 3479 563 (Matth.
3508 476 3629 560 xv,‘

2023 581 2233 653 21-28).
2258 580 2369 636 Hoc
2388 581 2455 636 de
2476 582 2694 636 muliere
2718 582 3018 638 Chanansea
3042 584 3201 637 etiam
3228 583 3432 640 Marcus
3458 602 3605 641 com-

2024 681 2302 738 memorat,
2321 673 2564 727 eumdem
2596 688 2775 728 rerum
2800 683 3064 743 gestarum
3091 675 3331 730 ordinem
3358 692 3599 743 servans,

2025 780 2124 820 nec
2148 765 2376 819 all‘erens
2417 765 2647 834 aliquam
2687 766 3049 835 repugnantia:
3075 768 3424 836 quaestionem
3446 811 3461 836 ,
3495 770 3597 825 nisi

2025 856 2167 927 quod
2192 859 2244 911 in
2267 857 2423 912 domo
2449 857 2574 911 dicit
2608 857 2771 913 fuisse
2797 859 3073 912 Dominum
3100 874 3219 913 cum
3240 860 3305 914 ad
3338 861 3486 915 illum
3512 877 3602 916 ve-

2024 949 2103 1001 nit
2116 947 2299 1002 eadem
2316 947 2505 1002 mulier
2521 947 2722 1017 prolilia
2741 962 2832 1001 sua
2849 963 3042 1018 rogans
3058 948 3246 1019 (Marc.
3272 966 3361 1013 vn,
3380 950 3575 1023 24-30)
3587 992 3601 1006 .

2025 1037 2303 1091 Mattlneus
2352 1047 2527 1091 autem
2581 1048 2759 1105 posset
2811 1038 3024 1107 quidem
3072 1040 3223 1094 facile
3273 1040 3489 1110 intelligi
3533 1042 3602 1097 de

2025 1129 2185 1185 domo
2206 1129 2460 1193 tacuisse,
2491 1129 2735 1184 eamdem
2770 1140 2942 1184 tamen
2969 1144 3081 1184 rem
3106 1145 3554 1187 commemorasse
3582 1151 3596 1186 :

2026 1220 2117 1275 sed
2145 1220 2393 1290 quoniam
2420 1219 2547 1275 dicit
2572 1219 2859 1289 discipulos
2893 1220 3115 1274 Domino
3143 1220 3214 1273 ita
3244 1222 3599 1291 suggessisse,

2024 1311 2232 1365 Dimitte
2258 1312 2400 1366 illam
2420 1354 2433 1377 ,
2462 1312 2699 1382 quoniam
2726 1310 2912 1363 clamat
2942 1320 3053 1380 post
3076 1328 3205 1375 nos;
3234 1308 3363 1365 nihil
3395 1312 3602 1366 videtur

2024 1404 2165 1458 aliud
2194 1404 2517 1474 significare,
2552 1420 2710 1473 quam
2753 1414 2870 1473 post
2913 1404 3272 1459 ambulantem
3320 1405 3603 1459 Dominum

2024 1497 2299 1552 mulierem
2341 1496 2486 1550 illam
2525 1495 2917 1565 deprecatorias
2959 1509 3120 1551 voces
3162 1497 3425 1551 emisisse.
3458 1496 3605 1563 Quo-

2025 1589 2185 1643 modo
2225 1604 2352 1660 ergo
2394 1589 2447 1642 in
2486 1588 2675 1653 domo,
2705 1588 2806 1641 nisi
2835 1588 2955 1657 quia
2984 1587 3384 1657 intelligendum
3414 1597 3496 1643 est
3520 1588 3602 1643 di-

2023 1682 2167 1736 xisse
2190 1680 2403 1751 quidem
2447 1680 2680 1734 Marcum
2732 1679 2871 1747 quod
2910 1679 3185 1733 intraverit
3226 1679 3314 1732 ubi
3357 1688 3472 1734 erat
3510 1680 3605 1734 Je-

2024 1789 2134 1839 sus,
2166 1788 2285 1827 cum
2317 1787 2438 1829 eum
2483 1771 2811 1841 praedixisset
2840 1770 3001 1825 fuisse
3036 1770 3088 1823 in
3114 1770 3312 1825 domo?
3339 1769 3443 1826 Sed
3482 1772 3605 1841 quia

2024 1865 2301 1919 Matthzcus
2348 1864 2449 1929 ait,
2478 1863 2598 1917 Non
2640 1863 2898 1934 respondit
2927 1863 2974 1916 ei
3010 1863 3246 1927 verbum;
3272 1862 3417 1918 dedit
3442 1878 3605 1933 agno-

2023 1972 2172 2011 scere
2192 1999 2206 2023 ,
2235 1957 2373 2026 quod
2397 1956 2553 2011 ambo
2582 1964 2888 2017 tacuerunt,
2914 1957 2965 2009 in
2996 1970 3063 2010 eo
3083 1956 3297 2009 silentio
3322 1970 3601 2025 egressum

2024 2047 2186 2102 fuisse
2202 2048 2381 2102 Jesum
2399 2047 2464 2100 de
2484 2047 2643 2101 domo
2666 2046 2755 2099 illa
2783 2065 2794 2099 :
2819 2055 2975 2115 atque
2996 2045 3066 2099 ita
3090 2056 3282 2102 ctetera
3305 2055 3602 2101 contexun-

2024 2147 2129 2204 tur,
2169 2154 2285 2208 quze
2306 2138 2416 2207 jam
2448 2138 2500 2191 in
2530 2138 2679 2191 nullo
2696 2136 3017 2191 discordant.
3045 2136 3195 2203 Quod
3225 2137 3367 2193 enim
3399 2138 3604 2194 Marcus

2023 2239 2408 2285 commemorat
2436 2230 2483 2282 ei
2527 2230 2803 2283 Dominum
2832 2228 3175 2295 respondisse
3202 2229 3269 2284 de
3306 2244 3442 2300 pane
3466 2230 3603 2285 lilio-

2022 2338 2142 2381 rum
2173 2338 2277 2375 non
2311 2320 2569 2375 mittendo
2597 2320 2847 2385 canibus,
2882 2320 2987 2375 illis
3016 2320 3340 2391 interpositis
3361 2363 3375 2387 ,
3404 2321 3605 2377 dictutn

2022 2423 2138 2478 est,
2161 2428 2278 2482 quae
2300 2412 2577 2466 Mattlneus
2594 2411 2733 2466 dicta
2757 2426 2860 2465 non
2883 2412 3046 2465 tacuit
3069 2430 3081 2465 :
3108 2411 3161 2466 id
3183 2424 3284 2479 εει,
3304 2413 3423 2483 quia
3445 2413 3606 2468 disci-

2024 2505 2131 2574 puli
2160 2511 2477 2573 rogaverunt
2502 2518 2621 2557 eum
2656 2517 2751 2571 pro
2774 2502 2894 2567 illa;
2923 2511 2988 2561 et,
3020 2503 3142 2572 quia
3183 2503 3457 2573 respondit
3498 2519 3604 2559 non

2023 2610 2083 2649 se
2102 2609 2221 2649 esse
2251 2594 2469 2648 missum
2494 2593 2592 2647 nisi
2618 2593 2685 2646 ad
2714 2609 2840 2647 oves
2865 2609 2981 2663 qua:
3007 2594 3277 2662 perierunt
3303 2594 3493 2650 domus
3523 2596 3604 2650 Is-

2024 2685 2165 2749 rael;
2191 2693 2244 2738 et
2266 2684 2383 2753 quia
2414 2683 2499 2736 illa
2524 2683 2699 2747 venit,
2730 2682 2782 2736 id
2812 2690 2891 2735 est
2912 2724 2926 2749 ,
2955 2692 3239 2737 consecuta
3265 2692 3375 2748 est,
3404 2683 3603 2738 etado-
3686 2751 3690 2757 ι

2023 2776 2160 2829 ravit
2197 2792 2317 2830 eum
2361 2774 2571 2842 dicens,
2611 2774 2856 2839 Domine,
2884 2775 3071 2843 adjuva
3118 2784 3385 2830 me:tunc
3411 2774 3603 2831 deinde

2025 2867 2224 2921 dictum
2249 2876 2330 2921 est
2354 2866 2495 2937 quod
2522 2866 2868 2936 Evangelistm
2888 2866 3047 2921 ambo
3074 2878 3511 2923 commemorant.

2025 2958 2249 3014 CAPUT
2275 2958 2339 3014 L.
2367 2988 2440 3000 —-—
2469 2957 2594 3012 Cum
2636 2958 2698 3012 de
2736 2969 2925 3029 septem
2966 2960 3177 3028 panibus
3224 2961 3360 3030 pavit
3402 2962 3601 3028 turbas,

2132 3060 2299 3103 utrum
2322 3051 2452 3104 inter
2476 3068 2527 3104 sc
2550 3050 2820 3103 Matt/imus
2844 3049 3146 3121 Marsusque
3177 3054 3493 3107 conveniant.

2099 3143 2218 3199 104.
2246 3141 2495 3214 Sequitur
2524 3143 2802 3198 Mattliatus
2824 3146 2893 3197 ita
2916 3159 3138 3197 narrans
3164 3163 3174 3197 :
3202 3144 3270 3198 Et
3292 3163 3407 3199 cum
3432 3134 3601 3200 trans-

2025 3238 2141 3290 isset
2179 3238 2296 3290 inde
2318 3236 2500 3302 Jesus,
2537 3237 2667 3290 venit
2708 3253 2849 3290 secus
2889 3253 3026 3289 mare
3054 3235 3310 3302 Galilazw;
3342 3249 3387 3291 et
3430 3255 3605 3294 ascen-

2027 3329 2149 3381 dens
2189 3328 2241 3380 in
2284 3336 2530 3390 montem,
2556 3326 2755 3380 sedebat
2796 3326 2883 3379 ibi.
2932 3325 2994 3378 Et
3036 3337 3347 3381 accesserunt
3385 3328 3453 3381 ad
3493 3346 3607 3383 eum

2028 3419 2186 3473 turbis
2212 3419 2417 3483 multis,
2448 3419 2682 3472 habentes
2709 3434 2875 3471 secum
2916 3428 3078 3470 mutos
3097 3460 3109 3481 ,
3143 3418 3382 3483 claudos,
3415 3437 3603 3487 cazcos,

2029 3510 2246 3575 debiles,
2279 3519 2327 3563 et
2362 3509 2489 3563 alios
2526 3508 2745 3573 multos;
2775 3516 2821 3560 et
2868 3509 3179 3577 projecerunt
3226 3524 3308 3561 eos
3352 3509 3419 3560 ad
3457 3510 3606 3577 pedes

2028 3604 2136 3673 ejus
2155 3644 2169 3668 ,
2201 3611 2246 3656 et
2287 3603 2476 3655 curavit
2512 3617 2595 3655 eos
2614 3617 2633 3655 :
2654 3601 2726 3653 ita
2760 3608 2813 3654 ut
2843 3602 2999 3654 turba:
3036 3602 3356 3665 mirarentur,
3385 3601 3606 3658 videntes

2028 3705 2194 3749 mulos
2227 3695 2479 3765 loquentes
2499 3734 2514 3759 ,
2540 3693 2748 3747 claudos
2786 3693 3124 3759 ambulantes,
3155 3709 3312 3747 cwcos
3354 3692 3603 3755 videntes;

2028 3797 2075 3840 et
2104 3786 2493 3857 magniﬁcabant
2530 3784 2695 3838 Deum
2724 3782 2907 3838 Israel.
2936 3782 3085 3837 Iesus
3127 3793 3292 3836 autem
3325 3786 3604 3837 convocatis

2029 3877 2289 3946 discipulis
2314 3877 2417 3931 suis
2445 3876 2572 3930 dixit
2603 3892 2621 3928 :
2654 3874 2896 3929 Misereor
2925 3874 3115 3941 turbae,
3142 3875 3261 3945 quia
3290 3874 3455 3928 triduo
3488 3876 3605 3946 jam

2029 3978 2341 4039 perseverant
2366 3984 2576 4035 mecum,
2598 3977 2643 4021 et
2659 3984 2759 4021 non
2776 3965 2954 4020 habent
2981 3967 3115 4032 quod
3135 3967 3455 4032 manducent,
3477 3977 3606 4035 etc.,

2030 4076 2199 4129 usque
2219 4058 2286 4114 ad
2309 4059 2437 4114 illud
2459 4058 2548 4114 ubi
2576 4059 2667 4124 ait,
2690 4057 2852 4112 Erant
2879 4069 3048 4112 autem
3076 4058 3162 4128 qui
3184 4058 3608 4113 manducaverunt

2029 4162 2244 4222 quatuor
2293 4150 2454 4204 millia
2503 4150 2790 4215 hominum,
2819 4159 2963 4203 extra
3012 4148 3245 4217 parvulos
3285 4157 3331 4202 et
3377 4146 3609 4201 mulieres

2031 4242 2241 4313 (Matth.
2271 4259 2340 4299 xv
2359 4284 2375 4309 ,
2403 4242 2615 4313 29-58).
2647 4241 2760 4294 Hoc
2788 4240 2931 4294 aliud
2958 4240 3267 4293 miraculum
3309 4240 3377 4293 de
3400 4246 3604 4308 septem

2030 4338 2255 4408 panibus
2284 4346 2339 4391 et
2361 4336 2542 4406 paucis
2569 4333 2837 4403 pisciculis
2858 4334 3017 4386 etiam
3047 4331 3252 4386 Marcus
3278 4346 3604 4386 commemo-

2030 4440 2114 4487 rat
2158 4430 2344 4486 eodem
2394 4443 2529 4499 pene
2554 4427 2712 4482 etiam
2757 4425 2978 4489 ordine,
3007 4424 3108 4479 nisi
3151 4424 3270 4494 quia
3316 4426 3631 4502 interponit.

2031 4522 2172 4592 quod
2202 4520 2376 4576 nullus
2400 4518 2534 4573 alius
2558 4517 2717 4583 dicit,
2758 4516 2825 4571 de
2854 4515 3017 4570 surdo
3044 4515 3129 4570 cui
3160 4516 3416 4571 Dominus
3445 4532 3601 4573 aures

2031 4613 2273 4682 aperuit,
2307 4626 2503 4683 spuens
2529 4617 2583 4665 et
2624 4608 2839 4677 dicens,
2867 4606 3066 4674 E/feta,
3098 4608 3234 4680 quod
3275 4618 3348 4663 est
3368 4650 3383 4676 ,
3412 4608 3607 4681 adape-

2032 4704 2134 4758 rire
2163 4701 2349 4775 (Marc.
2380 4717 2474 4768 vn,
2503 4701 2592 4766 3i;
2613 4714 2727 4765 vni,
2749 4698 2827 4769 9).

2106 4794 2227 4851 105.
2262 4794 2374 4848 Hoc
2407 4807 2537 4848 sane
2573 4807 2678 4847 non
2707 4791 2775 4844 ab
2800 4805 2858 4845 re
2882 4788 3041 4845 fuerit
3082 4790 3370 4846 admonere
3410 4792 3462 4846 in
3506 4791 3609 4849 hoc

2034 4886 2289 4942 miraculo
2313 4885 2382 4940 de
2408 4893 2612 4955 septem
2649 4881 2870 4952 panibus
2890 4923 2906 4949 ,
2952 4880 3093 4952 quod
3137 4881 3242 4935 duo
3270 4881 3609 4951 evangelista:

2010 4979 2309 5035 ‘Matthreus
2333 4978 2638 5048 Marcusque
2664 4984 2972 5047 posuerunt,
2998 4975 3117 5045 quia
3145 4975 3188 5027 si
3209 4974 3397 5043 aliquis
3422 4989 3609 5029 eorum

2034 5074 2088 5130 id
2108 5073 2347 5140 dixisset,
2369 5074 2457 5143 qui
2478 5072 2545 5127 de
2570 5071 2672 5125 illis
2696 5072 2929 5141 quinque
2969 5066 3189 5136 panibus
3217 5080 3322 5120 non
3351 5066 3608 5133 dixisset,

2034 5169 2331 5224 contrarius
2359 5166 2566 5222 caneris
2592 5175 2881 5234 putaretur.
2903 5160 3033 5227 Quis
3053 5160 3194 5213 enim
3217 5175 3320 5214 non
3342 5160 3611 5214 existima-

2035 5270 2118 5317 ret
2143 5276 2302 5315 unum
2330 5259 2575 5328 idemque
2597 5256 2790 5311 faetutn
2818 5267 2967 5317 esse;
3000 5267 3103 5305 non
3128 5261 3303 5306 autem
3335 5251 3537 5320 integre
3559 5262 3614 5304 ct

2038 5354 2319 5416 veraciter,
2346 5350 2459 5404 sive
2482 5348 2550 5403 al)
2574 5346 2684 5409 illo,
2715 5346 2826 5401 sive
2863 5343 2930 5397 ab
2966 5343 3106 5407 aliis,
3134 5342 3245 5397 sive
3269 5341 3338 5396 ab
3363 5342 3613 5396 omnibus

2037 5445 2200 5502 fuisse
2241 5452 2509 5499 narratum
2532 5482 2546 5506 ,
2582 5439 2674 5494 sed
2704 5446 2794 5493 aut
2836 5437 2979 5492 illum
3012 5451 3107 5505 pro
3133 5436 3360 5507 quinque
3389 5436 3614 5505 panibus

2037 5546 2240 5607 septem
2270 5535 2395 5589 dum
2436 5533 2707 5587 falleretur
2740 5541 3219 5593 commemorasse,
3244 5535 3335 5580 aut
3376 5525 3493 5580 illos
3520 5542 3615 5595 pro

2038 5638 2243 5699 septem
2268 5628 2518 5697 quinque,
2544 5632 2635 5679 aut
2662 5634 2911 5692 utrosque
2937 5620 3206 5684 mentitos,
3237 5617 3322 5673 vel
3348 5616 3615 5671 oblivione

2039 5725 2287 5796 deceptos
2309 5721 2332 5778 l
2360 5720 2473 5779 Hoc
2495 5726 2549 5777 et
2568 5716 2635 5776 de
2654 5714 2932 5775 duodecim
2955 5711 3217 5783 cophinis,
3249 5717 3304 5765 et
3326 5708 3394 5765 de
3412 5716 3614 5779 septem

2883 5805 3338 5891 (Tremo-six.)
