3878 6302
449 296 579 355 1151

376 458 381 467 .
444 412 637 484 sportis
666 411 974 482 opinaretur
1000 407 1150 480 quasi
1178 411 1500 466 contrarium
1532 429 1544 465 :
1581 413 1680 467 hoc
1700 410 1765 467 de
1786 411 2019 483 quinque

440 503 697 568 millibus,
726 512 780 557 et
808 501 874 557 de
896 513 1123 572 quatuor
1151 500 1384 556 millibus
1410 518 1593 557 eorum
1616 503 1703 573 qui
1733 519 2016 574 pasceren-

441 605 544 649 tur.
572 594 679 651 Sed
705 595 825 666 quia
856 593 928 649 illi
974 594 1063 665 qui
1094 594 1406 650 miraculum
1448 595 1513 651 de
1551 605 1753 668 septem
1793 598 2016 667 panibus

439 694 804 747 narraverunt,
834 700 934 740 nec
949 683 1073 740 illud
1099 684 1165 740 de
1182 686 1411 757 quinque
1436 696 1725 753 tacuerunt,
1752 688 2014 743 neminem

436 783 658 839 movet,
691 784 745 831 et
787 784 1069 846 utrumque
1110 774 1302 831 factum
1343 792 1528 831 omnes
1555 777 1869 847 intelligunt.
1903 779 2014 835 Iloc

436 866 559 922 ideo
582 866 832 933 diximus,
866 877 919 921 ut
949 867 1112 922 sicubi
1144 867 1315 921 simile
1346 867 1609 923 invenitur
1630 866 1823 922 factum
1847 886 1874 922 a
1903 869 2010 922 Do-

433 957 601 1023 mino,
631 958 770 1028 quod
798 958 848 1012 in
871 959 1047 1027 aliquo
1070 957 1222 1011 alteri
1249 957 1593 1028 Evangelislm
1620 958 1687 1012 ita
1720 975 2011 1030 repugnare

430 1048 691 1114 videatur,
722 1056 779 1102 ut
809 1048 1022 1101 omnino
1044 1048 1178 1103 solvi
1207 1065 1307 1103 non
1333 1052 1515 1121 possit,
1540 1050 1669 1105 nihil
1694 1051 1832 1105 aliud
1856 1052 2009 1107 intel-

428 1139 623 1210 ligatur
645 1157 799 1211 quam
828 1147 1108 1211 utrumque
1140 1141 1332 1197 factum
1359 1160 1477 1199 esse
1503 1186 1514 1203 .
1547 1153 1600 1199 et
1626 1144 1765 1198 aliud
1812 1146 1877 1200 ab
1901 1146 2007 1201 alio

428 1242 897 1287 commemoratum
933 1251 944 1285 :
976 1233 1111 1288 sicut
1147 1232 1214 1288 de
1244 1236 1502 1301 centenis,
1536 1244 1587 1289 et
1624 1236 2005 1306 quinquagenis

425 1324 878 1381 discumbentibus
921 1327 1434 1393 commcndavimus;
1466 1329 1587 1398 quia
1617 1327 1662 1382 si
1697 1344 1802 1384 non
1847 1331 2003 1386 etiam

423 1413 557 1470 illud
593 1424 875 1487 utrumque
913 1417 1049 1487 apud
1092 1435 1251 1472 unum
1301 1418 1689 1486 inveniremus,
1736 1423 2002 1476 contraria

422 1507 658 1577 singulos
684 1507 881 1562 dixisse
908 1517 1212 1577 putaremus
1240 1506 1337 1580 (α).

419 1594 649 1654 CAPUT
683 1597 768 1652 LI.
798 1629 866 1637 —
896 1596 1043 1664 Quod
1071 1599 1189 1652 dicit
1217 1598 1490 1655 Matthteus
1532 1602 1649 1655 inde
1674 1618 1785 1655 eum
1813 1603 2002 1658 venisse

488 1690 542 1743 in
566 1690 693 1758 ﬁnes
714 1686 990 1760 Magedan,
1019 1690 1265 1759 quomodo
1286 1702 1529 1763 congruat
1556 1693 1769 1757 Marco;
1796 1703 1840 1747 ct
1865 1695 1914 1747 in
1941 1712 1998 1749 eo

487 1782 625 1854 quod
653 1780 926 1851 petentibus
952 1784 1148 1853 signant
1177 1784 1432 1852 respondit
1462 1784 1641 1838 iterum
1670 1785 1732 1839 de
1754 1784 1908 1840 Jona.

485 1872 608 1929 106.
638 1872 888 1944 Sequitur
914 1873 1211 1941 Mattlneus,
1240 1883 1293 1929 et
1329 1874 1454 1929 dicit
1483 1894 1495 1929 :
1529 1876 1594 1929 Et
1616 1877 1821 1931 dimissa
1853 1879 1996 1932 turba

416 1965 641 2021 ascendit
676 1964 728 2018 in
772 1965 1054 2019 naviculam
1094 1974 1141 2019 et
1177 1966 1304 2019 venit
1339 1967 1389 2019 in
1415 1967 1541 2036 lines
1568 1966 1821 2040 Magedan
1847 2010 1859 2033 ,
1887 1979 1992 2025 etc.

410 2069 580 2126 usque
606 2054 672 2109 ad
701 2053 831 2109 illud
859 2055 943 2109 ubi
983 2056 1088 2122 ait,
1120 2053 1385 2110 Generatio
1420 2057 1553 2111 mala
1582 2067 1628 2111 ct
1656 2058 1886 2112 adultera
1921 2060 1992 2114 si-

408 2166 565 2220 gnum
594 2150 793 2218 quaerit,
822 2160 868 2203 et
889 2149 1089 2222 signum
1116 2167 1212 2204 non
1241 2149 1441 2204 dabitur
1466 2153 1529 2215 ei,
1556 2153 1651 2205 nisi
1675 2153 1869 2223 signum
1889 2151 1988 2207 Jo-

408 2256 490 2294 rnv
515 2240 769 2312 praphette
801 2239 1005 2313 (Matth.
1034 2258 1125 2309 xv,
1158 2242 1254 2306 59;
1279 2258 1386 2308 va,
1419 2243 1496 2313 4).
1524 2242 1632 2297 Hoc
1646 2243 1757 2313 jam
1787 2253 1841 2299 et
1862 2243 1991 2299 alibi

408 2328 542 2385 dixit
565 2327 702 2386 idem
742 2330 1019 2387 Mattlneus
1048 2329 1155 2404 (Id.
1186 2348 1275 2397 xu,
1305 2332 1415 2406 59).
1458 2332 1607 2388 Unde
1633 2334 1790 2389 etiam
1832 2344 1989 2405 atque

406 2422 566 2477 etiam
630 2422 967 2478 retinendum
1033 2435 1152 2491 est,
1207 2426 1399 2495 saepius
1465 2426 1741 2481 Dominum
1799 2427 1986 2485 eadem

405 2510 631 2578 dixisse;
659 2522 715 2569 ut
739 2515 881 2584 quod
911 2516 1173 2572 existente
1193 2518 1459 2573 contrario
1491 2518 1624 2575 solvi
1664 2536 1768 2575 non
1798 2530 1987 2592 potue-

403 2602 511 2671 rit,
567 2603 649 2659 bis
697 2604 894 2660 dictum
944 2607 1287 2679 intelligatur.
1354 2610 1502 2666 Hunc
1564 2627 1692 2667 sane
1742 2613 1983 2669 ordinem

332 2721 337 2727 -
402 2695 562 2751 etiam
592 2695 798 2754 Marcus
834 2709 1051 2766 tenens,
1096 2710 1216 2771 post
1252 2702 1381 2757 illud
1424 2702 1489 2757 de
1527 2715 1727 2774 septem
1763 2705 1985 2775 panibus

400 2788 749 2857 miraculum,
782 2789 883 2847 hoc
919 2792 1060 2848 idem
1085 2795 1294 2864 subjicit
1339 2796 1480 2867 quod
1522 2795 1799 2853 Mattbteus
1820 2841 1833 2866 ,
1881 2801 1985 2856 nisi

400 2879 544 2950 quod
569 2878 919 2937 Dalmanutha
941 2924 957 2950 ,
990 2884 1130 2954 quod
1168 2885 1220 2939 in
1258 2886 1569 2957 quibusdam
1613 2889 1882 2946 codicibus
1909 2892 1986 2948 le-

397 2972 560 3041 gitur,
591 2990 695 3029 non
721 2974 853 3030 dixit
884 2976 1162 3033 Mattlneus
1185 3021 1199 3046 ,
1231 2981 1325 3034 sed
1351 2981 1602 3051 Magedan
1630 2983 1819 3053 (Marc.
1851 3000 1943 3039 vnt
1963 3026 1977 3051 ,

399 3062 610 3135 10-12).
649 3062 768 3119 Non
803 3075 978 3121 autem
1017 3067 1360 3123 dubitandum
1404 3081 1485 3126 est
1521 3072 1767 3127 eumdem
1807 3075 1981 3131 locum

398 3168 519 3209 esse
548 3154 645 3210 sub
669 3164 894 3227 utroque
924 3159 1159 3214 nomine.
1192 3159 1321 3214 Nam
1366 3161 1600 3232 plerique
1635 3164 1846 3220 codices
1873 3183 1980 3222 non

396 3242 595 3299 habent
623 3246 780 3301 etiam
816 3248 1107 3304 secundum
1135 3250 1400 3321 Marcum,
1438 3253 1536 3308 nisi
1568 3254 1837 3327 Magedan.
1868 3258 1979 3316 Nec

396 3333 528 3391 illud
568 3347 797 3406 moveat,
828 3340 969 3411 quod
996 3340 1202 3423 Marcus
1232 3361 1337 3399 non
1363 3343 1491 3401 dicit
1517 3363 1827 3417 responsum
1857 3368 1977 3409 esse

394 3430 753 3500 quaerentibus
777 3432 984 3503 signum
1010 3433 1074 3489 de
1096 3437 1249 3499 coelo,
1278 3436 1417 3492 idem
1440 3438 1579 3509 quod
1608 3440 1885 3500 Matthaeus
1908 3447 1976 3503 de

393 3517 548 3587 Jona,
577 3520 669 3577 sed
697 3523 769 3577 ait
797 3525 1074 3579 Dominum
1103 3527 1440 3597 respondisse
1461 3572 1474 3595 ,
1509 3529 1725 3603 Signum
1752 3551 1851 3589 non
1880 3538 1973 3591 da-

394 3612 528 3667 bitur
552 3613 615 3667 ei.
651 3614 1053 3687 Intelligendum
1081 3628 1163 3675 est
1190 3621 1333 3676 enim
1360 3624 1512 3694 quale
1539 3626 1824 3696 petebant,
1872 3631 1973 3688 hoc

392 3712 493 3769 est,
522 3704 588 3761 de
610 3706 746 3762 emlo
772 3725 783 3760 :
809 3711 1147 3777 prmtermisit
1167 3723 1340 3770 autem
1366 3714 1541 3773 dicere
1562 3717 1629 3774 de
1653 3719 1804 3786 Jona,
1830 3722 1971 3792 quod

390 3792 672 3851 Mattharus
697 3804 1153 3857 commemoravit.

391 3884 618 3944 CAPUT
655 3887 763 3944 LII.
798 3922 869 3937 ——
895 3889 970 3946 De
996 3893 1238 3963 fermento
1265 3894 1644 3965 Pharisa’ornm
1663 3944 1677 3970 ,
1720 3907 1968 3977 quomodo

604 3995 715 4033 cum
744 3978 921 4037 Marco
956 3986 1243 4055 conveniat,
1275 3988 1352 4044 vel
1378 4007 1431 4043 re
1456 3984 1543 4046 vel
1561 3996 1753 4051 ordine.

463 4067 584 4123 107.
618 4068 865 4142 Sequitur
908 4072 1180 4130 Matthatus
1213 4095 1226 4131 :
1256 4077 1323 4132 Et
1362 4073 1546 4137 relictis
1584 4086 1687 4140 illis
1729 4089 1867 4143 abiit.
1900 4091 1969 4146 Et

388 4177 502 4214 cum
529 4160 771 4217 venissent
795 4163 1029 4237 discipuli
1056 4168 1164 4237 ejus
1188 4178 1328 4225 trans
1350 4173 1552 4244 frctunt,
1580 4176 1720 4231 obliti
1735 4192 1857 4244 sunt
1874 4198 1970 4252 pa-

387 4269 473 4306 nes
511 4254 750 4325 accipere.
796 4254 896 4323 Qui
940 4258 1069 4312 dixit
1101 4258 1201 4315 illis
1232 4278 1251 4316 :
1281 4259 1592 4335 Intuemini,
1644 4279 1689 4324 et
1727 4258 1892 4328 cavete
1934 4290 1968 4329 a

386 4349 630 4417 fermento
662 4345 1040 4405 Pharisteorum
1066 4362 1111 4407 et
1140 4353 1520 4427 Saducteorum,
1540 4370 1666 4429 ete.,
1704 4380 1869 4435 usque
1897 4368 1966 4425 ad

385 4435 514 4491 illud
544 4437 635 4492 ubi
661 4439 772 4508 ait,
815 4438 954 4496 Tunc
992 4443 1344 4501 intellexerunt
1370 4450 1488 4520 quia
1532 4470 1631 4507 non
1671 4455 1851 4511 dixerit
1878 4476 1964 4514 ca-

383 4529 597 4582 vendum
620 4547 651 4583 a
675 4531 917 4602 fermento
942 4552 1150 4606 panum,
1174 4539 1261 4593 sed
1284 4556 1314 4592 a
1341 4538 1568 4596 doctrina
1589 4541 1963 4607 Pharisaeorum

384 4629 429 4671 et
459 4620 819 4675 Saducteorum
850 4623 1061 4693 (Matth.
1091 4644 1196 4693 xu,
1227 4629 1408 4699 5-12).
1438 4632 1561 4687 licet:
1588 4635 1772 4692 eadem
1799 4642 1960 4699 etiam

380 4708 590 4766 Marcus
616 4723 667 4766 et
687 4714 875 4768 eodem
903 4717 1084 4771 ordine
1110 4718 1299 4789 digerit
1327 4721 1515 4793 (Marc.
1543 4742 1651 4792 vut,
1683 4730 1886 4804 1521).

380 4803 607 4859 CAPUT
646 4804 775 4860 LIII.
800 4837 871 4846 —
897 4805 1021 4862 Cum
1048 4810 1369 4884 interrogavit
1400 4817 1697 4889 discipulos,
1724 4840 1868 4893 quem
1893 4826 1959 4881 il-

455 4896 556 4951 lum
584 4898 802 4953 dicerent
833 4901 1074 4967 homines,
1102 4914 1270 4958 utrum
1296 4906 1426 4962 nihil
1452 4911 1581 4966 inter
1604 4930 1657 4966 se
1683 4927 1958 4987 repugnent

453 4988 744 5061 Matt/nens,
774 4992 978 5050 Marcus
999 5007 1044 5050 et
1071 4994 1254 5066 Lucas,
1284 4999 1425 5057 rebus
1450 5013 1535 5058 aut
1562 5006 1755 5061 ordine.

453 5086 571 5141 108.
602 5087 850 5157 Sequitur
876 5089 1152 5147 Matthaeus
1182 5112 1194 5147 :
1234 5089 1379 5149 Venit
1404 5108 1569 5151 autent
1588 5096 1737 5153 Iesus
1758 5102 1807 5156 in
1833 5119 1955 5175 par-

378 5192 449 5237 tes
480 5180 719 5237 Catsareaz
766 5180 1030 5255 Philippi,
1080 5198 1126 5241 et
1158 5188 1496 5261 interrogabat
1534 5192 1804 5264 discipulos
1837 5214 1955 5253 suos

378 5275 591 5329 dicens:
625 5273 781 5340 Quem
817 5292 894 5329 me
926 5277 939 5308 ³
972 5278 1143 5333 dicunt
1170 5280 1396 5335 homines
1431 5299 1535 5337 esse
1562 5280 1751 5337 Filium
1785 5285 1950 5340 homi-

376 5368 497 5422 nis?
524 5368 587 5421 At
627 5368 705 5423 illi
748 5368 1020 5425 dixerunt:
1047 5372 1153 5427 Alii
1209 5373 1460 5429 Joannem
1504 5377 1785 5450 Baptistam
1809 5420 1822 5444 ,
1861 5382 1952 5435 alii

375 5470 541 5513 autent
572 5458 760 5524 Etiam,
790 5460 880 5513 alii
904 5477 1014 5516 vero
1038 5458 1328 5531 Jeremiam,
1352 5476 1438 5520 aut
1459 5484 1610 5522 unum
1638 5485 1699 5523 ea:
1719 5465 1951 5542 Prophe-

440 5577 453 5646 ξ
481 5582 530 5646 tn
553 5574 707 5646 editis.
718 5574 985 5635 exciderat,
1007 5590 1083 5627 me
1096 5590 1113 5638 ;
1136 5579 1265 5641 quod
1286 5578 1364 5630 hic
1384 5580 1446 5632 in
1477 5584 1670 5646 optimm
1693 5592 1822 5639 nota
1839 5594 1947 5641 Ius.

373 5632 596 5693 habetur,
623 5644 673 5683 et
694 5637 743 5684 in
765 5650 940 5698 graeco.

435 5715 507 5779 (α)
530 5715 644 5764 Vide
659 5730 824 5778 supra,
841 5730 939 5780 cap.
978 5717 1053 5769 46.

1238 296 1324 352 DE
1361 296 1707 355 consensu
1753 281 2394 368 EVANGELISTARUM,
2433 303 2489 360 s.
2531 302 2889 363 AUGUSTI)“

3547 312 3656 380 “33

2126 412 2207 475 tis,
2227 422 2353 480 etc.,
2381 430 2547 485 usque
2565 418 2635 473 ad
2653 418 2783 474 illud
2803 419 2891 475 ubi
2917 421 3009 488 ait,
3041 420 3106 477 Et
3127 425 3460 497 quodcumque
3482 433 3652 491 solveris

2123 519 2275 572 super
2316 515 2500 562 terram
2522 551 2538 576 ,
2585 511 2675 567 erit
2713 513 2930 569 solutum
2970 523 3016 569 et
3056 516 3111 569 in
3147 517 3286 573 caelis
3326 519 3525 594 (Matth.
3549 544 3648 597 xw,

2125 592 2329 685 15-19).
2364 596 2474 654 Hoc
2506 600 2697 659 eodem
2719 620 2855 674 pene
2891 604 3078 662 ordine
3119 608 3323 667 Marcus
3337 592 3549 685 narrat,

2122 684 2435 758 interposuit
2452 691 2623 762 primo
2649 693 2717 751 de
2744 711 2888 752 caeco
2909 697 3216 765 illuminato,
3248 703 3384 774 quod
3411 684 3543 764 solus
3561 711 3647 782 ipse

2119 790 2517 851 commemorat,
2541 783 2606 840 de
2627 785 2717 841 illo
2737 788 2826 858 qui
2848 787 2979 844 dixit
3006 792 3246 853 Domino.
3285 792 3437 851 Video
3459 799 3644 860 hantines

2117 867 2245 921 sicut
2268 870 2467 926 arbores
2487 874 2798 930 ambulantes
2814 876 3004 947 (Marc.
3031 896 3144 948 vnt,
3166 882 3376 957 22-29).
3406 887 3558 946 Lucas
3572 908 3644 948 ειη-

2118 967 2223 1015 tem
2255 972 2371 1031 post
2398 964 2709 1021 miraculum
2735 967 2865 1024 illud
2892 972 2957 1026 de
2978 974 3207 1045 quinque
3233 978 3450 1048 panibus
3474 984 3560 1037 hoc
3577 998 3642 1039 re-

2116 1050 2363 1107 cordatur
2385 1096 2401 1120 ,
2437 1065 2594 1127 atque
2633 1058 2818 1115 inserit
2848 1060 2993 1135 (an.
3034 1080 3085 1119 1x
3107 1107 3123 1132 ,
3156 1065 3345 1140 18-20)
3375 1087 3389 1125 :
3416 1071 3550 1142 cujus
3571 1088 3625 1131 re

2114 1143 2435 1201 cordationis
2481 1148 2651 1217 ordo,
2690 1152 2825 1209 sicut
2862 1169 3017 1227 supra
3054 1157 3162 1227 jam
3207 1161 3639 1228 ostendimus,ni-

2114 1233 2187 1287 hil
2231 1249 2483 1310 repugnat
2523 1239 2695 1297 ordini
2734 1244 2973 1300 istorum.
3020 1248 3129 1304 Sed
3164 1260 3338 1319 potest
3382 1254 3504 1310 illud
3542 1272 3637 1315 Ino-

2111 1337 2264 1391 vere,
2312 1327 2459 1395 quod
2485 1327 2649 1386 Lucas
2680 1331 2961 1390 Dominum
3003 1340 3358 1411 interrogasse
3391 1345 3637 1417 discipulos

2111 1430 2267 1484 suos,
2296 1434 2452 1487 quem
2481 1421 2625 1477 illum
2652 1424 2891 1482 dicerent
2916 1428 3187 1500 homines,
3220 1442 3342 1490 tunc
3367 1436 3512 1501 dixit,
3538 1452 3635 1494 cum

2109 1517 2248 1562 esset
2277 1510 2422 1566 solus
2445 1528 2603 1570 orans
2622 1556 2636 1581 ,
2664 1524 2720 1572 et
2744 1519 2991 1577 adessent
3018 1524 3176 1594 etiam
3217 1528 3314 1597 ipsi
3348 1547 3362 1585 :
3390 1545 3533 1599 porro
3555 1547 3632 1587 au-

2109 1609 2212 1655 tem
2238 1601 2443 1659 Marcus
2469 1607 2520 1660 in
2547 1609 2629 1663 via
2654 1610 2782 1665 dicit
2810 1613 2926 1669 illos
2952 1614 3052 1671 hoc
3078 1617 3144 1672 ab
3165 1618 3354 1679 eodem
3381 1622 3632 1695 interroga-

2108 1701 2207 1748 tos.
2238 1692 2342 1750 Sed
2369 1711 2489 1751 eum
2516 1709 2720 1766 movet,
2752 1704 2841 1774 qui
2872 1722 3140 1778 nunquam
3168 1713 3340 1766 oravit
3370 1712 3419 1767 in
3446 1715 3516 1767 via
3542 1692 3575 1766 ’ξ

2177 1786 2297 1843 109.
2325 1787 2442 1843 Jam
2469 1791 2628 1847 etiam
2652 1794 2849 1851 dixisse
2874 1814 2959 1854 me
2986 1801 3185 1867 recolo,
3218 1819 3283 1859 ne
3311 1805 3422 1875 quis
3446 1805 3631 1860 arbitre-

2106 1888 2189 1933 tur
2216 1881 2354 1948 quod
2382 1881 2468 1937 hic
2496 1883 2683 1941 Petrus
2710 1903 2900 1945 nomen
2926 1896 3212 1965 acceperit,
3248 1897 3334 1953 ubi
3358 1898 3426 1952 illi
3448 1900 3542 1965 ait,
3570 1897 3629 1952 Tu

2102 1986 2151 2024 es
2180 1967 2394 2037 Petrus,
2431 1982 2477 2028 et
2510 1992 2659 2048 super
2695 1978 2824 2033 hanc
2858 1991 3048 2053 petram
3088 1986 3349 2056 tedi/icabo
3387 1985 3629 2043 Ecclesium

2101 2077 2279 2114 meam.
2310 2062 2423 2117 Non
2447 2065 2586 2120 enim
2611 2069 2818 2140 accepit
2839 2070 2943 2131 hoc
2963 2090 3183 2143 nomen,
3212 2078 3310 2132 nisi
3331 2077 3412 2132 ubi
3435 2078 3628 2134 Joannes

2099 2164 2479 2208 commemorat
2517 2156 2565 2210 ei
2599 2155 2798 2213 dictum
2838 2175 2956 2218 esse
2981 2204 2995 2229 ,
3030 2164 3105 2218 Tu
3148 2165 3393 2221 vocaberis
3427 2166 3626 2237 Cophes,

2097 2245 2232 2311 quod
2259 2246 2609 2317 interpretatur
2635 2247 2819 2305 Petrus
2846 2251 3020 2326 (Joan.
3053 2272 3066 2309 t
3090 2298 3104 2323 ,
3134 2257 3247 2329 42).
3278 2257 3422 2315 Unde
3447 2274 3533 2315 nec
3556 2259 3626 2314 illo

2097 2335 2233 2402 loco,
2286 2339 2373 2393 ubi
2422 2339 2629 2396 Marcus
2683 2342 2966 2402 duodecim
3015 2347 3309 2421 discipulos
3357 2351 3626 2407 nominatim

2095 2444 2542 2500 commemorans,
2578 2435 2711 2490 dixit
2734 2438 3025 2510 appellatos
3046 2440 3303 2501 Iacobum
3329 2454 3381 2501 et
3405 2444 3626 2503 Joannem

2093 2517 2231 2574 {Ilios
2255 2523 2502 2588 tonitrui,
2546 2526 2909 2584 arbitrandum
2949 2539 3035 2587 est
3056 2549 3254 2591 nomen
3277 2537 3523 2608 accepisse
3544 2536 3626 2592 Pe-

2094 2617 2263 2674 trum;
2310 2614 2432 2683 quia
2471 2614 2602 2670 dixit
2640 2618 2746 2673 illic
2774 2619 2917 2691 quod
2943 2621 3260 2694 imposuerit
3301 2628 3346 2682 ei
3389 2643 3557 2684 nomen
3580 2636 3625 2682 ut

2091 2714 2369 2763 vocaretur
2396 2705 2582 2762 Petrus
2612 2708 2797 2784 (Marc.
2826 2728 2883 2767 III
2904 2755 2918 2779 ,
2958 2714 3145 2787 16-19)
3179 2736 3191 2773 :
3222 2717 3322 2775 hoc
3346 2721 3473 2776 enim
3498 2736 3623 2777 reco-

2090 2791 2251 2848 lendo
2280 2795 2432 2862 dixit,
2462 2813 2565 2852 non
2596 2801 2737 2869 quod
2768 2813 2891 2857 tunc
2916 2803 3111 2861 factum
3144 2809 3233 2865 sit.

2088 2883 2317 2940 CAPUT
2354 2886 2482 2941 LIV.
2523 2920 2589 2930 -—-
2619 2889 2719 2947 Ubi
2761 2896 3117 2964 praenuntiavit
3166 2900 3421 2974 discipulis
3461 2902 3620 2973 passio-

2159 2994 2271 3030 nem
2296 2995 2460 3045 suam,
2489 2998 2603 3054 qua:
2631 2985 2694 3039 sit
2716 2986 2846 3040 inter
2873 2986 3197 3060 Matt/neum,
3230 2991 3451 3050 Marcum
3472 3004 3511 3051 et
3533 2992 3617 3047 Lu-

2158 3084 2267 3121 cam
2292 3073 2653 3129 convenientia.
2919 3095 2922 3098 ‘

2158 3158 2280 3215 110.
2322 3160 2574 3234 Sequitur
2613 3166 2927 3237 Matthteus,
2957 3181 3013 3228 et
3044 3172 3177 3230 dicit
3207 3194 3220 3230 :
3254 3174 3386 3231 Tunc
3423 3175 3617 3247 pracepit

2086 3247 2348 3321 discipulis
2390 3256 2494 3311 suis
2512 3298 2528 3324 ,
2560 3266 2616 3311 ut
2640 3260 2825 3314 nemini
2852 3261 3068 3319 dicerent
3093 3267 3214 3336 quia
3238 3267 3343 3339 ipse
3364 3277 3474 3324 esset
3495 3264 3615 3321 Iesus

2085 3338 2330 3399 Christus.
2362 3343 2567 3402 Exinde
2593 3350 2738 3421 cmpit
2774 3350 2927 3408 Iesus
2965 3356 3226 3413 ostendere
3257 3338 3498 3429 discipulis
3531 3355 3614 3410 suis

2081 3432 2199 3503 quia
2242 3445 2491 3507 oporteret
2525 3457 2638 3493 eum
2678 3441 2753 3495 ire
2785 3440 3193 3518 lerosolymam,
3238 3459 3282 3504 et
3311 3449 3456 3505 multa
3479 3445 3568 3519 pali
3587 3461 3614 3498 α

2079 3525 2355 3581 senioribus
2380 3537 2427 3581 et
2455 3529 2665 3598 Scribis,
2690 3542 2819 3602 etc.,
2839 3551 3005 3608 usque
3031 3539 3100 3595 ad
3130 3540 3260 3596 illud
3283 3542 3366 3598 ubi
3390 3541 3483 3608 ait,
3512 3537 3612 3597 Non

2079 3616 2217 3685 sapis
2254 3634 2318 3707 (ea
2341 3636 2453 3689 qua:
2479 3619 2577 3676 Dei
2607 3633 2723 3678 sunt
2743 3667 2759 3691 ,
2805 3629 2896 3683 sed
2919 3647 2979 3685 ea
3006 3648 3124 3701 quia
3158 3634 3404 3688 hominum
3432 3629 3608 3707 (Matth.

2078 3720 2198 3771 xw,
2243 3705 2461 3782 20.25).
2493 3710 2620 3769 Haec
2644 3715 2833 3774 eodem
2877 3720 3061 3777 ordine
3100 3724 3408 3781 subuectant
3439 3705 3609 3778 Marcus

2076 3803 2134 3851 et
2158 3797 2330 3855 Lucas
2359 3799 2547 3873 (Marc.
2575 3822 2669 3863 vm
2694 3850 2711 3878 ,
2742 3810 2937 3877 50-53,
2985 3822 3031 3867 et
3073 3813 3201 3870 Luc.
3241 3833 3333 3883 1x,
3364 3815 3460 3883 21,
3492 3810 3603 3884 93):

2075 3891 2173 3946 sed
2199 3891 2368 3949 Lucas
2394 3894 2463 3953 de
2488 3897 2650 3956 Petro
2673 3943 2688 3967 ,
2720 3902 2859 3974 quod
2890 3906 3124 3977 passioni
3153 3907 3343 3969 Christi
3377 3904 3603 3965 contradi-

2073 3986 2232 4052 xerit,
2259 3995 2415 4044 tacet.

2072 4073 2302 4133 CAPUT
2336 4078 2446 4135 LV.
2484 4112 2555 4122 —
2586 4082 2685 4139 Ubi
2716 4085 3023 4160 subjungunt
3070 4091 3225 4147 iidem
3258 4100 3351 4148 tres
3392 4088 3601 4164 quomodo

2143 4173 2435 4242 preceperit
2471 4171 2717 4230 Dominus
2743 4188 2798 4231 ut
2833 4191 2945 4251 post
2974 4197 3085 4236 eum
3113 4184 3202 4254 qui
3223 4185 3419 4243 voluerit
3440 4181 3575 4236 veniat

2142 4278 2292 4333 quam
2318 4281 2486 4319 secum
2512 4268 2832 4325 concordent.

2143 4355 2264 4409 111.
2293 4354 2541 4429 Sequitur
2562 4357 2837 4417 Mattbaeus
2863 4380 2876 4417 :
2910 4360 3049 4418 Tunc
3070 4380 3220 4421 sesus
3239 4366 3359 4422 dixit
3376 4360 3597 4433 discipulis

2068 4447 2173 4502 suis
2198 4466 2217 4504 :
2246 4446 2307 4503 Si
2331 4451 2442 4520 quis
2468 4450 2570 4505 vult
2599 4464 2711 4523 post
2739 4470 2817 4510 me
2842 4456 3027 4521 venire,
3051 4457 3259 4530 abneget
3286 4458 3593 4530 semetipsum.

2068 4546 2115 4591 et
2151 4538 2294 4592 tollat
2319 4555 2517 4595 crucem
2541 4558 2705 4608 suam,
2734 4554 2780 4598 et
2809 4556 3044 4612 sequatur
3078 4564 3158 4602 me
3179 4589 3194 4614 ,
3222 4557 3344 4615 etc”
3374 4559 3519 4615 usque
3537 4541 3594 4597 ad

2067 4629 2197 4684 illud
2223 4630 2311 4685 ubi
2343 4632 2435 4698 ait,
2461 4630 2532 4687 Et
2554 4644 2669 4691 tunc
2689 4635 2864 4691 reddet
2902 4638 3166 4710 unicuique
3202 4637 3453 4695 secundum
3488 4649 3594 4706 opus

2066 4723 2174 4794 ejus
2217 4721 2423 4799 (Matth.
2467 4742 2594 4794 xvr,
2621 4728 2833 4801 24-27).
2876 4730 2989 4789 Hoc
3035 4741 3092 4790 et
3132 4734 3332 4792 Marcus
3365 4727 3592 4809 subjuugit

2065 4815 2308 4872 eumdem
2329 4819 2568 4875 ordinem
2593 4837 2811 4879 servans
2836 4842 2849 4877 :
2877 4824 2971 4881 sed
2997 4826 3111 4897 ipse
3138 4844 3238 4883 non
3263 4827 3386 4884 dicit
3401 4825 3460 4881 de
3483 4819 3589 4876 Filio

2063 4903 2294 4962 hominis
2343 4919 2566 4966 venturo
2606 4929 2726 4968 cum
2769 4915 2987 4987 Angelis
3028 4921 3174 4982 suis,
3214 4927 3272 4972 ut
3292 4914 3461 4972 reddat
3489 4908 3586 4967 uni-

2061 4998 2251 5068 cuique
2291 5000 2579 5056 secundum
2624 5019 2757 5075 opus
2806 5020 2980 5061 suum.
3019 5006 3399 5064 Commemorat
3441 5013 3585 5059 tamen

2061 5092 2218 5146 etiam
2262 5092 2390 5148 illud
2421 5084 2923 5154 dixisse'Dominum
2948 5141 2963 5167 ,
3003 5101 3105 5169 Qui
3131 5102 3258 5155 enim
3285 5116 3357 5153 me
3382 5098 3585 5167 confusus

2061 5185 2230 5256 fuerit,
2260 5196 2306 5240 et
2331 5203 2441 5240 mea
2465 5190 2631 5259 verba,
2661 5189 2715 5244 in
2739 5194 3056 5263 generatione
3078 5195 3174 5250 ista
3197 5192 3413 5249 adultera
3432 5198 3473 5243 et
3496 5198 3585 5257 ρα-

2059 5276 2260 5336 catrice.
2294 5286 2340 5331 et
2370 5276 2537 5333 Filius
2561 5282 2778 5338 hominis
2807 5287 3139 5357 confundetur
3159 5302 3269 5343 eum
3291 5299 3398 5339 cum
3428 5275 3584 5335 veneti!

2057 5368 2110 5422 in
2139 5368 2301 5440 gloria
2329 5387 2422 5424 sua
2450 5388 2566 5426 cum
2593 5372 2798 5449 Angelis
2836 5378 3020 5434 sanctis
3050 5377 3237 5451 (Marc.
3256 5391 3371 5442 vut,

2057 5458 2209 5526 Quod
2254 5461 2473 5534 intelligi
2502 5473 2678 5535 potest
2718 5464 2785 5520 ad
2831 5467 3069 5525 eamdem
3108 5465 3406 5523 sententiam
3440 5458 3580 5530 perti-

2058 5566 2209 5622 nere,
2237 5568 2341 5626 qua
2366 5553 2499 5610 dixit
2525 5554 2820 5626 Matthtcus,
2850 5568 2909 5615 ut
2933 5557 3114 5615 reddat
3139 5556 3403 5627 unicuique
3420 5562 3582 5606 secuti.

2119 5672 2316 5724 lauet
2354 5664 3379 5786 uvagaugmputatqmdmmﬁt
3416 5669 3590 5720 υιιιοι,

2119 5739 2506 5786 .nat.llss.non
2686 5735 3046 5786 t.uutatouod.

2058 5735 3046 5801 acnumnmmbemmuntqwd.

3788 72 3808 483 l
