3878 6344
295 363 438 434 tias

296 488 424 544 dum
455 499 591 555 opus
617 497 787 539 suum.
825 480 996 537 Lucas
1020 490 1229 550 quoque
1255 474 1440 529 eadem
1467 471 1762 540 eodemque
1789 485 1878 523 or-

295 581 422 636 dine
449 578 708 638 annectit,
737 589 844 630 non
877 571 1098 628 multum
1138 569 1350 623 diverso
1372 565 1655 619 verborum
1683 561 1841 615 modo
1860 601 1873 625 ,

295 672 481 726 eadem
515 679 689 723 tamen
720 667 1101 722 sententiarum
1131 660 1352 716 veritate
1367 655 1696 713 simillimus‘
1725 651 1874 723 (Luc.

295 779 349 818 ιι
371 805 384 825 ,
413 758 628 832 25-26).

295 852 379 907 CA
391 851 524 909 PUT
564 849 694 906 LVl.
723 881 792 890 —
825 847 975 916 Quod
1000 863 1055 902 se
1080 844 1326 899 Dominus
1361 841 1515 896 tribus
1540 836 1802 908 discipulis
1826 836 1879 888 in

371 954 540 998 monte
565 943 781 997 ostendit
805 958 916 995 cum
946 939 1120 1009 Moyse
1145 947 1188 992 et
1220 935 1373 1003 Elia,
1403 931 1654 1004 quomodo
1677 931 1806 982 inter
1829 943 1884 982 se

369 1044 653 1105 congruant
676 1044 774 1088 tres
798 1034 878 1088 isti
908 1031 1084 1086 ordine
1102 1040 1146 1084 et
1168 1027 1333 1092 rebus,
1362 1036 1408 1079 et
1434 1025 1653 1079 maxime
1677 1031 1883 1093 prapter

371 1144 632 1182 numerum
659 1126 888 1190 dierum,
918 1125 1037 1195 quia
1064 1121 1338 1176 Matthwus
1377 1129 1422 1173 et
1465 1116 1674 1171 Marcus
1705 1115 1881 1169 dicunt

371 1227 484 1290 post
511 1235 598 1273 sea:
619 1218 724 1272 dies
754 1222 964 1288 factum,
992 1216 1126 1285 quod
1154 1213 1320 1266 Lucas
1352 1221 1461 1281 post
1483 1220 1614 1264 octo.

373 1311 495 1365 “2.
548 1309 794 1378 Sequitur
837 1307 1117 1361 ll-lattliaeus
1151 1322 1162 1356 :
1195 1303 1351 1357 Amen
1391 1303 1501 1354 diro
1543 1302 1682 1354 vobis
1713 1342 1726 1364 ,
1765 1307 1882 1353 sunt

297 1403 500 1473 quidam
528 1403 590 1455 de
609 1401 690 1454 hic
720 1399 984 1464 stantibus,
1010 1398 1093 1468 qui
1124 1414 1222 1449 non
1257 1395 1525 1466 gustabunt
1553 1402 1758 1448 mortem
1791 1393 1883 1446 do-

298 1511 388 1549 nec
412 1495 612 1549 videant
643 1491 693 1546 F
695 1493 837 1546 ilium
870 1492 1086 1544 hominis
1113 1491 1382 1542 venientem
1416 1489 1469 1542 in
1496 1503 1647 1559 regno
1676 1504 1787 1542 suo.
1815 1486 1883 1541 Et

297 1596 412 1657 post
441 1586 546 1639 dies
582 1601 670 1640 sea:
695 1584 968 1653 assumpsit
994 1581 1144 1636 Jesus
1179 1581 1415 1645 Petrum,
1459 1589 1503 1634 et
1527 1578 1773 1634 Iacobum
1792 1622 1806 1646 ,
1837 1589 1884 1633 et

293 1680 550 1735 Joannem
581 1679 786 1749 fratrem
811 1679 950 1750 ejus.
997 1686 1043 1729 et
1067 1676 1211 1728 duxit
1246 1676 1361 1728 illos
1395 1675 1445 1727 in
1476 1682 1695 1727 montem
1721 1671 1883 1726 excel-

294 1788 408 1826 sum
427 1785 672 1837 seorsum,
691 1777 817 1835 etc.,
844 1782 1009 1837 usque
1031 1765 1096 1820 ad
1126 1764 1250 1821 illud
1272 1765 1359 1818 ubi
1387 1766 1479 1830 ait,
1510 1763 1715 1818 Nemini
1741 1762 1882 1817 dixe-

295 1861 409 1916 ritis
437 1859 675 1914 visionem
694 1901 708 1923 ,
748 1858 906 1912 donec
936 1856 1105 1912 Filius
1148 1855 1367 1910 hominis
1407 1872 1438 1908 a
1468 1855 1675 1909 mortuis
1710 1870 1880 1908 resur-

297 1960 405 2022 gat.
450 1950 573 2005 Ha‘c
599 1950 733 2005 visio
761 1949 966 2003 Domini
1005 1949 1059 2002 in
1096 1958 1276 2001 monte
1321 1960 1500 2002 coram
1534 1945 1699 1999 tribus
1728 1943 1884 1998 disci-

297 2043 459 2114 pulis,
505 2040 663 2096 Petro
687 2082 700 2104 ,
743 2039 941 2095 Jacobo
968 2048 1023 2094 et
1050 2037 1253 2093 Joanne
1275 2079 1289 2099 ,
1322 2037 1407 2091 ubi
1448 2036 1605 2091 etiam
1651 2036 1716 2091 de
1745 2035 1883 2089 coelo

299 2135 378 2190 illi
408 2133 766 2190 testimonium
793 2144 1029 2202 paternae
1054 2130 1202 2186 vocis
1230 2129 1546 2200 perhibitum
1585 2137 1696 2191 est,
1727 2143 1755 2181 a
1784 2128 1881 2181 tri-

298 2226 398 2282 bus
427 2225 776 2295 Evangelistis
806 2223 995 2278 eodem
1025 2223 1212 2276 ordine
1240 2227 1705 2284 commemoratur,
1737 2225 1791 2272 et
1817 2216 1882 2271 ad

297 2316 513 2373 easdem
560 2316 774 2371 omnino
812 2315 1103 2370 sententias
1132 2312 1338 2382 (Matth.
1378 2328 1488 2377 xvr,
1513 2311 1582 2366 28
1605 2328 1618 2376 ;
1643 2326 1774 2375 xvn,
1808 2309 1878 2376 9;

301 2406 468 2463 Marc.
502 2423 623 2473 vni,
653 2405 721 2462 59
744 2424 758 2471 ;
781 2422 860 2471 ix,
891 2404 944 2470 9,
978 2415 1023 2458 et
1045 2402 1170 2457 Luc.
1203 2419 1277 2468 1x,
1305 2401 1489 2471 27-56)
1527 2418 1540 2454 :
1574 2400 1666 2455 sed
1692 2408 1883 2454 caetera

303 2499 594 2557 secundum
631 2515 691 2555 ea
732 2514 925 2570 genera
957 2499 1281 2552 locutionum
1323 2495 1527 2550 diversa
1554 2536 1568 2558 ,
1619 2494 1733 2547 sine
1778 2493 1883 2546 ulla

300 2589 680 2647 sententiarum
724 2589 1029 2645 diversitate
1055 2631 1068 2654 ,
1117 2603 1233 2658 qua:
1261 2587 1439 2640 multis
1469 2584 1601 2640 locis
1642 2583 1885 2654 superius

301 2682 804 2748 demonstravimus,
836 2680 1002 2734 videri
1031 2695 1060 2732 a
1089 2678 1376 2749 legentibus
1406 2685 1647 2749 possunt.

372 2775 494 2829 115.
523 2774 673 2843 Quod
709 2781 888 2828 autem
917 2772 1121 2826 Marcus
1157 2779 1274 2840 post
1302 2786 1396 2825 sex
1425 2769 1540 2825 dies
1577 2768 1772 2825 factum
1799 2767 1880 2822 di-

302 2868 400 2934 cit,
422 2869 558 2923 sicut
588 2867 888 2934 Mattliwus,
913 2867 1082 2921 Lucas
1103 2874 1277 2919 autem
1308 2873 1425 2934 post
1446 2873 1586 2927 octo,
1616 2877 1721 2917 non
1749 2877 1881 2917 con-

303 2958 570 3015 temnendi
611 2967 754 3024 sunt,
794 2958 837 3013 si
884 2972 1016 3027 quos
1064 2965 1257 3019 movet,
1299 2955 1390 3010 sed
1434 2955 1640 3010 ratione
1679 2953 1884 3009 reddita

306 3048 619 3104 instruendi.
651 3049 775 3104 Dics
804 3048 944 3103 enim
981 3051 1190 3118 quando
1218 3047 1556 3102 enuntiamus
1601 3045 1837 3100 dicentes
1867 3061 1882 3098 :

305 3139 434 3195 Post
469 3148 547 3194 tot
584 3139 734 3204 dies;
778 3137 1059 3208 aliquando
1090 3153 1194 3194 non
1232 3152 1642 3191 annutneramus
1667 3151 1787 3191 eum
1829 3134 1883 3188 in

305 3246 416 3302 quo
438 3231 721 3301 loquimur,
751 3239 806 3283 et
828 3247 947 3283 eum
979 3244 1084 3298 quo
1117 3244 1203 3283 res
1243 3229 1354 3298 ipsa
1390 3229 1564 3281 futura
1594 3236 1692 3288 est,
1725 3241 1886 3296 quam

306 3323 723 3392 praenuntiamus
749 3321 832 3374 vel
865 3321 1194 3388 pollicemur,
1237 3319 1329 3373 sed
1358 3319 1579 3383 medios,
1608 3328 1726 3386 post
1753 3333 1886 3386 quos

307 3430 493 3470 revera
539 3414 723 3482 plenos
750 3423 907 3482 atque
937 3412 1166 3481 integros
1211 3411 1337 3464 illud
1377 3409 1612 3464 futurum
1641 3420 1742 3464 est.
1775 3409 1887 3465 Hoc

307 3506 438 3562 fecit
465 3505 743 3558 Mattba'us
768 3513 820 3557 et
864 3504 1103 3567 Marcus;
1137 3515 1360 3570 excepto
1403 3517 1468 3557 eo
1511 3501 1596 3556 die
1641 3518 1746 3572 quo
1774 3501 1886 3556 hmo

309 3597 628 3667 loquebatur
653 3595 828 3661 Jesus,
857 3604 910 3649 et
945 3595 1033 3648 illo
1058 3609 1162 3664 quo
1195 3593 1433 3648 exhibuit
1464 3604 1805 3648 memoratam
1835 3595 1886 3647 in

310 3700 490 3745 monte
515 3690 793 3750 visionem,
831 3687 1032 3741 medios
1058 3687 1170 3741 dies
1193 3687 1452 3741 intuentes
1472 3685 1741 3750 dixerunt,
1766 3684 1890 3738 Post

311 3799 400 3837 sea:
429 3783 534 3836 dies
561 3799 578 3836 :
605 3781 748 3851 quod
769 3782 856 3836 ille
876 3780 1230 3834 annumeratis
1253 3778 1515 3843 finalibus,
1545 3778 1595 3832 id
1616 3786 1698 3833 est
1717 3777 1888 3848 primo

227 3906 232 3909 ς
311 3882 472 3942 atque
501 3873 706 3938 ultimo,
739 3870 897 3936 dixit,
930 3870 1051 3925 Post
1073 3880 1183 3924 octo
1214 3871 1338 3938 dies,
1369 3885 1432 3925 eo
1459 3869 1706 3940 loquendi
1732 3870 1889 3925 modo

313 3981 418 4036 quo
448 3981 568 4034 pars
597 3981 692 4034 pro
720 3974 832 4020 toto
859 3972 1324 4019 commemoratur.

389 4059 509 4112 114.
543 4057 672 4112 item
711 4058 850 4126 quod
879 4057 1046 4110 Lucas
1074 4057 1147 4109 ait
1172 4056 1236 4110 de
1264 4055 1442 4127 Moyse
1462 4065 1512 4109 et
1539 4056 1651 4111 Elia
1673 4098 1688 4122 ,
1716 4054 1780 4110 Et
1806 4060 1888 4128 fa-

313 4158 452 4203 ctum
474 4160 568 4217 est,
593 4149 714 4202 dum
735 4149 1044 4202 discederent
1064 4147 1124 4200 ab
1151 4149 1260 4210 illo,
1282 4149 1352 4200 ait
1381 4147 1561 4202 Petrus
1581 4149 1648 4201 ad
1671 4149 1846 4203 Iesum
1871 4164 1891 4203 :

321 4243 628 4312 Prteceptor,
657 4241 840 4296 bonum
865 4251 936 4295 est
962 4258 1051 4294 nos
1077 4241 1156 4294 hic
1181 4257 1302 4303 esse,
1334 4251 1385 4294 et
1409 4250 1621 4306 caetera,
1665 4258 1767 4296 non
1796 4243 1889 4297 de-

319 4337 408 4390 bet
439 4336 608 4405 putari
653 4335 976 4388 contrarium
1021 4333 1071 4386 ei
1113 4332 1251 4402 quod
1281 4333 1554 4387 Maltbazus
1583 4332 1893 4404 Marcusque

317 4429 390 4482 ita
419 4429 826 4495 coniunxerunt,
851 4426 1062 4480 Petrum
1087 4423 1188 4480 hoc
1209 4425 1534 4494 suggessisse
1553 4427 1700 4496 quasi
1721 4426 1893 4482 adhuc

317 4519 528 4591 Moyses
555 4528 606 4574 et
634 4520 776 4574 Elius
810 4534 929 4574 cum
959 4517 1186 4572 Domino
1220 4517 1581 4586 loquerentur.
1610 4517 1726 4573 Non
1751 4516 1891 4575 enim

319 4622 718 4682 expresserunt,
749 4611 889 4680 quod
917 4617 1076 4673 tunc;
1107 4609 1200 4662 sed
1230 4618 1507 4663 tacuerunt
1530 4611 1721 4680 potius,
1752 4611 1893 4680 quod

318 4706 420 4760 iste
445 4705 667 4769 addidit,
698 4703 800 4758 illis
818 4701 1210 4757 discedentibus
1242 4700 1342 4754 hoc
1376 4699 1586 4754 Petrum
1622 4701 1688 4755 de
1727 4703 1894 4757 tribus

317 4797 672 4853 tabernaculis
715 4795 966 4849 faciendis
1021 4794 1240 4849 Domino
1284 4794 1626 4862 suggessisse.
1680 4793 1896 4849 Addidit

313 4889 476 4944 etiam
502 4887 670 4941 Lucas
690 4926 704 4950 ,
738 4883 1053 4940 intrantibus
1081 4884 1181 4938 illis
1207 4883 1259 4937 in
1286 4882 1475 4937 nubem
1505 4925 1519 4948 ,
1563 4883 1749 4937 l'aelam
1775 4897 1894 4940 esse

315 4994 502 5035 vocem
529 4978 598 5032 de
619 4978 796 5043 nube;
827 4977 965 5047 quod
989 4976 1062 5030 illi
1084 4991 1188 5031 non
1219 4976 1484 5042 dixerunt,
1513 4975 1607 5032 sed
1635 4990 1734 5031 nec
1761 4991 1893 5032 con-

315 5072 665 5126 tradixerunt.

318 5166 545 5224 CAPUT
584 5165 739 5222 LVII.
765 5193 838 5206 --
866 5164 964 5221 Ubi
988 5165 1050 5218 de
1077 5165 1290 5218 aduentu
1319 5162 1450 5218 Elite
1475 5165 1671 5218 locutus
1694 5172 1767 5218 est
1791 5163 1890 5230 eis,

413 5275 527 5329 qua
545 5261 610 5314 sit
633 5258 976 5313 conuenientia
1004 5257 1132 5311 inter
1156 5256 1452 5312 Matthteum
1473 5266 1518 5310 et
1543 5257 1794 5311 Marcum.

393 5351 518 5406 115.
556 5351 802 5420 Sequitur
842 5349 1120 5404 Mattha'us
1147 5365 1166 5403 :
1203 5348 1272 5403 Et
1313 5350 1735 5418 interrogaverunt
1782 5364 1893 5402 eum

318 5441 556 5513 discipuli
576 5442 794 5496 dicentes
816 5456 836 5495 :
863 5440 999 5507 Quid
1017 5456 1134 5512 ergo
1158 5440 1349 5494 Scriba:
1368 5439 1540 5492 dicunt
1563 5439 1697 5510 quod
1721 5437 1895 5494 Etiam

319 5542 550 5605 oporteat
589 5534 805 5603 primum
844 5532 1047 5586 venire?
1079 5531 1146 5584 At
1185 5531 1272 5584 ille
1315 5530 1624 5602 respondens
1663 5532 1738 5583 ait
1775 5530 1892 5584 eis:

318 5626 465 5683 Elius
491 5626 692 5694 quidem
707 5632 946 5678 uenturus
967 5632 1039 5678 est
1057 5665 1069 5686 ,
1101 5632 1148 5677 et
1174 5625 1394 5678 restituat
1424 5623 1592 5676 omnia
1617 5637 1636 5676 :
1657 5622 1768 5676 dico
1795 5637 1892 5675 att-

317 5727 421 5776 tem
442 5717 580 5774 uobis
600 5717 720 5788 quia
741 5714 886 5771 Elius
905 5716 1018 5786 jam
1040 5717 1190 5781 venit,
1213 5727 1256 5770 et
1279 5734 1376 5770 non
1399 5725 1733 5788 cognoverunt
1758 5732 1888 5782 eum,

364 5820 404 5868 5'
431 5835 528 5878 ttat.
556 5827 717 5880 etduo
740 5834 867 5888 Μῶ..
889 5826 1164 5879 sententiam
1185 5827 1373 5880 veritate
1387 5827 1640 5881 simillimo.

1604 355 1806 412 LIBER
1843 350 2217 410 SECUNDUS.

3421 367 3562 426 1134

1985 469 2073 521 sed
2096 472 2319 539 fecerunt
2357 467 2411 522 in
2440 483 2496 523 eo
2519 482 2843 543 quaecumque
2873 473 3139 531 uoluerunt
3162 492 3186 540 ;
3207 478 3280 533 sic
3313 489 3359 534 et
3393 481 3566 540 Filius

1986 559 2200 613 hominis
2228 575 2469 630 passurus
2489 570 2562 616 est
2580 561 2644 616 ab
2673 565 2762 618 eis.
2790 564 2930 620 Tunc
2946 569 3296 626 intellexerunt
3321 573 3559 644 discipuli

1985 653 2102 723 quia
2123 652 2185 706 de
2201 651 2641 725 JoanneBaptista
2657 656 2862 713 dixisset
2879 660 2951 713 eis
2969 659 3176 730 (Hatth.
3197 680 3324 728 xvii,
3341 667 3558 734 10-15).

1988 740 2100 798 Hoc
2128 743 2268 798 idem
2295 743 2522 813 Marcus,
2555 748 2716 803 etiam
2740 748 2879 804 hunc
2899 751 3138 808 ordinem
3159 769 3399 827 servans,
3423 777 3563 818 com-

1987 838 2300 891 memoravit
2343 845 2397 892 et
2424 837 2477 892 in
2506 841 2756 895 nonnulla
2782 841 3090 902 diversitate
3113 849 3429 918 verborum,
3461 871 3560 910 nu-

1986 942 2170 997 squam
2217 936 2393 983 tamen
2427 929 2495 984 ab
2532 932 2770 999 ejusdem
2804 938 3087 993 sententia:
3115 942 3340 999 veritate
3362 945 3563 1002 disces-

1986 1018 2056 1072 sit
2085 1017 2274 1089 (Marc.
2304 1035 2354 1074 rx
2377 1061 2391 1086 ,
2433 1020 2620 1094 10—12)
2649 1041 2664 1076 :
2693 1024 2786 1080 sed
2813 1026 2928 1097 ipse
2955 1043 3059 1084 non
3086 1031 3318 1100 addidit,
3352 1037 3561 1096 intelleo

1987 1107 2132 1200 uisse
2157 1109 2444 1182 discipulos
2469 1114 2607 1182 quod
2626 1114 2883 1172 Joannem
2912 1119 3166 1178 Dominus
3190 1126 3558 1200 signiﬁcasset,

1987 1199 2210 1254 dicendo
2238 1201 2377 1270 quod
2407 1203 2548 1260 Elias
2572 1205 2680 1274 jam
2710 1207 2932 1264 venerit.

1986 1288 2214 1346 CAPUT
2251 1292 2431 1348 LVIII.
2460 1326 2530 1338 -—
2556 1295 2636 1351 De
2662 1297 2752 1353 illo
2775 1300 2864 1368 qui
2899 1303 2943 1356 ei
2976 1302 3152 1359 obtulit
3178 1306 3343 1376 ﬁlium
3375 1327 3559 1381 suum,

2056 1399 2201 1455 quem
2222 1384 2458 1457 discipuli
2485 1404 2668 1443 sanare
2689 1405 2788 1445 non
2819 1402 3103 1464 potuerant,
3135 1401 3555 1465 quemadmodum

2061 1483 2162 1529 tres
2187 1476 2272 1528 isti
2299 1481 2610 1534 consentiant
2635 1481 2784 1536 etiam
2807 1485 2984 1542 ordine
3008 1491 3332 1546 narrationis.

2062 1567 2180 1621 116.
2213 1567 2460 1640 Sequitur
2486 1571 2791 1642 Mattlnnus,
2820 1589 2873 1632 et
2899 1579 3026 1634 dicit
3059 1599 3072 1635 :
3103 1579 3174 1635 Et
3199 1600 3316 1638 cum
3355 1588 3566 1645 venisset

1987 1660 2054 1713 ad
2082 1661 2277 1716 turbam
2304 1706 2317 1729 ,
2361 1667 2569 1720 accessit
2610 1668 2678 1721 ad
2703 1686 2814 1724 eum
2854 1672 3003 1727 homo
3040 1677 3246 1744 genibus
3290 1681 3565 1748 provolutis

1987 1762 2100 1807 ante
2128 1771 2258 1821 eum,
2286 1757 2456 1812 dicens
2482 1774 2503 1813 :
2526 1757 2760 1827 Domine,
2798 1765 3034 1821 miserere
3058 1768 3154 1837 filii
3175 1771 3302 1839 mei,
3335 1775 3451 1844 quia
3483 1774 3566 1829 lu-

1988 1845 2182 1899 naticus
2202 1857 2292 1912 est,
2319 1858 2367 1902 et
2386 1847 2518 1904 male
2537 1854 2743 1921 patitur,
2768 1865 2896 1923 etc.,
2923 1872 3088 1928 usque
3105 1861 3170 1915 ad
3203 1862 3328 1917 illud
3359 1867 3446 1921 ubi
3467 1869 3564 1934 ait,

1989 1934 2104 1988 Hoc
2126 1948 2292 1991 autem
2317 1956 2472 2009 genus
2493 1958 2592 1995 non
2619 1944 2816 2013 ejicitur
2833 1945 2932 2000 nisi
2950 1966 3040 2018 per
3063 1953 3339 2007 orationem
3368 1965 3414 2009 et
3433 1959 3567 2029 jeju-

1940 2046 1949 2052 ί
1988 2030 2124 2083 nium
2157 2030 2365 2101 (Matth.
2396 2048 2501 2087 xvn
2528 2075 2541 2098 ,
2585 2035 2789 2108 Μρὲο).
2827 2038 2937 2094 lloc
2960 2050 3014 2095 et
3052 2042 3259 2099 Marcus
3297 2055 3352 2101 et
3393 2047 3566 2104 Lucas

1988 2125 2175 2180 eodem
2203 2126 2358 2180 etiam
2387 2127 2571 2183 ordine
2598 2143 2914 2203 memorant,
2939 2134 3054 2190 sine
3079 2137 3182 2190 ulla
3206 2142 3567 2209 repugnantia:

1987 2218 2278 2285 quwstionc
2309 2217 2495 2286 (:llarc.
2526 2235 2611 2287 ιχ,
2641 2221 2705 2276 16
2738 2222 2842 2290 28,
2875 2234 2922 2278 et
2944 2223 3072 2280 Luc.
3105 2244 3181 2295 ix,
3215 2229 3421 2304 38-45).

1988 2307 2213 2365 CAPUT
2249 2309 2385 2365 LIX.
2426 2341 2496 2351 —
2529 2311 2626 2368 Ubi
2668 2315 2730 2368 de
2774 2316 3006 2385 passione
3033 2335 3124 2373 sua
3153 2338 3267 2374 cum
3293 2323 3366 2377 eis
3405 2323 3567 2380 dixis-

2058 2413 2148 2466 set,
2178 2405 2458 2459 contristati
2481 2415 2616 2474 sunt,
2638 2409 2773 2479 quod
2799 2418 2898 2464 tres
2915 2411 3015 2481 ipsi
3038 2413 3208 2468 eodem
3229 2415 3406 2472 ordine
3433 2435 3569 2475 com-

2058 2509 2332 2550 memorant
2339 2537 2351 2549 .

2061 2589 2181 2642 117.
2249 2590 2500 2661 Sequitur
2550 2591 2843 2657 Mattluens,
2896 2595 3080 2653 dicens
3113 2616 3126 2652 :
3155 2597 3570 2658 Conversantibus

1987 2691 2155 2736 autem
2198 2682 2268 2736 eis
2310 2683 2362 2736 in
2393 2680 2623 2749 Galilwa,
2659 2685 2784 2739 dixit
2810 2685 2911 2742 illis
2933 2685 3084 2742 Iesus
3114 2706 3132 2744 .'
3160 2690 3326 2746 Filius
3355 2693 3570 2751 hominis

1989 2771 2264 2826 tradendus
2302 2781 2374 2827 est
2417 2774 2469 2827 in
2507 2791 2686 2828 manus
2725 2775 3013 2843 hominum;
3040 2788 3086 2832 et
3111 2781 3334 2836 occident
3363 2801 3493 2848 cum,
3523 2797 3569 2839 et

1989 2866 2133 2918 tertia
2162 2865 2242 2920 die
2268 2876 2510 2937 resurget.
2532 2865 2593 2920 Et
2610 2868 3012 2923 contristatisunl
3029 2871 3339 2928 vehementer
3356 2875 3564 2943 (Matth.

1987 2971 2133 3019 xvn,
2184 2958 2274 3021 2|,
2311 2956 2425 3028 2‘2).
2466 2957 2577 3012 Hoc
2613 2958 2798 3012 eodem
2839 2960 3025 3015 ordine
3055 2960 3258 3018 Marcus
3296 2964 3570 3036 Lucasque

1989 3057 2409 3102 commemorant
2437 3046 2625 3120 (Marc.
2661 3065 2732 3115 ix,
2763 3049 2956 3116 29-51,
2989 3062 3038 3106 et
3063 3052 3192 3108 Luc.
3226 3072 3300 3124 ix,
3332 3058 3420 3125 44,
3454 3059 3566 3132 45).

1989 3135 2213 3193 CAPUT
2251 3135 2361 3192 LX.
2380 3167 2452 3178 —
2479 3137 2577 3194 Ubi
2597 3139 2660 3193 de
2685 3157 2772 3194 ore
2799 3141 2949 3209 piscis
2967 3145 3116 3199 solvit
3143 3146 3398 3215 tributum,
3431 3151 3566 3220 quod

2484 3228 2538 3282 Μ
2546 3231 2757 3284 atthqu
2788 3232 2925 3287 solus
2954 3233 3093 3288 dicit.

2062 3322 2182 3375 118.
2242 3321 2490 3389 Sequitur
2529 3320 2834 3387 Mallhmus,
2867 3323 3163 3380 dicenszEt
3189 3345 3300 3382 cum
3329 3333 3575 3388 venissent

1992 3413 2366 3483 Capharnaum,
2392 3422 2702 3466 accesserunt
2730 3415 2812 3482 qui
2827 3413 3120 3468 didrachma
3145 3421 3468 3488 accipiebant.
3504 3424 3572 3478 ad

1995 3504 2284 3570 Petrum,et
2312 3506 2548 3559 dixerunt
2563 3507 2607 3560 ei
2629 3521 2647 3559 .'
2672 3504 2918 3576 Magister
2942 3517 3096 3562 vester
3125 3526 3222 3563 non
3245 3512 3390 3565 solvit
3405 3514 3571 3567 didra-

1991 3597 2178 3652 chma?
2207 3597 2317 3661 Ait,
2348 3595 2515 3649 Etiam
2535 3637 2549 3660 ,
2573 3605 2701 3660 etc.,
2733 3612 2900 3666 usque
2929 3598 2994 3652 ad
3022 3599 3144 3654 illud
3171 3601 3261 3656 ubi
3292 3603 3383 3670 ait,
3425 3603 3572 3660 Inueo

1993 3691 2098 3744 nies
2121 3697 2349 3742 statcrem
2363 3703 2386 3753 ;
2409 3687 2552 3741 illum
2576 3703 2777 3742 sumens
2805 3691 2870 3741 da
2897 3691 2966 3742 eis
3000 3707 3090 3758 pro
3115 3707 3196 3746 me
3215 3702 3261 3747 et
3287 3703 3332 3747 te
3357 3694 3567 3766 (Matth.

1994 3800 2120 3850 xvn,
2151 3781 2359 3856 23-26).
2394 3782 2502 3837 lloc
2528 3781 2673 3838 solus
2695 3781 2794 3837 iste
2818 3793 3216 3852 commemorat,
3257 3802 3364 3857 quo
3410 3789 3573 3846 inter-

1993 3879 2166 3951 posito
2195 3875 2438 3932 eumdem
2457 3873 2694 3929 ordinem
2725 3873 2976 3944 sequitur,
2994 3876 3044 3930 in
3067 3891 3171 3947 quo
3191 3891 3310 3933 cum
3327 3894 3391 3935 eo
3414 3881 3572 3938 etiam

1995 3969 2202 4024 Marcus
2232 3977 2285 4022 et
2309 3967 2478 4021 Lucas
2506 3965 2704 4036 pariter
2728 3967 3014 4021 ambulant.

1994 4059 2222 4116 CAPUT
2259 4057 2394 4114 LXI.
2444 4088 2515 4100 --
2558 4056 2638 4112 De
2672 4073 2825 4129 puero
2873 4061 3082 4129 parvulo
3130 4079 3276 4135 quem
3315 4068 3577 4135 proposuit

2067 4151 2386 4219 imitandum,
2415 4151 2478 4206 de
2499 4150 2754 4206 scandulis
2780 4152 2970 4216 mundi,
3003 4152 3066 4205 de
3093 4154 3322 4209 membris
3349 4159 3574 4226 corporis

2066 4243 2542 4308 scandalizantibus,
2589 4242 2652 4296 de
2690 4243 2882 4312 angelis
2910 4241 3234 4313 paruulorum
3279 4249 3364 4316 qui
3409 4247 3575 4302 vident

2069 4336 2248 4405 [aciem
2276 4333 2468 4400 Patris,
2500 4334 2562 4388 de
2586 4349 2688 4386 una
2713 4349 2804 4387 ove
2829 4348 2892 4387 ea:
2914 4333 3086 4388 ovibus
3117 4345 3334 4401 centum,
3382 4339 3444 4392 de
3467 4338 3578 4408 [να-

2070 4438 2144 4481 tre
2183 4427 2498 4496 corripiendo
2540 4427 2594 4479 in
2639 4434 2825 4480 secreto
2846 4466 2860 4490 ,
2899 4423 2962 4479 de
2995 4426 3243 4480 solvendis
3267 4428 3578 4503 ligandisquc

2071 4519 2304 4590 peccatis,
2323 4516 2385 4572 de
2399 4517 2668 4570 concordia
2692 4515 2903 4571 duorum
2927 4527 2975 4571 et
2995 4519 3376 4590 congregatione
3403 4523 3573 4589 trium,

2070 4611 2132 4664 de
2159 4607 2468 4663 dimittendis
2493 4607 2714 4678 peccatis
2748 4623 2902 4677 usque
2940 4609 3221 4680 septuagies
3259 4613 3472 4680 septies,
3515 4615 3577 4668 de

2071 4719 2208 4758 servo
2231 4703 2310 4756 cui
2338 4701 2599 4755 dimissum
2626 4710 2696 4756 est
2724 4701 2934 4754 multum
2962 4701 3208 4769 debitum,
3238 4713 3285 4758 et
3320 4703 3427 4776 ipse
3451 4725 3574 4777 par-

2069 4811 2184 4848 vum
2211 4810 2309 4848 non
2347 4792 2535 4846 dimisit
2558 4807 2812 4860 conservo,
2843 4791 3115 4849 Mattluuus
3151 4799 3575 4868 quemadmodum

2070 4886 2260 4941 cateris
2288 4901 2388 4940 non
2416 4893 2680 4957 repugnat.

2071 4979 2193 5035 119.
2245 4976 2496 5048 Sequitur
2533 4991 2660 5047 ergo
2695 4975 2836 5032 idem
2874 4976 3181 5043 Mattbaeus,
3227 4988 3280 5034 ct
3307 4979 3434 5037 dicit
3465 5001 3477 5037 :
3508 4981 3574 5039 In

1997 5072 2090 5127 illa
2118 5073 2243 5127 liora
2261 5080 2573 5126 accesserunt
2593 5071 2830 5142 discipuli
2858 5071 2926 5124 ad
2948 5070 3122 5125 Iesum
3143 5072 3399 5129 dicentes:
3429 5075 3570 5144 Quis,

1999 5176 2166 5241 putas,
2199 5167 2364 5238 major
2386 5174 2457 5220 est
2490 5165 2544 5218 in
2569 5179 2726 5234 regno
2749 5163 3022 5217 caelorum!
3044 5160 3112 5216 Bt
3138 5164 3386 5220 aduocans
3422 5167 3576 5222 Iesus

2000 5261 2284 5333 paruulum,
2310 5258 2485 5314 statuit
2521 5273 2634 5310 cum
2667 5255 2728 5308 in
2755 5254 2917 5310 medio
2939 5269 3125 5320 eorum,
3151 5266 3198 5309 et
3222 5255 3352 5311 dixit
3377 5274 3396 5312 :
3416 5259 3574 5314 Amen

1999 5355 2110 5410 dico
2131 5353 2287 5420 vobis,
2313 5350 2410 5406 nisi
2443 5347 2669 5403 conuersi
2689 5345 2903 5419 [iter-itis,
2931 5355 2979 5399 et
3004 5346 3284 5418 cﬁclamini
3301 5350 3428 5402 sicut
3452 5367 3574 5419 par-

1998 5449 2123 5516 vuli,
2155 5464 2254 5503 non
2280 5441 2528 5501 intrabitis
2548 5442 2600 5496 in
2628 5457 2832 5510 regnum
2861 5441 3126 5508 cistarum,
3158 5455 3323 5512 usque
3349 5443 3414 5497 ad
3445 5443 3574 5499 illud

1999 5541 2086 5597 ubi
2114 5540 2214 5606 ait,
2240 5537 2328 5593 Sic
2351 5544 2396 5590 et
2424 5533 2574 5588 Pater
2609 5548 2748 5588 meus
2771 5531 2984 5586 caelestis
3011 5531 3164 5604 faciet
3191 5533 3360 5600 vobis,
3396 5537 3440 5589 si
3473 5549 3574 5590 non

2000 5627 2287 5687 remiscritis
2337 5626 2674 5697 unusquisque
2712 5623 2860 5695 fratri
2900 5639 2993 5677 suo
3040 5622 3103 5676 de
3140 5622 3370 5678 cordibus
3401 5626 3576 5682 vestris

2001 5723 2210 5794 (Matth.
2244 5719 2416 5788 xvm).
2464 5717 2541 5773 Ex
2583 5718 2684 5772 isto
2733 5715 3003 5786 aliquanto
3046 5713 3331 5787 prolixiora
3363 5716 3570 5772 Domini

2002 5829 2246 5873 sermone
2285 5828 2387 5868 non
2419 5809 2627 5876 omnia,
2671 5806 2767 5866 sed
2804 5806 3048 5879 quaedam
3083 5806 3286 5865 Marcus
3326 5807 3570 5879 eumdem
