3888 6304
385 323 524 383 1155

384 451 612 510 sequens
641 435 881 492 ordinem
913 432 1126 503 posuit;
1180 429 1422 500 qmedam
1469 427 1625 482 etiam
1676 425 1808 492 ipse,
1849 435 1968 491 qua:

383 533 659 590 Matthteus
688 545 792 583 non
821 525 966 588 dicit,
1002 522 1223 578 inseruit
1269 519 1461 590 (Marc.
1511 535 1584 583 tx,
1617 518 1686 572 33
1719 515 1832 583 49).
1864 512 1968 567 To-

384 637 470 681 tus
491 635 666 678 autem
688 633 864 676 sermo
883 630 1160 688 quousque
1179 628 1302 667 eum
1323 607 1766 666 considerandum
1789 618 1970 660 susce-

384 721 578 787 pimus,
608 731 637 766 a
670 714 828 767 Petro
868 710 983 764 solo
1025 705 1426 774 interpellatur,
1463 710 1735 772 qua-rente
1760 698 1968 768 quoties

384 810 530 865 fratri
559 808 747 862 debeat
771 801 990 874 ignosci.
1023 800 1170 854 Talia
1196 799 1337 852 cnim
1362 796 1615 851 Dominus
1633 793 1965 862 loquebatur,

385 909 445 955 ut
472 900 599 953 satis
626 898 853 957 eluceat,
882 894 1041 948 etiam
1075 890 1176 944 hoc
1201 888 1340 958 quod
1370 887 1559 943 Petrus
1588 881 1964 950 interrogavit,

383 992 539 1060 eique
587 999 896 1058 responsum
928 991 1029 1048 est,
1062 980 1127 1035 ad
1159 977 1404 1034 eumdem
1453 976 1723 1047 pertinere
1766 985 1965 1027 sermo-

385 1098 508 1136 nem
560 1080 727 1134 Lucas
749 1084 948 1137 autem,
977 1072 1075 1126 nisi
1105 1070 1229 1124 illttd
1259 1068 1324 1122 de
1349 1065 1565 1138 parvulo
1586 1079 1743 1134 quem
1769 1061 1968 1115 consti-

385 1173 483 1228 tuit
508 1181 630 1225 ante
655 1167 944 1236 discipulos
976 1160 1310 1226 imitandum,
1341 1173 1462 1213 cum
1491 1156 1558 1212 de
1582 1171 1673 1210 sua
1704 1153 1967 1224 magnitu-

381 1265 505 1318 dine
530 1261 844 1331 cogitarent,
869 1256 997 1310 nihil
1027 1257 1128 1308 lioc
1147 1253 1329 1308 ordine
1351 1259 1562 1304 servato
1582 1250 1970 1302 commemorat

383 1353 532 1427 (Luc.
574 1369 654 1417 rx,
695 1349 909 1419 46-48).
943 1347 998 1401 Si
1029 1360 1129 1415 qua
1167 1344 1306 1399 enim
1352 1342 1455 1396 alia
1501 1339 1744 1393 similiter
1794 1335 1963 1427 dixit,

382 1425 499 1516 qua!
523 1453 578 1500 et
607 1445 658 1497 in
687 1443 787 1497 isto
815 1453 1061 1495 sermone
1091 1444 1215 1492 sunt
1260 1433 1450 1504 posita.
1482 1430 1606 1484 alibi
1649 1437 1704 1483 et
1745 1443 1810 1481 ex
1851 1425 1968 1480 aliis

382 1534 752 1594 occasionibus
779 1532 918 1587 dicta
947 1529 1173 1585 recoluit
1201 1545 1214 1581 ε
1246 1527 1383 1582 sicut
1409 1523 1642 1579 Joannes
1681 1520 1747 1574 de
1776 1517 1968 1574 remis—

383 1633 533 1686 sione
560 1635 918 1698 peccatorum,
941 1621 1081 1693 quod
1112 1619 1455 1682 tenebuntur,
1484 1613 1635 1668 sicui
1662 1609 1965 1672 tenuerint;

383 1731 439 1779 et
467 1721 814 1779 dimittentur,
837 1717 880 1769 si
907 1715 990 1769 cui
1018 1710 1333 1773 dimiserint,
1377 1717 1494 1778 post
1521 1701 1969 1760 resurrectionem

385 1830 418 1869 a
464 1811 686 1867 Domino
714 1808 915 1863 dictum
944 1809 1326 1860 commemorat
1360 1799 1536 1871 (Joan.
1569 1810 1669 1862 xx,
1693 1791 1820 1864 25);
1847 1805 1970 1845 cum

384 1903 666 1960 Mattbieus
692 1902 744 1955 in
775 1899 877 1954 hoc
901 1910 1150 1953 sermone
1180 1892 1462 1948 Dominum
1501 1887 1602 1942 hoc
1630 1885 1826 1940 dixisse
1854 1898 1968 1936 me-

387 1996 620 2060 minerit,
653 1991 795 2064 quod
825 1999 879 2046 et
908 1989 1065 2044 Petro
1091 1994 1245 2042 antea
1273 1983 1474 2039 dictum
1505 1981 1666 2034 fuisse
1693 1978 1830 2032 idem
1854 1975 1969 2044 ipse

381 2099 608 2145 testatur
633 2085 847 2156 (Matth.
876 2099 984 2150 xvi,
1017 2081 1128 2153 19).
1153 2079 1354 2134 Eadem
1386 2079 1560 2146 itaque
1588 2087 1732 2142 saepe
1761 2086 1823 2126 ac
1851 2070 1968 2139 plu-

386 2182 532 2236 ribus
571 2180 702 2235 locis
737 2177 917 2231 Jesum
943 2174 1165 2236 dixisse,
1197 2168 1384 2224 necubi
1413 2179 1742 2227 moveamur,
1769 2162 1812 2215 si
1839 2159 1972 2214 ordo

384 2273 644 2326 dictorum
674 2265 989 2338 quibusdam
1033 2276 1330 2332 repugnare
1379 2258 1666 2328 putabitur,
1700 2255 1836 2308 sicut
1858 2252 1970 2322 jam

386 2364 548 2416 toties
574 2355 1083 2419 commendavimus,
1114 2349 1425 2406 meminisse
1468 2347 1742 2411 debemus,
1774 2359 1842 2398 ne
1871 2344 1972 2396 hoc

386 2471 598 2525 semper
621 2453 909 2507 admonere
936 2461 1154 2502 necesse
1183 2445 1272 2498 sit.

388 2543 615 2601 CAPUT
655 2541 814 2597 LXII.
855 2569 924 2580 —
947 2536 1162 2604 Quando
1191 2534 1526 2602 interrogatus
1547 2538 1616 2584 est
1638 2537 1803 2581 utrum
1828 2526 1972 2579 liceat

459 2637 705 2691 dimittere
729 2647 956 2696 uxorem,
985 2627 1406 2694 quemadmodum
1431 2625 1558 2678 inter
1593 2639 1643 2676 se
1664 2620 1973 2674 consentiant

457 2728 729 2783 Matt/nens
755 2734 802 2779 et
835 2723 1063 2785 Marcus,
1093 2718 1313 2772 maxime
1333 2717 1396 2769 de
1424 2715 1548 2783 ipsis
1568 2709 1976 2782 interrogationi-

456 2823 548 2876 bus
568 2819 645 2874 vel
667 2816 871 2872 Domini
892 2815 967 2868 vel
985 2812 1284 2866 Judaaorum
1309 2821 1457 2878 atque
1485 2806 1758 2875 responsis,
1791 2802 1844 2855 in
1863 2800 1973 2872 qui-

458 2917 548 2969 bus
568 2914 796 2969 videntur
815 2909 1189 2981 aliquantulum
1211 2903 1429 2957 variare.

459 3009 581 3063 120.
605 3006 856 3076 Sequitur
881 3003 1176 3063 Matthzeus,
1203 3003 1272 3053 ita
1295 3007 1518 3053 narrans
1549 3009 1560 3049 :
1594 2990 1656 3046 Et
1676 2991 1862 3064 factum
1879 2994 1972 3053 est,

391 3116 504 3156 cunt
532 3104 924 3152 consummasset
944 3092 976 3148 J
984 3110 1094 3146 esus
1110 3106 1361 3145 sermones
1380 3091 1519 3152 istos,
1549 3087 1778 3158 migravit
1807 3102 1841 3139 a
1867 3082 1976 3140 Ga-

391 3190 548 3255 lifiea,
591 3198 637 3242 et
667 3187 795 3240 venit
824 3187 877 3238 in
904 3186 1032 3254 ﬁnes
1057 3181 1256 3236 Judaza:
1285 3191 1424 3234 trans
1449 3178 1730 3232 Jordanem
1761 3192 1779 3231 :
1809 3185 1855 3230 et
1897 3192 1978 3230 se-

392 3295 520 3337 cuta:
533 3290 646 3336 sunt
673 3295 786 3334 eum
809 3278 968 3331 turben
991 3277 1182 3342 multa,
1205 3286 1252 3328 et
1281 3272 1469 3326 curavit
1483 3288 1564 3326 eos
1590 3271 1680 3324 ibi.
1712 3270 1779 3323 Et
1803 3287 1974 3324 acces-

389 3387 562 3429 serunt
617 3371 684 3426 ad
723 3387 834 3424 cum
886 3367 1156 3431 Pharisati,
1197 3375 1438 3420 tentantes
1477 3381 1608 3429 eum,
1641 3373 1686 3416 et
1713 3363 1931 3415 dicentes
1958 3378 1975 3413 :

391 3469 454 3524 Si
480 3470 592 3522 licet
621 3464 811 3519 homini
848 3462 1094 3516 dimittere
1135 3474 1342 3512 uxorem
1384 3473 1527 3511 suam
1565 3470 1877 3525 quacumque
1915 3468 1978 3506 ea:

395 3576 570 3621 causa,
602 3567 731 3622 etc.,
763 3569 930 3625 usque
957 3552 1024 3607 ad
1055 3551 1181 3606 illud
1209 3551 1295 3605 ubi
1333 3551 1425 3611 ait,
1455 3547 1554 3612 Qui
1603 3555 1760 3617 potest
1800 3560 1980 3614 capere

392 3653 561 3723 capiat
587 3649 695 3720 (Id.
731 3663 837 3712 xtx,
875 3647 898 3700 1
941 3644 1052 3714 12).
1089 3643 1199 3696 Hoc
1239 3649 1296 3696 et
1330 3640 1534 3709 Marcus
1571 3644 1974 3702 conuuemorat,

393 3745 640 3802 eumdem
661 3741 904 3796 ordinem
935 3749 1118 3792 tetu-ns
1141 3734 1329 3806 (Marc.
1365 3749 1418 3798 x,
1447 3731 1612 3803 1-12).
1636 3731 1776 3786 Sane
1797 3728 1977 3784 viden-

394 3841 520 3896 dum
547 3847 650 3902 est,
676 3852 744 3891 ne
768 3846 1062 3904 repugnare
1095 3831 1349 3891 videatur,
1381 3826 1520 3896 quod
1554 3825 1690 3879 idern
1717 3823 1924 3878 Marcus
1947 3836 1978 3875 a

394 3930 623 3988 Domino
645 3927 773 3981 dicit
796 3927 1148 3994 interrogatos
1173 3921 1488 3984 Pharisaios,
1517 3918 1642 3988 quid
1670 3918 1748 3972 eis
1768 3916 1980 3987 Moyses

396 4021 748 4095 princeperit,
793 4025 952 4087 atque
985 4017 1056 4069 ita
1090 4015 1207 4068 illos
1259 4009 1606 4080 interroganti
1635 4008 1980 4079 respondisse

398 4115 468 4171 de
491 4113 750 4182 permisso
770 4107 869 4164 sibi
891 4107 1067 4162 libello
1089 4104 1290 4174 repudii
1317 4120 1331 4156 :
1354 4118 1472 4157 cum
1497 4099 1772 4155 Mattbaaus
1788 4098 1983 4153 dixerit

398 4206 579 4262 verbis
602 4200 830 4262 Domini,
860 4199 1050 4270 quibus
1069 4195 1374 4252 ostenderat
1401 4210 1464 4248 ex
1491 4192 1630 4262 Lege
1662 4192 1826 4246 Deum
1847 4206 1981 4244 con-

396 4298 636 4368 iunxisse
663 4293 954 4349 masculum
981 4300 1034 4345 et
1057 4290 1328 4354 feminam,
1352 4298 1400 4342 et
1426 4295 1704 4356 propterea
1742 4298 1848 4337 non
1889 4296 1981 4337 eos

400 4391 597 4446 debere
623 4387 692 4441 ab
727 4385 940 4441 homine
982 4384 1237 4452 separari,
1297 4380 1415 4434 illos
1462 4379 1710 4435 retulisse
1753 4391 1981 4448 respon-

401 4483 627 4541 sionem,
647 4478 781 4544 Quid
805 4493 922 4547 ergo
950 4474 1151 4545 Moyses
1176 4473 1428 4526 mandavit
1449 4470 1560 4524 dati
1589 4470 1808 4524 libellum
1833 4484 1982 4537 repu-

402 4573 505 4636 dii,
532 4581 578 4625 et
613 4568 896 4622 dimittere?
923 4566 1124 4634 Quibus
1153 4566 1342 4620 iterum
1373 4565 1466 4627 ait,
1503 4562 1752 4626 Quoniam
1783 4560 1984 4631 Moyses

405 4666 473 4719 ad
502 4664 742 4716 duritiam
768 4661 932 4714 cordis
959 4660 1102 4713 vestri
1123 4659 1346 4727 permisit
1367 4655 1502 4710 vobis
1527 4656 1776 4710 dimittere
1804 4671 1984 4710 uxores

403 4769 590 4815 vestras
623 4755 727 4808 :ab
748 4755 888 4807 in.tio
921 4763 1088 4807 autem
1131 4768 1231 4806 non
1266 4753 1337 4805 sic
1375 4751 1490 4820 fuit.
1522 4749 1652 4804 Nam
1685 4759 1739 4803 et
1779 4749 1984 4803 Marcus

403 4851 543 4904 hanc
573 4845 778 4902 Domini
810 4844 1206 4913 responsionem
1232 4859 1336 4898 non
1356 4850 1510 4905 tacet,
1527 4841 1618 4895 sed
1642 4850 1981 4911 posteaquam

405 4944 455 4998 ei
482 4941 870 5012 responderunt
897 4937 1236 5008 interroganti
1259 4937 1326 4992 de
1351 4936 1530 4991 libello
1560 4936 1785 5005 repudii.

478 5036 599 5091 121.
630 5036 682 5089 lu
707 5051 814 5104 quo
841 5035 1025 5090 ordine
1052 5033 1131 5086 vel
1157 5032 1317 5086 modo
1337 5030 1615 5085 verborum
1656 5030 1756 5084 hoc
1794 5029 1988 5085 intelli-

403 5146 530 5202 gere
569 5129 844 5192 debemus,
875 5129 940 5183 ad
973 5129 1045 5181 rei
1067 5128 1339 5181 veritatem
1371 5124 1498 5178 nihil
1527 5123 1781 5179 interesse
1811 5134 1984 5177 utrum

410 5224 637 5278 Domino
661 5221 1044 5290 separationem
1080 5217 1374 5288 prohibenti
1403 5225 1456 5270 et
1481 5216 1796 5271 sententiam
1836 5230 1985 5269 suam

406 5315 476 5370 de
499 5315 637 5384 Lege
666 5313 912 5367 firmanti.
938 5312 1034 5381 ipsi
1061 5311 1330 5364 intulerint
1349 5309 1693 5378 quazstioncm
1717 5310 1780 5362 de
1807 5307 1985 5361 libello

408 5407 615 5474 repudii
641 5421 733 5473 per
759 5405 1006 5459 eumdem
1037 5403 1247 5474 Moysen
1270 5401 1368 5455 sibi
1398 5402 1677 5470 ρει-μήδεο,
1713 5417 1804 5470 per
1828 5415 1985 5470 quem

411 5508 465 5554 et
495 5498 618 5550 illud
649 5498 900 5564 scriptum
932 5504 1032 5560 est,
1073 5494 1209 5562 quod
1243 5493 1379 5549 Deus
1411 5495 1742 5560 coniunxerit
1779 5509 1984 5548 mascu-

411 5590 518 5642 lum
550 5599 602 5641 ct
634 5588 875 5642 feminam
913 5587 1060 5655 (Gen.
1097 5604 1154 5650 ll,
1190 5587 1314 5654 '24);
1361 5604 1425 5640 an
1471 5587 1572 5641 hoc
1619 5587 1755 5640 idem
1803 5586 1875 5639 illi
1919 5585 1986 5640 de

413 5686 678 5745 praecepto
707 5677 872 5747 Moysi
901 5694 994 5732 e0s
1024 5679 1367 5745 interroganti
1415 5677 1804 5748 responderint.
1852 5677 1984 5732 Nam

410 5777 464 5825 et
494 5766 735 5822 voluntas
777 5769 891 5838 ejus
931 5770 1002 5825 ita
1035 5785 1093 5824 se
1136 5769 1380 5837 habebat,
1414 5778 1470 5824 ut
1505 5785 1611 5826 non
1634 5770 1712 5826 eis
1741 5769 1987 5849 redderet

1153 317 1247 380 DE
1283 311 1627 373 CONSENSU
1670 305 2318 376 EVANGELISTARUM,
2361 312 2418 366 S.
2461 308 2828 368 AUGUSTINI

3523 307 3679 365 {136

2076 421 2337 476 rationem
2379 436 2475 477 cur
2512 421 2637 476 illud
2667 421 2875 492 Moyses
2901 418 3220 489 permiserit,
3250 417 3352 475 nisi
3382 417 3536 491 prius
3565 417 3678 489 ipsi

2076 515 2176 569 hoc
2214 525 2750 579 commemorassent;
2781 530 2897 584 quin
2923 513 3168 568 voluntas
3200 513 3354 583 ejus,
3398 528 3461 568 ea
3505 529 3678 582 quam

2076 607 2282 662 Marcus
2309 609 2517 677 posuit,
2549 606 2961 676 interrogatione
2987 620 3012 659 s
3033 606 3276 675 gniﬁcata
3305 616 3390 660 est
3417 624 3432 659 :
3459 616 3518 661 et
3541 603 3676 660 illo-

2075 715 2192 755 rum
2222 701 2466 754 Voluntas
2498 700 2608 769 ipsa
2633 708 2768 762 erat,
2799 708 2856 752 ut
2877 698 2945 752 de
2965 699 3281 753 auctoritate
3308 696 3503 768 Moysi,
3534 713 3679 767 quo-

2077 792 2215 846 niam
2251 790 2519 845 mandavit
2551 790 2706 845 darili
2735 789 2932 844 bellum
2975 789 3200 860 repudii,
3239 799 3491 860 tanquam
3533 805 3677 845 con-

2075 881 2351 936 cluderent
2387 896 2507 935 eum
2537 881 2926 950 separatiouem
2961 880 3078 936 sine
3123 880 3284 935 dubio
3316 889 3625 934 vetaturum
3653 896 3671 944 ;

2077 971 2178 1026 hoc
2204 973 2344 1026 enim
2375 971 2565 1026 dicturi
2609 973 2768 1026 etiam
2813 980 3074 1027 tentantes
3129 982 3487 1027 accesserant.
3532 972 3676 1040 Qum

2075 1063 2319 1117 voluntas
2347 1078 2532 1118 eorum
2574 1062 2651 1117 sic
2702 1077 2956 1133 expressa
2999 1074 3080 1118 est
3121 1079 3213 1133 per
3251 1063 3578 1126 Matthmum,
3612 1073 3678 1118 ut

2082 1170 2189 1210 non
2218 1168 2313 1209 eos
2339 1169 2457 1209 esse
2500 1165 2941 1210 commemoraret
2985 1154 3357 1226 interrogatos,
3397 1155 3491 1211 sed
3523 1157 3677 1210 ultro

2077 1247 2316 1302 intulisse
2345 1249 2412 1303 de
2444 1248 2692 1302 mandato
2722 1247 2909 1318 Moysi,
2959 1262 3064 1317 quo
3100 1247 3246 1302 velut
3287 1247 3676 1302 convincerent

2077 1339 2356 1395 Dominum
2384 1342 2770 1409 separationem
2797 1339 3078 1408 conjugum
3106 1339 3499 1408 prohibentem.
3529 1340 3673 1394 Cum

2075 1445 2202 1500 ergo
2229 1431 2475 1484 voluntas
2509 1431 2856 1500 loquentium,
2888 1431 2970 1483 cui
2997 1429 3196 1484 debent
3223 1431 3384 1485 verba
3415 1431 3625 1486 servire
3652 1471 3670 1496 ,

2075 1522 2142 1576 ab
2175 1521 2506 1591 Evangelista
2545 1531 2771 1592 utroque
2811 1531 3102 1576 ntonstrata
3149 1522 3239 1589 sit,
3267 1522 3397 1578 nihil
3442 1522 3675 1579 interest

2076 1628 2234 1682 quam
2281 1613 2527 1667 diversus
2557 1613 2695 1668 inter
2731 1612 2915 1667 ambos
2957 1612 3114 1667 fuerit
3151 1613 3397 1668 narrandi
3425 1614 3622 1669 modus
3651 1656 3671 1683 ,

2077 1702 2201 1758 dum
2228 1703 2295 1758 ab
2321 1703 2509 1760 eadem
2539 1704 2758 1760 veritate
2786 1713 2973 1760 neuter
3001 1703 3330 1760 abscederet.

2154 1793 2270 1848 122.
2305 1794 2486 1850 Potest
2527 1796 2687 1850 etiam
2725 1795 2827 1850 hoc
2867 1796 3118 1866 intelligi,
3147 1795 3287 1865 quod
3311 1838 3325 1862 ,
3369 1798 3507 1852 sicut
3535 1796 3674 1854 dicit

2075 1887 2298 1950 Marcus,
2331 1889 2478 1957 prius
2505 1903 2599 1943 eos
2625 1887 2693 1944 de
2718 1903 2884 1944 uxore
2913 1888 3224 1943 dimittenda
3271 1889 3672 1960 interrogantes

2078 1978 2334 2032 Dominus
2363 1979 2596 2033 vicissim
2639 1979 3010 2050 interrogaret,
3057 1979 3186 2050 quid
3228 1979 3309 2034 eis
3348 1983 3673 2052 praeceperit

2077 2070 2286 2140 Moyses
2321 2090 2332 2125 :
2362 2073 2449 2140 qui
2486 2087 2607 2126 cum
2641 2071 3078 2141 resliondissent,
3108 2071 3321 2144 Moysen
3355 2073 3671 2144 permisisse

2077 2163 2310 2217 libellutn
2341 2164 2545 2233 repudii
2587 2164 2840 2228 scribere,
2872 2158 2926 2218 et
2953 2163 3239 2228 dimittere,
3270 2164 3544 2234 respondit
3580 2166 3670 2219 eis

2077 2253 2144 2309 de
2174 2255 2284 2324 ipsa
2312 2254 2449 2324 Lege
2473 2269 2568 2325 per
2596 2255 2808 2326 Moysen
2837 2255 2989 2320 data,
3029 2256 3298 2326 quomodo
3328 2256 3470 2312 Deus
3508 2257 3666 2311 insti-

2077 2347 2238 2400 tuerit
2263 2347 2566 2415 eonjugiutn
2614 2346 2834 2400 masculi
2882 2356 2934 2400 et
2979 2346 3209 2413 feminae,
3239 2347 3422 2402 dicens
3449 2363 3510 2403 ea
3541 2363 3667 2419 quae

2077 2439 2224 2506 ponit
2253 2438 2548 2504 Matthieus,
2589 2439 2641 2492 id
2685 2448 2786 2503 est,
2837 2437 2956 2491 Non
2986 2438 3174 2510 legistis
3201 2441 3320 2510 quia
3347 2442 3434 2510 qui
3453 2442 3572 2511 fecit
3597 2442 3667 2494 ab

2077 2531 2239 2594 initio,
2273 2531 2551 2584 ntasculunt
2579 2541 2624 2584 et
2651 2531 2892 2600 feminam
2917 2532 3033 2602 fecit
3061 2548 3168 2597 eos,
3197 2541 3252 2586 et
3278 2543 3492 2586 caztera.
3529 2533 3668 2599 Qui-

2078 2621 2177 2675 bus
2202 2622 2392 2675 auditis
2423 2621 2494 2674 illi
2531 2621 2582 2674 id
2623 2622 2762 2689 quod
2789 2622 2836 2676 ei
2871 2622 3040 2690 primo
3070 2623 3411 2692 interroganti
3443 2637 3669 2692 reSpon-

2078 2711 2299 2778 derant,
2355 2713 2752 2782 repetivernnt,
2801 2712 3073 2778 dicentes,
3130 2714 3264 2779 Quid
3307 2731 3424 2784 ergo
3457 2714 3667 2783 Moyses

2080 2805 2333 2858 mandavit
2383 2805 2496 2857 dari
2540 2803 2762 2858 libellum
2812 2807 3048 2873 repudii,
3102 2817 3146 2858 et
3186 2805 3479 2860 dimittere?
3516 2807 3668 2863 Tunc

2081 2898 2236 2954 Iesus
2263 2912 2476 2952 causam
2505 2896 2735 2952 ostendit
2764 2912 2883 2953 esse
2917 2897 3164 2952 duritiam
3203 2897 3379 2952 cordis
3407 2899 3667 2968 ipsorum,

2081 3006 2240 3060 quam
2281 2989 2488 3046 Marcus
2518 2990 2792 3046 brevitatis
2825 3005 2982 3045 causa
3024 2990 3171 3058 prius
3203 2987 3373 3058 ponit,
3415 2997 3666 3060 tanquam

2088 3090 2161 3144 illi
2196 3088 2376 3157 priori,
2408 3103 2564 3157 quam
2593 3091 2865 3147 Matthmus
2893 3089 3194 3156 intermisit,
3221 3106 3408 3149 eorum
3436 3111 3664 3168 respon-

2081 3180 2217 3236 sioni
2242 3179 2530 3245 redditam;
2561 3181 2692 3234 nihil
2724 3181 2967 3250 deperire
2995 3181 3245 3252 judicans
3275 3187 3504 3250 veritat,
3535 3204 3667 3259 quo-

2081 3286 2307 3341 cumque
2329 3273 2446 3326 loco
2470 3271 2670 3326 eisdent
2694 3272 2819 3341 ipsis
2842 3272 3016 3326 verbis
3043 3289 3161 3343 qua:
3183 3273 3263 3328 bis
3280 3275 3526 3330 dixerant
3547 3280 3668 3332 red-

2081 3361 2316 3428 deretur,
2336 3364 2582 3432 quoniam
2601 3364 2727 3432 ipsis
2742 3364 2917 3418 verbis
2934 3379 3048 3418 eam
3068 3364 3372 3420 reddiderat
3391 3367 3662 3423 Dominus.

2082 3455 2305 3510 CAPUT
2334 3454 2508 3508 LXIII.
2537 3484 2608 3494 -—
2633 3453 2708 3508 De
2734 3456 2958 3524 parvulis
2983 3456 3163 3528 quibus
3201 3475 3379 3513 manus
3407 3460 3663 3530 imposuit,

2156 3549 2217 3601 de
2244 3548 2392 3601 divite
2419 3548 2502 3601 cui
2531 3549 2678 3613 dixit,
2717 3548 2893 3603 Vende
2933 3551 3108 3603 omnia
3144 3562 3266 3615 tua;
3300 3552 3362 3605 de
3391 3553 3534 3606 vinea
3570 3569 3668 3623 quo

2154 3640 2385 3693 conducti
2406 3649 2521 3692 sunt
2548 3641 2763 3708 operarii
2792 3656 2880 3707 per
2906 3640 3054 3694 horas
3080 3641 3320 3707 diversas,
3342 3645 3667 3712 quemadmo-

2156 3732 2276 3785 dum
2304 3731 2575 3786 Mattlttrtts
2604 3732 2797 3786 duobus
2827 3733 2943 3785 aliis
2974 3751 3074 3787 non
3099 3745 3360 3806 repugnet.

2158 3822 2276 3878 125.
2302 3824 2548 3892 Sequitur
2569 3823 2844 3878 Matutinus
2861 3839 2873 3875 :
2893 3823 3036 3878 Tunc
3059 3825 3211 3878 oblati
3241 3835 3357 3879 sunt
3383 3827 3428 3881 ei
3449 3829 3664 3898 parvuli,

2085 3927 2140 3972 ut
2165 3934 2344 3971 manus
2371 3918 2443 3971 eis
2469 3919 2762 3988 imponeret,
2796 3927 2842 3970 et
2871 3927 3033 3971 oraret
3063 3918 3340 3988 :discipuli
3377 3931 3542 3974 autem
3586 3921 3666 3973 itt-

2087 4013 2354 4084 crepabant
2377 4027 2480 4085 eos,
2509 4021 2562 4065 et
2587 4021 2800 4076 caetera,
2832 4026 2999 4080 usque
3028 4011 3093 4064 ad
3122 4012 3249 4067 illud
3278 4012 3363 4066 ubi
3388 4016 3480 4076 ait,
3514 4011 3667 4067 Multi

2087 4105 2218 4158 enim
2242 4115 2356 4158 sunt
2381 4104 2557 4167 vocati,
2579 4103 2726 4172 pauci
2740 4113 2905 4156 autem
2931 4102 3072 4157 electi
3098 4103 3307 4175 (Matth.
3326 4121 3434 4167 xtx,
3466 4106 3549 4170 1'5;
3577 4122 3664 4175 xx,

2090 4196 2202 4264 16).
2229 4195 2379 4251 Hunc
2403 4211 2521 4250 cum
2550 4195 2795 4250 Matthazo
2812 4195 3018 4251 Marcus
3033 4197 3272 4253 ordinem
3296 4200 3661 4270 tenuit(Marc.

2089 4305 2144 4354 x,
2176 4289 2382 4359 15-51),
2406 4287 2498 4343 sed
2525 4287 2592 4342 de
2617 4288 2895 4342 conductis
2919 4290 3178 4359 operariis
3205 4290 3269 4345 ad
3292 4292 3501 4346 vineam
3522 4293 3664 4348 solus

2089 4381 2367 4437 Matthmus
2409 4381 2718 4450 interponit.
2755 4381 2924 4435 Lucas
2955 4393 3131 4435 autem
3167 4396 3287 4436 cum
3335 4397 3663 4438 commemo-

2089 4487 2259 4534 rasset
2277 4477 2402 4532 illttd
2424 4475 2563 4547 quod
2581 4475 2660 4530 eis
2672 4475 2803 4530 dixit
2819 4477 3177 4546 quierentibus
3192 4476 3330 4531 inter
3343 4492 3402 4532 se
3421 4478 3664 4547 quisnam

2091 4571 2261 4642 major
2307 4578 2480 4635 esset,
2514 4568 2755 4638 adjunxit
2780 4568 2848 4623 de
2877 4569 2969 4622 illo
2997 4584 3153 4638 quem
3184 4568 3422 4623 viderant
3445 4570 3664 4638 ejicien-

2091 4674 2196 4720 tem
2225 4663 2481 4718 dmmonia
2503 4704 2519 4728 ,
2550 4677 2668 4716 cum
2700 4677 2820 4716 eum
2867 4677 2970 4715 non
3014 4669 3322 4731 sequeretur
3349 4679 3363 4714 :
3397 4661 3519 4716 inde
3556 4662 3664 4731 jam

2089 4758 2381 4827 digreditur
2409 4756 2476 4810 ab
2506 4755 2620 4810 istis
2647 4753 2886 4820 duobus,
2926 4753 3012 4808 ubi
3055 4757 3128 4808 ait
3168 4770 3290 4810 eum
3326 4755 3564 4809 firmasse
3593 4756 3665 4807 fa-

2091 4850 2226 4905 ciem
2245 4864 2392 4903 suam
2412 4857 2466 4902 ut
2481 4848 2578 4902 iret
2597 4848 2646 4901 in
2662 4846 2955 4902 Jerusalem
2975 4845 3124 4918 (Luc.
3143 4862 3216 4912 tx,
3231 4846 3439 4913 4651);
3465 4861 3529 4901 ac
3547 4855 3665 4917 post

2091 4942 2253 4996 multa
2303 4939 2608 5007 interposita
2651 4937 2881 4992 occurrit
2919 4937 3001 4992 eis
3039 4952 3224 4992 rursus
3245 4937 3310 4991 ad
3340 4952 3660 4993 commemo-

2091 5031 2315 5086 randum
2344 5031 2500 5084 istum
2531 5029 2746 5083 divitem
2785 5029 2866 5082 cui
2895 5029 3109 5093 dicitur,
3155 5026 3321 5082 Vende
3354 5029 3522 5083 omnia
3553 5045 3664 5099 qua

2093 5126 2243 5181 habes
2262 5124 2371 5194 (Id.
2390 5141 2534 5191 svnt,
2557 5126 2621 5180 18
2654 5126 2767 5192 50);
2786 5140 2942 5194 quem
2972 5139 3113 5179 nunc
3136 5125 3220 5179 isti
3247 5134 3662 5181 commemorant

2093 5235 2158 5275 ex
2185 5218 2370 5273 ordine
2409 5234 2515 5288 quo
2551 5218 2747 5287 pariter
2771 5226 2914 5271 eunt.
2947 5215 3080 5271 Nam
3112 5217 3183 5272 ibi
3211 5219 3370 5272 etiam
3401 5218 3569 5272 Lucas
3597 5219 3660 5273 de

2092 5309 2207 5364 istis
2247 5309 2515 5379 parvulis,
2565 5319 2843 5375 antequam
2891 5308 3068 5363 divitis
3111 5309 3266 5364 faciat
3308 5309 3658 5374 mentionem,

2081 5402 2534 5473 quemadmodum
2573 5412 2620 5456 et
2656 5402 2757 5464 isti,
2791 5417 2894 5455 non
2920 5403 3291 5473 praetermittit.
3325 5404 3397 5458 De
3422 5404 3511 5458 illo
3539 5420 3662 5476 ergo

2093 5494 2253 5549 divite
2291 5493 2377 5562 qui
2421 5493 2629 5561 qmerit,
2657 5491 2780 5561 quid
2811 5492 2931 5546 boui
2959 5493 3112 5547 faciat
3141 5503 3197 5548 ut
3227 5494 3382 5547 vitam
3410 5504 3660 5552 :eternam

2093 5597 2465 5654 eoosequatur,
2491 5593 2660 5653 potest
2683 5583 2845 5637 videri
2865 5585 3063 5640 distare
3087 5585 3282 5654 aliquid
3310 5585 3450 5654 quod
3477 5600 3662 5641 secun-

2093 5677 2216 5732 dum
2245 5678 2546 5732 Mattlta-um
2581 5676 2799 5740 dicitur,
2833 5675 2968 5742 Quid
2997 5695 3074 5732 me
3100 5677 3373 5746 interrogas
3398 5677 3460 5730 de
3486 5677 3615 5734 bona
3639 5681 3666 5735 .’

2095 5771 2380 5828 secundum
2428 5771 2545 5826 illos
2589 5777 2763 5825 autem
2789 5810 2802 5837 ,
2829 5768 2963 5836 Quid
2992 5786 3070 5824 me
3095 5769 3217 5824 dicis
3251 5769 3432 5824 bonum
3453 5771 3479 5824 .9
3503 5769 3657 5847 Nam,
