3888 6316
293 274 440 333 “37

292 387 445 454 Quid
484 403 562 441 me
596 387 874 459 interrogas
913 386 975 441 de
1012 387 1177 442 bona?
1210 384 1276 441 ad
1320 384 1449 441 illud
1486 387 1651 458 magis
1695 388 1880 444 referri

292 490 498 550 potest,
528 480 665 551 quod
696 481 771 535 ait
803 480 891 535 ille
927 494 1201 551 quaerens,
1236 477 1370 545 Quid
1412 480 1525 534 boni
1560 481 1784 549 faciam?
1810 479 1884 535 lbi

293 575 448 630 enim
476 583 528 630 et
560 574 753 628 bonum
785 572 1094 635 nominavit,
1123 580 1178 625 et
1208 572 1555 641 interrogatio
1591 582 1672 626 est
1707 589 1719 625 :
1758 570 1880 625 Ma-

290 676 457 739 gister
490 678 664 721 autem
691 667 845 732 bone,
874 666 1105 721 nondum
1131 674 1213 719 est
1245 665 1603 736 interrogatio.
1638 666 1885 720 Commo-

293 760 521 816 dissime
550 775 677 830 ergo
706 760 1012 829 intelligitur
1037 770 1320 828 utrumque
1339 759 1559 825 dictant,
1585 758 1721 825 Quid
1758 761 1883 813 dicis

291 869 382 906 me
408 854 587 905 bonum
609 868 626 913 ;
652 861 724 914 et,
753 852 1034 921 interrogas
1064 868 1140 904 me
1159 851 1221 903 de
1240 850 1415 903 bona?

290 944 527 1000 CAPUT
566 944 747 999 LXIV.
777 974 849 985 ——
876 943 976 998 Ubi
1002 954 1185 998 secreto
1237 943 1503 997 duodecim
1530 942 1789 1013 discipulis
1822 943 1883 997 de

376 1035 608 1105 passione
631 1051 724 1088 sua
752 1034 1004 1105 prtediccit,
1035 1045 1079 1087 et
1100 1044 1259 1088 mater
1277 1035 1501 1100 ﬁliorum
1522 1032 1750 1087 Zebedtei
1768 1050 1883 1087 cum

375 1127 495 1197 ﬁliis
521 1127 624 1180 suis
645 1127 785 1197 petiit
810 1135 863 1179 ut
889 1143 1018 1180 unus
1043 1143 1217 1179 eorum
1235 1126 1303 1178 ad
1323 1113 1575 1179 deiteram
1604 1126 1733 1194 ejus,
1757 1124 1884 1177 alter

374 1217 442 1271 ad
466 1219 721 1273 sinistram
738 1216 946 1281 sederet,
966 1216 1215 1286 quomodo
1234 1232 1332 1269 non
1352 1224 1593 1285 repugnet
1609 1212 1883 1268 Matthwus

375 1310 489 1363 aliis
516 1310 729 1363 duobus.

377 1402 497 1458 194.
527 1402 779 1472 Sequitur
826 1400 1121 1465 Mattlta'us,
1162 1408 1215 1455 et
1257 1400 1385 1455 dicit
1450 1418 1462 1453 :
1516 1399 1581 1453 Et
1614 1398 1885 1453 ascendens

289 1492 330 1549 J
335 1511 454 1549 esus
491 1494 863 1563 Jt'rosolymam
906 1493 1176 1562 assumpsit
1206 1491 1470 1544 duodecim
1497 1489 1769 1560 discipulos
1802 1504 1885 1541 se-

290 1599 460 1652 creto,
499 1596 546 1640 et
574 1589 645 1639 ait
674 1586 775 1639 illis
814 1601 833 1639 :
881 1584 1010 1639 Ecce
1045 1585 1359 1639 ascendimus
1399 1584 1803 1652 Jerosolymam,
1840 1590 1886 1635 et

292 1679 444 1748 [ilius
475 1678 691 1731 hominis
721 1675 949 1730 tradetur
986 1675 1293 1745 principibus
1330 1674 1640 1728 sacerdotum
1666 1682 1712 1725 et
1744 1671 1887 1727 Scri-

290 1772 411 1837 bis;
437 1782 481 1825 et
510 1769 908 1825 condemnobunt
947 1785 1057 1822 eum
1088 1778 1261 1831 morte,
1293 1777 1339 1820 et
1380 1767 1574 1819 tradent
1602 1781 1717 1818 eum
1753 1762 1885 1816 Gen-

294 1864 437 1918 tibus
465 1862 532 1915 ad
567 1860 905 1915 deludendum
936 1870 983 1914 et
1010 1858 1373 1930 ﬂagellandum
1398 1867 1443 1911 et
1464 1856 1885 1926 cruciﬁgendum;

292 1952 520 2009 et.tertia
545 1952 626 2005 die
649 1962 890 2020 resurget.
919 1950 1056 2004 Tunc
1082 1951 1287 2004 accnssit
1311 1950 1377 2001 ad
1416 1965 1527 2001 eum
1560 1956 1719 2000 mater
1745 1946 1884 2014 ﬁlio-

292 2064 419 2102 rum
446 2045 670 2100 Zebedtei
694 2062 805 2099 cum
839 2046 959 2115 [iliis
984 2046 1109 2108 suis,
1135 2046 1375 2109 adorans,
1415 2053 1462 2097 et
1495 2054 1664 2112 petens
1698 2041 1889 2111 aliquid

292 2138 363 2191 ab
387 2153 466 2201 eo,
486 2147 613 2203 ctc.,
638 2151 803 2206 usque
827 2135 892 2189 ad
921 2135 1047 2189 illud
1076 2136 1161 2188 ulti
1192 2135 1284 2198 ait,
1320 2134 1460 2186 Sicut
1490 2132 1651 2188 Filius
1673 2133 1888 2185 hominis

292 2246 408 2284 non
455 2229 586 2282 venit
628 2226 934 2291 ministrari,
975 2227 1062 2279 sed
1104 2226 1409 2286 ministrare,
1437 2234 1483 2277 et
1520 2224 1642 2277 dare
1668 2224 1888 2276 animam

289 2336 449 2376 suam
485 2318 872 2388 redemptionem
925 2333 1017 2389 pro
1066 2318 1235 2370 multis
1285 2314 1490 2381 (Matth.
1534 2331 1624 2381 xx,
1674 2316 1735 2367 l7
1770 2313 1884 2385 ‘28).

290 2412 460 2468 Hunc
484 2425 605 2465 cum
634 2411 724 2463 illo
754 2409 994 2462 ordinem
1022 2410 1180 2462 etiam
1206 2408 1412 2461 Marcus
1436 2416 1599 2469 tenet,
1635 2405 1768 2460 lilios
1790 2405 1892 2459 Ze-

289 2507 473 2564 bedaei
512 2504 797 2575 perhibi-ns
830 2503 1025 2557 dixisse
1060 2501 1200 2569 quod
1250 2502 1315 2553 ab
1360 2502 1470 2561 eis,
1514 2516 1615 2553 non
1661 2515 1753 2566 per
1794 2513 1888 2553 eus

290 2601 473 2671 ipsos,
497 2596 587 2651 sed
621 2610 715 2665 per
745 2605 967 2648 matrem
996 2593 1193 2646 dictum
1221 2607 1340 2645 esse
1369 2590 1644 2644 Maltlnrus
1671 2605 1890 2659 evpres-

292 2694 391 2754 sit,
420 2705 541 2746 cum
572 2688 656 2742 illa
697 2702 881 2743 eorum
915 2687 1233 2740 voluntatem
1279 2684 1540 2738 attulisset
1589 2684 1651 2737 ad
1712 2684 1890 2737 Domi-

296 2798 453 2839 num.
493 2779 647 2837 Unde
688 2778 854 2849 magis
904 2778 1047 2847 ipsos
1103 2793 1261 2847 quam
1311 2777 1452 2830 illam
1507 2776 1702 2829 dixisse
1745 2776 1888 2846 quod

298 2876 505 2931 dictum
546 2882 657 2936 est,
699 2869 905 2925 Marcus
945 2869 1179 2923 breviter
1228 2868 1505 2920 intimavit.
1557 2867 1792 2935 Denique
1836 2876 1890 2920 et

300 2965 599 3028 Dominus,
625 2972 680 3018 et
712 2960 1002 3016 secundum
1034 2959 1336 3013 Malthreum
1362 2969 1417 3013 et
1437 2959 1727 3013 secundum
1756 2960 1890 3013 Mar-

300 3073 451 3124 cum,
482 3057 609 3126 ipsis
634 3056 807 3125 potius
826 3070 983 3125 quam
1016 3054 1168 3107 matri
1193 3052 1481 3122 respondit.
1512 3052 1682 3107 Lucas
1708 3065 1887 3109 autem

302 3161 651 3221 posteaquam
675 3164 739 3203 ex
767 3147 954 3201 eodem
980 3144 1167 3200 ordine
1193 3145 1648 3206 commemoravit,
1679 3161 1799 3214 qua:
1822 3145 1889 3201 de

302 3242 556 3313 passione
581 3248 636 3295 et
660 3240 725 3294 de
754 3237 1146 3293 resurrectione
1176 3252 1268 3290 sua
1296 3236 1571 3290 duodecim
1617 3235 1891 3306 discipulis

303 3333 634 3407 pra-dixerit,
666 3331 1023 3401 prmtermittit
1048 3344 1108 3383 ea
1147 3344 1264 3397 quae
1298 3328 1387 3383 isti
1422 3339 1887 3397 commemorant,

304 3432 432 3495 post
468 3439 585 3493 quze
626 3421 933 3490 interposita
970 3426 1257 3473 occurrunt
1292 3418 1342 3472 ei
1386 3416 1455 3471 ad
1497 3417 1711 3473 Jericlto
1739 3418 1886 3491 (Luc.

304 3528 463 3580 xvm,
516 3512 726 3583 51-55).
780 3510 931 3577 Quod
979 3518 1154 3563 autem
1209 3508 1459 3563 dixerunt
1510 3507 1787 3563 Μιιιιιιτυιις
1839 3518 1893 3564 et

306 3607 516 3660 Marcus
544 3603 612 3658 de
634 3601 964 3672 principibus
992 3600 1249 3669 gentium,
1280 3599 1368 3669 qui
1397 3598 1737 3661 dominantur
1762 3602 1891 3655 sub-

302 3696 492 3767 jcctis,
522 3710 625 3749 non
654 3694 722 3747 ita
752 3692 983 3746 futurum
1014 3692 1150 3746 inter
1177 3691 1316 3753 illos,
1365 3690 1457 3745 sed
1506 3707 1628 3745 eum
1673 3694 1763 3762 qui
1792 3693 1895 3747 erit

309 3787 486 3857 major
520 3788 677 3841 etiam
706 3802 916 3842 servum
960 3784 1184 3839 aliorum
1216 3784 1445 3838 futurum
1475 3802 1487 3838 :
1519 3784 1649 3839 dicit
1670 3786 1771 3840 tale
1798 3786 1895 3840 ali-

307 3880 439 3951 quid
478 3888 534 3935 et
572 3879 759 3941 Lucas,
789 3878 881 3933 sed
910 3894 1013 3932 non
1038 3892 1103 3933 eo
1124 3878 1239 3931 loco
1270 3875 1379 3946 (Id.
1406 3893 1537 3942 xm,
1564 3875 1757 3950 24-27)
1782 3895 1796 3938 ;
1842 3886 1895 3933 et

310 3970 449 4025 ordo
480 3971 589 4039 ipse
620 3969 831 4034 indicat,
863 3970 1052 4024 iterum
1094 3983 1213 4023 esse
1251 3968 1493 4023 eamdem
1521 3969 1835 4024 sententiam
1864 3984 1894 4023 a

312 4064 542 4118 Domino
588 4063 802 4117 dictam.

310 4152 537 4208 CAPUT
578 4151 823 4206 LXV.—
850 4150 927 4203 De
967 4150 1110 4204 caecis
1152 4148 1355 4203 Iericho
1386 4149 1702 4215 illuminatis,
1724 4166 1897 4219 quem-

388 4243 662 4296 admodum
708 4258 808 4295 non
838 4241 1129 4295 adversetur
1174 4239 1447 4293 Matthteus
1476 4238 1553 4294 rel
1599 4240 1793 4305 Marco,
1822 4242 1896 4296 vel

394 4334 561 4388 Lucae.

392 4426 515 4481 125.
542 4424 793 4494 Sequitur
811 4422 1085 4477 Mattlueus
1116 4438 1129 4476 :
1163 4420 1229 4474 Et
1248 4421 1614 4491 egredientibus
1635 4424 1705 4475 eis
1725 4422 1785 4475 ab
1806 4421 1899 4477 Je-

318 4519 483 4583 richo,
506 4527 677 4572 secuta
704 4526 775 4569 est
791 4532 902 4570 eum
926 4516 1069 4568 turba
1096 4515 1270 4567 multa.
1306 4514 1369 4567 Et
1409 4531 1519 4567 ecce
1539 4516 1638 4567 duo
1669 4517 1785 4568 αιτιοι
1816 4532 1897 4569 se-

318 4613 489 4665 dentes
517 4626 657 4663 secus
685 4611 815 4662 riam
839 4609 1106 4661 audierunt
1132 4608 1249 4677 quia
1271 4605 1423 4660 Jesus
1451 4609 1698 4670 transiret,
1717 4618 1764 4660 et
1789 4609 1897 4661 cla-

318 4711 597 4765 mauerunt,
617 4701 833 4754 dicentes
859 4717 875 4753 :
905 4699 1138 4765 Domine,
1160 4701 1389 4752 miserere
1408 4701 1583 4765 nostri,
1614 4702 1688 4769 ﬁli
1714 4700 1895 4767 David,

321 4805 451 4855 ctc.,
484 4810 656 4864 usque
680 4794 744 4848 ad
778 4794 900 4847 illttd
934 4794 1019 4847 ubi
1051 4794 1139 4858 ait,
1178 4792 1243 4845 Et
1273 4794 1534 4863 confestim
1573 4794 1820 4858 viderunt,
1853 4804 1901 4849 et

325 4888 482 4941 secuti
522 4896 638 4941 sunt
681 4903 792 4940 eum
837 4885 855 4956 (
884 4885 1067 4939 Matth.
1098 4902 1187 4951 xx,
1218 4884 1437 4955 29-34).
1481 4885 1592 4939 Hoc
1619 4894 1671 4940 et
1697 4886 1902 4940 Marcus

322 4988 741 5043 commemorat,
794 4978 885 5033 sed
927 4977 993 5033 de
1041 4994 1145 5032 uno
1186 4992 1327 5031 cteco
1382 4977 1573 5031 factum
1626 4977 1897 5047 (Maras,

323 5071 395 5127 46
431 5070 545 5141 52).
566 5070 693 5137 Quae
724 5069 791 5123 ita
818 5070 1041 5122 solvitur
1064 5070 1307 5137 qnzeslio,
1340 5078 1393 5121 ut
1415 5069 1500 5122 illa
1534 5070 1701 5122 snlula
1731 5081 1812 5123 est
1835 5070 1902 5125 de

325 5162 555 5226 duobus,
582 5162 670 5230 qui
710 5160 969 5226 legionem
992 5159 1288 5213 datmonum
1310 5160 1638 5227 patiebantur
1660 5161 1710 5213 in
1735 5162 1905 5230 regio-

329 5272 396 5312 ne
416 5256 807 5313 Gerasenorum
826 5252 1048 5324 (Supra,
1074 5270 1188 5322 cap.
1206 5253 1293 5315 24,
1319 5270 1371 5305 ιι.
1390 5253 1501 5321 56).
1526 5251 1657 5306 Nam
1677 5253 1902 5309 duorum

332 5349 488 5402 etiam
511 5361 793 5406 caecorum,
820 5360 954 5415 quos
989 5343 1148 5398 modo
1178 5343 1511 5412 interposuit,
1546 5360 1705 5398 unum
1738 5344 1904 5401 fuisse

332 5440 665 5493 notissimum
691 5447 744 5491 et
786 5436 839 5491 in
886 5435 973 5490 illa
1004 5436 1215 5489 civitate
1244 5435 1672 5500 latnosissimum,
1701 5451 1768 5490 ex
1804 5434 1905 5491 hoc

332 5532 490 5585 etiam
522 5529 651 5583 satis
669 5536 911 5597 apparet,
941 5526 1079 5596 quod
1108 5535 1162 5580 et
1186 5542 1376 5581 nomen
1395 5526 1507 5593 ejus
1528 5536 1579 5579 et
1602 5528 1765 5596 patris
1790 5530 1904 5597 ejus

331 5621 535 5677 Marcus
562 5621 1001 5675 commemoravit
1031 5639 1042 5673 :
1067 5619 1205 5689 quod
1238 5620 1287 5673 in
1327 5628 1405 5672 tot
1432 5621 1679 5689 superius
1707 5622 1905 5677 sanatis

318 5730 363 5796 ka
390 5714 612 5769 Domino
646 5728 750 5767 non
780 5710 931 5765 facile
957 5712 1203 5776 occurrit,
1240 5712 1336 5766 nisi
1359 5726 1476 5765 cum
1499 5710 1695 5767 Jairum
1723 5712 1902 5767 archi-

1622 272 1818 329 LlBEli
1858 272 2231 332 SECUNDUS.

3424 290 3568 348 “58

1989 404 2313 461 synagogum
2336 393 2493 449 etiam
2516 396 2728 451 nomine
2753 400 3037 467 expressit,
3060 401 3209 471 cujus
3235 402 3395 459 ﬁliam
3425 420 3564 461 resu.

1990 480 2197 535 scitavit
2222 481 2378 538 Jcsus
2405 481 2424 554 (
2454 482 2619 539 Marc.
2643 502 2694 550 ν,
2723 486 2897 545 22-45
2918 490 2955 559 ).
2991 489 3047 545 In
3075 506 3181 562 quo
3205 494 3362 548 etiam
3399 497 3568 566 magis

1990 572 2089 627 iste
2113 588 2302 629 sensus
2326 588 2567 645 apparet,
2594 580 2713 648 quia
2735 590 2786 633 et
2813 582 2898 635 ille
2919 583 3365 656 arcbisynagogus
3386 591 3566 659 utique

1990 664 2041 717 itt
2065 663 2181 718 loco
2205 664 2306 719 isto
2324 666 2513 721 nobilis
2537 667 2645 723 fuit.
2675 669 2867 724 Procul
2888 673 3045 727 dubio
3064 675 3238 744 itaque
3261 678 3567 734 Bartimaeus

1990 753 2091 810 iste
2117 755 2303 817 Τὶιιιιιιί
2329 757 2467 811 lilins
2494 774 2559 814 ex
2589 761 2763 831 aliqua
2794 777 2978 834 magna
3012 764 3260 821 felicitate
3304 762 3591 837 dejectus,~

1990 847 2281 902 notissimas
2304 860 2358 903 et
2386 848 2751 906 famosissima:
2777 855 3005 910 miseria:
3035 856 3307 927 fuit,quod
3348 876 3451 915 non
3483 871 3581 927 Sno}

1992 939 2099 993 lum
2127 955 2321 1007 caecus,
2342 956 2529 996 verum
2558 944 2716 999 etiam
2744 947 3015 1002 mendicus
3044 949 3279 1004 sedebat.
3323 952 3455 1006 Hine
3484 944 3569 1009 est

1990 1047 2117 1102 ergo
2139 1034 2280 1103 quod
2306 1034 2478 1105 ipsum
2508 1037 2679 1091 solum
2708 1040 2870 1093 voluit
2895 1056 3315 1098 commemorare
3337 1044 3568 1113 Marcus,

1990 1127 2143 1195 cujus
2182 1126 2497 1184 illuminatio
2540 1139 2647 1185 tam
2692 1131 2887 1186 claram
2930 1132 3120 1187 famam
3156 1136 3277 1191 huic
3315 1138 3569 1193 miraculo

1990 1220 2331 1287 comparavit,
2360 1234 2517 1289 quam
2548 1231 2662 1277 emt
2685 1222 2821 1277 illius
2843 1234 2964 1278 nota
2992 1226 3283 1280 calamitas.

2062 1308 2185 1365 196.
2205 1310 2375 1366 Lucas
2405 1328 2530 1367 vero
2546 1317 2786 1384 quamvis
2815 1319 3030 1370 omnino
3054 1319 3241 1373 eodem
3290 1320 3448 1375 modo
3483 1320 3565 1374 la-

1993 1410 2157 1467 etum,
2188 1413 2361 1459 tamen
2390 1405 2440 1459 itt
2466 1408 2571 1461 alio
2599 1422 2741 1462 careo
2790 1410 3158 1479 intelligendus
3182 1420 3262 1463 est
3307 1427 3398 1478 par
3422 1426 3569 1466 com-

1994 1509 2291 1549 memorare
2327 1497 2661 1565 miraculum,
2707 1508 2760 1553 et
2802 1500 3042 1569 ejusdem
3096 1502 3333 1555 miraculi
3384 1517 3563 1570 parem

1992 1584 2227 1640 modum.
2263 1588 2351 1642 llle
2381 1590 2573 1659 quippe
2604 1590 2705 1645 hoc
2732 1590 2923 1646 factum
2946 1593 3094 1653 dicit,
3126 1608 3245 1647 cum
3269 1594 3564 1664 appropin-

1994 1688 2178 1748 quaret
2203 1676 2413 1735 Jericbo
2434 1682 2452 1749 (
2477 1681 2600 1737 Luc.
2627 1700 2773 1747 xvut,
2803 1686 3002 1755 35-43)
3038 1704 3049 1736 :
3080 1696 3132 1739 at
3163 1687 3246 1739 isti
3275 1703 3395 1741 cum
3413 1702 3567 1757 egre-

3568 892 3582 990 l

1994 1770 2210 1826 deretur
2236 1773 2305 1826 ab
2330 1774 2561 1829 Jericho.
2592 1776 2694 1831 Sed
2724 1793 2913 1832 nomen
2937 1778 3163 1834 civitatis
3192 1790 3243 1833 et
3266 1780 3385 1834 facti
3418 1780 3572 1833 simi-

1994 1862 2161 1916 litudo
2187 1865 2355 1933 putari
2382 1867 2569 1921 suadet
2594 1869 2759 1923 semel
2797 1883 2915 1923 esse
2947 1870 3137 1923 factum
3168 1889 3181 1924 :
3212 1871 3303 1925 sed
3336 1872 3573 1940 Evange-

1996 1951 2144 2007 listas
2177 1954 2226 2007 itt
2268 1954 2368 2007 hoc
2411 1956 2510 2011 sibi
2548 1957 2837 2024 adversari,
2878 1959 3017 2028 quod
3057 1960 3192 2015 alius
3236 1960 3397 2026 dicat,
3444 1959 3574 2015 Cum

1995 2047 2419 2116 apprOpinquaret
2465 2048 2691 2116 Iericho,
2714 2050 2821 2114 alii,
2847 2050 2973 2104 Cum
3007 2052 3322 2121 egrederetur
3357 2052 3417 2105 ab
3437 2050 3575 2105 Jeri-

1997 2137 2115 2203 cho,
2154 2154 2258 2192 non
2290 2153 2417 2193 sane
2454 2138 2555 2193 hoc
2595 2141 2896 2209 persuadet,
2924 2142 3026 2196 nisi
3053 2143 3131 2196 eis
3158 2144 3246 2213 qui
3292 2143 3575 2212 proclivius

1996 2228 2343 2284 credivolunt
2370 2230 2581 2285 mentiri
2631 2232 2994 2302 Evangelinm,
3021 2250 3179 2302 quam
3224 2234 3327 2289 duo
3379 2234 3575 2291 similia

1996 2320 2341 2391 similiterque
2383 2322 2631 2377 miracula
2658 2323 2847 2379 fecisse
2886 2324 3084 2379 Jesutn.
3118 2324 3255 2392 Quid
3298 2334 3473 2379 autem
3505 2326 3579 2381 sit

1997 2411 2322 2475 credibilius,
2378 2422 2431 2467 et
2474 2415 2598 2483 quid
2632 2415 2804 2484 potius
2852 2433 3055 2482 verum,
3107 2427 3161 2473 et
3180 2418 3351 2472 omnis
3403 2418 3575 2474 ﬁdelis

1998 2502 2136 2557 ﬁlius
2166 2504 2432 2574 Evangelii
2462 2504 2705 2561 facillime
2735 2509 2877 2563 videt
2899 2527 2911 2574 ;
2933 2519 2985 2564 et
3013 2510 3183 2564 omnis
3214 2510 3579 2564 contentiosus

1997 2596 2184 2650 saltem
2215 2612 2333 2651 cum
2362 2597 2662 2652 admonitus
2688 2600 2863 2666 fuerit,
2892 2602 2975 2655 vel
3008 2602 3249 2666 tacendo,
3280 2603 3361 2655 vel
3392 2602 3576 2655 ctiam~

1997 2686 2041 2739 si
2062 2696 2233 2742 tacere
2261 2690 2506 2752 noltterit,
2526 2690 2805 2759 cogitando
2827 2692 2923 2743 sibi
2958 2693 3069 2759 ipse
3094 2692 3398 2759 reSpondet.

1997 2776 2223 2832 CAPUT
2263 2778 2446 2834 LXVI.
2470 2810 2539 2819 -
2564 2780 2639 2834 De
2664 2782 2819 2836 asinae
2839 2780 3002 2852 pullo,
3038 2782 3283 2852 quomodo
3309 2781 3573 2836 Matt/tam.

2051 2872 2240 2924 ctctcris
2283 2881 2561 2943 congruat,
2594 2874 2678 2943 qui
2717 2874 2880 2927 solum
2916 2874 3113 2945 pullum
3148 2886 3560 2928 commemorant.

2073 2960 2193 3015 127.
2225 2962 2474 3031 Sequitur
2514 2964 2813 3029 Matthaeus,
2850 2976 2903 3021 et
2937 2966 3064 3020 dicit
3103 2986 3116 3021 :
3157 2965 3221 3020 Et
3250 2984 3361 3021 cum
3392 2984 3566 3037 appro-

1997 3052 2319 3121 pinquassent
2338 3052 2685 3125 Jerosolymis,
2716 3067 2763 3108 et
2783 3057 3025 3109 venissent
3042 3057 3333 3129 Bethphage
3348 3058 3415 3111 ad
3438 3074 3570 3111 mon.

1997 3151 2095 3196 tem
2121 3141 2321 3210 Uliveti,
2355 3153 2471 3198 tunc
2497 3146 2527 3198 J
2535 3162 2646 3200 esus
2666 3147 2799 3200 misit
2820 3147 2947 3202 duos
2967 3148 3262 3219 discipulos,
3287 3148 3455 3202 dicens
3471 3150 3543 3205 eis
3560 3188 3575 3204 .

1998 3232 2080 3287 Ite
2105 3236 2159 3288 in
2184 3237 2445 3289 castellum
2464 3239 2597 3306 quod
2622 3248 2797 3292 contra
2826 3256 2911 3293 vos
2940 3248 3044 3305 est,
3092 3250 3134 3293 et
3162 3242 3330 3295 statim
3350 3243 3578 3296 inuenie-

1996 3326 2061 3377 tis
2081 3327 2276 3378 asinam
2302 3328 2563 3396 alligatam
2597 3338 2641 3380 et
2675 3330 2868 3393 pullum
2896 3347 3011 3382 cum
3039 3348 3119 3396 ea,
3142 3342 3269 3395 ctc.,
3311 3349 3475 3403 usque
3508 3334 3579 3389 ad

2000 3418 2307 3472 eumlocum
2336 3418 2423 3471 tibi
2444 3420 2537 3484 ait,
2561 3418 2857 3473 Benedictus
2880 3422 2966 3492 qui
2988 3422 3116 3474 venit
3136 3423 3189 3475 in
3218 3426 3421 3477 nomine
3465 3425 3573 3478 Do-

1999 3511 2148 3575 mini,
2183 3510 2430 3564 Hosanna
2479 3512 2530 3564 in
2572 3512 2826 3566 altissimis
2859 3513 3081 3583 (Matth.
3112 3531 3196 3569 XXI
3218 3555 3232 3578 ,
3268 3516 3365 3570 1-9
3388 3522 3423 3581 ).
3471 3516 3579 3571 Hoc

2000 3602 2159 3655 ctiam
2188 3602 2392 3655 Marcus
2442 3614 2618 3655 narrat
2662 3603 2847 3657 eodem
2885 3604 3068 3659 ordine
3094 3606 3579 3679 custodito(Marc.

2000 3707 2075 3755 χι,
2108 3692 2239 3745 1-10
2270 3691 2311 3760 ).
2348 3693 2516 3745 Lucas
2539 3702 2716 3745 autem
2755 3695 2804 3745 in
2831 3693 3045 3747 Jericlto
3074 3695 3402 3761 immoratur,
3434 3708 3580 3766 ‘quze-

2002 3780 2121 3835 dam
2152 3797 2573 3837 commemorans
2600 3798 2716 3852 quae
2744 3782 2828 3836 isti
2864 3785 3334 3852 praetermiserunt,
3368 3787 3434 3841 de
3478 3787 3579 3841 Za-

2002 3873 2152 3927 cltaeo
2174 3872 2411 3944 principe
2460 3874 2885 3939 Publicanorum,
2916 3883 2968 3928 et
2996 3874 3237 3944 quaedam
3273 3877 3322 3929 in
3358 3879 3580 3945 parabo-

2002 3964 2069 4019 lis
2088 3964 2245 4018 dicta.
2280 3965 2403 4019 Post
2431 3964 2547 4019 haec
2571 3975 2624 4019 et
2653 3966 2765 4033 ipse
2792 3968 3021 4020 occurrit
3064 3968 3141 4021 eis
3171 3966 3237 4020 ad
3270 3968 3423 4035 hujus
3453 3967 3581 4037 pulli

2004 4058 2583 4121 commemorationem,
2641 4057 2692 4110 itt
2739 4072 2846 4125 quo
2889 4058 3025 4110 sedit
3070 4056 3262 4127 Jesus(
3288 4056 3412 4111 Luc.
3466 4074 3577 4122 XIX,

2004 4148 2137 4203 1-58
2165 4151 2204 4217 ).
2228 4147 2337 4202 Nec
2372 4158 2581 4202 moveat
2632 4149 2773 4217 quod
2826 4148 3101 4201 Matthzens
3134 4150 3335 4203 asinam
3374 4149 3498 4203 dicit
3528 4158 3582 4204 et

2004 4242 2234 4311 pullum,
2257 4241 2434 4295 caztcri
2461 4249 2634 4293 autem
2656 4240 2722 4292 de
2749 4242 2893 4293 asina
2923 4250 3115 4293 tacent.
3146 4240 3257 4293 luto
3284 4242 3444 4294 etiam
3493 4255 3581 4295 re-

2005 4334 2269 4387 cordanda
2312 4340 2394 4387 est
2432 4332 2518 4385 illa
2545 4331 2756 4400 regula,
2790 4347 2944 4398 quam
2984 4332 3050 4385 de
3102 4332 3485 4401 quinquagenis
3527 4340 3582 4388 et

2005 4427 2241 4481 centenis
2262 4424 2731 4483 discumbentibus,
2764 4438 2882 4475 cum
2908 4422 3140 4492 quinque
3170 4426 3389 4492 panibus
3414 4425 3581 4479 turst

2006 4528 2367 4591 pascerentur,
2391 4533 2546 4586 supra
2578 4515 2996 4584 insinuavimus(
3026 4517 3217 4586 Supra,
3258 4534 3373 4587 cap.
3400 4517 3489 4579 46,
3524 4535 3580 4571 n.

2007 4614 2159 4682 98):
2191 4629 2290 4684 qua
2324 4613 2602 4675 insinuata,
2638 4624 2740 4663 non
2763 4609 2981 4663 deberet
3017 4609 3117 4663 hoc
3138 4611 3245 4679 jam
3275 4626 3583 4679 permovere

2008 4706 2280 4767 lectorem,
2304 4717 2401 4756 nec
2421 4701 2463 4755 si
2483 4700 2761 4755 Mattltreus
2784 4702 2851 4753 ita
2872 4701 2939 4754 de
2958 4702 3098 4769 pullo
3117 4702 3382 4761 tacuiSset.
3398 4716 3582 4769 quem.

2009 4795 2291 4850 admodum
2316 4794 2388 4847 illi
2415 4793 2482 4848 de
2501 4794 2647 4848 asina
2678 4802 2973 4852 tacuerunt.
3003 4803 3060 4848 ttt
3099 4795 3325 4847 maxime
3364 4803 3580 4846 contra-

2008 4888 2142 4943 rium
2171 4897 2457 4957 putaretur,
2486 4886 2623 4953 qttod
2652 4902 2783 4940 unus
2813 4888 3012 4939 asinam
3044 4888 3195 4949 dixit,
3246 4886 3330 4937 alii
3378 4886 3581 4953 pullum

2011 4980 2212 5043 asinte;
2242 4988 2439 5048 quanto
2469 4977 2643 5031 minus
2674 4979 2871 5032 moveri
2913 4988 3140 5045 oportet,
3189 4976 3310 5045 quia
3334 4992 3363 5027 ιι
3391 4994 3466 5026 .us
3508 4975 3578 5028 ita

2011 5070 2447 5125 commemoravit
2496 5072 2719 5133 asinam,
2745 5071 2811 5123 de
2857 5086 2956 5137 qua
2987 5068 3162 5121 caeleri
3193 5078 3485 5122 tacuerunt.
3528 5074 3584 5122 ut

2015 5172 2187 5216 tamen
2233 5164 2427 5231 pullum
2458 5176 2561 5215 non
2590 5170 2805 5223 laceret,
2834 5159 2899 5213 tlc
2923 5174 3027 5226 quo
3056 5157 3127 5210 illi
3156 5158 3448 5209 tliXerttttt?
3480 5156 3580 5211 Ubi

2012 5271 2138 5323 ergo
2161 5266 2439 5321 utrumque
2462 5257 2651 5308 factum
2672 5261 2841 5320 potest
2864 5251 3103 5317 intelligi,
3125 5250 3262 5309 nulla
3286 5266 3583 5318 repugnan-

2015 5348 2083 5401 tia
2110 5355 2212 5407 est,
2236 5360 2334 5399 nec
2360 5346 2403 5397 si
2423 5345 2558 5397 alius
2582 5344 2744 5407 aliud,
2766 5353 2817 5395 et
2844 5342 2983 5396 aliud
3004 5342 3136 5395 alius
3160 5350 3538 5396 commemoret
3566 5358 3580 5394 :

2012 5449 2210 5509 quanto
2235 5437 2408 5490 minus
2439 5435 2525 5489 ubi
2552 5436 2682 5488 alius
2712 5451 2893 5495 unum.
2926 5436 3060 5488 alius
3089 5434 3407 5503 utrumque?

2086 5527 2471 5585 128._.loannes
2494 5542 2704 5595 quoque
2752 5542 2870 5581 cum
2922 5537 3089 5581 taceat
3136 5524 3583 5595 quemadmodum

2014 5622 2268 5675 Dominus
2296 5620 2584 5689 discipulos
2607 5635 2729 5675 suos
2759 5620 2822 5674 ad
2869 5620 2980 5673 lucc
3016 5620 3262 5674 animalia
3290 5620 3388 5672 sibi
3418 5619 3585 5672 addu~

2013 5712 2177 5769 cenda
2196 5714 2413 5775 miserit,
2442 5714 2729 5784 interponit
2750 5724 2923 5770 tamen
2948 5715 3181 5769 breviter
3206 5713 3307 5769 hoc
3330 5714 3397 5768 de
3422 5712 3590 5782 pullo,
