3888 6314
263 289 410 345 “ﬂ

269 402 612 460 recordatum
649 402 864 460 Petrum
899 401 1102 460 dixisse
1137 401 1190 456 ei
1209 443 1226 470 ,
1261 399 1422 458 Βώόί
1440 441 1455 467 ,
1481 415 1594 455 ecce
1621 400 1748 469 ﬁcus
1772 399 1856 454 cui

263 496 604 560 malulimisti.
629 497 763 551 aruit
789 513 808 554 :
833 505 958 552 tunc
976 511 1101 552 euut
1129 495 1196 552 de
1224 493 1459 564 potentia
1484 491 1606 546 ﬁdei
1633 506 1855 562 respon-

259 586 440 644 disse.
467 586 748 644 Mattheus
775 598 952 644 autem
991 597 1235 656 tanquam
1263 583 1498 639 secando
1524 583 1609 638 dic
1643 583 1746 638 hoc
1774 593 1856 638 to-

259 687 387 734 tum
415 680 608 736 iactum
637 679 725 743 sit,
750 679 805 734 id
831 687 932 744 est,
955 687 1013 735 et
1037 679 1232 734 dictum
1262 675 1462 741 arbori,
1497 673 1774 744 Nunquam
1793 690 1859 728 es:

259 779 317 827 te
347 775 547 841 fructm
571 780 813 826 nascatur
849 771 901 824 in
933 772 1316 840 sempiternum;
1345 776 1398 822 et
1422 766 1706 822 arefactam
1737 780 1857 821 esse

262 865 556 928 cantiauo;
581 874 634 918 et
649 863 948 918 videntibus
967 861 1071 917 hoc
1085 861 1356 931 discipulis
1372 869 1529 930 atque
1543 859 1857 917 mirantibus

263 951 402 1009 illud
429 954 498 1010 de
526 953 718 1009 virtute
741 952 862 1008 ﬁdei
891 951 1052 1008 luisse
1078 966 1409 1022 responsum.
1437 949 1585 1006 Unde
1613 951 1858 1021 intelligi-

263 1051 380 1108 tur,
407 1043 637 1099 Marcum
659 1042 874 1113 quidem
893 1043 1129 1101 secundo
1148 1043 1233 1097 die
1250 1057 1695 1097 commemorasse
1715 1043 1854 1112 quod

263 1136 448 1208 primo
476 1135 563 1190 die
603 1135 796 1191 factum
833 1135 1275 1206 praetermiserat,
1313 1134 1383 1188 de
1415 1135 1616 1203 templo
1653 1134 1856 1190 scilicet

260 1227 472 1296 ejectos
511 1227 800 1284 vendentes
841 1237 899 1283 et
931 1237 1176 1283 ementes
1211 1244 1225 1281 :
1267 1225 1541 1280 Mattheus
1579 1241 1706 1282 vero
1734 1241 1853 1280 cum

260 1329 744 1376 commemorasset
769 1317 916 1388 quod
947 1320 1114 1374 altero
1151 1318 1244 1373 die
1282 1318 1474 1390 factum
1509 1327 1622 1385 est,
1659 1318 1730 1373 de
1766 1335 1854 1374 ar-

261 1413 402 1470 bore
442 1413 722 1470 maledicta
759 1413 972 1483 quando
999 1428 1156 1467 mane
1199 1411 1560 1467 revertebatur
1593 1427 1623 1465 a
1660 1412 1852 1467 Betha-

258 1508 353 1564 nia
399 1508 455 1563 in
493 1506 795 1573 civitatem,
825 1506 1165 1576 prrtermisit
1195 1520 1260 1561 ea
1299 1521 1417 1576 qua:
1459 1506 1664 1562 Marcus
1705 1520 1852 1561 com-

259 1601 614 1665 memoravit.
662 1599 873 1656 vestisse
913 1598 1061 1654 illum
1106 1598 1158 1652 in
1201 1597 1501 1663 civitatem,
1545 1605 1601 1650 et
1637 1611 1854 1666 vespere

259 1693 498 1759 exiisse.
530 1702 582 1747 et
609 1706 768 1748 mane
795 1705 914 1746 cum
943 1691 1230 1744 transirent
1249 1729 1264 1755 ,
1297 1688 1586 1758 discipulos
1609 1689 1852 1744 arborem

259 1784 476 1840 aridam
508 1782 671 1838 fuisse
698 1783 952 1847 miratos;
981 1791 1034 1836 et
1053 1781 1102 1836 ei
1119 1781 1263 1852 quod
1283 1780 1516 1836 racundo
1538 1780 1624 1834 die
1643 1788 1853 1850 gestum

261 1885 420 1944 erat,
459 1891 568 1946 quo
605 1875 765 1931 arbor
797 1873 1078 1930 maledicta
1117 1882 1226 1939 est,
1272 1872 1511 1942 adjunxit
1553 1872 1682 1927 illud
1712 1871 1852 1942 quod

261 1969 428 2026 tertio
457 1968 544 2024 die
581 1977 787 2038 gestum
825 1977 939 2034 est,
983 1967 1097 2037 ejus
1133 1965 1430 2020 ariditatcm
1475 1967 1694 2019 miratos
1732 1979 1854 2021 esse

262 2061 586 2130 discipulos.
615 2071 668 2114 et
693 2059 759 2114 de
787 2062 1016 2130 potentis
1045 2059 1163 2114 lidei
1191 2074 1220 2113 a
1246 2059 1468 2113 Domino
1497 2059 1706 2114 audisse
1732 2075 1744 2111 :
1773 2059 1853 2113 sic

261 2168 327 2208 ea
357 2153 710 2222 conjungcns,
745 2160 800 2204 ut
838 2151 936 2205 nisi
970 2167 1036 2205 ex
1069 2151 1228 2206 Marci
1265 2150 1567 2205 narratione
1603 2164 1854 2219 cogamur

262 2243 582 2309 intendere,
627 2243 712 2297 ubi
751 2251 808 2298 et
834 2242 959 2312 quid
987 2242 1262 2296 Mattlucus
1292 2242 1717 2311 prietermiserit,
1747 2254 1850 2294 non

262 2336 439 2406 possit
457 2334 692 2403 agnosci.
716 2333 848 2388 Cum
871 2348 1001 2404 ergo
1019 2333 1246 2388 dixisset
1265 2332 1557 2396 Matthmns,
1585 2331 1649 2385 Et
1667 2333 1853 2386 relictis

262 2426 370 2484 illis
391 2469 406 2489 .
437 2427 559 2480 abiit
598 2425 736 2495 foras
770 2434 912 2479 extra
949 2425 1198 2478 civitatem
1233 2425 1286 2477 in
1326 2422 1624 2478 Betharriam
1645 2465 1658 2487 ,
1690 2425 1856 2493 ibique

261 2518 474 2572 mansit.
509 2515 662 2570 Mane
684 2524 848 2569 autem
878 2526 1124 2570 reuertens
1153 2516 1204 2568 in
1230 2516 1497 2581 civitatem,
1529 2515 1730 2568 esuririt
1763 2531 1780 2564 :
1807 2522 1854 2567 et

261 2609 443 2662 uidens
469 2607 554 2677 ﬁci
589 2606 814 2661 arborem
847 2623 999 2660 unam
1023 2621 1162 2659 secus
1189 2607 1322 2660 viam
1341 2647 1354 2674 ,
1383 2607 1514 2660 venit
1540 2607 1610 2658 ad
1638 2623 1774 2671 eam,
1809 2615 1854 2659 et

263 2701 397 2754 nihil
423 2699 607 2753 invenit
632 2699 685 2752 in
712 2715 802 2761 ea,
836 2698 932 2752 nisi
957 2698 1080 2766 folia
1108 2707 1338 2762 tantum;
1373 2707 1420 2750 et
1444 2699 1515 2750 ait
1545 2697 1624 2751 illi
1649 2711 1669 2751 :
1699 2695 1750 2749 Ν
1754 2714 1852 2751 un-

262 2806 417 2860 quam
440 2787 528 2843 abs
548 2798 596 2843 te
615 2790 805 2858 fructus
825 2795 1060 2841 nascatur
1078 2789 1131 2841 in
1149 2789 1503 2858 sempiternum
1521 2807 1541 2854 ;
1566 2799 1612 2843 et
1633 2793 1854 2860 arefacta

264 2889 337 2933 est
355 2878 599 2933 continuo
619 2877 873 2948 ficulnea;
901 2878 1268 2947 prmtermissls
1288 2879 1495 2932 czcteris
1520 2878 1583 2931 ad
1606 2878 1851 2932 eumdem

264 2969 409 3024 diem
440 2970 846 3038 pertinentibus,
875 2970 1114 3039 adjnnxit
1139 2970 1336 3034 statim,
1369 2968 1434 3022 Et
1459 2969 1678 3023 videntes
1703 2971 1853 3023 disci-

265 3061 376 3130 puli
397 3061 566 3117 mirati
586 3071 700 3116 sunt
715 3061 933 3114 dicentes
953 3076 970 3114 :
989 3059 1252 3126 Quomodo
1266 3062 1502 3114 continuo
1523 3063 1691 3114 aruit?
1711 3063 1852 3131 quod

265 3152 374 3208 alio
399 3151 486 3207 die
511 3151 774 3218 viderunt,
805 3152 908 3205 alio
932 3152 1018 3205 dic
1046 3152 1217 3204 mirati
1245 3160 1385 3205 sunt.
1421 3151 1732 3223 lntelligitur
1755 3170 1851 3207 au-

264 3251 377 3300 tem
409 3259 510 3296 non
543 3251 666 3297 tunc
694 3245 896 3298 eruisse
934 3244 1148 3314 quando
1174 3243 1444 3306 viderunt,
1475 3246 1568 3299 sed
1599 3248 1853 3299 continuo

265 3349 391 3389 cum
417 3334 693 3390 maledicta
718 3344 818 3388 est.
846 3333 1025 3403 Neque
1047 3335 1190 3389 enim
1211 3343 1563 3399 arescentem,
1590 3336 1682 3389 sed
1705 3339 1855 3405 peni-

268 3433 354 3479 tus
383 3424 667 3480 arefactum
695 3424 937 3479 viderunt
955 3464 971 3490 ,
999 3439 1062 3479 ac
1085 3424 1165 3479 sic
1186 3439 1304 3478 eam
1328 3427 1579 3479 continuo
1609 3426 1663 3480 in
1687 3427 1853 3481 verbo

267 3516 479 3572 Domini
504 3516 706 3572 aruisse
736 3515 1129 3572 intellexerunt.

265 3607 494 3664 CAPUT
518 3607 702 3663 LXIX.
728 3637 801 3649 —-
824 3607 950 3662 Cum
981 3606 1259 3661 Dominum
1299 3609 1727 3680 interrogaverunt
1751 3610 1852 3663 lu-

338 3702 440 3755 dtei
461 3741 478 3767 ,
511 3701 566 3754 in
595 3717 695 3771 qua
721 3710 963 3772 potestate
995 3701 1091 3755 ista
1119 3704 1334 3771 faceret,
1361 3701 1613 3772 quomodo
1647 3703 1776 3754 inter
1800 3716 1853 3755 se

335 3795 648 3848 consentiant
683 3795 764 3848 isti
803 3805 919 3848 tres.

339 3883 464 3938 152.
492 3884 740 3954 Sequitur
765 3884 1042 3940 Mattheus
1068 3925 1080 3949 ,
1116 3892 1169 3938 et
1189 3883 1316 3938 dicit
1343 3900 1356 3937 ε
1387 3882 1457 3937 Et
1500 3900 1614 3937 cum
1639 3886 1851 3938 venisset

263 3977 318 4031 in
345 3978 587 4048 templum
605 4017 621 4045 ,
645 3988 954 4032 accesserunt
975 3978 1044 4031 ad
1063 3995 1177 4031 eum
1202 3978 1461 4031 docentem
1484 3979 1736 4048 principes
1769 3994 1851 4031 sa-

265 4068 525 4123 cerdotum
553 4079 598 4123 et
635 4071 852 4124 seniores
896 4070 1070 4140 populi
1095 4070 1311 4121 dicentes
1337 4084 1356 4120 :
1381 4067 1444 4121 In
1485 4085 1582 4137 qua
1614 4079 1852 4136 potestate

268 4160 376 4215 luet:
410 4161 576 4230 facis?
601 4160 669 4215 Et
697 4161 806 4230 quis
830 4161 964 4213 dedit
997 4160 1085 4213 tibi
1115 4161 1242 4213 hanc
1271 4162 1599 4230 potestatem?
1621 4160 1851 4233 Respon-

267 4251 392 4305 deas
422 4250 574 4306 Jesus
591 4251 718 4305 dicit
746 4252 848 4305 illis
875 4267 893 4304 :
917 4250 1246 4322 lnterrogabo
1265 4266 1350 4304 tros
1373 4259 1419 4305 et
1443 4267 1533 4321 ego
1562 4267 1717 4304 unum
1742 4270 1849 4307 ser-

268 4356 497 4406 monent;
521 4358 665 4411 queat
694 4342 740 4395 si
768 4343 994 4396 dixeritis
1036 4343 1158 4395 milii
1181 4383 1197 4407 ,
1229 4352 1274 4394 et
1319 4359 1410 4411 ego
1447 4344 1584 4396 vobis
1607 4343 1770 4397 dicam
1798 4346 1849 4398 in

266 4443 369 4496 qua
424 4437 660 4494 potestate
715 4427 822 4478 Ira’c
866 4428 1070 4498 faciam.
1116 4426 1406 4496 Baptismus
1458 4427 1675 4482 Joannis
1718 4429 1851 4484 unde

267 4526 374 4570 erat
391 4517 417 4570 7
444 4526 544 4570 etc.
554 4555 570 4582 ,
597 4531 763 4585 usque
786 4516 851 4568 ad
883 4515 1007 4569 illud
1031 4517 1117 4569 ubi
1140 4517 1234 4581 ait,
1258 4515 1366 4570 Nec
1385 4531 1474 4586 ego
1497 4517 1634 4571 vobis
1659 4517 1770 4571 dico
1797 4519 1849 4572 in

266 4625 366 4678 qua
393 4617 633 4680 potestate
661 4611 767 4662 Itth
788 4609 920 4679 facio
938 4607 1144 4677 (Matth.
1168 4624 1276 4673 xxi,
1304 4609 1513 4681 23-27).
1544 4610 1652 4664 Hoc
1680 4620 1848 4665 totum

269 4709 324 4755 ct
347 4701 436 4754 alii
482 4701 587 4755 duo
626 4700 832 4756 Marcus
859 4709 910 4756 et
941 4700 1110 4755 Lucas
1140 4701 1357 4755 totidem
1386 4717 1520 4770 pene
1547 4703 1721 4757 verbis
1749 4718 1846 4758 es-

269 4796 600 4866 plicaverttnt
627 4794 819 4864 (Marc.
852 4811 924 4858 rit,
949 4794 1139 4860 27-33,
1155 4804 1200 4848 et
1223 4793 1348 4848 Luc.
1379 4811 1485 4860 ius,
1513 4797 1601 4861 47;
1630 4812 1727 4858 xx,
1750 4794 1806 4867 8)
1830 4814 1845 4850 :

270 4903 371 4943 nec
415 4887 467 4942 in
509 4887 696 4942 ordine
737 4887 872 4941 inter
916 4901 975 4942 se
1005 4885 1248 4940 ridentur
1276 4886 1472 4956 aliquid
1503 4887 1806 4958 discrepare
1830 4929 1846 4956 ,

269 4981 372 5036 nisi
421 4979 560 5034 unde
602 4979 846 5046 Superius
889 4978 1095 5031 locutus
1126 4993 1241 5032 sum
1263 5019 1276 5043 ,
1308 4978 1447 5048 quod
1480 4981 1850 5048 prmtcnnissis

269 5071 581 5144 quibusdam
626 5069 900 5125 Matthteus
940 5069 1008 5123 ad
1045 5070 1266 5124 alterum
1297 5069 1438 5123 diem
1465 5072 1852 5139 pertinentibus

271 5167 340 5221 ita
369 5166 604 5223 contexit
635 5164 992 5218 narrationem
1014 5203 1031 5226 ,
1077 5171 1133 5215 ut
1173 5162 1272 5216 nisi
1311 5163 1650 5228 advertatur,
1685 5165 1852 5232 possit

273 5260 445 5327 putari
473 5259 644 5330 ipsum
671 5257 723 5311 in
753 5255 989 5310 secundo
1027 5254 1114 5310 die
1137 5255 1308 5309 adhuc
1342 5255 1540 5309 versari
1567 5297 1580 5321 ,
1613 5256 1848 5311 Marcum

272 5360 446 5407 autem
472 5352 524 5406 in
554 5351 730 5407 tertio.
765 5349 934 5404 Lucas
958 5363 1083 5404 vero
1109 5362 1213 5402 non
1255 5348 1404 5418 quasi
1433 5363 1498 5402 ex
1523 5347 1710 5403 ordine
1735 5350 1850 5406 dies

272 5458 596 5514 persequens
622 5445 724 5499 hoc
747 5442 1054 5512 subjunxit,
1085 5441 1180 5496 sed
1213 5456 1335 5494 cum
1379 5453 1851 5500 commemorasset

271 5536 469 5605 eiectos
494 5535 563 5592 de
589 5535 787 5604 templo
820 5545 1060 5610 ementes
1082 5542 1138 5590 et
1161 5533 1451 5588 vendentes
1471 5573 1486 5599 ,
1517 5537 1851 5604 prietermisit

252 5629 408 5698 quod
437 5628 617 5686 exibat
637 5629 688 5683 in
719 5627 1028 5683 Bethaniam
1048 5669 1064 5695 ,
1087 5637 1140 5684 et
1163 5627 1562 5698 regrediehatur
1587 5629 1638 5683 in
1665 5630 1847 5685 civita-

272 5730 396 5790 tem,
429 5733 480 5778 et
510 5720 649 5792 quod
679 5719 744 5775 dc
773 5719 994 5774 ﬁculnea
1026 5717 1221 5774 factum
1253 5731 1330 5774 est
1358 5763 1370 5785 ,
1400 5731 1450 5775 ct
1480 5721 1617 5793 quod
1645 5723 1842 5778 miran-

1619 285 1818 341 LIBER
1857 283 2213 344 SECUNDUS

3412 296 3544 352 lli?

1963 400 2106 455 tibus
2135 399 2414 470 discipulis
2439 399 2509 456 de
2529 400 2651 458 ﬁdei
2674 403 2872 460 virtute
2901 418 3216 476 responsum
3235 415 3352 462 est:
3384 420 3542 480 atque

1957 490 2044 545 his
2067 491 2439 562 praemissis
2459 492 2636 547 intulit
2660 493 2862 562 dicens,
2890 493 2964 549 Et
2981 506 3091 550 erat
3118 498 3299 552 docens
3321 500 3543 568 quotidie

1959 583 2014 636 in
2041 583 2243 652 templo.
2285 580 2550 654 Principes
2595 594 2766 639 autem
2807 587 3123 641 sacerdotum
3161 598 3208 642 ct
3260 588 3454 645 Scribis
3491 602 3540 646 et

1955 676 2209 746 principes
2235 675 2395 744 plebis
2421 678 2704 746 quaebant
2739 678 2885 732 illum
2923 680 3129 749 predere
3157 697 3176 735 :
3199 691 3247 735 et
3276 700 3374 736 non
3399 685 3538 738 ince-

1959 767 2158 820 rriebant
2181 769 2303 838 quid
2331 769 2550 836 facerem
2567 770 2667 824 illi.
2684 771 2860 825 Omnis
2875 773 3004 826 enim
3027 775 3243 843 papulas
3269 793 3540 845 suspensus

1958 858 2289 912 mtaudiens
2311 859 2472 913 illum.
2490 859 2564 914 Et
2595 864 2781 932 factum
2806 865 2948 918 estin
2972 881 3070 918 una
3093 866 3308 933 dierum,
3337 869 3542 925 docente

1958 951 2047 1004 illo
2091 951 2331 1022 populum
2369 953 2419 1005 in
2445 953 2633 1022 templo
2673 963 2719 1006 et
2763 955 3132 1024 euangelizante
3157 1000 3169 1023 ,
3205 972 3542 1016 converterunt

1959 1045 2210 1114 principes
2229 1044 2546 1098 sacerdotum
2567 1056 2615 1099 et
2643 1046 2836 1102 Scriba:
2853 1065 2964 1101 cum
2992 1050 3267 1105 senioribus
3286 1094 3301 1118 ,
3324 1063 3369 1104 et
3398 1055 3542 1106 aiunt

1960 1135 2176 1189 dicentes
2209 1137 2279 1189 ad
2311 1137 2456 1190 illum
2481 1153 2500 1191 :
2524 1137 2623 1192 Dic
2664 1139 2804 1194 nobis
2837 1143 2888 1192 in
2913 1157 3018 1207 qua
3047 1152 3292 1212 potestate
3311 1145 3419 1198 lucc
3451 1148 3540 1214 fa-

1959 1227 2030 1280 cis
2049 1228 2076 1281 .9
2099 1236 2231 1294 etc.,
2255 1244 2373 1298 quae
2397 1230 2557 1283 etiam
2580 1232 2689 1285 duo
2713 1233 2789 1286 illi
2817 1244 3252 1290 commemorant.
3271 1238 3426 1293 Unde
3442 1253 3539 1308 ap-

1959 1330 2108 1390 paret
2125 1361 2141 1381 ,
2171 1322 2299 1375 nihil
2323 1323 2402 1376 eis
2425 1323 2586 1378 etiam
2612 1324 2728 1395 ipso
2753 1327 2941 1381 ordine
2961 1343 3256 1399 repugnare
3281 1373 3294 1395 ,
3321 1332 3539 1401 quando

1959 1411 2010 1466 id
2032 1412 2178 1481 quod
2201 1412 2327 1466 dicit
2351 1412 2547 1468 factum
2579 1416 2630 1468 in
2653 1432 2754 1470 una
2787 1416 2995 1472 dierum
3016 1460 3031 1484 ,
3061 1434 3121 1472 ea
3149 1419 3270 1475 dies
3292 1421 3539 1492 intelligi-

1959 1511 2061 1570 tur,
2090 1503 2141 1558 in
2165 1521 2266 1574 qua
2297 1506 2348 1559 id
2369 1514 2576 1574 gestum
2599 1508 2674 1563 illi
2698 1509 2854 1562 etiam
2881 1510 3194 1564 retulerunt.

1957 1593 2180 1652 CAPUT
2220 1597 2378 1652 LXX.
2419 1627 2492 1639 —-
2517 1598 2597 1653 De
2622 1600 2817 1653 duobus
2842 1601 3018 1670 quibus
3055 1603 3369 1672 irnperatrerit
3391 1614 3538 1673 pater

2027 1697 2081 1740 ut
2115 1689 2242 1741 irent
2280 1689 2332 1742 in
2375 1690 2570 1743 vineam
2590 1733 2604 1756 ,
2635 1700 2683 1744 et
2717 1691 2778 1745 de
2816 1692 2957 1745 uinea
2987 1708 3103 1760 que
3142 1693 3303 1746 locata
3329 1703 3398 1748 est
3423 1695 3538 1749 aliis

2028 1779 2261 1848 agricolis
2284 1821 2298 1845 ,
2345 1781 2596 1850 quomodo
2650 1797 2750 1835 non
2795 1782 3083 1836 advaretur
3134 1782 3404 1839 Mattheus
3439 1786 3540 1840 illis

2029 1870 2243 1934 duobus;
2262 1887 2376 1925 cum
2393 1871 2570 1942 quibus
2584 1873 2813 1927 eumdem
2835 1875 3061 1927 ordinem
3080 1884 3228 1937 tenet,
3256 1885 3304 1928 et
3325 1878 3538 1931 nratcirns

2025 1960 2076 2013 in
2106 1961 2200 2014 hac
2229 1961 2471 2030 parabola
2507 1978 2659 2031 quam
2689 1979 2857 2016 omnes
2885 1974 2982 2016 tres
3008 1964 3178 2017 dicunt
3203 1965 3266 2018 de
3299 1967 3536 2022 vinculo-

2002 2051 2168 2115 'cata,
2201 2060 2405 2120 propter
2429 2053 2799 2120 responsionem
2839 2070 3010 2108 eorum
3037 2055 3214 2124 quibus
3245 2056 3501 2111 dicebtnr
3519 2099 3535 2121 ,

2028 2142 2109 2196 ubi
2130 2145 2443 2213 aliquantum
2463 2145 2656 2199 videtur
2683 2148 2892 2201 variare.

2030 2234 2150 2288 155.
2181 2234 2431 2304 Sequitur
2453 2236 2730 2291 Matthmus
2759 2255 2770 2290 :
2802 2239 2936 2304 Quid
2955 2249 3120 2293 autem
3143 2240 3276 2295 vobis
3303 2243 3538 2297 videtur?

1962 2323 2126 2378 Homo
2151 2327 2163 2356 ¹
2188 2325 2393 2380 [rubebat
2416 2327 2542 2382 duos
2561 2329 2715 2396 ﬁlios,
2737 2338 2782 2382 et
2802 2331 3039 2384 accedens
3057 2331 3125 2384 ad
3148 2334 3364 2402 primum
3385 2334 3535 2396 dixit,

1960 2415 2062 2470 Fili
2083 2459 2095 2480 ,
2130 2419 2284 2485 vade,
2314 2419 2463 2474 hodie
2486 2437 2693 2489 operare
2720 2422 2772 2475 in
2803 2423 2943 2476 vinea
2969 2439 3077 2475 mea
3104 2441 3123 2478 :
3153 2425 3238 2478 ille
3265 2436 3428 2480 autem
3451 2443 3538 2480 reo

1957 2509 2235 2576 spondens,
2268 2512 2336 2562 ait
2356 2551 2370 2574 ,
2411 2511 2578 2575 Nolo;
2620 2522 2791 2582 postea
2824 2523 2989 2568 autem
3022 2517 3310 2583 pamitentia
3336 2527 3534 2584 motus,

1959 2601 2098 2653 abiit.
2139 2601 2391 2657 Accedens
2435 2613 2600 2657 autent
2650 2605 2718 2657 ad
2761 2605 2974 2660 alterum
3015 2609 3143 2661 dixit
3183 2610 3414 2662 similiter
3443 2629 3462 2664 :
3486 2621 3539 2664 at

1957 2691 2045 2744 ille
2069 2693 2388 2762 respondens,
2403 2695 2492 2754 ait,
2509 2694 2608 2762 Eo,
2639 2695 2947 2759 Domine;et
2974 2715 3072 2752 non
3101 2700 3176 2763 iit,
3208 2709 3336 2766 etc.,
3365 2717 3532 2771 usque

1958 2781 2023 2836 ad
2052 2783 2176 2836 illud
2221 2784 2305 2837 ubi
2331 2786 2400 2838 ait
2418 2826 2434 2852 ,
2472 2785 2539 2839 Et
2569 2788 2654 2857 qui
2679 2788 2908 2842 ceciderit
2931 2806 3080 2857 super
3106 2792 3322 2860 lapidem
3347 2793 3498 2847 istum
3516 2833 3536 2860 ,

1959 2876 2299 2946 confringetar
2324 2893 2342 2930 :
2369 2896 2518 2948 super
2553 2897 2698 2951 queat
2737 2897 2850 2935 rero
2878 2882 3144 2947 ceciderit,
3176 2894 3395 2939 conteret
3422 2903 3538 2942 cunt

1961 2966 2168 3034 (illattlr.
2199 2985 2309 3034 nt,
2339 2969 2541 3040 28-44).
2575 2971 2780 3026 Marcus
2807 2982 2860 3026 et
2893 2972 3061 3028 Lucas
3082 2990 3183 3029 non
3206 2991 3536 3032 commemo—

1959 3070 2077 3112 rant
2118 3059 2184 3113 dc
2223 3060 2428 3115 duobus
2469 3061 2582 3116 istis
2625 3063 2744 3116 ﬁliis
2766 3105 2780 3128 ,
2813 3064 3004 3131 quibus
3033 3065 3344 3134 imperatum
3369 3076 3453 3123 est
3483 3078 3538 3125 ut

1959 3149 2095 3205 irent
2134 3161 2290 3220 atque
2329 3163 2678 3222 operarentnr
2703 3155 2754 3208 in
2784 3156 2932 3210 vinea
2963 3173 2975 3210 :
3004 3156 3097 3211 sed
3125 3157 3262 3225 quod
3290 3169 3409 3227 post
3435 3161 3538 3214 hoc

1960 3254 2137 3295 narrat
2165 3244 2440 3297 Mattluuus
2465 3245 2530 3299 tle
2571 3246 2722 3299 vinea
2759 3263 2875 3314 qua:
2921 3249 3086 3301 locata
3129 3258 3211 3302 est
3251 3250 3535 3320 agricolis,

1959 3338 2047 3405 qni
2074 3340 2337 3405 persecuti
2369 3349 2489 3391 sunt
2523 3354 2708 3393 sertos
2743 3341 2933 3393 missos
2961 3341 3025 3392 ad
3056 3355 3113 3394 se
3136 3382 3151 3406 ,
3174 3352 3228 3396 et
3255 3353 3432 3410 postea
3455 3343 3537 3398 di-

1960 3427 2152 3482 lectum
2181 3428 2345 3482 lilium
2375 3429 2703 3493 occiderunt,
2733 3438 2786 3482 et
2813 3431 3082 3498 rjeccrunt
3107 3441 3253 3485 extra
3287 3435 3494 3488 vincam
3516 3475 3534 3500 ,

1957 3520 2114 3574 etiam
2148 3520 2220 3574 illi
2249 3519 2404 3573 ambo
2435 3535 2540 3574 non
2571 3529 2780 3586 tacent,
2829 3520 3013 3574 eodem
3044 3521 3229 3575 ordine
3271 3523 3538 3579 custodito

1959 3610 2149 3679 (Marc.
2180 3627 2284 3672 xu,
2313 3611 2458 3675 i-ll,
2488 3622 2532 3663 et
2563 3611 2685 3663 Luc.
2730 3627 2805 3664 xx
2830 3651 2842 3674 ,
2877 3610 3072 3682 9-l8),
3103 3612 3152 3666 id
3177 3622 3255 3667 cst
3277 3654 3291 3676 ,
3322 3623 3536 3682 postea-

1957 3717 2113 3772 quam
2145 3703 2208 3756 tlc
2253 3702 2511 3770 baptismo
2539 3701 2756 3756 Joannis
2794 3702 3101 3772 interrogati
3126 3703 3294 3758 διιὼρὶ
3334 3720 3393 3758 sc
3438 3721 3536 3762 nc-

1957 3795 2092 3847 scirc
2115 3792 2381 3856 dixerunt,
2403 3801 2457 3846 ct
2487 3793 2759 3862 respondit
2787 3793 2895 3858 eis,
2931 3791 3038 3847 Nec
3065 3809 3153 3863 ego
3179 3794 3294 3850 dico
3323 3795 3458 3849 vobis
3482 3797 3537 3851 in

1955 3900 2054 3953 qua
2077 3893 2314 3953 potestate
2339 3883 2445 3937 lucc
2470 3883 2622 3954 facio.
3179 3947 3184 3952 ε

2030 3976 2148 4030 liii.
2181 3975 2384 4029 Nullius
2412 3991 2536 4045 ergo
2569 3975 2652 4032 hic
2697 3978 3054 4045 repugnantiae
3089 3978 3312 4046 quaestio
3359 3979 3537 4033 nasci-

1957 4075 2059 4130 tur,
2093 4067 2195 4122 nisi
2221 4066 2358 4134 quod
2382 4066 2660 4121 Matthmus
2679 4106 2693 4131 ,
2722 4082 2841 4121 cum
2864 4067 3086 4121 dixisset
3111 4069 3251 4137 quod
3282 4069 3536 4127 Dominus

1957 4160 2359 4228 interrogavcr'tt
2399 4158 2644 4224 Judwos,
2689 4157 2814 4211 Cum
2851 4160 3030 4211 venerit
3075 4159 3308 4214 dominus
3341 4161 3534 4225 vincta,

1955 4251 2074 4321 quid
2117 4251 2265 4320 faciet
2300 4250 2536 4319 agricolis
2575 4248 2720 4301 illis?
2748 4249 2866 4301 illos
2907 4249 3244 4315 respondisse
3267 4248 3538 4318 subjungit

1956 4353 2112 4412 atque
2131 4340 2351 4404 dixisse,
2382 4339 2545 4394 Malos
2573 4339 2702 4392 male
2721 4338 2910 4404 perdet.
2933 4348 2978 4390 ct
3005 4339 3196 4391 vincam
3218 4339 3396 4392 locabit
3419 4341 3536 4396 aliis

1955 4433 2190 4502 agricolis
2216 4432 2301 4502 qui
2329 4430 2540 4484 reddant
2580 4430 2620 4483 ei
2649 4432 2867 4500 fructum
2897 4428 3197 4498 temporibus
3229 4432 3351 4484 suis.
3381 4432 3537 4498 Quod

1955 4524 2160 4578 Marcus
2209 4537 2310 4576 non
2341 4521 2408 4575 ab
2448 4522 2572 4591 ipsis
2599 4535 2910 4590 responsant
2964 4535 3081 4574 esse
3118 4531 3534 4588 commemorat,

1956 4615 2051 4672 sed
2097 4616 2371 4669 Dominum
2399 4613 2497 4668 hoc
2526 4622 2916 4682 consequenter
2957 4614 3189 4668 locutum
3228 4626 3344 4684 post
3371 4617 3534 4672 inter-

1956 4709 2283 4778 rogationem
2314 4722 2462 4762 suam
2483 4747 2499 4774 ,
2543 4706 2713 4775 ipsum
2741 4706 2840 4761 sibi
2874 4707 3269 4777 quodammodo
3313 4725 3537 4779 restion-

1956 4798 1990 4854 d
2014 4814 2099 4853 ssc
2129 4817 2139 4852 :
2167 4799 2234 4851 ita
2259 4800 2395 4852 enim
2419 4798 2544 4851 dicit
2567 4838 2580 4857 ,
2613 4796 2745 4863 Quid
2779 4813 2894 4868 ergo
2919 4789 3074 4866 faciet
3093 4799 3323 4855 dominas
3348 4802 3538 4854 vincte?

1971 4889 2158 4953 Veniet,
2187 4899 2234 4944 cl
2255 4889 2425 4958 perdet
2452 4889 2672 4949 colonos.
2698 4897 2745 4942 et
2775 4888 2910 4942 dabit
2936 4891 3126 4943 vineam
3151 4891 3286 4944 aliis.
3321 4889 3425 4944 Sed
3456 4892 3535 4946 la-

1957 4983 2055 5036 cilc
2083 4989 2253 5051 potest
2279 4981 2494 5052 intelligi
2524 4981 2602 5036 vel
2629 4980 2839 5034 illorum
2867 4995 3050 5034 vocent
3079 4979 3147 5032 ita
3177 4980 3529 5049 snbjnnctam,

1958 5083 2014 5127 ut
2043 5089 2144 5127 non
2178 5074 2621 5144 interponeretur,
2655 5071 2730 5125 Illi
2754 5071 3019 5134 dixerunt,
3042 5079 3132 5123 aut
3155 5113 3168 5135 ,
3200 5069 3275 5124 llli
3305 5087 3532 5142 respon-

1956 5163 2181 5229 derunt,
2206 5164 2296 5218 sed
2321 5173 2494 5217 tamen
2517 5161 2928 5230 intelligeretur;
2961 5170 3050 5214 aut
3087 5159 3207 5216 ideo
3235 5164 3536 5234 responsio-

1958 5272 2077 5310 nem
2125 5259 2276 5311 istam
2306 5256 2529 5310 Domino
2565 5254 2739 5325 potius
2768 5253 3115 5321 attributam,
3147 5254 3266 5326 quia
3290 5271 3408 5311 cum
3442 5274 3536 5312 re-

1958 5365 2074 5403 rum
2113 5349 2391 5410 dixerunt,
2424 5347 2581 5400 etiam
2612 5346 2678 5399 de
2709 5344 2812 5400 illis
2843 5345 2943 5400 hoc
2989 5345 3104 5417 ipsc
3143 5349 3416 5419 respondit
3443 5351 3535 5420 qui

1957 5443 2150 5496 veritas
2170 5449 2270 5494 est.
3561 5471 3569 5514 ἐ

2034 5535 2151 5588 155.
2175 5531 2280 5589 Sed
2306 5530 2432 5587 illud
2465 5529 2631 5602 magis
2656 5536 2850 5597 movet,
2880 5529 3021 5603 quod
3042 5530 3210 5587 Lucas
3228 5546 3331 5588 non
3357 5533 3532 5591 solum
3557 5599 3568 5620 λ

1956 5742 1983 5779 a
2005 5666 2208 5793 81:33:12
2237 5673 2384 5717 "orno
2404 5661 2602 5730 quidam
2624 5663 2840 5715 habebat.
2867 5666 3008 5716 Abest
3027 5702 3039 5726 ,
3064 5666 3274 5729 quidam,
3303 5679 3330 5717 α
3351 5673 3456 5718 Mss.
3478 5676 3532 5721 et
