3888 6308
454 252 592 311 1145

1246 255 1335 314 DE
1372 257 1725 318 CONSENSU
1764 258 2410 338 EVANGELISTARUM,
2450 270 2508 327 S.
2547 271 2914 339 AUGUSTINI

3580 304 3697 368 ii“

451 386 545 425 eos
569 369 671 424 hoc
696 369 1033 439 respondisse
1056 384 1165 427 non
1192 370 1321 428 dicit
1344 415 1359 441 ,
1393 374 1508 430 haec
1528 374 1689 431 etiam
1717 376 1880 433 verba
1922 378 2037 449 ipse
2145 378 2408 447 positione
2428 424 2444 450 ,
2487 388 2779 447 secundum
2819 392 3125 455 Manlianum
3170 386 3691 487 sermo-contexitur,

452 476 657 487 ...υ--..Α
686 462 818 487 ηερ...
852 462 1056 487 ιι---.--
1087 463 1309 487 ἢ-...2..-
1333 467 1623 487 -.._2L___-
1666 483 1841 487 __--_-_,__
1882 470 2023 487 4-9,,“
2143 481 2304 487 “AL---
2401 471 2417 487 ι
2450 474 2462 487 ι
2700 479 2714 487 .
2764 480 2779 487 -
2841 482 2854 487 -

448 476 659 533 quoque
685 462 823 519 sicut
849 462 1057 519 Marcus
1086 463 1313 520 Domino
1330 467 1646 534 attribuens,
1665 483 1849 525 verum
1871 470 2034 526 etiam
2143 481 2315 540 usque
2350 471 2550 564 adhoc
2576 479 2717 549 quod
2746 480 2817 538 de
2840 482 3009 543 locata
3038 490 3291 560 agricolis
3316 462 3690 564 vineaticis-ine:

446 553 767 609 contrariam
807 554 1058 613 retulisse
1095 559 1499 628 responsionem
1520 601 1536 625 ,
1568 560 1808 617 dicentes
1831 603 1847 628 ,
1870 562 2030 617 Absit.

2138 569 2394 664 moratur.
2438 563 2619 624 Potest
2642 570 2787 626 enim
2818 576 2989 643 putari
3029 581 3211 637 omnia
3233 598 3359 641 eum
3398 590 3689 664 principibm

441 646 522 702 lta
548 647 701 725 enim
722 658 903 704 narrat
932 666 945 705 :
977 648 1115 717 Quid
1136 668 1253 723 ergo
1272 652 1424 722 faciet
1450 654 1554 710 illis
1579 655 1811 712 dominus
1836 658 1991 713 uineta

2137 651 2475 711 sacerdotum
2514 666 2570 714 et
2609 662 2910 721 senioribus
2945 671 3124 740 populi
3172 646 3417 743 locutum
3447 646 3688 753 una:

453 735 664 806 Veniet,
689 749 737 794 et
781 740 952 810 perdet
978 742 1181 797 colonos
1216 743 1338 797 istos
1356 784 1371 808 ,
1403 752 1450 798 et
1484 742 1623 800 dabit
1658 748 1854 802 vineam
1887 749 2024 803 aliis.

444 828 558 896 Quo
577 831 753 886 audito
777 832 1010 887 dixerunt
1033 834 1110 888 illi
1135 851 1155 888 :
1173 834 1332 889 Absit.
1357 834 1460 890 Ille
1481 847 1651 891 autem
1669 840 1918 910 aspiciens
1941 856 2026 896 eos

437 923 513 978 ait
535 939 555 978 :
577 924 713 990 Quid
738 936 943 997 estergo
960 929 1054 980 hoc
1076 927 1212 997 quod
1231 929 1476 1002 scriptum
1495 940 1584 997 est,
1604 930 1851 1002 Lapidem
1877 950 2022 1004 quem

436 1017 826 1087 reprobauerunt
849 1020 1177 1089 wdiﬁcantes,
1198 1022 1280 1077 hic
1300 1027 1464 1093 factus
1478 1034 1551 1079 est
1570 1025 1622 1079 in
1643 1036 1794 1096 caput
1808 1028 2024 1097 anguli?

433 1108 717 1178 Quomodo
744 1126 873 1182 ergo
895 1112 1182 1169 secundum
1213 1114 1519 1171 Matthaum
1550 1116 1656 1183 illi,
1689 1117 1879 1188 quibus
1905 1117 2020 1175 haec

431 1202 779 1273 loquebatur,
806 1203 1091 1271 dixerunt,
1126 1205 1297 1262 Malos
1338 1209 1470 1262 male
1497 1210 1698 1279 perdet,
1739 1218 1784 1264 et
1822 1210 2019 1265 vineam

431 1292 615 1349 locabit
635 1295 750 1349 aliis
766 1296 1020 1366 agricolis,
1047 1303 1133 1369 qui
1158 1299 1371 1354 reddant
1395 1300 1443 1353 ei
1462 1304 1683 1372 fructum
1711 1303 2016 1373 temporibus

338 1386 343 1391 ’
428 1384 571 1450 suis;
620 1400 740 1461 cum
792 1387 1082 1443 secundum
1121 1388 1317 1445 Lucam
1364 1390 1557 1446 talibus
1603 1391 1780 1447 verbis
1806 1401 2016 1449 contra-

428 1473 661 1532 dixerint
689 1477 928 1535 dicentes
950 1521 966 1547 ,
994 1480 1179 1535 Absit?
1206 1483 1270 1536 Et
1291 1496 1475 1538 revera
1501 1484 1641 1554 quod
1667 1493 1883 1541 secutus
1908 1486 2015 1542 Do-

428 1570 605 1626 minus
646 1571 722 1626 ait
757 1572 825 1628 de
868 1573 1042 1642 lapide
1091 1575 1378 1645 reprobate
1401 1577 1471 1633 ab
1495 1578 1916 1648 aedificantibus,
1958 1588 2013 1637 et

423 1658 568 1716 facto
593 1662 648 1715 in
677 1672 833 1732 caput
859 1666 1057 1735 anguli,
1084 1666 1154 1720 ita
1182 1668 1383 1723 illatum
1408 1678 1528 1735 est,
1556 1680 1614 1726 ut
1639 1672 1742 1726 hoc
1762 1674 2009 1728 testimo-

421 1752 517 1807 nio
544 1755 985 1811 convincerentur
1010 1757 1085 1811 illi
1116 1759 1380 1828 parabolae
1402 1762 1845 1819 contradicentes.
1875 1764 2007 1821 Nam

422 1852 477 1899 et
520 1846 633 1915 ipse
660 1846 938 1903 Mattbaeus
978 1848 1079 1904 hoc
1103 1849 1184 1906 sic
1220 1864 1603 1910 commemorat
1628 1854 1827 1911 dictum
1849 1899 1863 1920 ,
1893 1866 2008 1913 tan-

419 1952 580 2006 quam
605 1941 1092 2000 contradicentibus
1112 1985 1129 2011 ,
1155 1959 1277 2000 cum
1301 1948 1408 2012 ait,
1434 1946 1713 2020 Nunquam
1740 1950 1929 2021 legistis
1952 1953 2005 2006 in

416 2030 702 2102 Scripturis
718 2076 734 2102 ,
776 2033 1023 2106 Lapidem
1049 2055 1196 2111 quem
1235 2039 1621 2110 reprobauerunt
1654 2030 1999 2112 adiﬁcantes,

417 2124 501 2179 hic
526 2125 691 2195 {actus
720 2136 789 2181 est
833 2129 887 2182 in
922 2141 1073 2201 caput
1113 2131 1324 2204 anguli?
1353 2133 1488 2200 Quid
1518 2142 1604 2189 est
1630 2134 1771 2189 enim
1796 2177 1811 2199 ,
1845 2135 2002 2191 Nun-

412 2234 569 2288 quam
595 2219 808 2289 legistis,
838 2221 937 2277 nisi
968 2224 1089 2290 quia
1114 2223 1217 2280 hoc
1241 2225 1662 2293 responderant,
1692 2228 1833 2299 quod
1858 2239 2004 2285 esset

412 2310 784 2365 contrarium?
813 2311 925 2387 Hoc
958 2323 1011 2368 et
1053 2314 1260 2371 Marcus
1290 2316 1581 2387 significat,
1612 2319 1703 2389 qui
1735 2321 1849 2376 haec
1887 2321 2001 2392 ipsa

412 2401 579 2457 verba
615 2403 688 2458 ita
718 2403 914 2472 refert,
944 2406 1054 2462 Nec
1079 2408 1400 2477 Scripturam
1424 2413 1555 2467 lianc
1580 2412 1802 2484 legistis,
1842 2414 2001 2485 Lapi-

411 2492 529 2547 dem
546 2510 693 2565 quem
711 2497 1100 2569 reprobaverunt
1117 2502 1444 2571 aediﬁcantes,
1463 2504 1543 2559 hic
1564 2509 1729 2577 factus
1752 2517 1825 2562 est
1839 2508 1892 2562 in
1911 2523 2001 2563 ca-

408 2595 505 2655 put
530 2588 745 2657 anguli?
776 2588 907 2657 Quae
951 2594 1214 2649 sententia
1261 2596 1551 2652 secundum
1582 2597 1781 2654 Lucam
1829 2602 1999 2670 magis

405 2689 630 2748 apparet
656 2681 775 2736 loco
798 2698 897 2738 suo
919 2684 1090 2753 dicta,
1125 2696 1245 2758 post
1284 2688 1495 2746 illorum
1517 2693 1994 2750 contradictionem

405 2783 514 2839 qua
541 2769 830 2841 dixerunt,
857 2775 1019 2832 Absit.
1052 2777 1402 2837 Tantumdem
1445 2783 1588 2838 enim
1637 2785 1811 2852 valet,
1857 2786 1996 2843 sicut

404 2862 511 2920 hoc
529 2867 689 2923 etiam
716 2869 830 2939 ipse
858 2872 1025 2939 ponit,
1061 2873 1197 2939 Quid
1222 2883 1294 2929 est
1321 2893 1441 2948 ergo
1469 2878 1564 2932 hoc
1590 2881 1726 2951 quod
1748 2882 1993 2949 scriptum

403 2962 479 3008 est
492 2995 508 3018 ,
529 2954 777 3027 Lapidem
797 2977 943 3030 quem
963 2966 1354 3032 reprobaverunt
1372 2968 1701 3037 ludiﬁcantes,
1726 2972 1807 3025 hic
1827 2972 1994 3041 factus

401 3054 478 3100 est
499 3047 553 3100 in
579 3059 731 3120 caput
767 3053 982 3121 anguli?
1009 3053 1155 3109 Hanc
1190 3056 1332 3111 enim
1362 3061 1639 3115 sentcntiaa
1666 3062 1990 3118 voluntatem

402 3126 635 3197 intimat,
662 3132 774 3187 sive
804 3131 1083 3207 Nunquam
1110 3138 1299 3209 legistis
1316 3181 1331 3206 ,
1364 3141 1477 3197 sive
1503 3141 1615 3198 Nec
1639 3145 1734 3199 hoc
1764 3146 1954 3227 legistis
1971 3191 1987 3217 ,

396 3219 517 3277 sive
547 3221 685 3288 Quid
702 3233 772 3279 est
791 3242 909 3297 ergo
929 3226 1025 3282 Itoc
1049 3230 1186 3299 quod
1207 3233 1451 3302 scriptum
1470 3245 1563 3290 est.

474 3314 599 3371 156.
630 3316 816 3373 Restat
852 3335 980 3391 ergo
1007 3330 1065 3377 ut
1095 3322 1450 3396 intelligamus
1478 3329 1529 3384 in
1567 3330 1720 3400 plebe
1747 3348 1865 3403 qua:
1893 3348 1988 3390 au-

394 3405 610 3476 diebat,
640 3409 897 3479 quosdam
919 3414 1259 3483 respondisse
1284 3419 1425 3488 quod
1453 3420 1729 3478 Matthieus
1752 3439 1989 3481 comme-

394 3509 575 3556 morat
594 3501 799 3570 dicens,
824 3504 979 3560 Aiunt
996 3505 1077 3561 illi
1105 3524 1124 3563 :
1156 3507 1325 3565 Malos
1344 3513 1477 3567 male
1498 3514 1687 3585 perdet,
1720 3525 1766 3571 et
1793 3518 1987 3574 vineam

392 3593 744 3649 suamlocabit
769 3596 886 3651 aliis
922 3598 1202 3668 agricolis;
1229 3602 1488 3672 quosdam
1530 3620 1657 3662 vero
1686 3606 1817 3664 illud
1844 3611 1985 3678 quod

392 3682 571 3765 Lucas
594 3700 702 3741 non
750 3688 944 3753 tacuit,
978 3688 1082 3746 hoc
1112 3700 1225 3759 est,
1259 3694 1417 3750 Absit.
1454 3695 1521 3751 lis
1559 3712 1686 3769 ergo
1724 3700 1813 3770 qui
1856 3700 1986 3755 illud

394 3760 626 3833 Domino
653 3778 1078 3848 responderant,
1113 3782 1190 3837 illi
1219 3784 1307 3840 alii
1336 3760 1765 3859 responderunt,
1790 3792 1932 3848 Absit
1964 3813 1983 3850 .-

392 3868 491 3923 sed
536 3868 745 3925 illorum
772 3872 1051 3941 responsio
1091 3874 1283 3942 quibus
1322 3877 1412 3932 isti
1438 3880 1771 3950 retulerunt,
1803 3886 1978 3953 Absit,

391 3967 678 4028 propterea
708 3960 937 4017 Domino
977 3962 1170 4019 tributa
1206 3975 1292 4020 est
1327 3976 1381 4023 et
1409 3984 1439 4023 a
1467 3968 1644 4027 Marco
1667 3983 1722 4029 et
1746 3991 1776 4028 a
1800 3976 1942 4035 Luca
1961 4021 1977 4047 ,

389 4048 516 4119 quia
536 4090 551 4115 ,
584 4049 723 4104 sicut
743 4049 885 4119 dixi,
915 4068 1011 4124 per
1035 4068 1130 4109 eos
1157 4056 1352 4112 veritas
1379 4059 1490 4130 ipsa
1517 4062 1688 4119 locuta
1725 4076 1839 4133 est,
1869 4069 1981 4128 sive

388 4151 492 4209 per
516 4140 816 4198 nescientes
844 4143 891 4199 si
919 4143 1044 4200 mali
1071 4156 1247 4214 erant,
1279 4149 1420 4206 sicut
1446 4167 1542 4222 per
1565 4153 1819 4227 Caipbam
1843 4200 1858 4225 ,
1890 4164 1977 4232 qui

387 4233 640 4290 nesciens
660 4235 787 4306 quid
806 4236 1021 4305 dixerit,
1049 4253 1171 4294 cum
1200 4250 1344 4298 esset
1361 4246 1615 4314 pontifex,
1646 4250 1980 4322 prophetarit

388 4324 570 4399 (Ioan.
596 4343 652 4383 χι
675 4369 690 4393 ,
720 4328 930 4403 49-51);
954 4332 1068 4388 sive
1090 4348 1188 4403 per
1212 4335 1440 4394 scientes
1461 4354 1523 4394 ac
1540 4341 1651 4411 jam
1674 4342 1976 4416 intelligen-

385 4428 473 4474 tes
500 4425 658 4490 atque
701 4420 1001 4479 credentes.
1049 4423 1124 4479 lbi
1155 4424 1297 4480 enim
1343 4438 1458 4483 erat
1482 4430 1639 4486 etiam
1670 4434 1756 4489 illa
1791 4437 1974 4493 multi-

385 4508 518 4565 tudo
536 4552 552 4577 ,
585 4525 682 4581 per
704 4527 860 4582 quam
883 4513 996 4584 jam
1021 4525 1138 4571 erat
1166 4517 1383 4587 impleta
1410 4520 1497 4576 illa
1525 4524 1820 4595 prophetia,
1851 4544 1972 4585 cum

383 4602 622 4657 venienti
650 4619 839 4675 magna
868 4606 1177 4664 celebritate
1212 4622 1554 4671 occurrentes
1582 4618 1935 4677 acclamarunt
1953 4667 1967 4689 ,

380 4690 687 4749 Benedictus
714 4697 801 4764 qui
821 4699 956 4753 venit
979 4700 1033 4754 in
1052 4702 1255 4758 nomine
1273 4701 1485 4761 Domini
1502 4706 1671 4779 (Psal.
1695 4727 1858 4783 cxvii,
1879 4715 1968 4783 26;

382 4784 577 4841 Matth.
608 4802 703 4843 nt
719 4828 736 4854 ,
762 4785 841 4860 9).

456 4877 580 4931 157.
606 4875 716 4933 Nec
757 4886 969 4934 moveat
1018 4881 1160 4950 quod
1212 4882 1352 4940 idem
1382 4887 1659 4947 Matthaeus
1705 4894 1971 4967 principes

382 4968 721 5026 sacerdotum
768 4980 824 5027 et
865 4971 1104 5029 seniores
1150 4977 1331 5047 populi
1374 4978 1507 5035 dixit
1559 4986 1849 5043 accessisse
1902 4989 1969 5045 ad

379 5060 702 5131 Dominum,
737 5073 791 5120 et
828 5067 1139 5137 quaisivisse
1164 5067 1217 5124 in
1259 5084 1361 5140 qua
1388 5080 1651 5142 potestate
1684 5075 1800 5134 haec
1828 5079 1969 5139 face-

379 5165 501 5222 ret,
528 5159 719 5228 etquis
744 5158 793 5215 ei
823 5158 1030 5217 dederit
1073 5162 1211 5220 hanc
1239 5174 1553 5235 potestatem
1573 5211 1590 5237 ,
1639 5174 1853 5242 quando
1876 5192 1970 5235 eos

380 5247 452 5305 de
484 5247 749 5319 baptismo
773 5250 994 5308 Joannis
1023 5253 1256 5311 vicissim
1278 5256 1622 5332 interrogavit
1641 5263 1783 5322 unde
1803 5278 1964 5338 esset,

381 5339 452 5397 de
490 5341 631 5399 caelo
676 5357 743 5399 an
790 5357 855 5399 ex
906 5345 1246 5415 hominibus;
1293 5351 1486 5421 quibus
1519 5359 1966 5429 respondentibus

380 5434 525 5505 quod
552 5436 838 5501 nescirent,
858 5437 962 5505 ait,
988 5437 1100 5494 Nec
1118 5458 1210 5513 ego
1238 5444 1374 5499 vobis
1394 5444 1507 5502 dico
1527 5449 1581 5504 in
1610 5468 1709 5522 qua
1727 5464 1967 5523 potestate

380 5524 490 5580 lues
514 5527 667 5599 facio.
691 5527 818 5585 lude
839 5529 981 5586 enim
1011 5541 1228 5590 secutus
1249 5544 1332 5591 est
1359 5541 1650 5597 contextim
1676 5542 1959 5615 loquendo,

378 5625 439 5674 et
479 5618 549 5675 ait
576 5636 590 5673 :
625 5620 761 5686 Quid
792 5632 962 5678 autem
983 5622 1121 5680 vobis
1155 5626 1387 5685 videtur?
1409 5629 1580 5686 Homo
1602 5632 1813 5689 habebat
1836 5637 1964 5692 duos

380 5708 536 5783 ﬁlios,
556 5719 681 5778 etc.,
709 5713 823 5772 sine
852 5715 954 5773 ulla
983 5716 1295 5788 cujusquam
1320 5721 1400 5779 rei
1420 5722 1501 5780 vel
1520 5737 1763 5791 personte
1787 5725 1958 5787 inter-

2135 744 2326 844 quibus
2368 746 2541 805 fuerat
2563 751 2631 808 de
2667 769 2761 810 sua
2790 767 3052 827 potestate
3078 763 3459 841 interrogatus.
3487 775 3579 844 Qui
3605 744 3686 836 uti:

2082 902 2087 907 _
2132 848 2237 904 que
2255 837 2301 892 si
2330 847 2594 899 tentantes
2614 854 2668 901 et
2695 846 2893 906 inimici
2920 856 3266 926 quaesieram,
3290 837 3470 921 nonin
3493 837 3565 924 cis
3588 886 3685 942 pos.

2130 928 2503 1019 suntintelligi
2532 935 2622 1004 qui
2646 938 3017 1010 crediderant,
3045 957 3207 1018 atque
3233 950 3365 1008 illud
3414 928 3604 1016 claruit;
3633 978 3681 1019 ex

2130 1018 2385 1120 propheta
2443 1025 2806 1084 testimonium
2865 1033 3094 1093 Domino
3153 1042 3561 1117 perhibuerant;
3610 1057 3680 1125 qui

2128 1108 2289 1164 etiam
2319 1113 2481 1169 modo
2514 1120 2842 1187 reSpondere
2875 1108 3168 1196 potuissent
3189 1174 3205 1200 ,
3245 1152 3355 1192 non
3383 1108 3677 1213 nescientes,

2125 1200 2221 1255 sed
2258 1204 2537 1263 credentes
2556 1252 2571 1274 ,
2602 1208 2771 1268 Malos
2795 1218 2928 1272 male
2969 1223 3177 1291 perdet,
3205 1236 3259 1280 et
3301 1229 3494 1286 vineam

2123 1292 2241 1393 aliis
2262 1296 2516 1365 agricolis.
2570 1300 2681 1356 Hoc
2728 1306 2949 1363 omnino
3000 1327 3219 1371 movere
3270 1335 3375 1374 non
3418 1321 3593 1393 debet,
3633 1339 3675 1384 ut

2124 1381 2247 1438 ideo
2269 1394 2516 1454 putemus
2543 1406 2647 1447 non
2672 1394 2837 1452 fuisse
2859 1399 3138 1460 credentes
3161 1407 3216 1461 in
3246 1408 3336 1463 illa
3359 1381 3672 1487 multitudine,

2271 1485 2395 1578 tunc
2423 1480 2630 1538 Domini
2669 1487 2947 1555 parabolas
2976 1494 3251 1553 audiebat.
3280 1500 3464 1558 Tacuit
3484 1480 3671 1578 namque

2118 1565 2260 1622 idem
2290 1567 2568 1628 Matthaaus
2597 1574 2871 1635 brevitatis
2893 1596 3052 1639 causa
3070 1627 3086 1655 ,
3116 1590 3265 1659 quod
3302 1591 3471 1651 Lucas
3495 1565 3651 1655 non

2117 1664 2238 1722 cet,
2284 1660 2592 1728 parabolam
2637 1666 2791 1722 istam
2832 1672 3037 1730 scilicet
3064 1692 3172 1734 non
3216 1682 3286 1736 ad
3330 1699 3424 1741 eos
3460 1689 3589 1745 solos
3610 1691 3667 1747 di-

2115 1756 2256 1804 ctam
2279 1790 2295 1818 ,
2323 1752 2413 1822 qui
2443 1754 2511 1811 de
2539 1766 2800 1824 potestate
2826 1762 3289 1839 interrogaveram
3307 1816 3323 1839 ,
3362 1778 3455 1833 sed
3476 1781 3538 1835 ad
3571 1784 3666 1853 ple-

2114 1840 2259 1897 bem.
2298 1844 2388 1902 Sic
2412 1848 2554 1905 enim
2579 1851 2687 1918 ait,
2719 1852 2880 1926 Capit
2897 1869 3068 1915 autem
3097 1864 3269 1921 dicere
3289 1868 3361 1922 ad
3392 1840 3664 1946 plebem'pa-

2112 1935 2517 2028 rabulamlianc
2562 1959 2581 2028 ς
2629 1943 2797 2001 Homo
2836 1952 3081 2020 plantavit
3117 1958 3351 2028 vineam,
3388 1935 3486 2021 etc.
3512 1965 3561 2020 ln
3585 1935 3664 2024 bac

2112 2033 2242 2090 ergo
2262 2022 2417 2091 plebe
2444 2026 2843 2100 intelligendum
2868 2046 2952 2090 est
2970 2039 3129 2095 etiam
3154 2042 3281 2099 illos
3302 2022 3419 2104 esse
3439 2022 3657 2120 potuisse,

2111 2112 2201 2212 qui
2231 2114 2310 2169 sic
2334 2132 2456 2172 eum
2498 2120 2775 2192 audirent,
2808 2132 3079 2198 quomodo
3101 2138 3195 2207 qui
3222 2112 3497 2212 dixerant,
3524 2112 3660 2202 Bene;

2111 2201 2275 2259 dictus
2295 2209 2380 2276 qui
2396 2211 2524 2265 venit
2553 2212 2606 2267 in
2630 2217 2830 2271 nomine
2848 2218 3080 2289 Domini;
3107 2201 3165 2281 et
3194 2228 3338 2297 ipsos
3361 2234 3438 2289 vel
3469 2201 3528 2290 ex
3555 2238 3658 2305 ipsis

2109 2293 2273 2352 fuisse
2297 2301 2383 2369 qui
2406 2305 2814 2375 responderunt,
2845 2311 3014 2367 Malos
3036 2317 3175 2372 male
3197 2293 3399 2391 perdet,
3427 2334 3471 2379 et
3497 2293 3657 2384 vineam

2107 2387 2291 2443 locabit
2310 2392 2425 2447 aliis
2444 2397 2701 2465 agricolis.
2746 2400 2983 2468 Quorum
3009 2387 3414 2479 responsionem
3452 2433 3545 2473 non
3581 2435 3654 2477 so-

2106 2475 2215 2532 lum
2261 2491 2539 2552 pr0pterea
2569 2488 2793 2547 Domino
2839 2475 3139 2556 tribuerunt
3167 2502 3375 2562 Marcus
3401 2519 3450 2564 et
3476 2475 3652 2581 Lucas,

2103 2570 2247 2638 quod
2274 2570 2374 2628 hoc
2400 2574 2514 2645 ipse
2538 2577 2790 2650 dixisset,
2822 2587 2942 2655 quia
2971 2593 3171 2650 veritas
3195 2606 3278 2651 est
3305 2600 3342 2666 ⁸,
3388 2618 3496 2671 qua:
3520 2570 3651 2660 etiam

2103 2674 2200 2729 per
2246 2664 2416 2719 malos
2441 2678 2599 2739 atque
2647 2675 2950 2734 nescientes
2978 2696 3123 2753 smpe
3181 2664 3434 2759 loquitur,
3478 2696 3651 2751 occulto

2101 2750 2330 2819 quodam
2381 2755 2635 2816 instinctu
2682 2776 2914 2823 mentem
2967 2750 3207 2833 hominis
3252 2750 3502 2850 “movens,
3561 2800 3646 2840 non

2100 2844 2398 2901 sanctitatis
2424 2848 2567 2905 illius
2596 2857 2805 2925 merito,
2840 2861 2934 2917 sed
2958 2862 3080 2933 jure
3108 2872 3344 2939 pr0pria:
3368 2844 3608 2943 potestatis
3632 2895 3643 2929 :

2099 2946 2286 2990 verum
2306 2938 2465 2991 etiam
2487 2943 2609 3011 quia
2639 2946 2771 3001 tales
2799 2964 2919 3007 esse
2950 2938 3261 3030 potuerunt,
3289 2938 3458 3019 utnon
3482 2964 3643 3023 frustra

2098 3024 2150 3079 in
2181 3025 2297 3097 ipso
2322 3045 2548 3102 corpore
2573 3037 2779 3095 Domini
2803 3043 2914 3113 jam
2940 3050 3079 3105 sicut
3107 3024 3348 3111 membra
3367 3058 3643 3128 deputat-eu-

2100 3126 2204 3183 tur,
2238 3130 2296 3175 ut
2324 3128 2514 3179 merito
2535 3143 2718 3186 eorum
2744 3150 2845 3192 vox
2871 3138 2943 3192 illi
2968 3142 3314 3214 tribueretur,
3347 3126 3486 3220 cujus
3504 3167 3639 3207 mein-

2095 3209 2191 3266 bra
2216 3224 2368 3313 erant
2388 3257 2404 3283 ,
2443 3220 2564 3288 quia
2590 3221 2700 3292 jam
2734 3226 3089 3298 baptizaverat
3120 3209 3312 3307 plures
3341 3209 3486 3313 quam
3510 3244 3640 3300 Joan-

2093 3316 2191 3404 nes
2223 3301 2513 3404 (Joauliv,
2549 3312 2604 3382 i)
2634 3355 2649 3377 ,
2686 3324 2741 3371 et
2770 3316 2999 3377 habebat
3043 3301 3231 3384 tur-bas
3269 3301 3634 3404 disi-ipulorum,

2092 3393 2227 3450 sicut
2272 3397 2371 3468 ipsi
2401 3400 2750 3474 Evangelisue
2778 3425 2922 3481 saepe
2949 3421 3217 3475 testantur
3237 3463 3253 3489 ,
3280 3434 3334 3478 et
3370 3393 3492 3480 unde
3514 3393 3636 3480 erant

2092 3487 2252 3585 etiam
2305 3490 2379 3545 illi
2418 3493 2688 3565 quingenti
2741 3498 2963 3571 fratres,
3010 3509 3206 3578 quibus
3240 3487 3372 3570 eum
3406 3517 3634 3585 apostolus

2090 3576 2286 3635 Paulus
2312 3592 2428 3652 post
2454 3590 2897 3649 resurrectionem
2936 3576 3317 3667 prtesentatum
3359 3622 3468 3662 esse
3506 3622 3627 3661 coui-

2090 3681 2352 3726 mcmorat
2383 3673 2427 3745 (Ι
2450 3673 2566 3731 Cor.
2590 3694 2680 3747 xv,
2707 3680 2762 3752 6)
2787 3700 2800 3735 :
2830 3690 3127 3754 praesertim
3153 3696 3278 3765 quia
3305 3705 3355 3752 et
3383 3697 3628 3753 secundum

2088 3761 2334 3854 eumdem
2382 3764 2683 3825 Matthzeum
2734 3788 2839 3829 non
2870 3776 2939 3832 ita
2978 3761 3323 3852 dictum'est,
3354 3789 3493 3842 Aiunt
3527 3787 3619 3854 illi,

2088 3847 2257 3906 Malos
2283 3854 2416 3909 male
2459 3860 2668 3926 perdet,
2697 3871 2754 3918 ut
2778 3865 2830 3919 in
2856 3881 2922 3920 eo
2950 3870 3090 3939 quod
3138 3847 3363 3943 positum
3402 3886 3507 3943 est,
3530 3847 3621 3942 illi,

2086 3941 2301 4013 pluralis
2350 3960 2602 4002 numerus
2653 3953 2991 4024 accipiendos
3034 3962 3105 4015 sit
3126 3941 3153 4030 ,ἡ
3196 3976 3433 4036 tanquam
3470 3982 3621 4023 eorum

2084 4032 2244 4088 fuerit
2264 4034 2362 4089 ista
2388 4042 2685 4110 responsio,
2715 4046 2804 4115 qui
2833 4064 2955 4105 eum
2981 4050 3048 4107 de
3077 4070 3173 4111 sua
3201 4032 3448 4127 potestate
3470 4059 3624 4113 dolose

2084 4125 2566 4201 interrogaverunt;
2594 4136 2709 4204 sed,
2736 4138 2893 4196 Aiunt
2916 4143 3012 4212 illi,
3046 4125 3245 4206 dictum
3265 4161 3362 4217 est,
3387 4154 3431 4208 id
3450 4162 3537 4220 est,
3562 4153 3620 4207 illi

2081 4216 2183 4288 ipsi
2208 4219 2455 4292 Domino,
2484 4226 2732 4298 singulari
2763 4240 3105 4308 pronomine,
3135 4258 3240 4300 non
3267 4246 3469 4317 plurali,
3505 4244 3618 4316 quod

2081 4310 2134 4364 in
2163 4313 2434 4371 codicibus
2476 4321 2667 4390 griecis
2706 4324 2823 4381 sine
2864 4329 2974 4385 ullo
3015 4310 3281 4405 scrupulo-
3305 4337 3618 4410 ambiguitatis

2080 4415 2300 4475 apparet
2329 4406 2426 4480 (a).

2151 4497 2273 4552 158.
2316 4499 2411 4556 Est
2433 4502 2646 4573 quidam
2676 4520 2853 4565 sermo
2880 4511 3086 4571 Domini
3116 4522 3253 4591 apud
3281 4521 3610 4591 evangelistam

2078 4589 2367 4684 lennem,
2398 4595 2485 4650 ubi
2519 4596 2617 4653 hoc
2642 4601 2784 4670 quod
2812 4603 2964 4672 dico,
2992 4589 3200 4668 facilius
3227 4616 3383 4684 possit
3411 4589 3611 4680 intelligi.

2076 4678 2283 4736 Dicebat
2320 4701 2466 4757 ergo,
2510 4688 2706 4759 inquit,
2752 4693 2904 4749 Jesus
2937 4698 3006 4752 ad
3036 4718 3119 4756 eos
3146 4678 3239 4776 qui
3257 4707 3538 4760 crediderunt
3554 4678 3608 4769 ei,

2075 4768 2287 4829 Iudaeos
2315 4790 2334 4830 :
2359 4776 2422 4832 Si
2449 4793 2534 4833 vos
2558 4785 2838 4841 nianseritis
2861 4788 2913 4842 in
2939 4806 3165 4849 sermone
3191 4813 3296 4850 meo
3313 4838 3326 4860 ,
3356 4812 3458 4851 vere
3482 4794 3609 4848 disci-

2075 4863 2183 4932 puli
2209 4866 2305 4920 mei
2326 4867 2503 4931 eritis;
2528 4879 2575 4923 et
2602 4879 2907 4943 cognoscetis
2932 4882 3189 4938 veritatem
3206 4925 3219 4949 ,
3252 4896 3295 4940 et
3328 4886 3488 4940 veritas
3506 4882 3606 4936 libe-

2074 4955 2202 5009 rabit
2228 4971 2330 5011 vos.
2366 4958 2429 5011 Et
2450 4965 2815 5031 responderunt
2835 4968 2880 5022 ei
2907 4985 2926 5022 :
2953 4970 3135 5026 Semen
3162 4975 3368 5030 Abrahae
3387 4988 3550 5033 sumus,
3570 4976 3607 5022 tl

2075 5049 2260 5103 nemini
2286 5051 2573 5107 seruiuimus
2602 5072 2820 5126 unquam
2862 5077 2881 5113 :
2921 5065 3170 5132 quomodo
3208 5076 3260 5120 tu
3291 5067 3432 5123 dicis.
3468 5058 3607 5115 Liberi

2074 5138 2250 5192 eritis?
2291 5137 2569 5210 Respondit
2610 5145 2683 5199 eis
2728 5146 2879 5202 Iesus
2909 5166 2927 5204 :
2955 5152 3141 5222 Anien,
3183 5172 3323 5211 amen
3348 5155 3450 5210 dico
3474 5149 3600 5211 vobis.

2072 5227 2192 5299 quia
2212 5229 2372 5283 omnis
2397 5232 2485 5301 qui
2509 5234 2630 5303 facit
2656 5248 2932 5306 peceatum,
2957 5259 3126 5301 seruus
3143 5257 3213 5301 est
3232 5246 3445 5316 peccati:
3465 5253 3604 5296 servus

2072 5327 2236 5373 autem
2280 5336 2380 5373 non
2423 5332 2589 5377 manet
2633 5326 2686 5379 in
2730 5329 2879 5384 domo
2922 5334 2976 5386 in
3013 5346 3282 5401 internum;
3307 5337 3434 5405 ﬁlius
3466 5340 3602 5386 dum”

2071 5420 2235 5465 manet
2262 5412 2315 5465 in
2346 5421 2586 5468 aeternum
2617 5433 2633 5471 :
2660 5421 2705 5472 si
2729 5437 2847 5492 ergo
2876 5440 2961 5480 vos
2991 5426 3158 5485 Filius
3192 5430 3477 5490 liberaverit.
3511 5436 3601 5477 νοτε

2071 5500 2211 5557 liberi
2252 5504 2407 5558 eritis.
2443 5502 2565 5561 Scio
2604 5509 2721 5579 quia
2754 5512 2849 5581 ﬁlii
2877 5516 3096 5575 Abrahae
3130 5523 3273 5587 estis,
3309 5520 3391 5574 sed
3412 5515 3599 5590 queritis

2132 5620 2303 5701 3133.,
2327 5619 2429 5685 ipse
2445 5619 2649 5677 dixisset
2677 5627 2760 5691 qui
2780 5629 2953 5687 veritas
2972 5641 3058 5688 est.
3077 5639 3241 5690 caeteri
3263 5636 3377 5701 libri,
3412 5632 3511 5701 quia
3529 5639 3594 5681 vt-

2065 5679 2186 5733 ritas
2203 5686 2291 5732 est.

2128 5741 2202 5806 (a)
2225 5749 2394 5807 Graec,
2420 5745 2547 5798 aulo.

3804 5636 3805 5689 l

3803 5778 3805 5830 Α
