3888 6312
233 308 387 367 1145

227 440 322 479 me
343 421 640 493 inter/icere,
663 420 781 492 quia
800 435 964 478 sermo
983 437 1123 477 meus
1147 436 1249 476 non
1267 420 1402 492 capit
1422 422 1474 475 in
1494 421 1630 476 vobis
1656 419 1836 491 (Joan.

227 532 359 581 vni,
382 515 598 586 51-57).
628 513 745 572 Non
766 516 944 586 utique
964 515 1070 570 illis
1093 515 1315 579 diceret,
1337 515 1561 585 qmeritis
1585 531 1662 568 me
1679 515 1837 568 inter-

231 607 423 674 ﬁcere,
454 607 543 678 qui
582 609 633 662 in
662 622 785 662 eum
819 606 927 677 jam
954 605 1327 673 crediderant,
1372 605 1564 677 quibus
1604 605 1833 670 dixerat,

231 698 301 754 Si
347 715 430 752 vos
469 699 750 751 manseritis
791 699 844 752 in
888 714 1114 754 sermone
1150 714 1287 763 meo,
1332 713 1442 752 vere
1476 698 1712 767 discipuli
1741 698 1838 752 mei

229 792 384 846 eritis
411 808 430 846 :
455 791 548 846 sed
579 792 701 863 quia
735 792 835 846 hoc
863 791 927 847 ad
970 808 1062 847 eos
1096 793 1334 855 dixerat,
1367 793 1456 863 qui
1493 792 1600 862 jam
1634 793 1686 846 in
1714 808 1835 846 eum

229 882 613 946 crediderant,
661 898 722 938 ea
767 899 896 940 vero
940 883 1223 939 multitudo
1272 899 1506 954 praesens
1553 892 1667 938 erat
1715 898 1835 952 quae

229 975 422 1046 plures
453 975 683 1031 habebat
711 977 974 1042 inimicos,
999 978 1157 1032 etiam
1179 992 1282 1032 non
1306 977 1635 1047 exprimente
1660 975 1836 1030 Evan-

230 1068 429 1139 gelista
459 1068 548 1137 qui
576 1079 755 1124 essent
781 1070 869 1139 qui
900 1069 1306 1140 responderunt.
1335 1085 1398 1124 ex
1428 1068 1526 1123 hoc
1555 1071 1669 1138 ipso
1691 1069 1834 1139 quod

227 1159 665 1229 reSponderunt,
695 1174 748 1216 et
776 1160 916 1232 quod
948 1161 1139 1216 deinde
1175 1162 1243 1216 ab
1279 1162 1369 1216 illo
1407 1163 1590 1216 audire
1620 1177 1831 1216 merue-

228 1265 399 1323 runt,
427 1257 555 1311 satis
595 1268 813 1326 apparet
857 1273 974 1326 qua:
1014 1255 1174 1310 verba
1205 1257 1394 1325 quibus
1421 1257 1526 1310 sint
1553 1255 1831 1309 tribnenda

227 1347 502 1417 personis.
547 1347 696 1404 Sicut
737 1363 866 1418 ergo
914 1348 966 1401 in
1012 1347 1110 1402 hac
1157 1347 1492 1402 multitudine
1537 1347 1830 1402 sccuudmn

225 1437 498 1494 Joannem
528 1447 679 1494 erant
709 1439 799 1508 qui
837 1444 945 1507 jam
985 1438 1318 1494 crediderant
1349 1441 1399 1494 in
1429 1441 1606 1495 .lesum
1630 1482 1644 1506 ,
1679 1449 1833 1495 erant

225 1531 398 1586 etiam
426 1533 518 1602 qui
547 1547 666 1586 eum
695 1531 937 1588 occidere
962 1532 1309 1602 quaerebant:
1339 1533 1414 1588 sic
1444 1534 1494 1588 in
1523 1535 1611 1588 illa
1639 1535 1704 1590 de
1729 1551 1832 1605 qua

224 1637 382 1677 stunc
425 1622 718 1693 loquimur,
752 1633 903 1678 erant
937 1623 1025 1692 qui
1065 1622 1249 1677 dolose
1290 1624 1565 1678 Dominum
1601 1626 1830 1678 interro-

223 1723 522 1784 gaverunt,
556 1715 606 1768 in
647 1729 746 1784 qua
789 1723 1052 1785 potestate
1091 1715 1178 1769 illa
1219 1715 1448 1780 faceret;
1480 1727 1629 1771 erant
1671 1719 1828 1772 etiam

226 1805 324 1876 qui
353 1819 458 1859 non
485 1805 689 1870 dolose,
709 1805 802 1860 sed
827 1805 1052 1860 lidcliter
1072 1806 1513 1872 acclamaverant,
1533 1808 1831 1863 Benedictus

226 1899 322 1970 qui
361 1899 494 1953 venit
523 1899 576 1954 in
613 1900 812 1954 nomine
837 1898 1042 1954 Domini
1069 1917 1087 1955 :
1117 1916 1179 1956 ac
1211 1917 1304 1970 per
1332 1901 1432 1956 hoc
1462 1911 1614 1956 erant
1640 1904 1725 1973 qui
1753 1902 1831 1957 di-

225 1998 421 2046 cerent
440 2033 455 2057 ,
487 1989 673 2044 Perdet
710 1989 825 2046 illos
846 2033 859 2056 ,
893 2001 939 2045 et
970 1993 1165 2046 vineam
1192 2010 1336 2047 suam
1366 1993 1502 2048 dabit
1540 1995 1671 2048 aliis.
1701 1994 1830 2060 Qua:

226 2097 337 2136 vox
365 2091 513 2137 recte
540 2081 698 2136 etiam
728 2081 891 2152 ipsius
917 2083 1124 2137 Domini
1157 2083 1316 2138 fuisse
1348 2085 1688 2154 intelligitur,
1718 2087 1830 2141 sive

225 2183 456 2246 propter
480 2174 757 2229 veritatem
796 2190 914 2244 qua:
949 2175 1060 2244 ipse
1085 2184 1168 2230 est
1191 2177 1230 2242 ¹,
1259 2177 1371 2232 sive
1407 2190 1620 2246 propter
1658 2195 1826 2232 mem-

225 2263 454 2320 brorum
477 2265 591 2336 ejus
611 2279 731 2319 cum
753 2279 851 2320 suo
871 2266 1042 2335 capite
1067 2269 1341 2322 unitatem.
1375 2269 1538 2322 Erant
1558 2270 1715 2322 etiam
1737 2272 1828 2340 qui

225 2355 354 2410 talia
380 2355 822 2426 reSpoudentibus
844 2355 1105 2422 dicerent,
1132 2358 1290 2426 Absit,
1318 2361 1437 2429 quia
1465 2359 1828 2430 intelligebant

225 2448 280 2502 in
314 2449 523 2518 seipsos
556 2463 674 2504 esse
703 2447 1008 2518 parabolam
1039 2448 1255 2503 dictam.

223 2540 458 2597 CAPUT
488 2540 673 2596 LXXI.
699 2570 770 2580 —
799 2540 874 2595 De
900 2542 1086 2612 nuptiis
1117 2542 1212 2610 ﬁlii
1245 2541 1396 2612 Regis
1425 2543 1492 2595 ad
1515 2560 1638 2612 quas
1671 2544 1828 2599 turba:

297 2635 526 2688 invitata:
549 2645 684 2700 sunt,
712 2651 858 2705 quem
889 2633 1159 2688 Matt/laeua
1189 2635 1414 2688 ordinem
1443 2638 1672 2702 tenuerit,
1703 2655 1826 2708 pra-

299 2738 415 2797 pter
443 2726 634 2780 Lucam
662 2729 748 2798 qui
774 2729 872 2781 tale
897 2727 1138 2797 quiddam
1165 2727 1284 2781 alibi
1312 2729 1452 2782 dicit.

300 2819 427 2875 159.
472 2818 725 2889 Sequitur
752 2819 1028 2873 Maltlneus
1063 2837 1074 2872 :
1114 2818 1180 2872 Et
1209 2837 1321 2872 cum
1351 2821 1605 2874 audissent
1640 2822 1829 2892 princi-

225 2928 314 2982 pes
341 2912 658 2965 sacerdotum
689 2919 735 2964 et
760 2908 1012 2965 Phariswi
1039 2911 1308 2982 parabolas
1334 2913 1464 2982 ejus,
1493 2924 1827 2982 cognoverunt

221 3003 363 3071 quod
386 3002 448 3055 de
465 3002 590 3072 ipsis
610 3001 794 3055 diceret
818 3018 836 3055 :
859 3011 904 3055 et
924 3012 1199 3072 quaerentes
1220 3020 1329 3056 cum
1352 3013 1534 3064 tenere,
1556 3005 1826 3059 tinmeruut

223 3096 436 3160 turbas;
480 3095 715 3164 quoniam
764 3094 892 3148 sicut
937 3095 1236 3165 prophetam
1287 3112 1399 3149 eum
1446 3097 1710 3151 habebant.
1759 3096 1826 3151 Et

221 3186 533 3258 respondens
557 3185 707 3240 Iesus
736 3186 862 3240 dixit
892 3187 1070 3239 iterant
1100 3189 1150 3240 in
1194 3189 1446 3256 parabolis
1476 3191 1547 3242 eis
1567 3231 1581 3254 ,
1614 3191 1822 3246 dicens:

223 3277 413 3333 Simile
435 3280 623 3349 factum
645 3285 714 3329 est
740 3293 945 3347 regnum
971 3278 1206 3330 caelorum
1235 3281 1425 3331 homini
1445 3282 1570 3350 regi,
1601 3283 1687 3349 qui
1708 3282 1826 3350 fecit

222 3372 435 3440 nuptias
459 3369 568 3439 [ilio
593 3386 704 3435 suo,
737 3380 781 3422 et
804 3370 937 3422 misit
963 3386 1128 3422 servos
1157 3386 1276 3425 suos
1304 3386 1479 3424 vocare
1504 3374 1736 3426 invitatos
1757 3373 1826 3426 ad

224 3461 457 3534 nuptias,
481 3470 525 3514 et
551 3461 781 3514 uolebant
809 3461 989 3525 venire,
1014 3470 1141 3526 etc.,
1167 3477 1335 3531 usque
1364 3463 1428 3516 ad
1458 3463 1584 3516 illud
1615 3465 1699 3517 ubi
1730 3465 1822 3531 ait,

228 3554 387 3609 Multi
425 3555 555 3609 enim
597 3563 711 3607 sunt
741 3555 929 3617 vocati,
964 3553 1112 3621 pauci
1141 3569 1254 3606 vero
1284 3555 1426 3607 electi
1461 3554 1670 3625 (Matth.
1712 3572 1820 3624 κει,

225 3647 468 3712 45ςκχιι,
496 3646 610 3716 14).
630 3645 941 3699 Parabolam
971 3645 1123 3698 istam
1148 3645 1214 3699 de
1238 3647 1469 3702 invitatis
1496 3647 1561 3702 ad
1591 3650 1820 3718 nuptias,

227 3737 379 3791 solus
411 3735 683 3789 Mattlueus
714 3743 894 3789 narrat
937 3753 947 3786 :
979 3735 1151 3789 simile
1180 3735 1428 3806 quiddam
1463 3739 1623 3792 etiam
1654 3739 1825 3794 Lucas

227 3835 652 3891 commemorat;
686 3827 779 3880 sed
826 3841 930 3881 non
967 3836 1050 3882 est
1093 3826 1228 3894 hoc,
1271 3829 1407 3882 sicut
1443 3840 1496 3884 et
1538 3831 1670 3885 ordo
1713 3833 1825 3901 ipse

229 3917 461 3981 indicat,
495 3919 736 3988 quamvis
761 3927 813 3973 et
850 3918 975 3972 illud
1005 3919 1312 3974 nonnullam
1342 3920 1498 3990 hujus
1519 3923 1823 3977 similitudi-

230 4023 356 4062 nem
400 4016 549 4078 gerat
591 4007 738 4080 (Luc.
767 4023 889 4074 xtv,
933 4008 1142 4081 16-24).
1185 4009 1336 4077 Quod
1380 4027 1504 4066 vero
1534 4023 1650 4082 post
1681 4014 1822 4067 illatn

229 4099 539 4169 parabolam
570 4098 637 4152 de
668 4099 820 4152 vinea
851 4107 904 4152 et
932 4100 1110 4154 occiso
1137 4100 1247 4154 filio
1279 4102 1668 4170 patrisfamilias
1698 4105 1825 4158 sub.

229 4190 399 4245 nectit
419 4188 715 4254 Matthzeus,
736 4189 1047 4259 cognovisse
1067 4190 1278 4245 Judzeos
1299 4193 1440 4262 quod
1467 4193 1516 4247 in
1539 4209 1631 4248 eos
1655 4202 1822 4252 totum

229 4281 434 4336 dictum
464 4279 650 4342 fuerit,
681 4289 733 4335 et
770 4280 988 4335 insidias
1023 4283 1250 4351 cmpisse
1281 4284 1486 4347 titoliri,
1532 4284 1630 4337 hoc
1661 4286 1820 4341 etiam

229 4371 441 4427 Marcus
463 4371 734 4442 Lucasque
765 4380 1025 4426 testantur
1046 4371 1293 4427 eumdem
1319 4374 1560 4428 ordinem
1589 4378 1824 4431 retinen-

227 4471 311 4516 tes
342 4461 531 4533 (Marc.
564 4478 632 4516 su
655 4503 668 4528 ,
702 4461 788 4523 12,
819 4471 864 4514 et
887 4461 1009 4514 Luc.
1036 4479 1124 4526 xx,
1151 4462 1238 4534 l9)
1269 4481 1280 4515 :
1310 4463 1402 4517 sed
1425 4465 1547 4519 inde
1574 4467 1670 4535 ipsi
1703 4482 1824 4536 per-

228 4567 360 4628 gunt
389 4557 440 4612 in
467 4557 606 4611 aliud
625 4599 639 4623 ,
667 4572 732 4611 ex
764 4556 864 4610 hoc
894 4556 1273 4626 subjungentes
1298 4557 1438 4626 quod
1467 4568 1519 4612 et
1543 4559 1821 4614 Matutinus

229 4660 349 4720 post
377 4650 561 4714 istam,
595 4665 751 4718 quam
782 4651 926 4703 solus
969 4650 1285 4719 interposuit
1320 4651 1386 4706 de
1427 4653 1624 4722 nuptiis
1666 4670 1819 4723 para-

228 4741 428 4806 bolam,
459 4757 522 4794 ex
552 4741 738 4795 ordine
769 4741 1008 4796 inseruit.

227 4829 456 4888 CAPUT
487 4831 774 4886 LXXII.-—
814 4831 886 4886 De
926 4848 1132 4885 nunnno
1169 4831 1650 4896 Ctesarireddcndo,
1673 4836 1821 4904 cujus

305 4926 479 4978 habeat
504 4926 790 4996 imaginem,
822 4936 866 4979 et
894 4927 956 4979 de
978 4927 1187 4980 muliere
1209 4943 1321 4993 qua:
1339 4938 1547 4997 septem,
1581 4927 1820 4997 fratribus

300 5025 571 5085 nupserat,
601 5017 1018 5086 quemadmodum
1046 5026 1144 5069 tres
1175 5017 1258 5069 isti
1285 5017 1604 5072 concordent.

299 5108 422 5162 Mt).
464 5103 714 5174 Sequitur
741 5121 868 5176 ergo
898 5105 1176 5160 Mattltazus
1206 5126 1218 5160 :
1250 5105 1388 5161 Tunc
1416 5109 1651 5162 abeuntes
1680 5107 1821 5162 Plia-

227 5199 362 5253 τ’ὺωί
384 5196 647 5251 consilium
674 5196 892 5250 inierunt
917 5206 971 5249 ut
999 5208 1233 5266 caperent
1258 5214 1368 5251 eum
1397 5199 1446 5252 in
1470 5215 1715 5252 sermone.
1753 5198 1820 5254 Et

229 5291 429 5345 mittunt
470 5290 516 5344 ei
558 5288 833 5360 discipulos
877 5304 994 5342 suos
1031 5305 1144 5342 cum
1191 5288 1524 5353 Ilerodianis,
1562 5289 1819 5345 dicentes:

239 5382 472 5456 Magister
490 5425 504 5451 ,
538 5384 722 5438 scimus
750 5383 868 5451 quia
897 5398 1048 5437 verax
1073 5400 1123 5436 es
1142 5426 1156 5447 ,
1186 5392 1230 5436 et
1260 5385 1388 5437 viam
1425 5383 1514 5437 Dei
1543 5385 1591 5437 in
1619 5386 1820 5439 veritate

228 5475 372 5531 doces
389 5517 406 5542 ,
436 5484 483 5528 et
507 5491 605 5528 non
629 5485 701 5528 est
730 5475 816 5528 tibi
843 5491 968 5529 cura
993 5475 1057 5530 de
1082 5476 1289 5548 aliqua;
1319 5493 1420 5529 non
1454 5477 1584 5529 enim
1613 5478 1818 5548 respicis

227 5583 489 5639 personam
516 5565 774 5619 hominum
810 5583 828 5619 :
860 5566 941 5620 die
979 5583 1096 5638 ergo
1136 5567 1277 5622 nobis
1297 5609 1310 5632 ,
1342 5568 1462 5638 quid
1489 5568 1577 5621 tibi
1601 5569 1812 5636 videtur,

227 5659 340 5718 iicet
365 5675 568 5715 censum
591 5659 705 5712 dari
730 5657 940 5726 Ctesari,
972 5676 1036 5714 an
1065 5677 1164 5714 non
1186 5665 1210 5714 ί)
1233 5673 1287 5717 et
1311 5673 1524 5728 cartera,
1556 5677 1719 5731 usque
1747 5662 1813 5718 ad

290 5777 308 5809 ³
331 5781 380 5826 tu
407 5784 512 5827 Mss.
539 5788 635 5828 non
660 5775 866 5833 additur.
889 5787 998 5831 ante
1019 5776 1120 5834 ipse
1137 5786 1222 5829 est.

1548 305 1752 362 LIBER
1788 303 2166 364 SECUNDUS.

3392 307 3536 368 1146

1943 418 2072 473 illud
2099 419 2188 473 ubi
2216 417 2310 483 ait,
2343 416 2410 472 Et
2433 418 2690 474 audientes
2709 419 2869 475 turbae
2890 418 3205 476 mirabantur
3227 419 3281 477 in
3307 421 3539 482 doctrina

1945 511 2056 580 ejus
2082 508 2295 580 (Matth.
2324 525 2453 572 χιιι,
2481 511 2694 580 15-33).
2744 511 2867 566 [lure
2893 511 2999 567 duo
3025 511 3231 568 Domini
3255 529 3533 587 respousa,

1945 617 2106 657 uumn
2130 601 2197 657 de
2214 617 2433 656 nummo
2457 610 2674 674 propter
2694 603 2945 658 tributum
2968 603 3296 660 reddendum
3315 606 3534 676 Ctesari,

1944 693 2170 750 alterum
2195 694 2263 750 de
2290 695 2678 750 resurrectione
2707 705 2924 765 propter
2950 695 3090 750 illam
3118 698 3392 754 mulierem
3416 715 3536 770 qua:

1942 796 2145 857 septem
2211 787 2424 842 sibimet
2483 787 2890 843 succedentibus
2949 787 3198 843 fratribus
3260 802 3532 861 nupserat,

1942 879 2150 934 Marcus
2180 888 2234 933 et.
2259 879 2428 934 Lucas
2451 879 2696 934 similiter
2722 889 2973 946 narrant,
3007 895 3107 936 nec
3138 881 3189 935 iu
3224 882 3409 936 ordine
3433 885 3534 939 ali-

1940 973 2064 1042 quid
2095 971 2398 1040 discrepant
2430 970 2618 1039 (Marc.
2641 988 2730 1035 xu,
2761 972 2952 1036 lli-27,
2981 983 3027 1026 et
3055 971 3177 1027 Luc.
3204 989 3294 1038 xx,
3319 974 3531 1048 20-40).

1941 1063 2067 1119 Post
2090 1065 2394 1134 parabolam
2421 1065 2619 1136 quippe
2645 1065 2786 1119 illum
2815 1064 2882 1120 de
2905 1065 3319 1121 Conductoribus
3339 1067 3530 1137 vineas,

1939 1166 1992 1212 et
2017 1157 2085 1211 de
2104 1155 2300 1211 Judazis
2330 1157 2380 1210 in
2402 1171 2536 1226 quos
2556 1155 2696 1212 dicta
2718 1165 2822 1219 est,
2851 1156 3070 1211 insidias
3091 1159 3530 1228 pneparantibus,

1937 1265 2057 1320 qua:
2082 1263 2270 1303 omnes
2297 1258 2403 1304 tres
2429 1258 3004 1316 commemoraverunt,
3040 1250 3449 1320 prastermiltunt
3475 1250 3532 1307 hi

1938 1340 2043 1394 duo
2071 1340 2279 1396 Marcus
2307 1350 2361 1396 et
2389 1340 2560 1396 Lucas
2597 1342 2902 1410 parabolam
2942 1340 3009 1395 de
3049 1341 3280 1396 invitatis
3321 1341 3388 1396 ad
3429 1358 3531 1397 nu-

1940 1437 2074 1506 ptias
2095 1478 2108 1501 ,
2142 1452 2300 1505 quam
2331 1438 2476 1492 solus
2501 1437 2780 1491 Mattlurus
2807 1437 3122 1508 interposuit
3156 1456 3169 1492 :
3206 1447 3261 1493 et
3292 1454 3411 1493 cum
3440 1439 3531 1495 illo

1932 1526 2040 1596 jam
2066 1538 2387 1597 sequuntur,
2418 1527 2692 1584 narrantes
2727 1528 2840 1583 haec
2863 1529 2998 1592 duo,
3030 1529 3098 1585 de
3125 1529 3322 1585 tributo
3349 1529 3529 1586 Caesa-

1937 1619 2030 1681 ris,
2060 1629 2114 1673 et
2141 1619 2208 1675 de
2238 1621 2458 1675 tituliere
2488 1631 2691 1690 septem
2721 1621 3028 1692 singillatim
3056 1622 3310 1688 virorum,
3339 1623 3529 1680 eodem

1936 1726 2154 1780 prorsus
2183 1712 2388 1778 ordine,
2421 1713 2536 1767 sine
2562 1714 2736 1784 aliqua
2765 1715 3126 1784 repugnantia:
3152 1715 3467 1784 qua-stione.

1934 1800 2160 1858 CAPUT
2190 1802 2423 1859 LXXIII.
2445 1834 2518 1845 —
2543 1803 2620 1858 De
2657 1802 2748 1858 illo
2786 1805 2866 1858 cui
2908 1804 3256 1859 commendata
3280 1815 3398 1860 sunt
3426 1805 3528 1860 duo

2006 1905 2256 1965 prwcepta
2286 1895 2570 1951 dilectionis
2597 1895 2690 1950 Dei
2718 1905 2764 1950 et
2787 1896 3025 1968 proximi,
3055 1899 3138 1966 qui
3171 1896 3296 1950 ordo
3320 1898 3385 1950 sit
3408 1915 3529 1952 nar-

2005 1990 2225 2041 rantinm
2258 1987 2487 2042 Matthaei
2517 1997 2561 2043 et
2591 1987 2758 2041 Marci
2777 2030 2791 2054 ,
2825 2005 2886 2042 ne
2911 2004 2942 2041 a
2969 1986 3107 2041 Luca
3141 1988 3428 2059 discrepare
3449 1989 3528 2044 ri-

2005 2081 2234 2134 demitur.

2007 2173 2127 2228 Ml.
2169 2173 2420 2244 Sequitur
2455 2188 2582 2244 ergo
2611 2172 2922 2237 Matthants,
2964 2182 3019 2228 et
3059 2173 3188 2229 dicit
3226 2193 3239 2229 :
3270 2173 3527 2231 Pharistci

1932 2274 2099 2317 autem
2127 2266 2384 2318 audientes
2411 2266 2546 2337 quod
2575 2266 2828 2320 silentium
2858 2266 3174 2337 imposuisset
3203 2265 3524 2334 Sadducreis,

1931 2369 2261 2412 convenerunt
2291 2358 2343 2412 in
2373 2375 2561 2423 tantm;
2596 2368 2642 2411 et
2680 2359 3004 2429 interrogavit
3037 2375 3150 2412 eum
3184 2376 3314 2413 unus
3357 2377 3419 2414 ex
3455 2361 3526 2414 eis

1932 2449 2079 2519 Legis
2109 2449 2318 2513 doctor,
2353 2459 2547 2502 tentans
2583 2465 2699 2503 eum
2728 2465 2746 2502 :
2776 2448 3052 2519 Magister,
3092 2449 3230 2520 quod
3265 2459 3338 2504 est
3377 2468 3526 2505 man-

1932 2539 2106 2592 datum
2141 2557 2376 2610 magnum
2405 2541 2456 2593 in
2484 2539 2657 2610 Lege?
2684 2541 2767 2593 Ait
2799 2541 2879 2594 illi
2903 2539 3054 2594 Jesus
3083 2558 3101 2595 :
3127 2540 3319 2618 Diliges
3349 2539 3527 2596 Damt-

1932 2648 2053 2684 num
2084 2630 2247 2684 Deum
2279 2643 2416 2684 tuum
2460 2632 2509 2683 in
2553 2641 2654 2684 toto
2699 2631 2849 2685 corde
2891 2642 2976 2685 tuo
2998 2675 3012 2697 ,
3053 2641 3098 2686 et
3135 2633 3187 2685 in
3225 2641 3327 2686 tota
3357 2633 3528 2688 anima

1933 2733 2039 2784 tua,
2074 2733 2119 2776 et
2149 2722 2201 2774 in
2228 2734 2331 2774 tota
2365 2734 2524 2775 mente
2553 2733 2638 2775 tua
2664 2739 2682 2775 :
2711 2723 2802 2774 hoc
2825 2732 2897 2775 est
2928 2723 3204 2776 maximum
3233 2732 3279 2776 et
3308 2723 3526 2793 primum

1932 2816 2245 2869 mandatum.
2293 2816 2584 2871 Secundum
2613 2827 2777 2870 autem
2819 2817 2980 2870 simile
3016 2826 3086 2872 est
3125 2817 3240 2870 huic
3278 2833 3296 2871 .'
3333 2815 3526 2888 Diliges

1932 2911 2216 2979 proximum
2243 2920 2382 2964 tuum
2408 2912 2536 2964 sicut
2564 2921 2610 2965 te
2631 2911 2818 2979 ipsunt.
2847 2909 2913 2964 In
2943 2911 3018 2964 Itis
3047 2910 3240 2966 duobus
3272 2911 3526 2966 mandatis

1932 3002 2162 3056 universa
2191 3000 2296 3055 Lex
2325 3003 2506 3072 pendet
2533 3013 2578 3056 ct
2606 3001 2883 3072 PrOphetaz
2911 3003 3122 3074 (Matth.
3152 3019 3279 3070 χχιι,
3309 3005 3520 3077 δίε-40).

1930 3096 2043 3151 Hoc
2069 3107 2122 3150 et
2149 3096 2356 3151 Marcus
2386 3107 2802 3163 commemorat,
2844 3097 3088 3156 emudem
3128 3097 3371 3153 ordinem
3407 3113 3525 3153 ser-

1930 3206 2061 3244 vans
2093 3190 2284 3261 (Marc.
2310 3206 2412 3255 su,
2439 3189 2650 3261 28-54).
2690 3189 2801 3245 Nec
2832 3200 3042 3244 moveat
3079 3191 3219 3262 quod
3248 3190 3525 3246 Matthzrus

1929 3281 2057 3336 dicit
2088 3292 2377 3337 tentantem
2406 3281 2572 3336 fuisse
2602 3284 2744 3336 illum
2781 3300 2810 3336 a
2846 3299 2954 3352 quo
2992 3284 3243 3339 Dominus
3290 3285 3522 3340 interro-

1928 3380 2081 3442 gatus
2111 3381 2226 3437 est;
2273 3373 2480 3428 Marcus
2520 3382 2698 3427 autem
2745 3373 2846 3426 hoc
2883 3381 3055 3439 tacet,
3105 3384 3158 3429 et
3203 3376 3253 3429 in
3302 3375 3407 3431 fine
3453 3377 3524 3433 ita

1929 3465 2260 3529 concludit‘,
2295 3465 2436 3535 quod
2479 3467 2526 3520 ei
2573 3465 2826 3520 Dominus
2870 3467 3140 3537 sapienter
3179 3469 3525 3538 respondenti

1929 3556 2157 3622 dixerit,
2195 3556 2311 3611 Non
2352 3558 2502 3628 longe
2529 3573 2579 3612 es
2608 3575 2640 3610 a
2665 3574 2818 3628 regno
2849 3557 2964 3612 Dei.
2998 3559 3135 3614 Fieri
3170 3561 3314 3614 enim
3351 3571 3525 3632 potest

1931 3659 1987 3702 ut
2014 3649 2255 3718 quamvis
2285 3658 2494 3702 tenlaus
2521 3649 2824 3708 accesserit,
2863 3648 3069 3703 Domini
3097 3659 3271 3706 tamen
3301 3666 3524 3723 respon-

1929 3741 2079 3794 sione
2107 3751 2377 3794 correctus
2408 3742 2493 3795 sit.
2527 3743 2630 3795 Aut
2660 3751 2805 3796 certe
2834 3743 3001 3812 ipsam
3038 3745 3380 3800 tentationem
3412 3763 3520 3804 non

1929 3835 2250 3903 accipiamus
2283 3834 2508 3900 malam,
2541 3844 2789 3904 tanquam
2821 3835 3068 3904 decipere
3094 3837 3318 3892 volentis
3349 3839 3523 3895 inimi-

1929 3940 2078 3984 cum;
2107 3924 2199 3979 sed
2225 3934 2429 3978 cautam
2456 3927 2647 3995 potius,
2675 3936 2919 3995 tanquam
2943 3928 3169 3997 experiri
3189 3930 3416 3999 amplius
3438 3946 3524 3986 vo.

1929 4014 2086 4068 lentis
2111 4016 2364 4086 ignotum.
2398 4016 2580 4086 Neque
2609 4017 2749 4071 enim
2784 4018 2978 4072 frustra
3009 4019 3260 4089 scriptum
3289 4031 3391 4087 est,
3423 4021 3522 4088 Qui

1930 4109 2080 4179 facile
2094 4108 2270 4172 credit,
2289 4108 2408 4161 leris
2425 4109 2574 4161 corde
2589 4120 2683 4174 est,
2707 4119 2752 4162 et
2769 4111 3098 4163 minorabitur
3117 4110 3298 4184 (Eccli.
3317 4130 3422 4174 χιχ,
3438 4114 3518 4185 4).

2003 4200 2124 4255 142.
2165 4200 2336 4255 Lucas
2361 4211 2537 4255 autem
2569 4219 2672 4256 non
2701 4202 2801 4256 hoc
2829 4203 3036 4268 ordine,
3078 4205 3170 4258 sed
3212 4205 3366 4275 longe
3395 4207 3520 4263 alibi

1930 4293 2034 4347 tale
2062 4293 2260 4362 aliquid
2288 4293 2574 4362 interponit
2604 4293 2752 4361 (Luc.
2780 4310 2845 4360 Χ,
2873 4294 3066 4366 25-57)
3099 4314 3110 4349 :
3141 4305 3312 4349 utrum
3340 4306 3518 4353 autem

1929 4385 2031 4440 hoc
2063 4385 2401 4450 recordetur,
2433 4399 2499 4438 an
2528 4385 2660 4439 alius
2693 4385 2780 4440 ille
2807 4385 2874 4440 sit
2902 4401 3021 4439 cum
3052 4403 3156 4456 quo
3187 4387 3428 4443 similiter
3451 4389 3520 4446 de

1929 4477 2136 4532 duobus
2159 4475 2273 4529 istis
2300 4477 2578 4546 praeceptis
2605 4477 2859 4530 Dominus
2887 4478 3075 4547 egerit,
3104 4493 3319 4549 prorsus
3346 4481 3521 4538 inccr-

1931 4577 2038 4620 tnm
2069 4577 2148 4621 est
2179 4585 2190 4620 :
2225 4566 2346 4621 hinc
2378 4577 2556 4621 autem
2587 4567 2746 4622 etiam
2790 4579 2934 4624 recte
2970 4571 3180 4625 videtur
3216 4572 3350 4628 alius
3375 4588 3516 4645 esse,

1929 4676 2033 4715 non
2074 4661 2244 4715 solum
2287 4670 2502 4730 propter
2529 4659 2731 4715 ordinis
2768 4662 2984 4718 multam
3011 4663 3393 4735 dill‘erentiam,
3422 4673 3518 4725 sed

1927 4755 2046 4824 quia
2076 4754 2234 4809 etiam
2267 4755 2381 4824 ipse
2409 4753 2603 4808 dicitur
2642 4757 2980 4826 respondisse
3021 4758 3244 4814 Domino
3285 4762 3518 4816 interro-

1927 4848 2067 4914 ganti
2089 4891 2103 4912 ,
2136 4859 2188 4902 et
2215 4848 2266 4902 iu
2296 4863 2388 4902 sua
2419 4848 2765 4916 responsione
2793 4867 3242 4907 conuuemorasse
3277 4853 3382 4908 duo
3419 4855 3516 4910 ista

1929 4950 2225 5008 prmcepta;
2258 4949 2312 4993 et
2355 4955 2477 4992 cum
2515 4939 2560 4994 ei
2605 4939 2827 4994 dixisset
2860 4941 3145 5008 Dominus,
3190 4941 3304 4996 Hoc
3332 4949 3442 5014 fac,
3471 4957 3518 5001 et

1927 5030 2076 5094 vives,
2110 5042 2160 5083 ut
2191 5031 2315 5084 illud
2346 5029 2544 5084 faceret
2571 5032 2710 5101 quod
2734 5047 2981 5101 maguum
3013 5047 3132 5086 esse
3159 5034 3208 5086 in
3235 5033 3372 5106 Lege
3405 5037 3516 5105 ipse

1927 5123 2294 5191 resp'mderat,
2319 5134 2534 5177 secutus
2559 5121 2892 5192 Evangelista
2919 5123 3010 5186 ait,
3042 5121 3145 5177 Ille
3163 5134 3326 5179 autem
3347 5127 3516 5182 volens

1925 5231 1977 5267 se
1996 5214 2282 5284 justi/imre
2306 5215 2432 5268 dixit
2461 5231 2478 5267 :
2506 5213 2570 5267 Et
2600 5215 2710 5282 quis
2748 5223 2819 5268 est
2857 5231 2993 5268 meus
3032 5217 3330 5286 proximus?
3366 5218 3516 5274 Tunc

1929 5304 2180 5358 Dominus
2210 5305 2442 5358 narravit
2469 5304 2534 5357 de
2563 5304 2654 5356 illo
2683 5305 2770 5373 qui
2814 5304 3171 5361 descendebat
3205 5309 3271 5362 ab
3300 5309 3515 5365 Jerusa-

1926 5398 2027 5451 lem
2061 5398 2109 5450 in
2142 5395 2388 5459 .lericlm,
2423 5405 2474 5450 et
2517 5395 2697 5449 incidit
2736 5398 2787 5449 iu
2828 5396 3080 5452 latrones.
3119 5399 3264 5456 Unde
3299 5401 3421 5472 quia
3460 5411 3515 5460 et

1927 5499 2134 5545 lentans
2170 5489 2457 5558 praedictus
2477 5499 2577 5556 est,
2601 5500 2652 5545 et
2675 5491 2779 5544 duo
2801 5502 3060 5562 praacepta
3084 5493 3194 5564 ipse
3215 5495 3510 5566 respondit,

1924 5593 1977 5639 et
2021 5592 2140 5654 post
2180 5581 2596 5638 admonitionem
2639 5584 2845 5639 Domini
2890 5584 3146 5651 dicentis,
3183 5585 3294 5642 Hoc
3319 5593 3432 5661 fac,
3465 5598 3514 5646 et

1987 5717 2142 5787 1editi
2168 5731 2180 5766 :
2210 5725 2356 5787 tactis
2379 5725 2537 5772 autem
2559 5717 2645 5772 hoc
2667 5726 2815 5782 tacet,
2837 5726 2881 5772 et
2905 5721 2952 5772 in
2975 5719 3072 5787 ﬁne
3091 5731 3280 5775 Marcus
3303 5723 3370 5776 ita
3393 5738 3508 5776 con-

1924 5778 2074 5830 cludit
2106 5792 2122 5829 :
2158 5781 2407 5829 mendose-
