3888 6336
457 290 594 349 ΗΠ

451 406 601 471 mea,
626 417 731 463 non
758 402 930 463 bona
951 400 1358 461 commendatur
1376 414 1501 458 eum
1520 397 1717 457 dicitur
1734 396 1801 455 de
1819 411 1909 467 eo,
1933 393 2033 452 Ille

447 505 623 553 autem
652 494 823 553 ualens
856 511 912 553 se
936 494 1254 566 justi/itare,-
1283 492 1384 548 iste
1411 500 1588 548 autem
1614 504 1777 561 quem
1799 488 1913 560 pari
1941 502 2033 545 or-

450 587 578 645 dine
605 587 880 646 Msttbteus
902 586 1216 657 ﬂorentique
1250 590 1708 649 commemorant.
1751 588 1857 637 tam
1896 580 2034 639 bene

452 679 853 739 commendatus
877 690 993 745 est,
1021 687 1080 735 ut
1112 676 1163 734 ei
1196 675 1398 733 diceret
1423 674 1705 739 Dominus,
1738 670 1860 730 Non
1884 670 2034 745 longe

449 789 505 831 es
531 789 564 829 a
586 789 740 844 regno
760 771 857 831 Dei
883 788 904 831 :
929 770 1252 842 probabilius
1276 766 1511 827 creditur
1537 767 1681 826 hunc
1701 766 1864 824 alium
1887 779 2028 832 esse,

450 881 556 923 non
581 864 751 925 illmn.

447 955 678 1016 CAPUT
708 955 941 1017 Lxxw.
960 984 1033 1001 -
1054 952 1203 1022 om
1218 950 1392 1009 tum
1410 952 1783 1024 interrogatqu
1804 948 1867 1008 de
1886 948 2032 1007 can-

522 1060 635 1114 slo,
675 1050 822 1118 cujus
857 1049 929 1105 eis
969 1047 1108 1118 [ilius
1144 1047 1401 1112 timeatur,
1436 1055 1609 1104 utrum
1648 1060 1752 1101 non
1786 1050 2033 1117 repugnet

527 1142 798 1201 Mattheus
818 1142 936 1200 aliis
962 1139 1193 1205 duobus;
1214 1140 1334 1209 quia
1356 1138 1630 1195 secundum
1651 1136 1804 1195 istim
1822 1135 2028 1201 dieitur,

524 1226 661 1297 Quid
688 1227 835 1283 vobis
860 1226 1067 1281 videtur
1092 1224 1161 1283 de
1185 1222 1433 1283 Christo?
1458 1221 1611 1293 cujus
1632 1231 1718 1281 est
1745 1220 1921 1279 Illius?
1946 1218 2033 1277 cui

525 1320 921 1392 responderunt,
960 1319 1122 1378 David
1148 1336 1166 1378 :
1192 1316 1470 1376 secundum
1518 1315 1635 1376 illos
1665 1324 1853 1385 autern,
1887 1313 2032 1383 Quo-

525 1413 685 1469 modo
709 1411 895 1471 dicuut
912 1410 1116 1471 Scriba:
1135 1410 1407 1473 Christum
1430 1409 1597 1471 lilium
1614 1424 1735 1469 esse
1757 1406 1962 1467 David?

524 1503 645 1566 145.
684 1504 931 1578 Sequitur
954 1505 1231 1565 Mellitum:
1258 1523 1272 1561 :
1296 1504 1622 1580 Cougregatis
1646 1512 1813 1563 autem
1843 1500 2032 1561 Phari-

446 1598 563 1657 steis
581 1640 598 1663 ,
626 1599 946 1670 interrogauit
974 1615 1059 1656 eos
1077 1596 1232 1659 Iesus
1248 1642 1263 1663 .
1288 1599 1460 1658 dicens
1483 1615 1502 1654 .'
1523 1597 1658 1668 Quid
1681 1596 1817 1655 vobis
1837 1597 2032 1654 uidetur

451 1691 514 1745 de
539 1690 777 1747 Christo?
799 1690 946 1761 cujus
969 1690 1107 1759 ﬁlius
1126 1691 1240 1750 est?
1263 1689 1452 1749 Dicunt
1470 1691 1519 1747 ei
1542 1688 1767 1748 :Darid.
1787 1686 1872 1746 Ait
1890 1687 1993 1744 illis
2012 1701 2033 1741 :

453 1780 717 1851 Quomodo
738 1796 858 1853 ergo
896 1779 1063 1837 Dauid
1098 1782 1153 1837 in
1194 1782 1379 1852 spiritu
1400 1790 1541 1840 vocat
1575 1797 1696 1840 eum
1730 1778 2026 1847 Dominum,

448 1874 640 1940 dicens.
662 1872 805 1933 Dixit
826 1873 1073 1932 Dominus
1091 1874 1310 1933 Domino
1330 1892 1464 1940 meo.
1478 1875 1599 1933 sede
1614 1891 1651 1933 ι
1674 1874 1861 1931 dextris
1884 1874 2025 1941 meis,

450 1965 608 2023 donec
643 1982 829 2036 ponam
870 1965 1101 2023 inimicos
1134 1976 1245 2023 tuos
1281 1966 1552 2024 scabeli'um
1579 1965 1762 2037 pedum
1791 1964 2032 2020 tuorum?

453 2054 516 2111 Si
539 2073 656 2128 ergo
689 2056 849 2110 David
877 2067 1018 2112 coeat
1041 2074 1153 2111 eum
1174 2057 1467 2124 Dominum,
1495 2056 1741 2128 quomodo
1762 2056 1903 2129 [ilius
1922 2058 2031 2127 ejus

450 2150 568 2205 est?
615 2149 685 2205 Et
730 2165 873 2209 nemo
915 2158 1108 2219 poterat
1153 2150 1199 2207 ἀ
1245 2150 1545 2221 respondere
1592 2150 1794 2205 verbum
1813 2189 1829 2217 ,
1875 2164 2032 2218 neque

448 2258 603 2299 ausus
623 2242 717 2313 fuit
741 2242 1003 2313 quisquam
1028 2259 1093 2301 es:
1113 2243 1205 2301 illa
1229 2243 1312 2300 die
1332 2259 1450 2299 eum
1472 2242 1695 2313 amplius
1720 2241 2031 2314 interrogare

450 2330 663 2405 (Matth.
694 2348 828 2399 uti,
851 2333 1061 2403 M46).
1094 2333 1204 2389 lloc
1228 2341 1618 2404 consequenter
1640 2342 1695 2389 et
1720 2331 1909 2389 eodem
1937 2346 2029 2389 or-

451 2423 575 2479 dine
602 2422 805 2481 Itarcus
831 2438 1041 2496 quoque
1064 2434 1448 2481 commemorat
1476 2423 1667 2495 (Marc.
1690 2440 1790 2489 xu.
1810 2422 2026 2497 35-57).

448 2512 620 2571 Lttcas
642 2515 804 2571 etiam
824 2556 839 2580 ,
870 2514 1234 2573 tantumnodo
1262 2515 1328 2572 de
1355 2516 1447 2574 illo
1476 2525 1645 2584 tacet,
1684 2517 1772 2586 qui
1802 2516 2030 2571 interro-

448 2608 591 2677 gavit
625 2608 946 2677 Dominum,
991 2607 1134 2679 quod
1176 2617 1318 2665 esset
1361 2609 1668 2667 mandatum
1711 2608 1940 2681 primum
1976 2607 2029 2663 in

447 2698 589 2767 Lege
619 2716 631 2757 :
666 2698 766 2756 hoc
793 2708 968 2755 autem
1002 2700 1392 2770 praetermisso,
1434 2699 1680 2759 eumdem
1718 2700 1877 2756 etiam
1917 2699 2030 2771 ipse

448 2790 689 2847 ordinem
718 2800 927 2860 servat;
956 2800 1010 2849 et
1034 2790 1137 2849 hoc
1163 2790 1231 2849 de
1257 2789 1489 2863 Christo,
1517 2789 1782 2863 quomodo
1801 2791 1871 2847 sit
1890 2789 2029 2846 [ilius

448 2882 646 2951 David,
679 2885 932 2955 qumsisse
973 2898 1005 2938 ι
1048 2883 1249 2940 ,Ιυόωίς
1292 2883 1570 2943 Dominum
1613 2882 1813 2957 pariter
1844 2889 2028 2939 narrat

451 2974 601 3047 (Luc.
625 2992 728 3042 xx,
761 2977 970 3049 ll-M).
1009 2975 1119 3035 Nec
1151 2976 1371 3033 interest
1403 2974 1470 3031 ad
1505 2976 1857 3043 sententiam,
1888 2974 2029 3047 quod

447 3067 734 3123 secundum
771 3066 1076 3123 Manlianum
1099 3106 1113 3131 ,
1154 3082 1270 3123 cum
1315 3067 1693 3137 interrogasset
1718 3064 1872 3121 Jesus
1902 3064 2028 3137 quid

451 3158 529 3213 eis
553 3157 818 3215 videretur
841 3157 909 3213 de
930 3157 1160 3221 Christo.
1190 3157 1340 3226 cujus
1359 3165 1499 3215 esset
1528 3158 1684 3224 titius,
1708 3157 1785 3214 illi
1808 3172 2030 3227 respou-

448 3252 668 3314 derunt,
717 3249 911 3316 David,
944 3259 1054 3305 tum
1098 3249 1310 3308 demum
1357 3249 1561 3317 intulit,
1600 3249 1867 3320 quomodo
1905 3265 2027 3307 eum

448 3339 613 3397 David
642 3340 839 3399 diceret
869 3340 1184 3409 Dominum;
1213 3340 1501 3399 secundum
1528 3340 1649 3399 illos
1671 3350 1847 3399 autem
1870 3341 2024 3410 duos,

445 3431 675 3489 Marcum
707 3440 760 3491 et
784 3431 1011 3496 Lucam,
1045 3447 1143 3488 nec
1170 3431 1475 3503 interrogati
1503 3447 1650 3495 esse.
1682 3447 1779 3487 nec
1803 3447 2026 3505 respon-

445 3523 590 3581 disse
635 3523 991 3583 inveuiuntur.
1043 3523 1341 3593 Intelligere
1391 3522 1532 3579 enim
1581 3522 1870 3589 debemus,
1908 3530 2028 3597 post

446 3630 629 3675 eorum
660 3615 1063 3685 responsionem
1089 3614 1401 3671 sententiain
1432 3613 1593 3688 ipsius
1615 3613 1821 3667 Domini
1848 3627 1875 3665 a
1897 3613 2029 3667 duo-

450 3707 547 3763 bus
577 3707 929 3781 Evangelistis
960 3707 1306 3773 insinuatam,
1336 3706 1603 3777 quomodo
1646 3705 1713 3761 ab
1756 3706 1847 3765 illo
1889 3706 2029 3761 dicta

445 3803 534 3868 sit,
569 3800 650 3855 his
683 3798 1020 3857 audientibus
1043 3813 1176 3869 quos
1200 3798 1407 3853 volebat
1432 3813 1528 3852 suo
1550 3797 1856 3868 magisterio
1886 3797 2028 3852 utili-

448 3901 530 3948 ter
556 3890 874 3956 informare,
906 3898 959 3947 et
986 3905 1013 3942 a
1042 3889 1339 3946 Scribarum
1370 3890 1603 3944 alienare
1627 3889 1867 3944 doctrina
1897 3906 1909 3943 :
1939 3889 2029 3959 qui

446 3983 515 4041 de
555 3981 767 4039 Cbristo
808 3981 937 4037 illud
983 3981 1154 4037 solum
1197 3978 1507 4051 sepiebant,
1554 3979 1693 4049 quod
1737 3979 2027 4035 secundum

446 4089 663 4131 carnem
688 4072 859 4128 lactus
884 4082 996 4128 erat
1027 4087 1090 4129 es
1121 4071 1323 4127 semine
1349 4069 1542 4134 David,
1571 4084 1675 4124 non
1705 4086 1826 4124 eum
1852 4079 2027 4125 autem

450 4165 816 4237 intelligebaut
842 4164 897 4219 D:
918 4180 1028 4228 um,
1056 4172 1271 4235 propter
1293 4163 1432 4234 quod
1454 4172 1567 4221 erat
1589 4163 1841 4221 Dominus
1866 4163 2030 4233 ipsius

450 4257 633 4315 David.
668 4257 789 4313 Ideo
816 4265 1062 4327 tanquam
1102 4255 1169 4313 de
1209 4255 1312 4312 illis
1346 4255 1644 4313 errantibus
1677 4255 1931 4314 Dominus
1964 4254 2031 4309 ad

450 4351 579 4405 istos
607 4363 906 4405 sermonem
939 4346 1136 4402 faciens
1156 4389 1169 4416 ,
1201 4361 1335 4417 quos
1361 4346 1572 4402 volebat
1603 4346 1670 4401 ab
1706 4346 1913 4401 illorum
1943 4362 2029 4401 er-

450 4456 571 4498 rore
604 4440 837 4509 liberari,
869 4440 1159 4496 secundum
1189 4438 1285 4493 bos
1317 4437 1451 4493 duos
1489 4437 1848 4508 Evangelistus
1881 4453 2030 4492 com-

450 4542 776 4589 memoratur
799 4549 812 4587 :
844 4541 900 4585 ut
921 4530 1061 4600 quod
1089 4529 1189 4584 illis
1206 4527 1406 4583 dictum
1426 4536 1527 4595 est,
1562 4527 1821 4595 Quomodo
1842 4527 2027 4593 dicitis,

450 4625 587 4677 sicut
612 4622 889 4677 Matthmus
918 4630 1133 4689 narrat,
1177 4622 1253 4675 sic
1293 4620 1608 4690 accipiatur,
1651 4636 1752 4675 non
1781 4629 2029 4690 tanquam

450 4713 515 4767 ad
544 4712 682 4776 illos,
712 4710 803 4765 sed
834 4720 1079 4778 tanquam
1104 4709 1169 4765 de
1195 4710 1300 4764 illis
1323 4709 1388 4764 ad
1411 4725 1505 4766 eos
1527 4710 1698 4781 potius
1717 4709 1918 4767 dictum
1937 4710 2026 4777 sit,

450 4818 583 4874 quos
609 4802 813 4856 volebat
844 4799 1125 4874 instruere.

448 4871 674 4949 CAPUT
716 4871 927 4949 LXXV.
948 4916 1019 4929 —
1039 4888 1120 4943 De
1146 4886 1421 4944 Pharisteis
1445 4891 1726 4947 sedentibus
1763 4909 1915 4964 super
1942 4910 2032 4947 ca-

417 5006 435 5027 ~=
521 4986 748 5040 thedram
784 4982 987 5059 Moysi,
1025 4990 1070 5037 et
1098 4980 1373 5036 dicentibus
1411 4999 1523 5053 quat
1564 5001 1666 5039 non
1694 4985 1909 5059 faciunt,
1936 5001 2032 5041 ca!-

521 5079 734 5147 terisque
781 5077 835 5137 in
884 5091 968 5130 eos
1018 5075 1131 5128 dem
1184 5071 1472 5127 Pharisteos
1513 5090 1546 5127 a
1597 5074 1815 5130 Domino
1863 5076 2029 5144 dictis,

522 5179 691 5227 utrum
726 5184 886 5225 sermo
912 5164 1145 5221 Matt/«ei
1184 5173 1429 5237 congruat
1460 5163 1573 5219 aliis
1602 5164 1813 5233 duobus,
1846 5176 1891 5220 et
1920 5184 2032 5221 nta-

521 5263 653 5317 xime
702 5259 873 5330 Lucas,
904 5259 991 5330 qui
1033 5276 1135 5317 non
1176 5258 1272 5313 Itoe
1313 5256 1508 5331 ordine,
1539 5256 1627 5314 sed
1660 5258 1780 5314 alibi
1818 5261 2033 5317 similem

522 5361 898 5409 commemorat.

523 5444 646 5501 144.
700 5443 950 5514 Sequitur
993 5442 1287 5509 Matbaaus,
1319 5443 1389 5497 ita
1429 5444 1747 5501 narrationis
1790 5446 2030 5503 ordinem

457 5545 645 5591 tenens
675 5552 689 5589 :
718 5531 863 5595 Tunc
900 5531 1052 5589 Iesus
1097 5531 1295 5593 locutus
1336 5541 1406 5588 est
1455 5534 1525 5589 ad
1564 5536 1734 5592 turbas
1760 5546 1808 5593 et
1841 5537 1910 5592 ad
1951 5538 2025 5592 di-

454 5627 676 5697 scipulos
704 5642 854 5693 suos,
897 5626 1068 5681 dicens
1101 5640 1121 5681 :
1151 5623 1318 5697 Super
1345 5625 1632 5682 cathedram
1674 5627 1843 5702 Moysi
1891 5631 2033 5687 sede-

454 5727 573 5772 runt
599 5716 793 5774 Scriba
810 5726 859 5773 et
883 5715 1135 5773 Pharisai
1156 5733 1177 5772 :
1202 5717 1374 5772 omnia
1396 5732 1518 5788 ergo
1547 5734 1871 5791 quacumque
1893 5723 2036 5779 dixe-

620 5946 691 5958 οι..

1232 281 1319 338 DE
1358 278 1710 337 CONSENSU
1754 277 2400 351 EVANGELISTARUU,
2441 281 2497 337 S.
2537 280 2898 339 AUGUSTINI

3605 287 3715 347 ωε

2138 396 2239 455 rint
2256 396 2415 466 uobis,
2439 408 2630 456 servate
2656 409 2702 452 et
2726 398 2909 471 facile;
2935 400 3229 457 secundum
3244 416 3370 457 uero
3394 417 3549 473 apaa
3570 418 3713 463 eorum

2138 490 2293 547 nolite
2310 493 2492 560 [αι-ενι.
2516 489 2706 548 Dicunt
2733 492 2864 547 enim
2879 501 2926 546 et
2939 507 3040 547 non
3063 492 3301 564 faciunt,
3324 502 3463 561 etc.,
3484 507 3643 564 usque
3662 496 3711 555 ad

2139 580 2269 641 illud
2303 580 2390 639 ubi
2428 581 2536 651 ait,
2579 580 2700 638 Non
2734 599 2817 638 nte
2843 582 3063 641 uidebitis
3088 585 3297 639 ωοωάο
3330 583 3496 641 ante
3524 585 3709 657 dicatis,

2136 669 2436 728 Benedictus
2474 673 2560 743 qui
2597 674 2725 729 venit
2755 674 2807 729 in
2840 675 3040 730 nomine
3064 674 3289 731 Domini
3316 673 3536 745 (Jlattlt.
3565 678 3707 751 um).

2134 760 2371 819 Similem
2396 776 2697 820 sermonem
2730 764 2978 823 habuisse
2997 765 3296 821 Dominum
3314 767 3574 825 adversus
3596 768 3705 826 Pha-

2135 853 2320 911 rismos
2365 864 2420 909 et
2456 853 2670 912 Scribas
2709 855 2969 927 Legisquc
3000 856 3299 924 doctores,
3335 857 3509 913 Lucas
3534 874 3708 930 quoque

2135 955 2553 1011 commemorat,
2585 945 2679 1005 sed
2720 948 2773 1003 in
2816 946 2975 1005 domo
3001 949 3294 1019 cujusdam
3334 949 3614 1019 Pharisaei,
3639 954 3706 1025 Qui

2134 1050 2257 1093 eum
2285 1050 2568 1095 vocaverat
2601 1039 2668 1094 ad
2715 1040 3035 1099 convivium.
3063 1042 3230 1109 Quod
3262 1052 3321 1097 ut
3352 1056 3614 1111 narraret,
3638 1045 3703 1101 di-

2136 1145 2349 1200 gressus
2376 1140 2493 1188 erat
2515 1147 2546 1189 ο
2572 1132 2817 1189 Mattltmo
2834 1174 2849 1200 ,
2874 1134 3012 1190 circa
3036 1134 3197 1193 illum
3230 1136 3439 1202 locum,
3468 1136 3551 1191 ubi
3575 1137 3703 1193 ambo

2135 1233 2684 1279 commemoraverunt
2734 1224 2873 1294 quod
2917 1224 3117 1280 dictum
3167 1235 3259 1280 est
3309 1240 3342 1278 a
3381 1226 3620 1292 Domino,
3652 1225 3705 1281 de

2136 1310 2289 1383 signo
2332 1312 2480 1368 Jonas
2511 1317 2665 1369 trium
2692 1314 2897 1369 dierum
2944 1324 2998 1368 et
3035 1316 3313 1380 noctium,
3359 1324 3414 1371 et
3453 1314 3518 1371 de
3553 1317 3700 1389 regina

2134 1405 2333 1472 Austri,
2367 1417 2421 1464 et
2446 1406 2516 1464 de
2545 1407 2806 1474 Ninivitis,
2828 1419 2883 1464 et
2908 1407 2974 1463 de
2999 1408 3198 1481 spiritu
3229 1407 3510 1463 immundo
3533 1411 3612 1482 qui
3633 1424 3701 1465 re-

2135 1498 2213 1553 dit
2242 1509 2296 1555 et
2325 1500 2524 1556 invenit
2553 1499 2855 1556 mundatam
2888 1500 3102 1555 domum
3136 1517 3151 1552 ε
3183 1508 3314 1573 post
3339 1516 3494 1571 quem
3523 1516 3697 1556 senue-

2136 1605 2258 1645 nem
2300 1590 2426 1646 dicit
2463 1590 2757 1654 Mattltmus,
2806 1591 2985 1646 Adhuc
3030 1609 3088 1646 eo
3130 1593 3377 1665 loquente
3420 1592 3487 1645 ad
3530 1591 3697 1659 turbas,

2135 1698 2245 1737 ecce
2274 1693 2432 1737 mater
2459 1684 2571 1754 ejus
2592 1726 2606 1750 ,
2639 1693 2684 1738 et
2711 1687 2894 1756 fratres
2919 1683 3121 1739 stabant
3150 1684 3317 1757 foris,
3350 1693 3610 1753 quaerentes
3632 1684 3693 1739 to-

2133 1776 2218 1843 qui
2244 1776 2291 1831 ei
2326 1774 2449 1850 (Id.
2476 1792 2583 1842 xu,
2628 1777 2857 1849 39-46);
2886 1776 3056 1835 Lucas
3085 1786 3275 1835 autem
3310 1778 3366 1832 in
3397 1791 3463 1832 eo
3486 1791 3698 1833 sermone

2137 1866 2378 1931 Domini,
2421 1868 2852 1923 commemoratis
2895 1868 3054 1924 etiam
3080 1866 3413 1939 quibusdam
3450 1883 3561 1939 qua;
3585 1866 3690 1921 Mat-

2134 1965 2302 2024 tltzcus
2326 1965 2528 2023 dixisse
2550 1966 2829 2025 Dominum
2856 1966 3240 2037 prmtermisit,
3263 1964 3334 2020 ab
3361 1963 3543 2021 ordine
3564 1978 3694 2035 quem

2130 2071 2254 2115 cum
2285 2058 2532 2115 blatthteo
2558 2066 2799 2117 tenuerat
2841 2059 2911 2112 ita
2939 2056 3281 2126 digreditur:
3317 2053 3381 2111 Et
3417 2071 3527 2110 cum
3548 2056 3689 2123 loque-

2131 2160 2300 2218 retur,
2330 2152 2516 2222 inquit,
2546 2152 2738 2222 rogavit
2769 2151 2912 2206 illum
2931 2151 3143 2222 quidam
3171 2149 3467 2205 Pltarisseus
3484 2159 3536 2204 ut
3559 2165 3690 2220 pran-

2132 2242 2270 2301 deret
2292 2243 2430 2315 apud
2466 2260 2549 2310 se;
2575 2253 2621 2297 et
2648 2246 2902 2315 ingressus
2932 2242 3186 2299 recubuit.
3223 2242 3514 2302 Plurimus
3550 2250 3687 2297 autem

2130 2337 2279 2406 capit
2313 2337 2445 2391 intra
2487 2353 2541 2391 se
2576 2348 2814 2407 reputans
2866 2337 3051 2404 dicere,
3105 2353 3273 2406 quare
3294 2353 3398 2392 non
3428 2336 3688 2405 baptisma

2134 2438 2259 2483 esset
2288 2438 2401 2481 ante
2444 2427 2732 2499 prandium.
2760 2427 2822 2483 Et
2852 2429 2923 2482 ait
2956 2427 3214 2485 Dominus
3256 2428 3328 2484 ad
3364 2427 3502 2483 illum
3521 2443 3539 2481 :
3561 2422 3685 2480 Nunt

2133 2536 2241 2587 uos,
2274 2520 2543 2588 Pluirisa’i,
2570 2522 2705 2592 quod
2736 2522 2799 2575 de
2824 2522 2948 2589 {oris
2977 2529 3047 2576 est
3074 2521 3261 2575 salicis
3289 2530 3338 2573 et
3366 2518 3544 2581 catini,
3562 2533 3683 2572 auit-

2138 2613 2289 2667 datis.
2320 2614 2494 2684 Atque
2524 2613 2646 2668 ltiuc
2665 2612 2774 2683 jam
2801 2621 2992 2669 cetera
3016 2611 3072 2667 in
3105 2612 3328 2668 eosdem
3350 2610 3619 2671 Pharisaei;
3640 2615 3681 2661 et

2134 2703 2347 2759 Scribas
2376 2714 2429 2759 ct
2457 2704 2611 2774 Legis
2636 2704 2878 2760 doctores
2902 2704 3019 2759 talia
3050 2702 3217 2770 dicit,
3255 2702 3425 2775 qualia
3446 2699 3679 2757 Mattheus

2132 2792 2235 2851 hoc
2282 2794 2443 2862 loco,
2492 2808 2648 2864 quem
2702 2808 2843 2851 nunc
2897 2793 3350 2851 considerandum
3392 2788 3675 2860 suscepimus

2133 2886 2283 2959 (Luc.
2316 2902 2373 2941 ιι
2394 2928 2408 2949 .
2438 2886 2647 2956 29-52).
2702 2886 3012 2957 Quanquam
3042 2901 3177 2958 ergo
3204 2886 3276 2939 ita
3308 2884 3401 2938 ista
3441 2879 3673 2936 Mattiacas

2133 2987 2540 3045 commemoret,
2573 2986 2629 3034 ut
2654 2976 2890 3051 quamvis
2916 2977 3137 3033 domum
3166 2976 3311 3032 illius
3336 2970 3565 3029 Phariszci
3589 2982 3671 3025 non

2133 3071 2408 3137 nominet,
2436 3086 2543 3125 non
2572 3080 2747 3127 tamen
2790 3070 2962 3126 locum
2999 3070 3270 3140 exprimat
3298 3068 3380 3123 ubi
3409 3066 3534 3122 dicta
3560 3063 3671 3126 sint.

2131 3175 2237 3233 quo
2267 3169 2524 3231 repugnet
2546 3161 2744 3233 aliquid
2772 3161 2844 3217 illi
2874 3160 3054 3217 domui
3087 3178 3101 3215 :
3134 3169 3315 3216 tamen
3344 3156 3459 3229 quia
3481 3155 3575 3224 jam
3598 3165 3671 3205 ve-

2130 3263 2283 3314 nerat
2307 3255 2562 3310 Dominus
2609 3254 2660 3309 in
2694 3254 2986 3311 Jerusalem
3016 3268 3045 3308 a
3082 3252 3326 3316 Galilzca,
3357 3257 3407 3303 et
3442 3256 3547 3319 post
3580 3240 3669 3313 ejus

2130 3346 2415 3406 adventum
2440 3346 2509 3401 ita
2529 3346 2800 3417 superiora
2826 3360 2989 3415 usque
3014 3343 3082 3398 ad
3105 3345 3249 3397 hunc
3273 3351 3550 3396 sermonem
3568 3346 3668 3387 eon-

2135 3446 2417 3505 texuntur,
2460 3446 2519 3493 ut
2569 3437 2911 3507 probabiliter
2958 3435 3290 3505 accipiantur
3333 3434 3381 3485 iu
3417 3423 3665 3487 Jerusalem

2131 3537 2301 3599 gesta,
2328 3528 2499 3584 Lucas
2524 3539 2699 3583 autem
2731 3526 2860 3581 illud
2892 3536 3091 3589 narrat,
3117 3542 3240 3580 cum
3269 3523 3433 3578 adimo
3458 3515 3665 3572 Dominus

2133 3619 2233 3675 iter
2248 3628 2427 3688 ageret
2441 3618 2493 3673 in
2507 3619 2799 3674 Jerusalem
2821 3634 2836 3684 ;
2859 3616 3108 3671 videntur
3124 3616 3252 3670 mihi
3271 3611 3459 3669 similes
3472 3607 3664 3663 duoesse

2133 3723 2428 3776 sermones,
2461 3723 2684 3779 quorum
2710 3709 2794 3763 ille
2817 3708 3062 3773 alterum,
3087 3709 3316 3763 alterum
3341 3706 3432 3757 iste
3454 3694 3658 3753 narravit.

2211 3819 2332 3875 MS.
2372 3817 2514 3875 Sane
2537 3817 2981 3873 considerandum
3008 3826 3093 3873 est
3112 3812 3378 3887 quomodo
3401 3812 3478 3865 hic
3500 3807 3658 3862 dictum

2132 3912 2230 3976 sit,
2267 3910 2387 3965 Non
2427 3928 2505 3966 me
2532 3910 2758 3965 uidebitis
2778 3910 2963 3965 antodo
2991 3910 3152 3965 donec
3172 3907 3385 3971 dicatis,
3416 3898 3659 3956 Benedth

2130 4006 2218 4077 qui
2246 4005 2379 4059 venit
2414 4006 2464 4059 in
2492 4005 2691 4059 nomine
2720 4002 2958 4068 Domini;
2996 4019 3119 4057 cum
3150 3999 3432 4057 secundum
3454 3989 3655 4047 etiam

2134 4096 2439 4155 Iatthteum
2461 4096 2571 4165 jam
2599 4095 2700 4150 boc
2725 4094 2959 4150 dixerint
2986 4092 3199 4165 (Matth.
3226 4106 3337 4151 ut,
3357 4088 3427 4151 9).

2133 4188 2280 4257 enim
2325 4186 2451 4243 dicit
2496 4186 2600 4243 hoc
2646 4200 2767 4242 esse
2804 4200 3118 4255 responsum
3149 4200 3180 4238 a
3210 4181 3424 4237 Domino
3462 4174 3551 4229 illis
3582 4180 3654 4235 qut

2134 4296 2257 4338 eum
2305 4288 2619 4337 monuerant
2667 4288 2724 4334 ut
2770 4278 2894 4335 inde
2933 4279 3066 4345 iret,
3096 4275 3343 4348 quoniam
3385 4267 3525 4323 vellet
3559 4271 3652 4314 θυιυ

2135 4370 2373 4429 Herodes
2400 4371 2668 4427 occidere.
2705 4368 2780 4427 ibi
2808 4369 2968 4425 etiam
3006 4369 3262 4424 adversus
3290 4365 3445 4433 ipsum
3477 4355 3650 4411 ιω·-

2136 4461 2242 4517 lem
2269 4476 2333 4517 ea
2360 4475 2574 4531 prorsus
2599 4460 2755 4515 verba
2783 4460 2851 4514 ab
2869 4460 2961 4515 illo
2983 4474 3102 4514 esse
3127 4459 3265 4513 dicta
3294 4446 3650 4511 εοεηιηθιιοηιρ

2132 4571 2253 4625 (μω
2290 4553 2374 4609 hic
2404 4554 2701 4609 Mattltmus.
2729 4551 2821 4610 Sic
2841 4554 2985 4608 enim
3016 4562 3261 4610 narratur
3287 4539 3544 4603 secundum
3568 4532 3650 4587 Luc

2134 4668 2251 4709 eam
2278 4672 2290 4706 :
2319 4651 2388 4709 In
2420 4655 2531 4722 ipsa
2572 4654 2655 4708 die
2697 4665 3006 4709 accesserunt
3045 4653 3254 4726 quidam
3295 4642 3646 4726 Pheraeorum

2136 4745 2352 4798 dicentes
2380 4743 2459 4798 illi
2481 4761 2499 4799 :
2541 4745 2639 4799 Exi
2655 4787 2667 4810 ,
2698 4756 2747 4798 et
2773 4747 2897 4799 vade
2939 4723 3088 4813 hine;
3111 4746 3228 4815 quia
3256 4734 3466 4796 Herode!
3497 4723 3583 4783 ’κί’
3611 4729 3648 4815 i‘

2135 4837 2379 4891 occidere.
2414 4836 2480 4891 Et
2506 4838 2577 4891 ait
2604 4837 2878 4904 illis:1te,
2908 4839 3057 4894 dum
3082 4813 3221 4907 vulpi
3253 4834 3351 4897 illi,
3380 4826 3498 4884 Ecce
3525 4813 3643 4913 dic?

2134 4928 2403 4992 damonia,
2434 4936 2484 4984 et
2509 4928 2748 4984 sanitates
2791 4930 2996 4998 perﬁcio
3024 4930 3171 4983 Itodie
3210 4934 3259 4982 et
3291 4936 3423 4981 eras,
3456 4921 3495 4967 et
3530 4911 3644 4998 ("illi

2137 5033 2453 5071 consummor
2473 5018 2490 5051 ⁸
2518 5034 2532 5071 :
2560 4994 2897 5073 uerumtamen
2918 5028 3111 5090 oportet
3152 5031 3229 5071 me
3263 5009 3403 5068 hodie
3427 5013 3468 5057 et
3500 5009 3594 5090 erit
3610 4994 3644 5041 εί

2135 5107 2352 5178 sequenti
2369 5107 2629 5163 ambulare
2642 5151 2654 5171 ,
2669 5108 2789 5177 quia
2808 5125 2910 5164 non
2929 5088 3061 5181 capit
3078 5105 3362 5179 prophetam
3378 5088 3642 5181 perirest!“

2136 5177 3640 5270 Jerusalem.Jerusaleut,lerusalem,qu¢ocoidist‘WW'

2137 5298 2185 5344 et
2200 5289 2399 5360 lapides
2410 5306 2495 5345 eos
2511 5291 2597 5359 qui
2616 5291 2880 5346 mittuntur
2888 5293 2957 5346 ad
2964 5301 3033 5356 te.
3053 5288 3241 5364 quoties
3256 5280 3382 5343 νοικί
3391 5271 3640 5364 εοηθωθαξθ

2138 5381 2273 5450 ﬁlios
2300 5390 2411 5439 tuos
2436 5381 2855 5453 quemadmodum
2887 5385 2994 5441 atris
3017 5363 3187 5443 nidum
3222 5388 3359 5435 aut»
3382 5366 3461 5422 sub
3481 5363 3636 5453 patuli:

2139 5447 2186 5527 et
2208 5471 2415 5529 uoluisti
2434 5447 2606 5531 ilices
2622 5471 2929 5545 relinquetur
2954 5473 3087 5533 vobis
3109 5472 3277 5529 dom”
3300 5466 3446 5521 mm
3461 5447 3634 5545 diu“:

2140 5560 2269 5621 Dico
2294 5528 2461 5621 am
2493 5528 2627 5623 vobis
2650 5530 2666 5628 ς
2705 5528 2822 5636 alii;
2856 5528 3199 5621 titanas.
3226 5570 3324 5620 me,
3349 5549 3485 5605 dum
3507 5528 3636 5591 ἀπίοι

2139 5674 2718 5800 8ηξωοιιιιίιί,ιειιινιίιιιιιίιε
2761 5659 3404 5728 eorum.me
3438 5640 3633 5699 *⁸⁸³

3793 5758 3795 5834 ι
