3888 6318
224 331 372 390 {H9

221 460 348 497 cum
393 441 604 508 dicetis,
638 440 937 496 Benedictus
979 440 1066 510 qui
1105 438 1235 494 venit
1275 437 1328 495 in
1362 439 1565 495 nomine
1604 436 1812 493 Domini

220 535 387 605 (Luc.
418 550 533 599 xm,
564 534 777 601 31-55).
809 531 1106 589 Namtioni
1134 529 1348 601 quidem
1375 528 1497 585 huic
1524 527 1681 586 Luem
1708 542 1813 584 non

223 627 444 682 videtur
470 625 777 692 adversari,
810 623 951 694 quod
978 625 1147 679 turba»
1170 622 1438 686 dixerunt,
1470 623 1693 677 Domino
1718 636 1813 676 re-

219 720 412 775 nicnte
447 719 512 772 ad
542 717 832 773 Jerusalem
851 759 865 782 ,
897 717 1192 772 Benedictus
1232 717 1317 786 qui
1361 716 1491 770 venit
1525 716 1578 770 in
1614 716 1815 771 nomine

220 811 439 866 Domini
474 827 493 866 :
519 810 810 866 secundum
854 810 1050 881 quippe
1096 809 1252 863 Luca
1291 806 1532 862 ordinem
1577 806 1811 865 nondum

222 908 358 964 illuc
383 914 619 969 venerat,
647 915 702 959 et
731 903 962 958 nondum
1001 903 1198 959 dictum
1224 909 1359 956 erat.
1389 900 1493 956 Sed
1537 902 1659 969 quia
1705 915 1812 960 non

217 999 357 1056 dicit
381 997 521 1069 quod
547 997 670 1051 inde
712 1008 836 1050 tunc
864 994 1202 1060 abscesserit,
1234 1000 1293 1049 ut
1335 1008 1440 1048 non
1468 992 1673 1049 veniret
1709 991 1813 1048 nisi

217 1105 293 1146 eo
315 1100 554 1159 tempore
572 1104 680 1159 quo
697 1089 804 1158 jam
830 1087 955 1142 illud
984 1088 1258 1143 diceretur
1276 1086 1604 1156 (perseverat
1619 1087 1813 1156 quippe

218 1182 278 1240 in
336 1183 521 1236 itinere
560 1195 678 1246 suo,
722 1179 891 1235 donec
933 1181 1107 1233 veniat
1132 1178 1448 1241 Jerusalem,
1492 1187 1652 1247 atque
1681 1176 1812 1232 illud

217 1275 369 1346 quod
390 1276 459 1329 ait
478 1316 493 1342 ,
521 1274 650 1330 Ecce
673 1276 820 1345 ejicio
844 1273 1115 1337 daemonia,
1142 1280 1190 1325 et
1217 1273 1453 1325 sanitates
1484 1271 1689 1338 perﬁcio
1716 1271 1809 1324 ho-

219 1366 311 1420 die
335 1375 381 1420 et
402 1383 535 1427 cras,
564 1376 609 1420 et
625 1367 770 1418 tertia
787 1379 1124 1427 consummor,
1158 1361 1383 1432 mystiu-e
1408 1362 1587 1417 abillo
1605 1371 1661 1416 et
1680 1360 1812 1431 [igu-

218 1465 344 1511 rate
384 1455 525 1511 dicta
576 1455 974 1523 intelliguntur;
1022 1467 1193 1522 neque
1221 1452 1363 1506 enim
1402 1466 1468 1506 eo
1500 1452 1588 1506 die
1627 1467 1812 1522 passus

217 1556 330 1613 est,
362 1547 451 1617 qui
494 1556 577 1601 est
617 1545 684 1601 ab
721 1544 824 1600 hoc
848 1545 935 1600 die
965 1545 1169 1611 tertius,
1198 1559 1317 1598 cum
1357 1544 1610 1600 continuo
1647 1544 1808 1609 dicat,

220 1640 444 1709 Oportet
492 1655 569 1694 me
610 1639 759 1693 hodie
797 1649 841 1692 et
869 1655 981 1692 cras
1015 1647 1063 1693 et
1096 1638 1317 1710 sequenti
1344 1636 1641 1709 ambulare),
1671 1638 1814 1707 cogit

215 1733 467 1805 profecto
491 1734 650 1787 etiam
683 1731 811 1786 illud
851 1731 1071 1803 mystice
1112 1730 1330 1801 intelligi
1358 1730 1499 1800 quod
1536 1730 1643 1795 ait,
1690 1728 1812 1785 Non

218 1824 454 1879 videbitis
484 1840 591 1886 me.
623 1824 778 1877 donec
812 1824 975 1876 veniat
1016 1838 1129 1875 cum
1159 1822 1359 1887 dicetis,
1400 1820 1699 1876 Benedictus
1724 1822 1812 1894 qui

218 1916 365 1970 venit
391 1917 441 1968 in
464 1916 665 1968 nomine
694 1913 933 1979 Domini,
965 1913 1032 1967 dc
1070 1914 1160 1967 illo
1186 1928 1284 1967 suo
1321 1913 1548 1967 adventu
1568 1954 1584 1979 ,
1614 1928 1719 1983 quo
1756 1915 1809 1967 in

216 2007 467 2063 claritate
505 2016 759 2059 venturus
798 2015 875 2059 cst
897 2046 911 2069 ,
956 2004 1058 2059 hoc
1093 2005 1363 2073 siguilians
1384 2048 1396 2066 ,
1424 2014 1482 2058 ut
1507 2004 1634 2059 illud
1667 2003 1811 2074 quod

220 2099 300 2152 ait
321 2141 336 2164 ,
375 2097 536 2169 Ejicio
565 2097 831 2159 (immania,
863 2105 908 2149 et
932 2096 1170 2149 sanitates
1201 2096 1404 2164 per/icio
1429 2096 1579 2149 hodie
1601 2105 1649 2149 et
1674 2112 1808 2161 cras,

218 2199 269 2243 et
300 2190 448 2242 tertia
484 2203 824 2249 consummor,
855 2186 1115 2242 referatur
1156 2187 1221 2241 ad
1265 2200 1458 2254 corpus
1500 2187 1636 2255 ejus,
1666 2186 1810 2256 quod

219 2291 304 2338 est
330 2282 586 2337 Ecclesia.
614 2281 963 2348 Expelluntur
985 2280 1127 2335 enim
1152 2280 1435 2346 dmmonia,
1464 2295 1582 2335 cum
1611 2279 1811 2335 relictis

218 2374 465 2445 paternis
489 2372 956 2441 superstitionibus
983 2371 1208 2427 credunt
1250 2373 1301 2425 in
1340 2387 1460 2426 cum
1498 2379 1721 2442 gentes:
1757 2379 1812 2451 et

221 2466 577 2537 perﬁciuntur
613 2466 889 2529 sanitates,
921 2480 1042 2519 cum
1077 2464 1367 2519 secundum
1407 2465 1524 2535 ejus
1549 2473 1810 2533 praecepta

220 2559 445 2622 vivitur,
478 2566 816 2627 posteaquam
851 2556 1009 2610 fuerit
1032 2555 1242 2610 diabolo
1266 2564 1323 2610 et
1350 2555 1471 2611 huic
1504 2555 1700 2611 saeculo
1727 2571 1812 2610 re-

220 2652 551 2715 nuntiatum,
580 2665 749 2720 usque
797 2650 847 2705 in
895 2651 1051 2703 linem
1095 2650 1520 2715 resurrectionis,
1553 2664 1654 2720 qua
1689 2657 1812 2705 tan-

218 2757 385 2813 quam
417 2744 567 2795 tvrtia
596 2740 1073 2804 consummabitur,
1097 2740 1197 2795 hoc
1221 2749 1300 2794 est
1328 2740 1395 2794 ad
1420 2740 1810 2811 plenitudinem

218 2833 517 2903 angelicam
558 2847 653 2901 per
691 2832 930 2901 corporis
967 2833 1128 2886 etiam
1166 2832 1612 2887 immortalitatem
1651 2833 1809 2902 perli~

220 2926 399 2980 cietur
425 2923 681 2979 Ecclesia.
713 2922 1045 2992 Quapropter
1074 2922 1207 2981 ordo
1225 2923 1324 2978 iste
1352 2921 1581 2978 Matthaai
1613 2938 1813 2993 nequa-

220 3031 385 3087 quam
430 3015 693 3084 putandus
731 3024 813 3069 est
856 3016 909 3069 in
957 3014 1155 3084 aliquid
1183 3015 1325 3069 aliud
1354 3031 1474 3071 esse
1496 3016 1805 3085 digressus:

219 3107 316 3163 sed
350 3106 519 3161 Lucas
547 3107 713 3176 magis
738 3106 1113 3176 intelligendus
1146 3117 1259 3172 est,
1288 3107 1375 3162 vel
1404 3123 1807 3179 praeoaupassc

216 3214 340 3269 quae
365 3208 511 3269 gesta
539 3210 663 3253 sunt
699 3201 751 3253 in
778 3199 1094 3265 Jerusalem,
1127 3212 1182 3253 et
1208 3201 1537 3257 recordando
1568 3203 1807 3272 interpo-

217 3291 427 3350 suisse.
456 3298 739 3358 antequam
784 3289 900 3357 ejus
925 3290 1158 3343 narratio
1184 3289 1464 3345 Dominum
1494 3291 1809 3359 perduceret

213 3377 556 3443 Jerusalem;
582 3386 673 3431 aut
697 3377 868 3432 eidem
891 3377 1090 3432 civitati
1123 3378 1229 3447 jam
1260 3380 1698 3448 propinquantem
1730 3391 1809 3438 ta-

219 3469 291 3523 lia
336 3468 673 3537 respondisse
694 3468 1031 3524 monentibus
1056 3479 1113 3523 ut
1138 3479 1352 3524 caveret
1373 3469 1657 3537 Herodem,
1677 3488 1808 3542 qua-

217 3560 290 3615 lia
312 3559 591 3615 Mattlneus
610 3576 730 3615 eum
754 3560 883 3615 dicit
902 3560 1062 3616 etiam
1087 3560 1251 3616 turbis
1270 3561 1527 3629 locutum,
1548 3579 1669 3620 cum
1692 3565 1806 3635 jam

220 3655 560 3724 pervenisset
602 3654 653 3708 in
699 3654 1029 3721 Jerusalem,
1060 3664 1219 3725 auius
1258 3655 1349 3713 illa
1380 3657 1557 3715 omnia
1593 3668 1805 3727 peracta

219 3756 405 3802 essent
425 3762 544 3817 quae
572 3761 731 3815 supra
760 3756 970 3803 narrata
995 3755 1141 3803 sunt.

214 3838 444 3894 CAPUT
482 3838 955 3895 LXXVl.--Cum
1016 3840 1370 3910 prmnuntiorit
1420 3842 1595 3913 templi
1658 3857 1801 3897 ever-

290 3931 483 3986 sionem
504 3971 519 3995 ,
569 3931 820 4003 quomodo
891 3932 1009 3987 aliis
1070 3932 1262 3989 duobus
1329 3933 1573 3989 narrandi
1625 3935 1803 3990 ordine

292 4034 557 4093 congruat.

293 4114 416 4171 M6.
463 4115 713 4184 Sequitur
758 4115 1075 4182 Mattbatus,
1127 4125 1183 4171 et
1252 4117 1380 4172 dicit
1422 4117 1532 4174 :Et
1574 4135 1801 4191 egressus

207 4204 370 4261 Jesus
408 4206 470 4259 de
519 4206 703 4275 templo
753 4205 897 4260 ibat:
920 4217 968 4260 et
1005 4217 1317 4263 accesserunt
1373 4209 1609 4278 discipuli
1654 4212 1763 4280 ejus
1780 4252 1795 4277 ,

216 4307 271 4348 ut
325 4294 637 4348 ostenderent
666 4295 709 4349 ei
743 4296 1099 4364 tediﬁcationes
1136 4299 1325 4366 templi.
1359 4298 1478 4369 Ipse
1506 4310 1670 4354 autem
1714 4317 1797 4355 re-

210 4386 468 4457 spondens
501 4386 631 4442 dixit
676 4387 808 4451 illis,
848 4387 1033 4443 Videtis
1081 4388 1187 4444 hac
1232 4391 1443 4445 omnia?
1486 4392 1645 4447 Amen
1683 4394 1796 4447 dico

212 4479 378 4544 vobis,
410 4494 509 4532 non
542 4479 851 4550 relinquetur
875 4480 955 4533 hic
990 4480 1124 4550 lapis
1146 4498 1296 4551 super
1321 4483 1545 4552 lapidem
1576 4485 1662 4554 qui
1694 4500 1795 4538 non

212 4569 503 4624 destruatur
547 4568 761 4640 (Matth.
803 4586 957 4637 xstv,
990 4573 1041 4633 l.
1072 4571 1152 4644 2).
1194 4572 1401 4628 Marcus
1441 4576 1600 4630 etiam
1646 4590 1797 4631 ctuti-

212 4669 477 4715 memorat
523 4660 624 4716 hoc
653 4662 841 4717 eodem
887 4678 1023 4732 pene
1064 4663 1274 4731 ordine,
1312 4674 1432 4734 post
1469 4665 1794 4736 aliquantam

210 4751 599 4823 digressionem
618 4795 634 4821 ,
662 4754 728 4809 ad
776 4755 878 4810 hoc
923 4755 1138 4821 factam,
1165 4766 1224 4811 ut
1253 4770 1697 4815 columemoraret
1724 4762 1795 4817 de

211 4844 370 4900 vidua
399 4887 415 4911 ,
467 4862 588 4916 qua:
637 4848 783 4903 misit
839 4847 947 4902 duo
999 4850 1199 4904 minuta
1258 4852 1310 4904 in
1357 4852 1792 4925 gazophylacium

210 4934 403 5005 (Marc.
442 4953 552 5003 xu,
581 4938 670 5004 bi;
705 4956 834 5004 stu,
857 4941 964 5011 2),
995 4942 1135 5011 quod
1183 4958 1303 4998 cum
1332 4959 1399 4999 eo
1436 4945 1605 5000 Lucas
1645 4949 1793 5003 solus

207 5038 611 5085 oonrmemorat.
641 5030 773 5085 Nam
802 5032 961 5086 alain
984 5036 1275 5091 secundum
1303 5036 1558 5100 Marciam,
1583 5046 1794 5108 posteav

209 5131 371 5187 quam
400 5119 527 5174 illud
550 5121 805 5179 Dominus
826 5123 930 5193 egit
954 5139 1075 5178 cum
1105 5124 1321 5192 ludatis,
1349 5126 1617 5196 quomodo
1642 5130 1788 5185 scci-

208 5219 398 5276 percnt
415 5209 685 5267 Christum
714 5213 880 5268 ﬁlium
906 5215 1092 5280 David,
1113 5232 1175 5270 ea
1202 5230 1486 5273 narrantur
1512 5234 1632 5287 qua
1657 5219 1790 5275 dicit

205 5299 276 5357 de
302 5305 550 5360 caremlis
575 5305 861 5363 Pbarisatis
880 5316 937 5362 et
958 5308 1221 5380 hypocrisi
1247 5324 1435 5365 eorum
1465 5328 1480 5364 :
1506 5326 1663 5381 quem
1707 5311 1790 5366 lo-

206 5404 333 5447 cum
357 5394 632 5453 llattbacus
658 5397 917 5454 latissime
945 5408 1257 5469 persecutus
1286 5410 1395 5468 est,
1427 5410 1486 5458 et
1520 5403 1672 5471 plura
1711 5402 1785 5458 ibi

207 5479 344 5537 dicta
370 5487 605 5542 narravit
629 5504 643 5541 :
669 5498 829 5558 atque
855 5489 978 5546 ideo
1004 5500 1127 5559 post
1146 5490 1393 5547 eandem
1421 5492 1595 5548 ιθθιηι
1621 5509 1784 5562 ‘i'cm

208 5570 435 5632 breviter
478 5579 788 5645 perstrinxit
827 5581 1053 5647 Marcus.
1079 5584 1370 5652 etcopiose
1402 5584 1625 5654 digessit
1645 5585 1782 5647 ιω-

204 5665 395 5733 ιὶιεω.
418 5670 551 5726 nihil
576 5672 804 5741 amplius
823 5673 1032 5731 larens
1053 5676 1260 5743 intulit,
1289 5678 1427 5739 sicut
1451 5678 1593 5746 disi.
1619 5694 1782 5750 φοι]

203 5757 604 5820 deiilaridua
656 5768 1781 5837 pupurionesubesri-a;sedeinde

1544 323 1743 380 LIBER
1780 321 2159 387 SECUNDUS.

3363 340 3502 397 “50

1919 441 2194 517 stibio-git
2233 458 2301 503 es
2340 440 3503 525 quibusMsttbaeoitet-meehtsreret,di-

1916 548 2052 593 oens
2097 536 2168 593 de
2210 539 2397 610 templi
2453 538 2629 598 futura
2684 544 2984 602 ambae.
3064 546 3237 609 Lucas
3284 564 3500 622 quoque

1921 639 2040 700 post
2078 630 2207 687 illud
2251 632 2317 689 de
2362 630 2593 701 Christo,
2640 638 2907 708 quomodo
2944 650 3089 697 esset
3127 642 3268 699 illius
3294 643 3458 701 David
3481 688 3497 714 ,

1916 736 2088 794 pauca
2112 723 2183 781 de
2204 725 2442 783 cavenda
2469 725 2739 799 hypocrisi
2766 729 3149 789 Phariscorum
3172 747 3501 795 commemo-

1918 823 2020 872 rat.
2053 815 2183 874 Indo
2200 817 2340 874 sicut
2365 818 2574 874 larens
2612 822 2782 892 pergit
2816 822 2884 878 ad
2932 823 3181 890 viduam,
3233 842 3354 897 qua
3392 827 3501 883 duo

1917 909 2120 964 minuta
2162 909 2215 965 in
2239 909 2677 983 gazophylacium
2708 914 2871 968 misit.
2900 914 3107 972 Deinde
3132 917 3406 988 subjuuglt
3426 918 3498 975 de

1918 999 2101 1071 templi
2144 999 2316 1056 futura
2344 1002 2648 1072 eversione,
2682 1004 2825 1076 quod
2865 1004 3144 1065 latthasus
3166 1017 3225 1064 et
3249 1008 3456 1067 larens
3480 1011 3498 1045 ³

1917 1092 2068 1168 (Luc.
2090 1109 2188 1162 xx,
2217 1095 2315 1159 ts;
2334 1111 2443 1164 ω,
2472 1095 2581 1171 8)..

1917 1203 2145 1261 CAPUT
2173 1205 2428 1262 LXXVII.
2445 1239 2518 1250 -—
2540 1207 2615 1263 De
2642 1225 2869 1265 sermone
2889 1227 3035 1281 quem
3060 1210 3231 1267 habuit
3253 1213 3306 1267 in
3333 1227 3500 1270 monte

1991 1295 2199 1364 Oliveti,
2232 1300 2563 1369 quaerentibus
2591 1301 2855 1370 discipulis
2888 1303 3090 1373 quando
3133 1305 3226 1358 erit
3270 1321 3501 1360 consum-

1987 1389 2163 1454 matio,
2193 1392 2613 1461 quemadmodum
2641 1404 2741 1448 tres
2765 1394 2849 1448 isti
2876 1395 3008 1449 inter
3035 1411 3090 1450 se
3111 1407 3415 1467 congruant.

1990 1480 2112 1537 147.
2148 1479 2399 1554 Sequitur
2420 1483 2698 1539 Mattlueus
2739 1484 2920 1541 dicens
2952 1505 2965 1539 :
2999 1486 3218 1543 Sedente
3243 1498 3409 1543 autem
3438 1506 3497 1544 eo

1914 1588 2067 1642 super
2094 1584 2308 1627 montem
2340 1572 2523 1629 Olivcti
2539 1617 2555 1642 ,
2584 1586 2894 1631 accesserunt
2924 1576 2992 1631 ad
3024 1594 3136 1633 eum
3160 1579 3398 1650 discipuli
3422 1596 3499 1635 se-

1917 1673 2073 1729 creto,
2102 1664 2321 1720 dicentes
2347 1682 2365 1719 :
2391 1665 2487 1720 Dic
2507 1666 2649 1721 nobis
2668 1669 2870 1738 quando
2913 1669 3020 1724 hare
3062 1680 3242 1739 erunt,
3283 1679 3328 1725 et
3363 1673 3500 1743 quod

1914 1754 2111 1823 signum
2139 1755 2378 1810 adventus
2409 1759 2515 1823 tui,
2543 1767 2587 1811 et
2615 1760 3055 1814 consummationis
3087 1759 3277 1816 swculi.
3324 1759 3391 1814 Et
3414 1778 3496 1816 re—

1914 1846 2167 1920 spondens
2190 1846 2339 1903 Iesus
2358 1892 2371 1915 ,
2404 1850 2531 1903 dixit
2567 1852 2636 1905 eis
2658 1870 2677 1905 :
2710 1851 2883 1907 Videte
2920 1871 2981 1909 ne
3007 1856 3116 1925 quis
3140 1871 3227 1909 vos
3269 1854 3493 1911 seducet.

1916 1937 2074 1992 Multi
2120 1941 2250 1993 enim
2292 1942 2485 1996 venient
2525 1943 2576 1995 in
2604 1945 2802 1997 nomine
2830 1962 2939 1999 meo
2973 1946 3210 2011 dicentes,
3237 1945 3349 2017 Ego
3384 1964 3497 2001 sum

1914 2027 2145 2086 Christus
2165 2074 2177 2094 ,
2209 2042 2255 2085 et
2281 2034 2465 2087 multos
2490 2034 2725 2089 sedarent
2750 2080 2762 2101 ,
2789 2046 2890 2091 etc.
2913 2078 2929 2104 ,
2961 2053 3126 2108 usque
3151 2038 3215 2093 ad
3246 2038 3371 2093 illud
3404 2039 3496 2095 ubi

1914 2121 2005 2185 ait,
2040 2120 2106 2176 Et
2134 2123 2275 2177 ibunt
2299 2124 2353 2178 hi
2373 2125 2425 2178 in
2453 2124 2755 2196 supplicium
2793 2138 3053 2193 teternum,
3078 2129 3209 2203 justi
3242 2144 3407 2184 autent
3441 2130 3497 2185 in

1913 2214 2065 2268 vitam
2093 2224 2350 2269 cateruam.
2380 2216 2530 2271 Nunc
2564 2220 2671 2287 jam
2706 2220 2860 2274 istum
2900 2220 3162 2289 prolixum
3193 2237 3495 2278 sermonem

1914 2305 2123 2360 Domini
2153 2307 2440 2362 secundum
2467 2318 2574 2363 tres
2596 2309 2978 2381 Evangelistas,
3006 2311 3331 2379 Mattlueum,
3355 2313 3494 2368 Mar-

1913 2412 2033 2453 cum
2061 2408 2112 2454 et
2135 2399 2330 2455 Lucam
2352 2403 2769 2458 consideremus.
2794 2404 3055 2460 Enmdem
3081 2407 3275 2478 quippe
3307 2417 3494 2463 tenen-

1915 2497 1999 2545 tes
2048 2491 2289 2547 ordinem
2339 2495 2537 2564 pariter
2582 2496 2681 2551 ista
2734 2507 3023 2553 contexunt
3073 2497 3295 2572 (Matth.
3349 2514 3492 2569 xxiv,

1913 2580 1981 2646 ὃς
2006 2597 2129 2647 xxv,
2157 2584 2246 2650 46,
2278 2583 2441 2638 Marc.
2470 2588 2747 2655 sunt-37,
2766 2598 2809 2642 et
2832 2589 2955 2643 Luc.
2980 2606 3087 2657 xxI,
3106 2591 3497 2667 7-36).Dieunt

1913 2672 2128 2742 quidem
2167 2673 2252 2730 hic
2289 2675 2446 2730 etiam
2490 2678 2662 2750 aliqua
2702 2680 2892 2749 singuli
2924 2682 3130 2751 propria
3157 2725 3172 2749 ,
3216 2683 3266 2735 in
3305 2683 3495 2753 quibus

1914 2763 2056 2818 nulla
2085 2774 2167 2820 est
2193 2769 2554 2840 repugnantia:
2581 2770 2859 2825 metuenda
2888 2772 3120 2845 suspicio
3145 2790 3157 2825 :
3180 2771 3247 2828 de
3287 2772 3368 2827 his
3397 2787 3493 2826 au-

1916 2862 2020 2910 tem
2048 2871 2165 2929 qua:
2196 2858 2393 2926 pariter
2421 2859 2623 2921 dicunt.
2652 2861 2838 2916 necubi
2864 2862 3078 2918 sibimet
3099 2861 3367 2917 adversari
3393 2878 3494 2933 pu-

1914 2953 2112 3010 tentur,
2146 2947 2431 3003 vidcndum
2463 2961 2562 3003 est.
2591 2950 2770 3021 Neque
2800 2951 2938 3006 enim
2963 2952 3064 3006 dici
3102 2962 3291 3022 potest,
3328 2954 3373 3007 si
3399 2954 3495 3008 ali-

1912 3038 2037 3109 quid
2080 3039 2185 3095 tale
2211 3043 2519 3105 occurrerit,
2549 3043 2688 3097 aliud
2735 3060 2853 3099 esse
2879 3054 3035 3117 atque
3060 3045 3183 3101 alibi
3211 3062 3240 3100 a
3269 3047 3494 3102 Domino

1911 3130 2156 3186 similiter
2181 3131 2400 3193 dictum.
2427 3135 2638 3204 quando
2663 3137 2851 3192 eodem
2893 3136 3011 3192 loco
3050 3154 3227 3194 rerum
3267 3155 3329 3195 ac
3355 3148 3491 3194 tem-

1911 3236 2121 3291 porum,
2153 3225 2389 3279 omnium
2435 3227 2591 3280 trium
2623 3238 2861 3282 versatur
2888 3231 3140 3285 narratio.
3172 3230 3311 3286 Sane
3349 3231 3489 3302 quod

1910 3315 2217 3370 earumdem
2262 3317 2644 3372 sententiarum
2693 3334 2721 3370 a
2774 3320 2998 3374 Domino
3040 3321 3331 3390 dictorum,
3385 3339 3491 3379 non

1911 3407 2159 3462 eumdem
2187 3423 2373 3464 omnes
2400 3410 2640 3464 ordinem
2664 3420 2896 3477 servant,
2932 3413 3058 3466 nihil
3086 3414 3153 3467 ad
3184 3432 3295 3469 rem
3324 3418 3491 3491 perti-

1912 3504 2003 3553 net
2031 3499 2113 3553 vel
2144 3499 2536 3570 intelligendam
2568 3501 2648 3556 vel
2678 3502 3067 3569 insinuandam,
3109 3504 3232 3558 dum
3272 3521 3335 3560 ea
3370 3523 3489 3583 quae

1909 3590 1977 3645 ab
2004 3591 2094 3647 illo
2120 3591 2257 3646 dicta
2283 3591 2603 3659 referuntur,
2637 3610 2739 3648 non
2768 3594 2978 3650 sibimet
3008 3595 3375 3657 adversentur.

1982 3685 2105 3742 “8.
2134 3684 2285 3752 Quod
2315 3700 2441 3755 ergo
2472 3685 2749 3741 Mattiacas
2774 3688 2844 3741 ait
2863 3729 2876 3751 ,
2920 3687 2983 3741 Et
3009 3690 3364 3764 prtedicabitur
3396 3690 3489 3750 hoc

1910 3776 2240 3849 Euangelium
2304 3782 2444 3851 regni
2486 3780 2539 3833 in
2589 3780 2818 3834 universo
2869 3782 2986 3835 orbe
3035 3782 3087 3841 in
3150 3784 3484 3840 testimonium

1911 3872 2141 3924 omnibus
2168 3871 2428 3942 gentibus,
2467 3881 2511 3925 et
2556 3882 2672 3926 tunc
2701 3874 2857 3928 reniet
2892 3876 3288 3947 consummatio;
3328 3878 3486 3933 etiam

1905 3961 2112 4019 Marcus
2141 3962 2325 4018 eodem
2371 3965 2555 4018 ordine
2593 3965 2659 4019 ita
2693 3977 3075 4021 commemorat
3104 4010 3118 4037 ,
3153 3968 3212 4022 Et
3238 3970 3288 4023 in
3318 3987 3487 4027 omnes

1903 4063 2070 4126 gentes
2090 4055 2305 4127 primum
2323 4066 2513 4126 oportet
2536 4057 2803 4127 prtedicari
2823 4056 3144 4133 Evangelium
3169 4075 3187 4114 :
3210 4076 3312 4119 non
3331 4060 3483 4127 dixit,

1904 4157 1951 4202 ct
1978 4157 2094 4202 tunc
2118 4149 2273 4202 veniet
2294 4152 2653 4204 consummatio
2672 4166 2692 4215 ;
2713 4150 2803 4206 sed
2824 4150 2928 4209 hoc
2945 4152 3205 4223 signiﬁcat
3229 4153 3367 4229 quod
3390 4153 3482 4218 ait,

1907 4240 2158 4304 primum,
2192 4240 2242 4293 id
2274 4248 2389 4304 est,
2426 4240 2488 4294 Et
2535 4241 2585 4294 in
2625 4258 2792 4295 omnes
2817 4252 2983 4315 gentes
3028 4244 3250 4315 primum
3293 4253 3487 4315 oportet

1904 4332 2172 4400 praedicari
2196 4331 2525 4403 Erangelium
2543 4348 2560 4385 :
2576 4333 2695 4402 quia
2714 4333 2785 4393 illi
2802 4334 2866 4386 de
2887 4332 2989 4387 line
3010 4332 3481 4407 interrogaverunt.

1903 4418 2033 4475 Cum
2064 4436 2192 4491 ergo
2216 4420 2375 4485 dicit,
2406 4420 2633 4475 Primum
2654 4433 2847 4492 oportet
2883 4424 2933 4476 in
2963 4440 3134 4479 omnes
3154 4433 3323 4499 gentes
3346 4441 3482 4496 prte-

1903 4513 2063 4567 dicari
2098 4512 2426 4584 Evangelium
2451 4555 2466 4580 ,
2497 4513 2758 4584 signiﬁcat
2796 4516 3006 4589 utique,
3043 4516 3261 4588 primum
3287 4559 3301 4586 ,
3328 4528 3480 4575 ante-

1902 4622 2059 4681 quam
2084 4607 2259 4661 veniat
2286 4607 2691 4661 consummatio.

1973 4698 2093 4755 149.
2136 4699 2261 4754 item
2302 4701 2441 4770 quod
2476 4700 2752 4756 Matthmus
2798 4700 2903 4767 ait,
2948 4699 3074 4758 Cum
3111 4720 3231 4777 ergo
3260 4703 3482 4761 videritis

1899 4792 2315 4846 abominationem
2344 4792 2687 4859 desolationis,
2705 4810 2816 4865 qua?
2839 4794 2972 4849 dicta
2997 4805 3069 4850 est
3086 4812 3115 4849 a
3143 4795 3481 4868 Danielepro—

1896 4884 2048 4958 pheta
2068 4927 2082 4951 ,
2111 4894 2322 4938 stantem
2352 4886 2404 4938 in
2432 4886 2542 4940 loco
2569 4895 2741 4940 sancto
2761 4928 2774 4950 ,
2804 4888 2889 4963 qui
2919 4886 3037 4957 legit
3064 4887 3348 4959 intelligat;
3378 4888 3479 4944 hoc

1896 4974 2102 5030 Marcus
2130 4974 2256 5037 dicit
2286 4978 2356 5031 ita
2385 5018 2399 5042 ,
2439 4976 2564 5031 Cum
2603 4991 2769 5032 autent
2812 4978 3033 5037 uideritis
3061 4977 3477 5035 abominationem

1896 5067 2220 5122 desolationis
2247 5078 2456 5122 stantem
2481 5070 2564 5129 ubi
2596 5086 2694 5127 non
2723 5070 2861 5125 debet
2886 5111 2899 5134 ,
2925 5070 3011 5142 qui
3038 5068 3158 5149 legit
3184 5071 3431 5149 intelligat
3456 5090 3476 5129 :

1897 5156 1949 5212 in
1976 5174 2075 5228 qua
2102 5159 2392 5214 mutatione
2416 5160 2557 5219 verbi
2580 5159 2824 5223 exposuit
2847 5161 3089 5219 eamdem
3116 5165 3428 5225 sententiam
3458 5184 3472 5233 ;

1893 5249 2014 5305 ideo
2039 5251 2230 5322 quippe
2250 5251 2333 5305 ubi
2358 5268 2459 5306 non
2485 5250 2641 5325 debet,
2664 5269 2782 5325 quia
2817 5254 2868 5307 in
2896 5254 3012 5321 loco
3037 5272 3223 5315 sancto
3244 5275 3346 5317 non
3376 5262 3476 5323 de-

1894 5339 2005 5395 bet.
2040 5340 2210 5403 Lucas
2236 5352 2413 5397 autem
2441 5359 2546 5398 non
2570 5344 2666 5413 ait,
2695 5345 2825 5403 Cum
2848 5359 3012 5403 autem
3040 5350 3258 5413 videritis
3283 5353 3476 5411 abomi-

1895 5432 2148 5487 notlonem
2171 5433 2496 5489 desolationis
2512 5476 2529 5501 ,
2552 5446 2766 5495 stantem
2793 5437 2845 5496 in
2874 5437 2984 5493 loco
3008 5452 3216 5508 sancto;
3245 5452 3362 5509 aut.
3396 5445 3479 5501 ubi

1893 5540 1994 5580 non
2034 5522 2173 5579 debet
2198 5541 2219 5580 :
2241 5525 2336 5582 sed
2362 5527 2454 5594 ait,
2484 5526 2610 5591 Cum
2638 5540 2804 5591 autem
2832 5533 3053 5595 videritis
3086 5535 3391 5599 circumdari
3413 5537 3478 5593 ab

2579 5665 2824 5741 νειφέτω
2838 5673 2888 5720 α
2906 5677 3118 5741 ,ἕποιεν
3138 5672 3321 5741 φησι*
3344 5679 3433 5724 κω
3455 5708 3472 5741 ε

1887 5722 2338 5838 mw
2356 5722 3020 5795 mammam
