3888 6324
428 291 562 353 1151

428 411 649 471 mrcittt
670 409 981 474 Jerusalem,
1005 417 1124 463 ωηο
1145 407 1319 462 scitote
1340 404 1462 477 quia
1480 399 1903 474 appropinquavit
1925 397 2016 452 de-

428 506 611 563 solatio
635 506 763 577 ejus.
786 502 937 559 Tunc
962 501 1065 558 erit
1089 514 1219 572 ergo
1243 497 1566 555 abominatio
1587 491 1936 551 desolationis
1958 490 2014 547 in

431 602 552 659 loco
575 609 781 657 sancto.

503 691 628 748 150.
656 688 810 759 Quod
840 697 1017 744 autem
1041 687 1117 743 ait
1142 684 1419 742 Mattheus
1435 725 1452 751 ,
1482 682 1622 737 Tunc
1640 682 1726 751 qui
1751 682 1804 735 in
1828 678 2015 734 Judtea

426 791 564 850 sunt,
588 782 785 855 fugiant
821 780 890 835 ad
915 790 1138 844 montes;
1160 787 1209 833 et
1231 778 1319 848 qui
1344 777 1398 831 in
1425 787 1552 831 tecto
1570 816 1586 842 ,
1616 790 1719 829 non
1746 772 2015 828 descendat

429 875 605 930 tollere
625 872 819 944 aliquid
840 871 905 927 de
932 873 1081 926 domo
1117 886 1247 935 sua;
1274 877 1321 925 et
1346 869 1433 939 qui
1465 869 1519 922 in
1551 883 1694 938 agro,
1720 883 1821 920 non
1846 881 2014 920 rever-

430 974 568 1019 tatur
601 964 776 1020 tollere
812 964 1035 1018 tunicam
1071 978 1253 1028 suam;
1291 959 1510 1016 totidem
1545 974 1680 1028 pene
1708 958 1885 1013 verbis
1912 957 2015 1012 hoc

429 1057 591 1112 etiam
628 1055 832 1111 Marcus
873 1061 1273 1111 commemorat.
1316 1052 1487 1108 Lucas
1509 1060 1719 1115 autem,
1753 1048 1893 1104 Tunc
1928 1050 2015 1120 qui

428 1147 482 1202 in
500 1145 686 1203 Judma
707 1156 844 1211 sunt,
877 1146 1067 1218 inquit,
1095 1147 1291 1217 fugiant
1317 1145 1370 1199 in
1389 1151 1580 1197 montes
1607 1160 1627 1196 :
1648 1142 1749 1197 hoc
1772 1141 1911 1196 sicut
1938 1140 2014 1195 illi

428 1239 564 1305 duo;
592 1249 784 1296 caetera
816 1254 943 1295 vero
968 1239 1140 1294 aliter.
1174 1237 1423 1308 Sequitur
1462 1237 1604 1292 enim
1625 1276 1639 1301 ,
1674 1244 1728 1290 et
1748 1234 1877 1289 dicit
1898 1274 1914 1298 ,
1949 1232 2016 1287 Et

426 1333 514 1404 qui
540 1333 592 1387 in
620 1332 785 1388 medio
807 1333 915 1405 ejus
933 1373 949 1397 ,
977 1331 1270 1395 discedant;
1298 1339 1345 1383 et
1369 1329 1457 1399 qui
1482 1329 1534 1383 in
1564 1326 1846 1399 regionibus
1863 1368 1881 1392 ,
1912 1342 2014 1381 non

428 1416 613 1472 intrent
638 1418 691 1471 in
713 1432 824 1471 eam
854 1433 874 1471 :
896 1415 1014 1487 quia
1041 1415 1146 1470 dies
1167 1414 1374 1470 ultionis
1402 1414 1455 1468 hi
1473 1422 1608 1477 sunt,
1631 1422 1685 1467 ut
1709 1414 2015 1484 impleantur

428 1508 600 1563 omnia
634 1523 747 1578 qua:
780 1508 967 1578 scripta
994 1516 1129 1563 sunt.
1166 1506 1307 1562 Satis
1345 1505 1615 1561 diversum
1642 1505 1849 1561 videtur
1871 1504 2013 1576 quod

431 1597 509 1653 illi
535 1597 641 1652 duo
677 1598 957 1659 dixerunt,
990 1596 1054 1651 Et
1077 1598 1164 1666 qui
1196 1612 1350 1660 super
1374 1606 1588 1663 tectum,
1620 1614 1719 1651 non
1749 1596 2015 1651 descendat

430 1690 605 1745 tollere
627 1689 821 1756 aliquid
845 1689 906 1743 de
934 1690 1084 1743 domo
1108 1704 1237 1753 sua;
1261 1700 1314 1744 et
1341 1690 1480 1760 quod
1512 1690 1610 1744 iste
1640 1689 1798 1755 dicit,
1839 1689 1902 1743 Et
1929 1688 2018 1759 qui

428 1780 484 1835 in
519 1779 683 1834 medio
718 1782 863 1850 ejus,
903 1780 1164 1835 discedunt
1192 1797 1211 1835 :
1246 1782 1346 1836 nisi
1376 1781 1509 1835 forte
1539 1782 1659 1850 quia
1690 1782 2015 1850 perturbatio

429 1886 620 1943 magna
643 1872 741 1928 erit
770 1882 875 1927 tam
901 1888 1092 1944 magno
1118 1873 1346 1929 instante
1371 1872 1608 1943 periculo
1627 1916 1643 1941 ,
1673 1873 1747 1928 illi
1772 1888 1908 1944 quos
1934 1874 2017 1929 in-

427 1964 675 2022 clusisset
695 1964 924 2032 obsidio,
946 1965 1086 2034 quod
1102 1964 1364 2036 signiﬁcat
1388 1964 1638 2032 dicendo,
1659 1966 1745 2036 qui
1771 1967 1824 2021 in
1850 1968 2011 2021 medio

430 2060 560 2130 ejus,
587 2058 640 2115 in
665 2068 805 2115 tecto
829 2068 986 2115 erunt
1005 2059 1210 2114 attoniti
1232 2067 1289 2115 et
1306 2059 1549 2114 volentes
1568 2058 1748 2115 videre
1772 2060 1895 2130 quid
1920 2060 2018 2115 im-

433 2148 693 2221 pendeat,
720 2150 803 2206 vel
839 2165 940 2221 qua
980 2149 1310 2206 evadendum
1354 2151 1441 2205 sit.
1475 2150 1582 2207 Sed
1610 2152 1878 2222 quomodo
1902 2153 2012 2218 ait,

428 2241 708 2304 discedant,
730 2240 944 2310 quando
972 2255 1131 2311 supra
1151 2240 1305 2307 dixit,
1331 2258 1445 2295 cum
1471 2251 1638 2296 autem
1668 2242 1889 2298 videritis
1909 2248 2011 2297 cir-

429 2330 657 2386 cumdari
685 2330 747 2385 ab
772 2332 991 2386 exercitu
1012 2329 1340 2387 Jerusalem?
1358 2332 1489 2387 Nam
1521 2333 1650 2389 illud
1676 2335 1815 2404 quod
1842 2335 2019 2406 sequi-

430 2431 538 2489 tur,
568 2420 670 2489 Qui
697 2422 750 2476 in
777 2422 1081 2494 regionibus,
1115 2439 1215 2477 non
1243 2424 1430 2478 intrent
1468 2426 1521 2479 in
1549 2442 1679 2492 eam,
1713 2427 1923 2482 videtur
1950 2426 2017 2481 ad

427 2527 716 2585 congruam
751 2514 1020 2585 pertinere
1059 2514 1507 2582 admonitionem;
1536 2526 1589 2571 et
1620 2528 1794 2587 potest
1826 2517 2016 2574 obser-

429 2605 565 2671 vari,
591 2616 651 2661 ut
676 2606 765 2677 qui
790 2616 941 2663 extra
962 2617 1087 2663 sunt
1111 2624 1215 2662 non
1242 2608 1294 2664 in
1318 2624 1436 2665 eam
1464 2609 1660 2665 intrent
1686 2629 1699 2664 :
1728 2613 1815 2681 qui
1839 2622 2017 2668 autem

429 2695 482 2753 In
512 2697 689 2755 medio
715 2706 876 2761 sunt,
908 2699 1175 2770 quomodo
1199 2700 1514 2767 discedant,
1547 2703 1615 2757 ab
1644 2704 1882 2759 exercitu
1904 2704 2015 2772 jam

430 2788 646 2847 civitate
672 2790 1037 2846 circumdata?
1067 2793 1148 2846 An
1189 2792 1291 2847 hoc
1332 2802 1415 2848 est
1449 2807 1567 2849 esse
1606 2794 1659 2848 in
1698 2794 1861 2849 medio
1886 2797 2014 2865 ejus,

430 2879 642 2949 quando
661 2879 773 2950 jam
801 2880 872 2935 ita
900 2880 1190 2950 periculum
1221 2882 1448 2953 urgebit,
1481 2892 1538 2938 ut
1564 2885 1925 2952 temporaliter
1950 2883 2018 2939 ad

434 2978 754 3039 praesentem
780 2971 942 3025 vitam
972 2971 1221 3027 tuendam
1246 2989 1355 3028 non
1390 2974 1556 3043 possit
1584 2975 1765 3039 evadi;
1796 2986 1849 3029 ct
1885 2990 2018 3045 quo-

432 3059 576 3114 niam
604 3067 729 3114 tunc
754 3069 935 3129 parata
960 3061 1116 3117 debet
1139 3077 1257 3118 esse
1282 3063 1458 3118 anima
1484 3079 1547 3119 ac
1572 3065 1757 3133 libera,
1782 3080 1883 3122 nec
1902 3081 2019 3121 car-

435 3150 643 3205 nalibus
667 3150 945 3207 desideriis
968 3163 1223 3225 occupata
1249 3166 1303 3211 et
1322 3171 1597 3226 oppressa,
1628 3157 1729 3212 hoc
1749 3159 2019 3229 significat

436 3238 579 3311 quod
618 3238 688 3296 ab
732 3241 837 3297 illis
872 3241 1078 3298 duobus
1114 3244 1313 3300 dictum
1361 3255 1462 3313 est,
1501 3249 1552 3301 in
1593 3257 1737 3313 lecto,
1762 3250 1840 3305 vel
1868 3267 2020 3320 super

435 3340 615 3387 tectum
639 3348 658 3388 :
684 3341 743 3388 ut
766 3333 908 3404 quod
934 3334 1033 3391 iste
1052 3335 1145 3403 ait,
1173 3336 1451 3406 discedant,
1483 3340 1530 3393 id
1557 3349 1638 3393 est
1659 3355 1762 3396 non
1780 3342 1887 3411 jam
1917 3342 2017 3397 bu-

433 3423 520 3494 jus
544 3424 667 3480 vitae
698 3424 965 3481 desiderio
998 3427 1292 3497 capiantur,
1332 3429 1424 3484 sed
1458 3430 1509 3483 in
1538 3431 1695 3485 aliam
1729 3433 1890 3487 vitam
1920 3433 2020 3488 mi-

434 3530 590 3586 grare
613 3517 780 3586 parati
808 3516 942 3581 sint;
975 3517 1080 3573 hoc
1106 3517 1181 3573 illi
1209 3519 1318 3574 duo
1341 3520 1593 3588 dixerint,
1625 3540 1725 3577 non
1754 3524 2019 3579 descendat

436 3605 613 3662 tollere
633 3606 828 3679 aliquid
853 3608 917 3663 de
935 3608 1085 3664 domo
1108 3650 1124 3676 ,
1154 3610 1208 3666 id
1234 3620 1317 3667 est
1344 3614 1489 3668 nullo
1514 3613 1703 3670 all'ectu
1734 3617 2019 3671 inclinetur

436 3697 489 3753 in
520 3714 735 3755 carnem
763 3709 1014 3771 tanquam
1052 3702 1248 3773 aliquid
1279 3705 1401 3760 inde
1434 3708 1697 3762 Commodi
1735 3718 2017 3779 perceptu-

435 3803 529 3845 rus
555 3807 569 3846 :
596 3799 652 3845 et
678 3791 819 3862 quod
850 3792 950 3848 iste
976 3795 1071 3859 ait,
1102 3793 1202 3860 Qui
1224 3796 1279 3850 in
1304 3798 1606 3869 regionibus,
1630 3817 1729 3854 non
1754 3803 1937 3856 intrent
1964 3804 2021 3858 in

436 3895 567 3941 eam,
586 3880 638 3935 id
665 3892 767 3949 est,
797 3883 883 3953 qui
904 3885 1014 3954 jam
1037 3885 1179 3941 bono
1197 3889 1374 3942 cordis
1401 3892 1672 3960 proposito
1698 3905 1846 3948 extra
1875 3896 2018 3950 illam

437 3966 560 4023 lacti
586 3980 730 4037 sunt,
764 3987 868 4039 non
904 3988 1020 4028 eam
1050 3991 1234 4032 rursus
1260 3980 1459 4033 carnali
1488 3982 1777 4050 cupiditate
1803 3986 2018 4041 deside-

438 4068 596 4126 rent;
626 4061 727 4117 hoc
749 4062 820 4118 illi
845 4062 1092 4130 dixerint,
1128 4066 1193 4120 Et
1214 4068 1304 4140 qui
1327 4069 1377 4122 in
1407 4087 1529 4141 agro
1558 4081 1648 4137 est,
1676 4090 1774 4129 non
1804 4088 2022 4131 reverta-

439 4162 525 4208 tur
548 4164 680 4209 retro
717 4154 895 4212 tollere
938 4159 1282 4213 vestimentum
1322 4177 1503 4228 suum,
1537 4172 1785 4234 tanquam
1826 4169 2018 4224 iterum

439 4245 635 4302 involvi
658 4250 803 4304 curis
831 4250 1021 4320 quibus
1046 4259 1161 4306 erat
1189 4255 1419 4309 exutus?

510 4338 635 4394 151.
664 4338 816 4406 Quod
844 4356 969 4397 vero
990 4341 1065 4396 ait
1089 4341 1394 4410 Matthznus,
1428 4345 1583 4400 Orate
1611 4357 1777 4402 autem
1797 4392 1812 4416 ,
1840 4359 1894 4404 ut
1918 4368 2019 4408 non

436 4429 530 4499 ﬁat
553 4432 676 4502 fuga
701 4442 862 4487 vestra
880 4433 1043 4490 hieme
1062 4437 1139 4490 vel
1162 4437 1404 4504 sabbato;
1431 4439 1552 4495 hinc
1578 4440 1786 4496 Marcus
1814 4453 2017 4512 partem

434 4519 589 4588 dixit,
620 4532 819 4593 partem
846 4527 1008 4581 tacuit
1038 4545 1051 4580 :
1086 4528 1240 4583 Orate
1266 4548 1407 4593 vero,
1432 4531 1624 4602 inquit,
1652 4544 1705 4589 ut
1735 4536 1898 4592 hieme
1917 4553 2019 4593 non

439 4613 584 4678 ﬁant.
611 4613 781 4670 Lucas
804 4626 980 4673 autem
1007 4619 1109 4675 hoc
1129 4636 1233 4676 non
1264 4622 1415 4690 dixit,
1444 4624 1539 4680 sed
1564 4634 1738 4682 tamen
1766 4627 1899 4684 dixit
1920 4630 2018 4684 ali-

436 4704 563 4777 quid
591 4706 738 4762 solus
759 4751 776 4776 ,
805 4726 909 4782 quo
951 4714 1077 4769 mihi
1119 4716 1359 4772 videatur
1392 4718 1528 4775 hanc
1568 4722 1735 4792 ipsam
1759 4766 1773 4787 ,
1805 4741 1922 4795 quac
1948 4727 2017 4783 ab

437 4796 555 4853 istis
594 4798 820 4855 obscure
861 4803 1032 4871 posita
1067 4814 1148 4860 est
1170 4847 1183 4869 ,
1221 4808 1512 4866 illustrasse
1552 4815 1868 4869 sententiam
1902 4835 1914 4870 :
1943 4818 2018 4873 ait

435 4890 601 4958 enim,
628 4890 881 4947 Attendite
916 4903 1083 4949 autem
1115 4898 1251 4951 vobis
1274 4940 1288 4963 ,
1312 4917 1375 4954 ne
1403 4905 1534 4972 forte
1565 4915 1831 4973 graventur
1860 4909 2016 4964 corda

434 4990 597 5036 vestra
637 4983 691 5037 in
719 4984 957 5054 crapula,
987 4994 1034 5039 et
1069 4985 1334 5053 ebrietate,
1367 4998 1413 5043 et
1454 4993 1587 5046 curis
1612 4993 1764 5065 hujus
1792 4999 1936 5063 vitae,
1967 5009 2015 5054 et

435 5075 750 5144 superveniat
770 5078 821 5131 in
850 5094 936 5131 vos
964 5079 1223 5150 repentina
1247 5081 1352 5135 dies
1377 5082 1468 5136 illa
1497 5100 1512 5137 :
1538 5094 1776 5155 tanquam
1807 5090 2012 5160 laqueus

435 5165 569 5218 enim
600 5168 908 5236 superveniet
931 5169 985 5223 in
1010 5185 1178 5225 omnes
1197 5171 1281 5241 qui
1309 5171 1480 5226 sedent
1498 5190 1648 5245 super
1673 5177 1854 5246 [aciem
1883 5180 2014 5236 orbis

434 5262 598 5309 terrte.
640 5253 854 5328 Vigilate
881 5259 1047 5329 itaque
1068 5302 1083 5323 ,
1117 5262 1256 5317 omni
1284 5274 1504 5335 tempore
1527 5277 1725 5322 orantes
1743 5310 1757 5333 ,
1790 5280 1844 5324 ut
1873 5272 2015 5344 digni

436 5344 719 5399 habeamini
750 5346 922 5419 fugere
957 5350 1053 5403 ista
1082 5353 1250 5405 omnia
1274 5369 1387 5422 qua:
1410 5359 1583 5426 futura
1606 5368 1724 5412 sunt
1777 5359 1898 5415 Iltcc
1927 5363 2011 5418 in-

437 5435 690 5508 telligitur
712 5435 855 5508 fuga,
872 5454 1029 5509 quam
1055 5441 1335 5498 Matthaeus
1346 5459 1748 5507 commemorat.
1763 5465 1878 5521 quae
1903 5469 2011 5511 non

434 5528 592 5584 debet
621 5529 734 5585 fieri
758 5530 935 5587 hieme
956 5533 1037 5589 vel
1058 5535 1298 5591 sabbato.
1326 5537 1408 5593 Ad
1435 5539 1662 5596 hiemetr
1687 5553 1862 5599 autem
1891 5560 2012 5616 per-

436 5620 608 5675 tinent
633 5635 777 5676 cura:
805 5621 961 5692 hujus
980 5625 1122 5688 vitae,
1148 5641 1280 5697 quas
1299 5627 1470 5686 Lucas
1493 5644 1675 5701 aperte
1704 5638 1879 5704 posuit
1903 5657 1916 5695 :
1943 5639 2010 5696 ad

435 5711 713 5767 sabbatum
727 5728 856 5769 vero
873 5717 1083 5785 crapula
1106 5727 1159 5772 et
1177 5720 1424 5777 ebrietas.
1445 5723 1597 5781 Curae
1619 5729 1812 5799 quippe
1830 5733 2007 5791 tristes

1249 285 1338 343 DE
1372 280 1716 343 CONSENSU
1762 278 2408 350 EVANGELISTARUM,
2447 281 2504 340 S.
2546 280 2911 341 AUGUSTINI

3548 287 3697 344 H53

2117 406 2241 453 sunt
2267 400 2412 454 velut
2452 398 2621 455 hiems
2653 417 2666 454 :
2698 400 2911 469 crapula
2940 413 3068 456 vero
3109 409 3165 456 et
3194 400 3427 458 ebrietas
3447 443 3463 470 ,
3496 403 3705 459 carnali

2119 490 2299 546 laetitia
2330 491 2639 562 luxuriaque
2666 506 2761 546 eor
2786 490 3080 562 submergit
3113 501 3274 563 atque
3303 492 3529 559 obruit;
3559 494 3703 565 quod

2118 583 2315 637 malum
2362 582 2565 637 sabbati
2612 583 2825 637 nomine
2865 593 3141 653 propterea
3188 583 3546 652 signiﬁcatum
3596 596 3699 652 est,

2117 673 2240 744 quia
2296 672 2411 728 haec
2451 682 2565 729 erat
2597 673 2729 743 jam,
2778 673 2932 728 sicuti
2975 682 3031 729 et
3077 688 3219 729 nunc
3258 683 3339 730 est
3383 674 3698 731 indecorum

2121 765 2347 835 pessima
2386 764 2754 831 consuetudo,
2795 764 2887 819 illo
2914 765 3001 820 die
3037 765 3244 821 deliciis
3278 766 3535 834 afﬂuere,
3572 768 3696 824 dum

2118 855 2394 925 spirituale
2431 856 2706 911 sabbatum
2736 856 2996 926 ignorant.
3028 859 3133 911 Aut
3163 857 3208 912 si
3234 857 3435 928 aliquid
3464 859 3615 915 aliud
3648 860 3701 915 in

2119 949 2224 1005 illis
2243 948 2533 1004 secundum
2552 949 2853 1004 Matthaemn
2877 959 2927 1005 et
2950 949 3183 1005 Marcum
3204 951 3380 1005 verbis
3401 952 3708 1020 intelligen-

2118 1040 2245 1095 dum
2290 1048 2394 1108 est,
2443 1040 2640 1111 aliquid
2691 1040 2834 1095 aliud
2885 1042 3045 1096 etiam
3088 1041 3262 1097 Lucas
3303 1041 3523 1110 dixerit,
3571 1043 3703 1099 dum

2120 1141 2295 1188 tamen
2333 1132 2474 1187 nulla
2522 1133 2882 1204 repugnantia:
2922 1134 3144 1203 quaestio
3184 1144 3481 1189 moveatur.
3514 1134 3704 1207 Neque

2120 1224 2262 1280 enim
2292 1238 2431 1279 nunc
2476 1223 2756 1295 Evangelia
2794 1224 3106 1295 exponenda
3143 1227 3510 1296 suscepimus,
3539 1227 3641 1282 sed
3671 1242 3704 1282 a

2119 1317 2361 1372 falsitatis
2388 1317 2470 1371 vel
2497 1316 2711 1372 fallaciae
2730 1315 3008 1371 calumniis
3031 1315 3386 1372 defendenda.
3419 1318 3535 1372 Alia
3570 1331 3704 1372 vero

2121 1423 2242 1479 qua:
2272 1409 2323 1463 in
2353 1409 2452 1464 hoc
2479 1422 2727 1463 sermone
2751 1407 3027 1464 Matthwus
3048 1408 3222 1478 posuit
3245 1410 3548 1465 communia
3574 1425 3703 1466 cum

2125 1500 2323 1569 Marco,
2346 1501 2475 1555 nihil
2492 1501 2687 1556 habent
2703 1501 3011 1571 quaestionis
3036 1518 3049 1555 :
3070 1517 3189 1572 qua:
3204 1508 3381 1556 autem
3395 1516 3518 1556 cum
3530 1502 3703 1570 Luca,

2123 1612 2229 1651 non
2257 1596 2309 1650 in
2334 1596 2439 1651 hoc
2465 1610 2711 1650 sermone
2735 1593 2905 1649 Lucas
2932 1608 2993 1648 ea
3023 1595 3218 1665 posuit,
3239 1593 3393 1666 cujus
3417 1595 3537 1650 huic
3559 1595 3705 1651 ordo

2119 1688 2434 1749 c0ocordat;
2458 1687 2551 1744 sed
2576 1688 2700 1743 alibi
2728 1687 2851 1741 talia
2877 1688 2959 1741 vel
2988 1687 3300 1742 recordatur
3322 1697 3483 1758 atque
3507 1689 3705 1743 iusen't

2121 1781 2633 1853 pratoccupandomt
2681 1783 2825 1851 prius
2860 1788 3244 1836 commemoret
3279 1795 3400 1852 qua:
3446 1790 3639 1851 postea
3675 1795 3709 1835 a

2120 1875 2346 1930 Domino
2382 1873 2524 1929 dicta
2548 1881 2700 1938 sunt;
2733 1873 2818 1928 vel
2848 1873 2929 1927 bis
2965 1888 2997 1928 a
3028 1873 3252 1927 Domino
3278 1872 3419 1928 dicta
3462 1873 3591 1929 facit
3619 1874 3701 1927 in-

2122 1967 2283 2037 telligi
2304 2008 2319 2033 ,
2347 1974 2403 2021 et
2426 1980 2566 2021 nunc
2590 1965 2879 2022 secundum
2908 1964 3211 2020 Matthmum
3228 2007 3244 2032 ,
3272 1973 3327 2020 et
3356 1973 3481 2020 tunc
3508 1981 3706 2021 secon-

2119 2057 2246 2112 dum
2271 2058 2462 2126 ipsum.

2120 2147 2342 2204 CAPUT
2370 2146 2644 2202 LXXVIII.
2675 2177 2747 2187 —
2773 2147 2922 2213 Quod
2944 2156 3339 2201 commemorant
3363 2145 3703 2203 Hatthcuset

2193 2240 2398 2295 Marcus
2425 2250 2542 2294 ante
2567 2241 2772 2295 biduum
2797 2243 2981 2312 futui-te
3011 2240 3242 2308 Pascha,
3260 2252 3309 2295 et
3327 2250 3503 2313 postea
3526 2243 3701 2297 dicunt

2190 2334 2325 2405 quod
2348 2335 2401 2389 in
2424 2334 2671 2388 Bethania
2697 2335 2810 2404 fuit,
2828 2334 3077 2403 quomodo
3104 2351 3206 2388 non
3222 2345 3465 2407 repnth
3482 2334 3697 2401 Joanni,

2189 2428 2275 2499 qui
2300 2444 2414 2481 cum
2446 2427 2567 2498 ipsis
2592 2436 2765 2480 narrat
2788 2427 2881 2481 hoc
2901 2427 3032 2481 idem
3059 2441 3194 2498 quoa
3210 2428 3401 2496 factum
3421 2437 3492 2483 est
3512 2428 3563 2483 in
3594 2427 3699 2483 Be-

2193 2519 2385 2585 thania,
2412 2528 2459 2572 et
2485 2518 2628 2585 dicit,
2661 2520 2799 2573 Ante
2821 2533 2914 2573 sex
2939 2518 3052 2574 dies
3075 2519 3310 2574 Paschae.

2191 2611 2313 2666 152.
2362 2610 2612 2680 Sequitur
2637 2610 2914 2666 Mattiacas
2943 2629 2956 2665 :
2993 2610 3055 2664 Et
3079 2616 3270 2683 factum
3304 2621 3397 2678 est,
3420 2629 3537 2666 cum
3569 2629 3698 2667 con-

2119 2714 2412 2760 summasset
2438 2701 2594 2759 Iesus
2625 2721 2876 2758 sermones
2902 2705 2992 2759 hos
3029 2721 3234 2771 omnes,
3274 2704 3402 2760 dixit
3438 2706 3702 2777 discipulis

2120 2794 2224 2848 suis
2253 2810 2270 2848 :
2298 2792 2451 2849 Scitis
2475 2795 2594 2863 quia
2620 2805 2728 2864 post
2755 2794 2959 2848 biduum
2989 2793 3192 2847 Pascha
3212 2795 3319 2863 ﬁet,
3342 2804 3388 2848 et
3414 2793 3459 2848 F
3460 2796 3578 2849 ilius
3603 2796 3700 2850 ho-

2120 2886 2269 2941 minis
2292 2883 2515 2939 tradetur
2537 2895 2593 2939 ut
2619 2885 2944 2953 cruciﬁgalur
2964 2884 3173 2955 (Matth.
3207 2900 3354 2952 sxw,
3383 2887 3431 2949 1,
3459 2884 3541 2955 2).
3565 2885 3698 2941 Huic

2121 2986 2439 3034 attestantur
2460 2978 2551 3033 alii
2593 2978 2699 3033 duo
2738 2978 2945 3033 Marcus
2984 2985 3037 3033 et
3062 2978 3233 3033 Lucas
3254 3018 3271 3044 ,
3299 2978 3367 3032 ab
3392 2978 3576 3034 eodem
3603 2995 3695 3033 or-

2119 3070 2245 3126 dine
2279 3085 2381 3125 non
2408 3069 2721 3125 recedentes
2758 3067 2948 3141 (Marc.
2979 3084 3088 3133 xlv,
3133 3069 3183 3135 1,
3212 3078 3259 3124 et
3284 3067 3411 3122 Luc.
3452 3084 3585 3135 ιλιι,
3618 3071 3693 3141 1).

2119 3166 2303 3234 Neque
2330 3163 2433 3219 hoc
2457 3172 2704 3233 tanquam
2726 3177 2757 3217 a
2787 3162 3008 3216 Domino
3035 3161 3233 3216 dictum
3264 3162 3565 3227 insinuant;
3597 3162 3696 3218 hoc

2121 3256 2263 3313 enim
2291 3256 2534 3311 intimare
2556 3254 3008 3325 prtetermiserunt
3030 3272 3042 3306 ε
3068 3268 3132 3308 ex
3153 3269 3248 3308 sua
3267 3262 3445 3308 tamen
3470 3268 3697 3324 persona

2120 3358 2175 3405 et
2203 3348 2413 3403 Marcus
2445 3348 2595 3414 dicit,
2629 3346 2757 3401 Erat
2780 3356 2945 3401 autem
2973 3344 3173 3400 Pascha
3200 3356 3248 3400 et
3273 3362 3456 3417 azyma
3488 3356 3599 3417 post
3623 3347 3696 3400 bi-

2121 3442 2313 3506 duum;
2355 3448 2407 3496 et
2454 3440 2655 3504 Lucas,
2707 3438 3150 3509 Appropinquabat
3189 3447 3358 3492 autem
3397 3438 3505 3493 dies
3547 3442 3699 3508 festus

2121 3550 2413 3606 azymorum
2437 3574 2451 3598 ,
2478 3533 2564 3602 qui
2590 3532 2775 3586 dicitur
2805 3532 3019 3586 Pascha.
3046 3530 3136 3586 Sic
3152 3546 3279 3601 ergo
3307 3531 3698 3601 appropinqua-

2120 3627 2211 3682 bat
2233 3668 2247 3691 ,
2280 3636 2338 3682 ut
2378 3635 2522 3683 esset
2565 3633 2681 3696 post
2718 3624 2934 3681 biduum
2960 3665 2977 3690 ,
3015 3625 3151 3679 sicut
3194 3624 3283 3679 alii
3321 3623 3429 3678 duo
3464 3625 3700 3694 apertius

2121 3725 2434 3771 consonant.
2463 3716 2694 3772 Joannes
2722 3732 2848 3770 vero
2876 3715 3043 3769 tribus
3071 3715 3283 3786 quidem
3312 3715 3444 3770 locis
3466 3730 3701 3770 comme-

2121 3810 2348 3864 moravit
2374 3810 2615 3877 ejusdem
2642 3808 2745 3863 diei
2772 3807 2892 3863 festi
2919 3808 3362 3879 propinquitatem
3384 3849 3401 3873 ,
3433 3823 3555 3863 eum
3592 3807 3698 3863 alia

2122 3901 2361 3971 quaedam
2405 3901 2612 3956 duobus
2655 3900 3017 3970 superioribus
3056 3900 3185 3955 locis
3224 3910 3464 3955 narraret
3495 3918 3509 3954 :
3536 3901 3692 3955 tertio

2122 4002 2295 4048 autem
2326 3992 2443 4047 loco
2480 4002 2700 4063 apparet
2740 3992 2855 4062 ejus
2898 3993 3131 4047 narratio
3169 3991 3310 4046 circa
3347 3992 3459 4060 ipsa
3497 3991 3697 4046 versari

2124 4094 2361 4154 tempora
2381 4126 2395 4146 ,
2424 4084 2512 4139 ubi
2541 4085 2642 4139 hoc
2668 4084 2828 4139 etiam
2858 4084 2931 4138 illi
2963 4092 3067 4138 tres
3093 4082 3369 4148 intimant,
3400 4080 3452 4136 id
3483 4090 3568 4137 est
3598 4081 3698 4135 int-

2122 4174 2400 4247 pendentis
2432 4175 2544 4245 jam
2566 4174 2849 4230 dominica:
2874 4174 3133 4245 passionis
3156 4171 3335 4244 (Joan.
3369 4189 3447 4241 x1,
3474 4173 3565 4239 55,
3594 4188 3693 4239 xu,

2125 4268 2178 4334 1,
2206 4278 2252 4320 et
2279 4282 2392 4328 χιιι,
2426 4265 2505 4336 1).

2192 4359 2315 4413 155.
2333 4356 2438 4413 Sed
2470 4356 2571 4412 hoc
2590 4357 2759 4412 videri
2781 4363 2951 4426 potest
2973 4371 3158 4425 parum
3185 4354 3466 4426 diligenter
3489 4356 3695 4411 intuen~

2124 4448 2263 4503 tibus
2314 4462 2432 4502 esse
2482 4448 2827 4511 contrarium,
2878 4446 3019 4516 quod
3074 4445 3354 4501 Mattlneus
3399 4454 3456 4501 et
3493 4445 3699 4501 Marcus

2122 4549 2463 4611 posteaquam
2501 4540 2750 4595 dixerunt
2791 4538 2993 4593 Pascha
3027 4548 3150 4609 post
3189 4537 3402 4593 biduum
3442 4537 3696 4604 futurum,

2121 4634 2313 4689 deinde
2340 4641 2893 4688 commemoraverunt
2917 4631 3061 4701 quod
3097 4640 3209 4686 erat
3243 4629 3398 4684 Jesus
3425 4630 3479 4685 in
3508 4629 3697 4685 Betha-

2120 4724 2242 4789 nia,
2271 4725 2359 4779 ubi
2396 4723 2464 4780 de
2505 4733 2777 4794 unguento
2816 4723 2905 4778 illo
2940 4723 3175 4793 pretioso
3204 4720 3398 4777 dicitur
3424 4738 3439 4777 :
3466 4721 3697 4777 Joannes

2120 4826 2296 4874 autem
2333 4826 2458 4874 ante
2486 4833 2578 4872 sex
2609 4816 2723 4872 dies
2761 4816 2978 4871 Pascha:
3018 4814 3149 4871 dicit
3187 4814 3372 4872 Jesum
3402 4816 3617 4873 venisse
3637 4817 3692 4872 iu

2118 4908 2467 4974 Bethaniam,
2512 4907 2580 4963 de
2621 4917 2888 4977 unguento
2952 4907 3138 4964 eadem
3210 4918 3521 4963 narraturus
3565 4906 3696 4981 (Id.

2122 5018 2217 5068 xu,
2242 5002 2319 5073 1).
2350 4999 2630 5067 Quomodo
2664 5000 3083 5070 ergosecundum
3118 4998 3240 5054 illos
3277 4998 3435 5067 duos,
3466 5007 3587 5070 post
3614 5000 3696 5055 bi-

2118 5095 2282 5150 duum
2333 5093 2561 5148 futurum
2617 5100 2734 5147 erat
2780 5090 2982 5146 Pascha
3008 5132 3024 5157 ,
3069 5106 3191 5146 cum
3239 5103 3585 5162 posteaquam
3638 5091 3693 5148 id

2118 5185 2406 5250 dixerunt,
2436 5184 2770 5239 inveniantur
2793 5195 2913 5237 cum
2951 5181 3155 5239 Joanne
3188 5183 3238 5237 in
3280 5183 3532 5239 Bethania
3564 5183 3691 5240 illud

2118 5276 2185 5332 de
2215 5285 2480 5346 unguento
2517 5275 2657 5346 quod
2696 5275 2810 5345 ipse
2844 5283 3123 5331 narrantes
3146 5316 3160 5338 ,
3200 5286 3323 5331 tunc
3361 5286 3543 5349 autem
3577 5275 3692 5345 ipse

2117 5366 2260 5421 dicat
2278 5376 2396 5436 post
2421 5381 2516 5422 sex
2543 5366 2658 5422 dies
2685 5366 2916 5421 futurum
2947 5366 3189 5421 Pascha?
3215 5366 3320 5422 Sed
3355 5368 3446 5436 qui
3478 5368 3545 5420 ita
3573 5380 3691 5422 mo-

2118 5470 2306 5513 ventur
2346 5473 2451 5513 non
2499 5460 2797 5531 intelligunt
2839 5459 3143 5515 Matthzuum
3188 5468 3243 5515 et
3286 5459 3520 5515 Marcum
3564 5418 3729 5516 illud‘

2118 5550 2258 5622 quod
2299 5551 2350 5605 in
2383 5550 2633 5607 Bethania
2662 5552 2730 5607 de
2758 5561 3027 5624 unguento
3063 5551 3256 5608 factum
3287 5563 3399 5607 erat
3431 5555 3695 5624 recapitu-

2119 5640 2279 5697 laudo
2308 5642 2581 5714 posuisse,
2614 5659 2719 5699 non
2750 5653 2871 5716 post
2905 5644 3050 5699 illam
3083 5644 3150 5700 de
3174 5643 3332 5700 biduo
3362 5644 3697 5715 praedicatio-

2117 5748 2239 5790 nem
2265 5749 2436 5803 suam,
2465 5735 2559 5793 sed
2587 5744 2709 5793 ante
2740 5736 2849 5808 jam
2877 5735 3070 5793 factum
3096 5750 3217 5793 cum
3252 5734 3427 5792 adhuc
3459 5751 3557 5792 sex
3581 5737 3702 5796 dies
