3888 6308
190 361 346 421 ίὶξίδ

191 481 390 534 essent
429 471 496 526 ad
537 467 760 526 Pascha.
793 462 908 520 Non
952 461 1093 518 enim
1133 455 1410 529 quisquam
1449 465 1630 508 eorum
1669 462 1788 504 cum

192 569 454 633 dixisset,
497 573 613 637 post
655 561 871 617 biduum
903 559 1134 612 futurum
1167 548 1368 607 Pascha
1393 589 1408 613 ,
1438 546 1514 601 sic
1556 541 1795 608 adjnnxit

106 700 134 712 --
195 663 283 720 de
307 662 399 717 illo
429 636 569 713 facto
599 657 649 709 in
693 651 967 710 Bethania.
1009 656 1065 702 ut
1103 645 1322 708 diceret,
1365 639 1488 694 Pos‘.
1519 636 1634 690 haec
1673 647 1794 688 cum

124 736 136 750 II
197 764 359 814 esset
387 754 438 808 in
468 749 721 807 Bethania
748 745 867 801 :sed
897 741 1174 799 Matthacns
1190 733 1403 806 quidem
1431 774 1443 793 ,
1474 728 1601 784 Cum
1631 737 1797 779 autem

202 856 372 910 esset,
410 845 599 916 inquit,
626 841 778 896 Jesus
813 840 866 892 in
892 835 1176 893 Bethania;
1205 829 1412 883 Marcus
1443 833 1639 883 autem,
1670 818 1799 872 Cum

203 950 342 996 esset
379 935 639 992 Bethania:
664 950 682 988 :
707 930 847 1003 quod
885 928 1063 997 utique
1093 919 1402 990 intelligitur
1435 925 1484 971 et
1518 921 1800 981 antequam

205 1030 307 1086 illa
342 1028 647 1084 dicerentur
673 1038 789 1094 qua:
816 1027 938 1073 ante
967 1016 1183 1071 biduum
1227 1009 1443 1066 Pascha:
1484 1007 1626 1060 dicta
1658 1008 1800 1056 sunt.

208 1121 373 1177 Sicut
412 1134 539 1189 ergo
561 1133 624 1170 ex
655 1113 874 1170 Joannis
901 1108 1206 1164 narratione
1240 1103 1526 1171 colligitur,
1561 1106 1682 1151 ante
1712 1110 1802 1148 sex

207 1212 336 1268 dies
365 1185 582 1265 Pascha:
605 1207 750 1262 venit
776 1205 829 1259 in
854 1200 1163 1257 Bethaniam
1196 1214 1207 1248 :
1247 1196 1316 1248 ibi
1346 1193 1538 1247 factum
1570 1196 1651 1242 est
1677 1185 1807 1240 illud

209 1301 521 1358 convivium
559 1298 644 1353 ubi
674 1296 742 1351 de
773 1300 1039 1363 unguento
1069 1287 1302 1358 pretioso
1330 1283 1387 1336 lit
1414 1291 1807 1335 commemora-

214 1395 333 1459 tio;
366 1391 487 1448 iude
515 1390 660 1446 venit
699 1385 1085 1454 Jerosolymam
1130 1377 1326 1433 sedens
1364 1387 1527 1442 super
1553 1368 1807 1432 asellum;

213 1486 418 1542 deinde
446 1491 626 1552 postea
656 1485 910 1550 geruntur
938 1491 998 1530 ea
1029 1488 1146 1543 qua:
1173 1475 1387 1524 narrant
1416 1473 1532 1534 post
1557 1463 1697 1515 hune
1721 1457 1814 1512 ad-

214 1585 445 1633 ventum
477 1574 591 1644 ejus
618 1566 972 1639 Jerosolymis
1011 1571 1178 1634 gesta.
1207 1561 1285 1616 Ex
1319 1558 1410 1612 illo
1447 1570 1574 1625 ergo
1603 1552 1688 1606 die
1710 1563 1816 1620 quo

215 1668 377 1724 Venit
406 1667 458 1720 in
501 1643 807 1718 Bethaniam
853 1667 1009 1726 atque
1052 1652 1179 1708 illud
1217 1651 1283 1705 de
1323 1654 1591 1716 unguento
1624 1643 1814 1695 factum

218 1771 313 1816 est
341 1803 354 1824 ,
388 1773 551 1827 usque
577 1754 643 1809 ad
669 1753 810 1807 diem
836 1766 938 1819 quo
969 1748 1066 1801 ista
1101 1743 1274 1797 omnia
1304 1748 1454 1810 gesta
1494 1746 1651 1804 atque
1678 1732 1818 1786 dicta

221 1861 356 1908 sunt
383 1892 397 1916 ,
430 1848 776 1917 intelligimus
799 1885 815 1910 ,
843 1842 1002 1896 etiam
1051 1832 1404 1903 Evangelislis
1444 1845 1548 1883 non
1581 1838 1818 1881 comme-

222 1943 604 2007 morantibus,
635 1943 1008 2005 eonsumptum
1050 1931 1214 1985 fuisse
1254 1924 1613 1997 quatriduum,
1652 1931 1708 1973 ut
1730 1931 1821 1972 oc-

223 2045 476 2095 curreret
501 2035 616 2089 dies
642 2045 797 2102 quem
822 2037 944 2081 ante
974 2023 1187 2078 biduum
1215 2017 1430 2073 I‘aschae
1459 2015 1566 2068 duo
1595 2009 1820 2065 delinie-

227 2140 382 2187 runt.
425 2128 593 2182 Lucas
637 2132 812 2177 autem
861 2133 980 2174 cum
1030 2115 1123 2180 ait,
1169 2104 1618 2180 Appropinquabat
1655 2111 1824 2155 autem

228 2223 347 2276 dies
367 2224 518 2291 festus
538 2227 851 2286 azymorum,
878 2225 982 2264 non
1010 2202 1272 2275 expressit
1291 2201 1507 2255 biduum
1535 2214 1547 2249 :
1576 2194 1669 2249 scd
1691 2194 1826 2247 hanc

232 2315 711 2390 propinquitatem,
743 2321 900 2378 quam
935 2296 1394 2358 commemoravit,
1430 2294 1481 2345 in
1521 2291 1635 2359 ipso
1665 2289 1826 2340 inter-

233 2408 383 2462 vallo
410 2405 552 2460 bidui
579 2377 834 2455 debemus
850 2394 1111 2462 accipere.
1132 2388 1363 2443 Joannes
1384 2398 1511 2437 vero
1529 2396 1647 2435 cum
1675 2377 1823 2442 dicit,

236 2497 545 2552 Proximum
560 2501 665 2546 erat
681 2487 884 2543 Pascha
907 2483 1207 2538 Judteorum
1252 2474 1435 2546 (Joan.
1464 2489 1534 2535 x1,
1579 2467 1692 2535 55),
1724 2485 1828 2520 non

237 2589 346 2644 hoc
371 2587 588 2643 biduum
637 2582 752 2636 vult
783 2577 998 2647 intelligi
1028 2617 1042 2640 ,
1074 2573 1166 2626 sed
1200 2585 1291 2624 sex
1320 2568 1431 2621 dies
1459 2572 1581 2618 ante
1610 2562 1829 2616 Pascha.

236 2677 477 2736 Proinde
500 2718 512 2741 ,
545 2690 663 2730 eum
695 2670 936 2743 qumdam
985 2674 1102 2735 post
1131 2662 1233 2716 hoc
1262 2660 1462 2714 dictum
1503 2670 1832 2710 commemo-

238 2780 418 2829 rasset
443 2813 458 2836 ,
501 2777 624 2822 tunc
665 2765 773 2835 jam
804 2762 988 2815 volens
1026 2754 1308 2811 ostendere
1345 2765 1500 2821 quam
1532 2746 1834 2818 proximum

239 2863 413 2919 fuisse
441 2859 637 2913 Pascha
679 2855 900 2909 dixisset
929 2868 941 2904 ε
983 2847 1134 2901 Jesus
1174 2861 1290 2914 ergo
1325 2851 1436 2894 ante
1465 2855 1553 2894 sea:
1579 2837 1718 2901 dies,
1752 2836 1835 2889 in-

241 2957 393 3026 quit,
428 2951 659 3012 Paschw,
694 2946 821 3000 venit
860 2945 911 2996 in
951 2939 1270 3001 Bethaniam,
1308 2933 1390 2986 ubi
1418 2933 1582 3001 fuerat
1615 2928 1839 2981 Lazarus

244 3019 498 3108 mortuus,
521 3057 665 3112 quem
684 3034 938 3091 suscitavit
966 3031 1117 3084 Jesus
1147 3027 1252 3099 (Id.
1279 3041 1375 3086 xu,
1404 3025 1453 3088 i,
1475 3020 1556 3094 2).
1587 3019 1841 3073 Fecerunt

243 3149 420 3194 autem
446 3135 490 3189 ei
511 3148 702 3188 uenam
722 3129 809 3183 ibi.
841 3127 951 3180 Hoc
982 3121 1110 3178 illud
1133 3129 1210 3175 est
1241 3117 1381 3188 quod
1416 3118 1842 3170 commemorant

247 3228 668 3302 recapitulantes
691 3221 969 3276 Mattlnrus
987 3226 1037 3270 et
1062 3213 1288 3271 Mai'eus,
1317 3224 1434 3263 cum
1453 3208 1561 3276 jam
1584 3204 1844 3258 dixissent

247 3290 622 3394 post.biduum
653 3315 882 3368 futurum
924 3305 1147 3360 Pascha.
1180 3297 1599 3367 Recapitulando
1625 3307 1752 3361 ergo
1776 3290 1843 3343 ad

251 3393 408 3472 illum
435 3412 574 3466 diem
607 3406 830 3462 redeunt
855 3403 906 3456 in
936 3397 1246 3454 Bethaniam
1280 3436 1294 3459 ,
1323 3393 1412 3462 qui
1455 3399 1567 3444 erat
1595 3398 1719 3442 ante
1751 3401 1846 3440 sex

253 3507 379 3564 dies
406 3502 642 3562 Paselne,
662 3508 715 3554 et
739 3501 957 3550 narrant
980 3487 1120 3560 quod
1141 3486 1374 3541 Joannes
1403 3482 1469 3536 de
1491 3496 1642 3536 Cinna
1669 3486 1723 3533 et
1753 3493 1847 3530 un-

255 3606 460 3670 guento
489 3610 502 3645 :
533 3590 673 3645 unde
695 3597 950 3642 venturus
975 3589 1091 3636 erat
1115 3576 1522 3647 Jerosolymam,
1546 3581 1599 3626 et
1623 3567 1850 3640 peractis

258 3689 376 3745 illic
399 3702 516 3756 qua:
545 3690 755 3737 narrata
788 3685 912 3730 sunt
935 3715 950 3738 ,
981 3677 1334 3742 perventurus
1361 3666 1424 3718 ad
1457 3663 1596 3717 diem
1624 3661 1713 3730 qui
1736 3665 1853 3713 erat

260 3787 390 3834 ante
425 3773 641 3829 biduum
674 3768 889 3824 Paschae
912 3807 925 3828 ,
951 3762 1089 3818 unde
1119 3760 1203 3816 isti
1233 3756 1456 3828 digressi
1485 3764 1606 3810 sunt
1633 3795 1649 3818 ,
1683 3761 1739 3806 ut
1767 3766 1852 3805 re-

263 3865 604 3938 capitulando
643 3860 1126 3917 commemorarent
1156 3848 1296 3922 quod
1343 3856 1466 3902 ante
1507 3846 1559 3899 in
1598 3843 1855 3899 Bethania

265 3961 337 4017 de
364 3965 628 4029 unguento
648 3961 852 4025 gestum
873 3956 986 4014 cst;
1010 3946 1160 4016 cujus
1184 3944 1258 3997 rei
1288 3948 1500 4012 peracta
1529 3937 1852 4002 narratione,

269 4052 396 4109 illuc
420 4052 606 4105 iterum
635 4045 875 4108 redeunt,
901 4040 1041 4095 unde
1069 4036 1294 4106 digressi
1323 4035 1549 4096 fuerant,
1583 4031 1632 4085 id
1662 4039 1762 4094 est,
1796 4036 1857 4083 ut

269 4145 379 4218 jam
404 4156 581 4198 sermo
624 4135 833 4193 Domini
877 4139 1120 4188 narretur
1144 4170 1157 4191 ,
1189 4142 1346 4196 quem
1391 4124 1574 4178 habuit
1607 4131 1730 4177 ante
1776 4121 1857 4175 bi-

271 4215 437 4292 duum
459 4230 694 4288 Paschze.
714 4227 845 4282 Nam
864 4226 907 4280 si
939 4224 1184 4278 tollamus
1207 4220 1272 4273 de
1292 4217 1470 4272 medio
1491 4215 1630 4286 quod
1652 4223 1860 4285 gestum

274 4329 331 4384 in
363 4325 619 4381 Bethania
647 4318 1006 4392 digredientes
1043 4315 1108 4369 ab
1143 4311 1330 4366 ordine
1368 4307 1654 4364 recolendo
1693 4315 1745 4362 et
1774 4323 1861 4362 re-

275 4418 614 4492 eapitulando
631 4421 930 4475 narrarunt,
961 4418 1015 4463 et
1037 4408 1208 4476 ipsum
1231 4403 1473 4458 ordinem
1495 4410 1859 4466 contexainus,

279 4491 358 4570 ita
392 4525 570 4568 sermo
597 4507 839 4577 dirigitur
865 4500 1152 4558 secundum
1182 4497 1483 4552 Matllneum
1521 4495 1729 4547 dicente
1757 4491 1864 4544 Do-

279 4606 427 4662 tniuo
454 4622 465 4656 :
493 4601 645 4658 Scitis
665 4599 781 4670 quia
808 4605 916 4668 post
934 4593 1138 4648 biduum
1167 4587 1364 4642 Pascha
1383 4587 1486 4655 fiet,
1516 4595 1559 4637 et
1586 4583 1631 4636 F
1633 4583 1751 4636 ilius
1777 4581 1867 4634 ho-

280 4697 433 4751 minis
475 4694 718 4756 tradetur,
764 4697 819 4742 ut
851 4684 1207 4762 .crnci/igatur.
1250 4677 1393 4732 Tunc
1423 4673 1710 4745 congregati
1751 4679 1867 4724 sunt

284 4789 538 4862 principes
567 4783 883 4839 sacerdotum
915 4787 958 4830 et
989 4775 1205 4830 seniores
1231 4769 1405 4841 pepuli
1436 4768 1486 4820 in
1513 4766 1696 4819 atrium
1725 4763 1868 4830 prin-

284 4880 413 4950 cipis
448 4875 799 4937 sacerdotum,
828 4870 913 4942 qui
949 4866 1204 4921 dicebatur
1243 4862 1462 4932 Caiphas
1487 4902 1499 4920 ,
1533 4869 1577 4912 et
1608 4855 1870 4911 consilium

290 4975 535 5046 fecerunt,
569 4977 622 5022 ut
644 4967 822 5020 Jesum
849 4963 964 5016 dolo
991 4967 1207 5014 tenerent
1235 4965 1280 5010 et
1307 4954 1603 5009 occiderent.
1635 4950 1872 5005 Dicebant

287 5044 478 5129 autem,
514 5062 630 5116 Non
656 5061 706 5114 in
737 5060 816 5112 die
835 5061 963 5129 [esto
978 5073 996 5120 ;
1023 5070 1084 5107 ne
1109 5052 1236 5122 forte
1265 5048 1503 5103 tumultus
1532 5047 1670 5115 ﬁeret
1696 5044 1746 5096 in
1779 5059 1873 5112 po-

294 5158 434 5232 pulo.
476 5154 616 5209 Tunc
648 5151 768 5206 abiit
797 5164 927 5202 unus
965 5145 1027 5198 de
1055 5142 1353 5206 duodecim,
1383 5138 1467 5208 qui
1508 5135 1688 5189 dicitur
1709 5131 1874 5186 Judas

295 5227 571 5314 Scarioth,
622 5243 689 5298 ad
745 5241 993 5312 principes
1051 5233 1364 5289 sacerdotum
1421 5227 1649 5301 (Matth.
1707 5239 1871 5284 xxvi,

295 5341 504 5411 2-H),
550 5346 651 5391 etc.
685 5335 826 5390 Inter
867 5330 994 5385 illud
1037 5327 1177 5381 enim
1218 5322 1357 5394 quod
1396 5321 1592 5376 dictum
1641 5327 1716 5371 est
1742 5359 1755 5381 ,
1795 5314 1878 5369 Ne

300 5407 538 5486 tumultus
560 5431 694 5499 ﬁeret
717 5428 765 5480 in
791 5422 1067 5497 populo,et
1084 5416 1209 5472 illud
1231 5414 1368 5486 quod
1393 5413 1589 5467 dictum
1612 5421 1711 5476 est,
1739 5407 1879 5460 Tunc

301 5524 418 5579 abiit
449 5540 579 5575 unus
613 5521 674 5573 de
701 5517 1000 5580 duodecim,
1028 5512 1114 5582 qui
1149 5509 1331 5562 dicitur
1354 5503 1519 5558 Iudas
1543 5544 1558 5567 ,
1592 5498 1880 5568 interposi-

303 5631 413 5672 tum
431 5613 648 5670 estillnd
663 5612 728 5665 de
744 5608 1019 5672 Bethania,
1033 5601 1173 5674 quod
1189 5595 1584 5669 rccapitulando
1596 5593 1876 5648 dixerunt:

305 5723 411 5778 quo
447 5723 543 5762 nos
579 5703 938 5776 praetermisso
978 5695 1348 5753 contexuimus
1395 5689 1748 5744 narrationem
1770 5726 1784 5750 ,
1826 5689 1886 5737 ut

309 5801 696 5860 insinuaretnus
721 5813 823 5853 non
851 5805 1142 5865 repugnare
1169 5787 1411 5846 ordinem
1450 5791 1766 5854 temporum.
1797 5775 1887 5834 Se-

1521 331 1721 390 LIBER
1759 319 2137 386 SECUNDUS.

3329 308 3471 367 ιιδι

1899 441 2128 498 cundum
2159 437 2392 494 Marcum
2418 442 2626 500 autem,
2656 431 2844 488 eodem
2887 427 3157 486 Bethania:
3195 426 3438 482 convivio
3460 466 3476 492 ,

1900 534 2040 606 quod
2071 527 2467 601 recapitulando
2495 535 2547 582 et
2574 527 2688 598 ipse
2711 523 3046 594 interposuit,
3078 521 3322 576 similiter
3345 533 3482 590 prae-

1904 625 2188 689 termisso,
2221 623 2290 676 ita
2326 635 2384 675 se
2418 619 2550 674 ordo
2589 616 2905 672 narrationis
2937 623 3085 670 tenet
3119 631 3132 666 :
3165 611 3290 666 Erat
3317 621 3484 664 autem

1906 715 2109 770 Pascha
2133 723 2178 767 et
2205 729 2385 784 azyma
2414 719 2523 781 post
2547 709 2788 771 biduum;
2815 717 2860 762 et
2883 705 3170 777 quaerebant
3187 703 3371 760 summi
3399 719 3487 756 sa-

1907 809 2129 863 cerdotes
2155 815 2198 860 et
2227 805 2420 859 Scriba:
2447 801 2696 869 quomodo
2725 815 2838 852 eum
2863 797 2980 852 dolo
3009 806 3259 859 tenerent,
3287 804 3335 848 et
3359 793 3489 848 occi-

1910 902 2098 955 derent.
2133 897 2376 952 Dicebant
2419 896 2550 948 enim
2575 936 2586 953 .
2615 893 2736 946 Non
2774 893 2826 945 in
2863 890 2945 944 die
2970 890 3096 959 festo
3113 904 3134 953 ;
3162 904 3225 942 ne
3248 891 3377 958 forte
3409 897 3491 939 tu-

1909 986 2096 1039 multus
2118 985 2255 1052 ﬁeret
2282 980 2476 1052 populi.
2508 977 2575 1032 Et
2599 977 2630 1031 J
2639 977 2764 1030 udas
2796 975 3106 1037 Scariothes,
3131 989 3262 1026 unus
3289 987 3352 1025 ea:
3374 969 3494 1025 duo-

1913 1075 2091 1137 decim,
2137 1071 2256 1124 abiit
2298 1069 2364 1123 ad
2403 1084 2622 1123 summos
2664 1064 2964 1128 sacerdotes,
3004 1074 3061 1118 ut
3106 1062 3335 1132 proderet
3378 1077 3491 1114 eum

1917 1165 2106 1238 (Marc.
2141 1179 2250 1228 xiv,
2281 1159 2448 1232 1-10),
2476 1169 2579 1215 etc.
2609 1159 2780 1214 Etiam
2812 1157 2898 1212 hic
2927 1157 3066 1211 inter
3085 1154 3214 1209 illud
3243 1153 3383 1225 quod
3411 1153 3497 1208 di-

1916 1267 2058 1312 ctum
2089 1264 2189 1319 est,
2217 1253 2299 1308 Ne
2326 1255 2454 1324 forte
2479 1254 2724 1306 tumultus
2746 1251 2886 1317 ﬁeret
2906 1249 3101 1320 populi,
3124 1256 3179 1302 et
3204 1247 3328 1304 illud
3359 1246 3498 1316 quod

1919 1350 2254 1420 adjunximus
2277 1387 2291 1412 ,
2326 1345 2393 1399 Et
2419 1343 2588 1399 Iudas
2634 1342 2925 1398 Scariothes
2963 1357 3093 1394 unus
3132 1356 3194 1394 ex.
3217 1338 3499 1403 duodecim,

1919 1443 2148 1514 positum
2197 1449 2280 1495 est
2319 1439 2445 1494 illud
2493 1438 2561 1492 de
2603 1435 2881 1499 Bethania,
2922 1432 3064 1502 quod
3102 1428 3500 1500 recapitu'ando

1922 1535 2187 1589 dixerunt.
2221 1533 2390 1586 Lucas
2427 1545 2554 1584 sane
2584 1529 2752 1597 ipsam
2794 1541 2906 1582 rem
2934 1533 3139 1596 gestant
3171 1523 3222 1577 in
3250 1521 3502 1577 Bethania

1925 1623 2283 1697 praatermisit.
2316 1622 2440 1676 lizec
2467 1620 2696 1675 diximus
2736 1624 2956 1688 pronter
2981 1630 3074 1670 sex
3104 1613 3222 1669 dies
3257 1621 3383 1668 ante
3407 1613 3504 1666 Pa-

1924 1719 2072 1783 scha,
2093 1730 2228 1787 quos
2247 1713 2383 1768 dixit
2406 1713 2658 1776 Joannes,
2678 1725 2798 1766 cum
2823 1709 2874 1762 in
2894 1706 3145 1762 Bethania
3167 1719 3280 1760 rem
3303 1712 3506 1774 gestam

1927 1772 2198 1875 narraret;
2225 1817 2280 1863 et
2313 1805 2530 1860 biduum
2566 1772 2690 1858 ante
2715 1799 2918 1856 Pascha
2942 1839 2957 1863 ,
2985 1796 3127 1866 quod
3156 1772 3432 1850 Matth—aius
3455 1772 3512 1854 et

1931 1903 2134 1957 Marcus
2153 1900 2424 1964 dixerunt,
2447 1911 2568 1951 eum
2591 1903 2712 1965 post
2731 1893 2832 1948 hoc
2846 1907 2874 1946 a
2892 1906 2950 1947 se
2968 1890 3167 1946 dictum
3189 1887 3318 1944 illud
3339 1888 3509 1959 ipsum

1929 1995 1981 2049 in
2007 1994 2256 2048 Bethania
2275 1989 2414 2060 quod
2439 1989 2694 2050 Joannes,
2721 1988 3224 2040 commemorarent.

1931 2083 2156 2140 CAPUT
2192 2080 2428 2136 LXXIX.
2469 2107 2540 2118 ——
2576 2077 2656 2131 De
2682 2092 2822 2130 coena
2858 2076 2910 2128 in
2936 2071 3182 2127 Bethania
3206 2069 3291 2125 ubt
3323 2070 3508 2125 mulier

2004 2185 2257 2246 unguento
2287 2172 2502 2242 pretioso
2522 2169 2795 2224 Dominum
2817 2165 3070 2236 perfudit,
3105 2161 3356 2233 quomodo
3389 2161 3514 2216 inter

2006 2287 2060 2324 se
2095 2276 2373 2338 congruunt
2413 2263 2684 2318 Matthteus
2702 2304 2715 2327 ,
2748 2259 2955 2314 Morcus
2973 2268 3020 2312 et
3037 2256 3263 2312 Joannes
3286 2295 3301 2321 ,
3327 2262 3372 2308 et
3395 2270 3515 2324 quo-

2007 2361 2157 2413 modo
2180 2359 2331 2411 Luca:
2350 2373 2447 2410 non
2464 2357 2787 2408 adversentur
2815 2351 2915 2404 tale
2938 2348 3133 2420 aliquid
3169 2349 3270 2403 alio
3299 2357 3517 2416 tempore

2009 2449 2432 2506 commemoranti.

2014 2546 2134 2599 154.
2177 2541 2428 2610 Sequitur
2445 2553 2574 2607 ergo
2599 2534 2877 2591 Mattliauis
2904 2533 2972 2588 ab
2995 2547 3061 2587 eo
3092 2531 3230 2598 loco,
3255 2530 3340 2585 ubi
3364 2529 3520 2586 linem

1942 2639 2243 2692 feceramus
2274 2628 2680 2687 considerandae
2721 2624 3072 2689 narrationis,
3112 2631 3166 2678 et
3186 2621 3315 2676 dicit
3341 2639 3354 2675 :
3383 2619 3521 2674 Tune

1941 2729 2229 2801 congregati
2251 2737 2362 2780 sunt
2385 2724 2632 2793 principes
2666 2721 2978 2775 sacerdotum
3016 2727 3062 2770 et
3090 2718 3310 2770 seniores
3344 2713 3519 2785 populi

1943 2823 1998 2876 in
2023 2823 2205 2875 atrium
2225 2817 2466 2888 principis
2483 2814 2818 2873 sacerdotum,
2847 2811 2933 2879 qui
2953 2807 3208 2863 dicebatur
3228 2806 3465 2873 Caiphas.
3481 2813 3524 2861 et

1946 2918 2208 2972 consilium
2234 2917 2453 2985 fecerunt
2475 2920 2524 2962 ut
2541 2907 2717 2962 Jesum
2745 2904 2862 2959 dolo
2890 2913 3128 2968 tenerent,
3153 2910 3196 2955 et
3223 2899 3525 2954 occiderent.

1948 3011 2190 3065 Dicebant
2229 3017 2428 3062 autent.
2479 3001 2598 3055 Non
2623 3002 2673 3053 in
2701 3000 2782 3053 die
2818 3002 2981 3070 festo;
3033 3013 3093 3050 ne
3131 2999 3259 3068 forte
3289 2995 3528 3048 tumultus

1949 3105 2087 3174 ﬁeret
2110 3103 2161 3154 in
2184 3100 2388 3170 populo.
2415 3094 2540 3149 Cum
2565 3102 2729 3146 autem
2753 3100 2876 3144 esset
2905 3089 3056 3143 Jesus
3084 3089 3139 3142 in
3175 3086 3417 3142 Bethania
3437 3126 3452 3152 ,
3481 3086 3530 3142 in

1949 3198 2098 3249 domo
2142 3192 2364 3249 Simonis
2387 3188 2602 3259 leprosi,
2635 3184 2841 3239 accessit
2869 3182 2937 3235 ad
2974 3197 3088 3234 eum
3123 3180 3306 3234 mulier
3347 3178 3533 3232 habens

1950 3289 2256 3341 alabastrum
2274 3283 2515 3352 unguenti
2534 3280 2758 3350 pretiosi,
2777 3286 2823 3331 et
2843 3274 3019 3340 eﬂ‘udit
3034 3290 3186 3342 super
3205 3281 3358 3342 caput
3377 3270 3535 3340 ipsius

1951 3376 2316 3436 recumbentis,
2365 3386 2492 3434 elc.,
2543 3384 2708 3437 usque
2747 3367 2810 3418 ad
2843 3363 2968 3419 illud
2998 3364 3084 3418 ubi
3122 3363 3227 3424 ait,
3262 3362 3470 3417 Dicetur
3489 3369 3536 3416 et

1954 3469 2088 3539 quod
2113 3466 2218 3520 hcec
2242 3465 2356 3536 fecit
2394 3463 2445 3516 in
2483 3460 2773 3513 memoriam
2795 3457 2903 3526 ejus
2925 3453 3134 3524 (Matth.
3162 3468 3290 3507 xxvi
3312 3493 3324 3516 ,
3358 3452 3536 3516 5-15).

1954 3560 2105 3616 Nunc
2136 3559 2244 3627 jam
2285 3555 2351 3610 de
2393 3551 2616 3607 muliere
2651 3558 2808 3619 atque
2833 3555 3099 3614 unguento
3129 3543 3363 3614 pretioso
3395 3541 3536 3612 quod

1958 3655 2010 3709 iu
2045 3651 2295 3706 Bethania
2328 3657 2534 3718 gestum
2576 3651 2692 3708 est,
2722 3639 3146 3695 consideremus.
3193 3635 3362 3691 Lucas
3397 3635 3540 3692 enim

1959 3744 2200 3816 quamvis
2225 3740 2399 3795 simile
2429 3736 2627 3790 factum
2647 3739 3065 3797 commemoret,
3090 3743 3388 3797 nomenque
3411 3741 3540 3782 con-

1960 3836 2139 3891 veniat
2165 3833 2299 3903 ejus,
2333 3829 2472 3900 apud
2510 3843 2668 3897 quem
2707 3823 3085 3880 convivabatur
3114 3819 3398 3885 Dominus;
3422 3834 3542 3876 nam

1963 3938 2016 3984 et
2043 3929 2213 3997 ipsum
2245 3923 2515 3979 Simonem
2542 3920 2670 3974 dicit
2705 3936 2719 3970 :
2751 3925 2925 3972 tamen
2955 3915 3076 3986 quia
3107 3929 3211 3968 non
3252 3921 3333 3968 est
3355 3919 3543 3968 contra

1965 4031 2206 4076 naturam
2247 4016 2327 4072 vel
2374 4023 2558 4072 contra
2601 4025 2802 4067 morem
2833 4008 3144 4074 hominum,
3195 4014 3254 4060 ut
3287 4004 3330 4060 si
3373 4009 3546 4075 potest

1967 4126 2104 4166 unus
2134 4110 2293 4164 homo
2316 4107 2514 4162 habere
2540 4104 2751 4159 nomina
2781 4099 2886 4156 duo
2911 4140 2925 4163 ,
2952 4099 3120 4153 multo
3149 4097 3315 4166 magis
3343 4095 3548 4166 possint

1967 4215 2022 4262 et
2051 4220 2213 4259 unum
2243 4217 2434 4256 nomen
2453 4199 2650 4255 habere
2681 4193 2924 4249 homines
2950 4192 3084 4256 duo;
3107 4190 3280 4259 potius
3296 4187 3550 4246 credibile

1968 4306 2051 4354 est
2079 4297 2240 4352 alium
2263 4294 2426 4348 fuisse
2453 4291 2600 4344 illum
2627 4287 2896 4342 Simonem
2930 4298 3034 4336 non
3062 4282 3350 4350 leprosum,
3383 4278 3434 4332 in
3457 4292 3548 4332 eu.

1966 4391 2055 4460 jus
2079 4389 2238 4443 domo
2264 4384 2441 4438 hocin
2473 4379 2728 4436 Bethania
2757 4374 3058 4446 gerebatur.
3090 4371 3222 4426 Nam
3251 4386 3349 4426 nec
3375 4369 3548 4425 Lucas

1973 4482 2023 4535 in
2057 4475 2314 4534 Bethania
2341 4488 2451 4528 rem
2478 4479 2680 4542 gestam
2706 4466 2854 4532 dicit,
2873 4481 3029 4536 quam
3051 4473 3230 4518 narrat
3258 4479 3270 4515 ε
3302 4468 3359 4516 et
3379 4476 3550 4530 quaut-

1974 4571 2055 4623 vis
2079 4583 2184 4622 non
2211 4569 2594 4621 commemoret
2613 4559 2878 4613 civitatem
2908 4563 2999 4610 aut
3027 4553 3327 4613 castellum.
3359 4552 3448 4608 ubi
3471 4551 3553 4607 fa-

1976 4669 2119 4715 ctum
2152 4659 2248 4722 sit;
2303 4665 2480 4710 tamen
2524 4668 2630 4706 non
2660 4649 2870 4704 videtur
2891 4648 2941 4702 in
2973 4645 3163 4701 eodem
3205 4644 3320 4700 loco
3347 4642 3552 4700 versari

1977 4753 2092 4821 ejus
2117 4747 2372 4806 narratio.
2401 4744 2543 4800 Nihil
2574 4744 2750 4812 itaque
2788 4737 2927 4794 aliud
2973 4735 3366 4808 intelligendum
3411 4734 3556 4788 arbi-

1981 4852 2123 4909 tror,
2167 4839 2266 4896 nisi
2309 4853 2414 4892 non
2445 4833 2660 4906 quidem
2699 4831 2858 4888 aliam
2889 4828 3051 4885 fuisse
3089 4828 3398 4890 mulierem,
3441 4839 3558 4895 qua:

1981 4936 2246 5010 peccatrix
2277 4942 2401 4988 tunc
2426 4928 2652 4985 arcessit
2676 4925 2741 4980 ad
2772 4923 2934 4995 pedes
2949 4922 3096 4986 Jesu,
3127 4928 3182 4975 et
3200 4917 3432 4973 osculata
3454 4925 3556 4982 est,

1980 5041 2034 5085 ct
2058 5030 2182 5084 lavit
2209 5024 2476 5098 lacrymis,
2507 5031 2560 5076 et
2581 5018 2731 5075 tersit
2747 5015 2970 5088 capillis,
2998 5022 3052 5068 et
3079 5013 3231 5066 unxit
3255 5018 3555 5082 unguento;

1983 5124 2067 5177 eui
2091 5120 2344 5174 Dominus
2364 5113 2599 5170 adhibita
2622 5106 2966 5165 similitudine
2991 5102 3057 5158 de
3083 5101 3290 5156 duobus
3309 5099 3546 5156 debitori-

1985 5215 2105 5276 bus,
2137 5213 2211 5266 ait
2238 5209 2456 5264 dimissa
2486 5218 2606 5261 esse
2636 5206 2852 5271 peccata
2880 5194 3078 5261 multa,
3108 5191 3355 5264 quoniam
3377 5187 3561 5245 dilexit

1984 5308 2208 5361 multum
2235 5322 2247 5357 :
2277 5301 2372 5357 sed
2403 5296 2644 5351 eamdem
2675 5290 2893 5347 Mariam
2919 5287 3002 5342 bis
3027 5285 3129 5341 hoc
3158 5283 3366 5347 iecisse,
3396 5280 3564 5337 semel

1987 5400 2188 5455 scilicet
2227 5392 2366 5464 quod
2412 5391 2581 5444 Lucas
2615 5382 2874 5446 narravit,
2927 5392 3047 5435 cum
3090 5377 3264 5447 primo
3305 5371 3566 5429 accedens

1987 5509 2106 5548 cuni
2153 5489 2238 5542 illa
2280 5483 2573 5540 humilitate
2611 5487 2665 5534 et
2702 5473 2948 5548 lacrymis
3000 5470 3194 5527 meruit
3231 5476 3566 5538 peccatorum

1989 5580 2358 5638 remissionem
2390 5572 2539 5643 (Luc.
2572 5586 2677 5632 vn,
2704 5566 2919 5633 διδ-βο).
2951 5562 3082 5618 Nam
3111 5561 3212 5615 hoc
3236 5569 3288 5614 et
3311 5556 3564 5620 JOannes,

1991 5673 2232 5746 quamvis
2260 5687 2362 5724 non
2393 5667 2530 5721 sicut
2548 5663 2714 5718 Lucas
2730 5654 3174 5730 quemadmodum
3204 5651 3397 5706 factum
3423 5657 3568 5704 esset

1998 5767 2331 5833 narraverit,
2367 5772 2541 5820 tamen
2575 5758 2745 5829 ipsam
2771 5752 2988 5810 Mariam
3015 5743 3394 5806 commendans
3419 5755 3568 5798 coms
