3888 6342
345 314 483 378 1185

344 429 679 495 memoravit,
701 442 825 484 eum
840 426 950 497 jam
969 425 1038 481 de
1053 424 1252 481 Lazaro
1279 423 1647 481 resuscitando
1669 422 1923 492 coepisset

343 521 511 591 loqui,
543 530 827 589 antequam
868 517 1074 572 veniret
1108 517 1157 571 in
1190 515 1522 571 Bethaniam.
1552 513 1704 580 Quod
1738 514 1807 568 ita
1846 511 1922 569 ibi

343 622 525 669 narrat
550 630 564 666 :
593 612 714 667 Erat
739 620 909 666 autem
926 608 1132 679 quidam
1148 648 1165 673 ,
1188 609 1394 678 inquit,
1425 609 1669 677 languens
1694 604 1924 659 Lazarus

343 724 375 760 a
396 706 643 760 Bethania
670 705 733 760 dc
763 701 972 758 castello
1000 700 1181 757 Maria:
1219 711 1265 755 et
1317 698 1535 754 Hart/ta:
1568 697 1757 753 sororis
1789 696 1918 767 ejus.

345 796 514 850 Neria
533 805 702 851 autem
722 803 827 849 erat
848 808 961 863 quat
978 792 1121 846 unxit
1153 790 1424 845 Dominum
1455 798 1724 859 unguenta,
1758 796 1805 840 et
1832 802 1921 840 ea;-

345 890 483 942 terait
503 888 655 959 pedes
666 889 777 958 ejus
804 885 1003 956 capillis
1026 883 1153 946 suis,
1181 883 1329 952 cujus
1357 886 1511 952 frater
1532 880 1762 934 Lazarus
1778 879 1925 948 inﬁr-

346 978 575 1033 mabatur
597 977 779 1048 (Im.
801 992 854 1031 ιι
876 1017 892 1043 ,
925 977 978 1039 1,
1001 975 1081 1044 2!).
1109 974 1218 1028 Hoc
1244 974 1427 1027 dicens
1446 971 1678 1029 Joannes
1701 979 1925 1026 attesta-

345 1079 434 1126 tur
460 1071 637 1135 Luem,
658 1071 750 1139 qui
774 1069 875 1125 hoc
906 1069 961 1122 in
987 1066 1151 1122 domo
1170 1066 1415 1136 pltariswi
1441 1063 1719 1134 cujusdam
1745 1063 1925 1118 Simo-

344 1163 429 1216 nis
482 1161 677 1215 factum
727 1175 849 1216 esse
895 1159 1149 1214 narravit.
1201 1158 1319 1213 Jam
1375 1156 1552 1225 itaque
1605 1155 1709 1211 hoc
1763 1152 1924 1209 Maria

341 1250 562 1307 fecerat.
597 1251 747 1319 Quod
768 1260 947 1306 autem
988 1250 1044 1304 in
1084 1247 1336 1303 Bethania
1375 1261 1556 1301 rursus
1586 1244 1743 1309 fecit,
1782 1241 1924 1301 aliud

342 1352 446 1408 est,
474 1343 614 1413 quod
637 1342 704 1397 ad
733 1341 891 1396 Luca:
912 1342 1266 1395 narrationem
1289 1352 1393 1393 non
1422 1337 1668 1407 pertinet,
1695 1333 1787 1390 sed
1816 1349 1927 1404 pa—

347 1437 477 1489 riter
512 1445 758 1489 narratur
796 1451 828 1489 a
877 1433 1073 1495 tribus,
1101 1431 1304 1487 Joanne
1342 1430 1542 1484 scilicet
1574 1426 1696 1500 (Id.
1727 1441 1829 1491 xu,
1869 1426 1928 1479 1-

346 1527 427 1596 8),
460 1526 706 1581 Matthteo
734 1533 790 1580 et
814 1525 990 1579 Marco
1020 1523 1213 1593 (Marc.
1242 1537 1354 1582 xiv,
1388 1518 1529 1590 3-9).

417 1619 541 1673 155.
580 1617 726 1673 inter
752 1619 883 1671 istos
917 1617 1074 1686 igitur
1105 1624 1229 1678 tres,
1261 1612 1584 1677 Manlianum,
1617 1609 1849 1665 Marcum
1875 1617 1933 1665 et

345 1708 604 1763 Joannem
628 1748 642 1771 .
675 1706 1121 1777 quemadmodum
1148 1704 1252 1758 hoc
1270 1704 1550 1759 conveniat
1570 1701 1927 1766 attendamus.

346 1800 413 1855 de
441 1800 630 1870 quibus
651 1813 756 1854 non
780 1808 864 1854 est
891 1796 1109 1852 dubiant
1128 1795 1270 1866 quod
1290 1795 1532 1849 eamdem
1563 1811 1675 1849 rem
1709 1805 1933 1851 narrent

346 1899 552 1963 gestam
573 1892 625 1946 in
658 1890 937 1955 Bethania,
968 1889 1054 1944 ubi
1079 1888 1241 1943 etiam
1270 1887 1551 1955 discipuli,
1575 1884 1715 1956 quod
1741 1901 1929 1941 omnes

348 1992 457 2039 tres
485 1991 937 2045 commemorant,
967 1987 1434 2036 murmuraverunt
1452 1978 1709 2032 adversus
1741 1976 1931 2032 muliev

346 2088 460 2129 rem
502 2083 751 2142 tanquam
792 2072 859 2128 de
896 2071 1192 2142 perditione
1231 2070 1605 2139 pretiosissimi
1650 2068 1925 2137 uttgttenti.

350 2162 500 2230 Quod
521 2178 647 2234 ergo
668 2163 944 2218 Matthaaus
959 2170 1014 2217 et
1027 2161 1235 2218 Marcus
1254 2169 1413 2230 caput
1434 2159 1641 2214 Domini
1663 2167 1929 2228 unguento

354 2255 447 2312 illo
476 2257 744 2325 perfusum
772 2255 988 2321 dicunt,
1038 2253 1273 2309 Joannes
1298 2264 1476 2308 autem
1509 2250 1706 2320 pedes,
1747 2249 1927 2320 regula

348 2347 438 2402 illa
466 2348 764 2403 ostenditur
801 2363 905 2401 non
952 2362 1071 2401 esse
1109 2345 1473 2411 contrarium,
1516 2359 1672 2412 quam
1703 2342 1928 2397 demon-

355 2440 639 2494 stravimus
659 2481 673 2503 ,
711 2455 830 2494 cum
857 2438 925 2493 de
949 2439 1183 2508 quinque
1211 2438 1435 2507 panibus
1458 2443 1698 2505 pasceret
1726 2435 1923 2490 turbas.

349 2528 433 2587 lbi
475 2531 617 2586 enim
659 2531 781 2601 quia
832 2544 935 2585 non
982 2527 1151 2585 defuit
1195 2528 1281 2599 qui
1326 2538 1379 2583 et
1412 2527 1846 2597 quinquagenos,
1877 2536 1930 2579 et

348 2630 600 2678 centenos
624 2621 960 2677 discubuisse
987 2627 1453 2683 commemoraret,
1476 2633 1598 2672 cum
1620 2616 1755 2671 alius
1772 2617 1928 2686 quiu-

345 2726 616 2783 quageuos
639 2711 865 2779 dixerit,
911 2727 1016 2767 non
1047 2711 1214 2780 potuit
1247 2709 1414 2763 videri
1443 2708 1766 2764 contrarium
1794 2727 1808 2763 :
1838 2722 1931 2777 po-

347 2805 533 2860 tuisset
554 2813 731 2861 autem
761 2804 810 2860 si
836 2805 973 2860 alius
995 2813 1253 2859 centenos
1279 2810 1481 2871 tantum
1513 2801 1797 2870 posuisset,
1827 2800 1932 2855 sic-

347 2903 408 2949 ut
451 2895 590 2951 alius
642 2896 1082 2967 quinquagenos,
1146 2901 1200 2948 et
1239 2901 1414 2947 tamen
1468 2891 1652 2946 debuit
1704 2890 1929 2946 inveniri

348 2995 632 3055 utrumque
682 2987 876 3043 factum
921 3000 1061 3042 esse.
1102 2984 1220 3051 Quo
1254 2983 1501 3050 exemplo
1529 2981 1800 3035 informari
1833 2994 1930 3034 nos

346 3078 601 3146 Oportuit,
636 3078 773 3131 sicut
793 3077 906 3131 illic
923 3076 1196 3140 admonui,
1226 3075 1385 3128 etiam
1414 3072 1500 3126 ubi
1530 3072 1721 3141 singuli
1753 3070 1928 3124 Evan-

355 3167 562 3236 gelistae
596 3167 801 3236 singula
827 3172 1281 3229 commemorant,
1322 3171 1603 3232 utrumque
1627 3160 1820 3216 factum
1847 3160 1929 3214 in-

355 3258 595 3329 lelligere
614 3258 846 3328 (Supra,
876 3273 989 3328 cap.
1018 3256 1088 3311 46
1106 3296 1120 3319 ,
1151 3272 1204 3311 η.
1231 3252 1341 3327 98).
1370 3252 1600 3308 Proinde
1633 3262 1685 3307 et
1711 3251 1796 3307 hic
1822 3268 1929 3306 non

343 3349 520 3405 solum
542 3358 733 3420 caput,
765 3348 861 3404 sed
884 3356 942 3403 et
968 3347 1130 3417 pedes
1158 3344 1367 3401 Domini
1391 3343 1714 3413 accipiamus
1744 3342 1926 3414 perfu-

348 3442 490 3498 disse
508 3443 806 3498 mulierem.
838 3440 947 3496 Nisi
976 3439 1109 3494 forte
1130 3440 1380 3510 quoniam
1405 3437 1611 3493 Marcus
1630 3437 1799 3492 fracto
1819 3437 1926 3491 ala-

343 3531 525 3589 bastro
560 3533 831 3603 perfusum
862 3541 1021 3601 caput
1044 3538 1456 3597 commemorat,
1502 3536 1607 3585 tam
1648 3529 1927 3605 quisquam

342 3624 607 3680 absurdus
630 3634 681 3680 et
702 3625 1057 3681 ealumniosus
1077 3632 1179 3690 est,
1214 3631 1273 3679 ut
1293 3622 1492 3694 aliquid
1522 3622 1579 3678 in
1605 3636 1730 3681 vase
1758 3620 1929 3679 fracto

343 3726 504 3788 neget
524 3733 802 3775 remanere
821 3716 1073 3789 potuisse,
1097 3715 1236 3771 unde
1265 3716 1429 3783 etiam
1452 3713 1616 3785 pedes
1638 3713 1927 3786 perfunde-

345 3816 447 3864 ret.
498 3808 604 3864 Sed
647 3825 766 3863 cum
814 3808 914 3865 iste
951 3806 1287 3863 contenderit
1311 3808 1389 3863 sic
1425 3820 1547 3862 esse
1571 3804 1829 3873 fractum,
1870 3815 1927 3864 ut

342 3897 471 3953 nihil
521 3898 591 3952 ibi
644 3897 842 3952 residui
885 3897 1073 3964 ﬁeret,
1121 3898 1298 3951 nitens
1340 3896 1598 3953 adversus
1645 3897 1924 3953 veritatem

344 3988 618 4060 Evangelii
638 4006 652 4055 ;
681 3997 878 4059 quanto
893 3989 1082 4045 melius
1098 3998 1153 4042 et
1178 3988 1477 4057 religiosius
1502 3987 1771 4044 contendit
1791 3987 1926 4043 alius

352 4096 460 4137 non
489 4095 609 4137 esse
628 4080 697 4135 ita
725 4078 969 4145 fraetum,
999 4089 1055 4136 ut
1080 4087 1243 4133 totum
1267 4077 1594 4144 elfundcret,
1627 4080 1802 4135 nitens
1828 4094 1925 4150 pro

348 4172 575 4229 veritate
616 4171 936 4241 Evangelii?
988 4169 1081 4226 llle
1106 4179 1283 4226 autem
1329 4169 1683 4225 calumniator
1728 4171 1772 4226 si
1816 4179 1924 4227 tam

346 4265 687 4335 pertinaciter
704 4278 879 4319 creetis
903 4272 1005 4331 est,
1032 4272 1091 4318 ut
1107 4262 1567 4333 Evangelistarum
1586 4261 1923 4319 concordiam

340 4358 411 4414 de
435 4357 701 4413 alabastro
728 4358 894 4413 tracto
929 4357 1172 4429 frangere
1198 4364 1419 4412 conetur
1441 4396 1460 4422 ,
1513 4355 1660 4426 prius
1702 4356 1926 4426 accipiat

340 4451 586 4524 perfusos
613 4451 781 4522 pedes
801 4461 1091 4521 antequam
1134 4450 1264 4507 illud
1307 4450 1533 4509 fractum
1573 4457 1719 4509 eSSet
1740 4489 1756 4516 ,
1788 4457 1844 4505 ut
1868 4447 1922 4505 in

338 4542 546 4613 integro
574 4549 877 4603 remaneret
894 4581 910 4607 ,
943 4541 1084 4599 unde
1109 4542 1272 4598 etiam
1303 4548 1465 4613 caput
1492 4538 1919 4612 perfunderetur,

340 4632 433 4689 ubi
462 4632 692 4689 fractura
735 4634 822 4687 illa
855 4642 1023 4689 totum
1061 4631 1376 4691 ell‘underet.
1425 4632 1473 4688 A
1515 4630 1690 4702 capite
1727 4630 1922 4702 quippe

337 4721 495 4781 nobis
518 4721 758 4781 Ordinati:
771 4725 979 4781 consuli
993 4726 1351 4794 agnoscimus,
1379 4722 1476 4783 sed
1500 4722 1741 4785 ordinate
1762 4724 1921 4783 etiam

337 4830 439 4871 nos
462 4813 738 4885 apedibus
759 4813 827 4870 ad
855 4825 1011 4884 caput
1036 4814 1392 4875 ascendimus.

414 4907 541 4965 156.
575 4904 781 4967 Cretera
812 4905 935 4963 lacti
968 4906 1125 4978 hujus
1153 4907 1352 4963 nullam
1394 4906 1528 4971 mihi
1554 4907 1801 4967 videntur
1827 4906 1922 4965 ba-

336 4999 471 5056 bere
503 4999 875 5069 quarumnam.
921 4998 1079 5068 Quod
1111 4998 1258 5059 enim
1294 5000 1385 5056 alii
1410 5000 1599 5063 dicunt
1635 5000 1920 5072 discipulos

338 5106 704 5155 murmurasse
728 5092 797 5150 de
820 5091 1083 5163 unguenti
1115 5092 1377 5153 elfusione
1407 5092 1659 5163 pretiosi,
1686 5092 1919 5155 Joannes

338 5200 521 5249 autem
548 5188 740 5249 ludam
767 5199 1191 5258 commemorat,
1229 5198 1283 5246 et
1329 5188 1451 5249 ideo
1486 5188 1614 5260 quia
1644 5186 1734 5245 fur
1767 5196 1915 5256 erat;

333 5283 681 5340 tnanitestum
704 5292 835 5354 poto
858 5297 978 5343 esse
1014 5282 1399 5354 discitulorum
1428 5281 1643 5341 nomine
1670 5279 1916 5339 eumdem

334 5373 529 5432 Judatn
557 5373 948 5445 signiﬁcatum,
988 5375 1257 5435 locutione
1284 5373 1374 5431 illa
1397 5388 1555 5443 quam
1586 5372 1655 5431 de
1675 5370 1917 5446 Philippo

333 5467 390 5524 in
417 5468 654 5539 quinque
674 5466 898 5537 panibus
927 5467 1335 5529 iusinuavimus,
1364 5466 1550 5536 plurali
1572 5482 1795 5527 numero
1820 5481 1917 5537 pro

332 5560 588 5632 singulari
614 5569 867 5631 usurpato
879 5558 1065 5633 (Ibid,
1092 5579 1144 5617 n.
1168 5562 1283 5632 96).
1304 5560 1488 5623 Potest
1512 5563 1673 5617 etiam
1696 5560 1916 5632 intelligi

333 5652 477 5722 quod
504 5662 559 5709 et
585 5653 676 5709 alii
701 5653 949 5723 discipuli
969 5661 1061 5709 aut
1085 5654 1353 5710 senserint
1370 5653 1475 5711 hoc
1492 5695 1507 5722 ,
1537 5664 1631 5711 aut
1652 5653 1909 5720 dixerint,

334 5751 428 5799 aut
453 5742 532 5799 eis
570 5742 707 5801 Juda
733 5744 944 5802 dicente
981 5759 1300 5815 persuasum
1340 5745 1443 5815 sit,
1481 5755 1641 5816 atque
1677 5746 1913 5804 omnium

1145 311 1229 367 DE
1268 308 1612 366 consensu
1655 296 2306 375 ΕνΑκῦειΒτΑῆυι,
2343 308 2399 362 s.
2438 300 2797 363 AUGUSTlNl

3467 298 3605 360 lli"

2030 420 2354 477 voluntatem
2383 420 2658 475 Mattheus
2677 428 2730 475 et
2763 418 2970 473 Marcus
2997 417 3159 473 etiam
3183 415 3363 473 verbis
3385 430 3597 483 expres-

2030 514 2228 579 serint;
2258 512 2352 568 sed
2389 511 2553 567 Judas
2597 519 2874 582 propterea
2914 507 3141 573 dixerit,
3183 508 3307 577 quia
3353 505 3438 560 fur
3462 516 3603 577 erat,

2030 604 2207 659 caeteri
2237 619 2362 658 vero
2390 612 2608 674 promer
2638 616 2929 672 pauperum
2962 615 3177 665 curam;
3219 599 3481 654 Joannem
3511 614 3597 655 au-

2033 706 2137 751 tem
2168 695 2232 751 de
2257 696 2376 750 solo
2410 695 2502 749 illo
2528 694 2577 750 id
2609 708 3027 748 commemorare
3050 692 3320 758 voluisse,
3356 690 3511 762 eujus
3543 706 3601 748 ex

2031 785 2131 841 hac
2167 786 2447 842 occasione
2487 784 2692 841 furandi
2728 784 3164 841 consuetudinem
3210 780 3444 840 credidit
3486 783 3603 841 inti-

2032 876 2299 931 mandem.

2030 967 2257 1024 CAPUT
2320 966 2534 1024 LXXX.
2570 998 2638 1011 -—
2667 966 2764 1024 Ubi
2783 967 2929 1021 mittit
2951 966 3227 1038 discipulos
3254 976 3309 1020 ut
3330 978 3607 1039 prwparcnt

2103 1060 2145 1114 ei
2184 1060 2491 1113 manducare
2529 1057 2764 1123 Pascha,
2814 1058 3062 1130 quomodo
3104 1060 3307 1115 interse
3337 1068 3611 1129 congruant

2105 1150 2398 1218 Matt/treus,
2428 1148 2635 1207 Marcus
2654 1159 2700 1203 et
2722 1149 2904 1205 Lucus.

2105 1244 2227 1299 157.
2267 1244 2518 1314 Sequitur
2559 1242 2837 1298 Mattheus
2866 1260 2879 1296 :
2911 1240 3053 1301 Tunc
3079 1242 3201 1297 abiit
3231 1260 3363 1296 unus
3398 1243 3461 1298 de
3483 1242 3611 1297 duo-

2033 1334 2194 1387 decim
2211 1334 2295 1402 qui
2314 1333 2499 1389 dicitur
2518 1333 2684 1391 ludas
2707 1334 2974 1398 Scarioth,
2998 1333 3065 1389 ad
3094 1334 3350 1404 principes
3372 1333 3612 1388 sacerdo-

2035 1436 2162 1491 tum,
2190 1437 2235 1480 et
2257 1428 2327 1480 ait
2347 1428 2448 1482 illis
2475 1443 2493 1481 :
2521 1426 2655 1493 Quid
2681 1426 2826 1481 vultis
2850 1428 2971 1481 mihi
3000 1428 3142 1487 dare,
3165 1437 3319 1496 ctego
3341 1427 3478 1481 vobis
3498 1444 3617 1482 cunt

2035 1519 2230 1573 tradam
2255 1518 2280 1573 ?
2312 1518 2374 1572 At
2392 1519 2470 1574 illi
2486 1521 2849 1575 constituerunt
2876 1518 2921 1571 ci
2945 1519 3151 1589 triginta
3178 1529 3465 1590 argenteos,
3487 1529 3614 1587 etc.,

2036 1626 2204 1680 usque
2234 1610 2301 1665 ad
2325 1610 2476 1674 illud,
2505 1611 2591 1665 ubi
2615 1610 2709 1675 ait,
2739 1608 2808 1663 Et
2830 1612 3059 1680 fecerunt
3081 1609 3317 1679 discipuli
3337 1612 3467 1664 sicut
3495 1626 3613 1663 con-

2034 1702 2192 1756 stituit
2211 1703 2314 1757 illis
2342 1701 2527 1767 Iesus,
2569 1711 2615 1756 et
2635 1710 2935 1773 parauerunt
2975 1699 3178 1757 Pascha
3214 1701 3429 1773 (Matth.
3463 1717 3611 1769 XXVI,

2036 1794 2242 1863 ιιι-19).
2269 1793 2413 1849 Nihil
2435 1795 2488 1850 in
2510 1794 2612 1849 hoc
2637 1794 2867 1864 capitulo
2894 1794 3220 1850 contrarium
3249 1795 3420 1864 putari
3446 1802 3615 1863 potest

2034 1885 2210 1941 Murco
2233 1896 2287 1941 et
2310 1886 2487 1952 Luem,
2509 1887 2599 1958 qui
2622 1886 2723 1942 hoc
2749 1886 2888 1942 idem
2914 1887 3159 1945 similiter
3184 1898 3401 1941 narrant
3420 1887 3609 1958 (Marc.

2035 1994 2145 2041 XIV,
2176 1979 2359 2048 10-16,
2388 1989 2435 2034 et
2455 1978 2579 2033 Luc.
2606 1996 2716 2035 un
2739 2023 2754 2048 ,
2775 1980 2954 2050 5-15).
2988 1978 3139 2047 Quod
3169 1980 3313 2036 enim
3337 1979 3465 2034 dicit
3488 1979 3618 2034 Mat-

2037 2070 2207 2126 thmus
2239 2070 2322 2126 Ite
2359 2072 2413 2126 in
2448 2073 2697 2127 civitatem
2715 2073 2782 2126 ad
2801 2073 3068 2140 quemdam
3088 2113 3104 2137 ,
3126 2082 3172 2128 et
3201 2072 3351 2126 dicite
3380 2073 3424 2127 ei
3451 2088 3471 2127 :
3502 2072 3618 2127 Ma-

2036 2163 2189 2231 gister
2218 2163 2377 2231 dicit,
2425 2162 2642 2233 Tempus
2684 2181 2849 2220 meum
2891 2182 3047 2237 prapc
3079 2175 3183 2232 est,
3212 2150 3365 2234 apud
3401 2175 3450 2220 te
3487 2166 3618 2237 facio

2038 2251 2240 2307 Pascha
2280 2271 2394 2308 cum
2448 2255 2711 2324 discipulis
2754 2256 2910 2324 nteit,
2980 2271 3101 2311 eum
3153 2256 3415 2328 signiﬁcat
3462 2272 3619 2327 quem

2036 2344 2244 2399 Marcus
2269 2354 2323 2398 et
2362 2345 2533 2400 Lucas
2558 2345 2740 2401 dicunt
2770 2345 3204 2416 patremfamilias
3229 2347 3311 2402 vel
3341 2347 3622 2407 dominum

2036 2432 2245 2498 domus,
2273 2435 2324 2488 in
2353 2451 2453 2506 qua
2478 2435 2555 2490 eis
2579 2436 2912 2495 cmnaculum
2942 2436 3365 2495 demonstratum
3387 2450 3470 2491 est
3487 2478 3501 2500 ,
3528 2436 3622 2492 ubi

2036 2534 2285 2593 pararent
2313 2525 2515 2581 Pascha
2549 2542 2563 2579 :
2607 2526 2749 2597 quod
2775 2542 2901 2597 ergo
2942 2527 3258 2598 interposuit
3298 2528 3621 2597 Mantuanus,

2036 2617 2103 2671 ad
2128 2619 2411 2689 quemdam,
2443 2626 2692 2688 tanquam
2717 2634 2781 2675 ex
2814 2634 3037 2691 persona
3064 2635 3157 2675 sua
3184 2621 3357 2676 studio
3382 2621 3623 2677 brevita-

2036 2711 2105 2765 tis
2131 2711 2276 2765 illum
2304 2712 2619 2782 compendio
2639 2712 2805 2768 voluit
2833 2713 3119 2769 insinuare.
3151 2713 3209 2769 Si
3241 2713 3384 2768 enim
3415 2712 3626 2768 diceret

2036 2800 2232 2856 dixisse
2259 2802 2538 2858 Dominum
2556 2844 2571 2866 .
2616 2802 2692 2858 lte
2718 2804 2771 2859 in
2794 2804 3095 2871 civitatem,
3122 2804 3355 2861 etdicite
3390 2805 3471 2869 ei,
3501 2804 3625 2859 Ma-

2036 2892 2199 2960 gister
2236 2891 2401 2959 dicit,
2439 2892 2673 2963 Tempus
2698 2909 2872 2949 meum
2896 2910 3062 2966 prope
3082 2904 3193 2961 est,
3224 2894 3362 2966 apud
3398 2905 3450 2950 te
3476 2895 3626 2953 facio

2034 2981 2237 3038 Pascha
2258 2999 2272 3048 ;
2303 2992 2548 3054 tanquam
2565 2985 2763 3041 civitati
2783 2986 3065 3042 dicendum
3081 2996 3241 3053 esset,
3260 2989 3617 3058 acciperetur.

2036 3074 2112 3128 Ac
2132 3090 2227 3144 per
2249 3074 2351 3131 hoc
2375 3091 2479 3132 non
2505 3093 2571 3133 ex
2597 3078 2827 3145 Domini,
2850 3079 3004 3147 cujus
3020 3079 3321 3139 mandatum
3342 3080 3619 3149 narrabat,

2036 3166 2131 3220 sed
2156 3181 2223 3221 ex
2249 3182 2343 3222 sua
2372 3182 2598 3239 persona
2627 3169 2964 3243 interposuit,
2992 3169 3060 3225 ad
3083 3170 3363 3240 quemdam
3387 3172 3621 3241 jussisse

2035 3256 2317 3312 Dominum
2345 3267 2401 3313 ut
2427 3259 2603 3326 irent,
2632 3276 2701 3315 ne
2727 3260 2947 3317 haberet
2971 3276 3191 3318 necesse
3213 3270 3377 3316 totum
3398 3261 3577 3317 dicere
3600 3302 3618 3327 ,

2033 3363 2155 3403 cum
2176 3348 2278 3405 hoc
2305 3349 2378 3405 illi
2402 3350 2468 3404 ad
2490 3351 2854 3407 insinuandam
2876 3351 3110 3422 iubentis
3125 3354 3439 3408 sententiam
3461 3351 3619 3408 sulti-

2034 3456 2157 3497 ccre
2183 3442 2468 3497 videretur.
2500 3441 2629 3499 Nam
2657 3444 2922 3500 neminem
2954 3446 3030 3501 sic
3051 3445 3223 3516 loqui,
3257 3444 3507 3511 utdicat,
3536 3443 3616 3507 Ite

2033 3531 2099 3586 ad
2132 3530 2416 3602 quemdam
2443 3573 2458 3598 ,
2488 3534 2605 3603 quis
2632 3536 2868 3591 neseiat?
2897 3534 2952 3590 Si
2992 3536 3133 3592 enim
3159 3535 3398 3604 diceret,
3449 3532 3524 3591 lte
3544 3536 3617 3593 ad

2032 3638 2421 3694 quemcumque
2442 3664 2457 3690 ,
2488 3634 2599 3691 aut,
2631 3624 2697 3680 ad
2714 3626 3039 3695 quemlibet;
3070 3636 3250 3697 posset
3267 3642 3388 3683 esse
3409 3627 3619 3698 integra

2033 3714 2248 3780 locutio,
2278 3714 2373 3771 sed
2403 3729 2507 3770 non
2529 3727 2666 3773 esset
2690 3728 2865 3773 certus
2896 3719 3057 3773 homo
3074 3719 3140 3773 ad
3160 3735 3317 3790 quem
3340 3721 3616 3776 mitteren-

2035 3814 2117 3860 tur
2142 3804 2216 3877 (a)
2256 3825 2270 3862 :
2304 3821 2424 3861 cum
2455 3822 2573 3862 cum
2603 3818 2805 3864 certum
2835 3810 3151 3875 ostendant,
3178 3812 3426 3882 quamvis
3453 3813 3616 3870 tacito

2035 3896 2149 3967 ejus
2171 3898 2410 3963 nomine,
2437 3898 2641 3955 Marcus
2666 3909 2719 3956 et
2741 3900 2932 3959 Lucas.
2967 3902 3181 3959 Sciebat
3207 3904 3404 3975 quippe
3433 3905 3614 3960 Domi-

2033 4003 2133 4043 nus
2161 3988 2227 4044 ad
2257 4004 2415 4060 quem
2444 3992 2692 4046 mitteret.
2719 3991 2788 4047 Et
2813 4002 2869 4048 ut
2894 4009 3013 4050 eum
3040 3994 3201 4049 etiam
3230 3995 3304 4050 illi
3330 4011 3464 4066 quos
3489 3998 3615 4053 mit-

2032 4079 2194 4148 tebat,
2228 4081 2463 4138 invenire
2483 4094 2719 4154 possent,
2744 4086 3059 4154 praemonuit
3083 4088 3222 4157 quod
3249 4087 3498 4143 indicium
3522 4105 3613 4144 se-

2032 4181 2357 4242 querentur,
2403 4173 2469 4228 de
2515 4174 2727 4230 lmmine
2764 4185 3005 4247 gestante
3050 4192 3202 4249 aqua:
3250 4176 3487 4249 lagenam
3527 4178 3612 4235 vel

2032 4262 2366 4332 amphoram,
2394 4272 2450 4318 ut
2478 4279 2596 4319 eum
2627 4266 2828 4335 secuti,
2860 4266 2925 4322 ad
2950 4267 3166 4323 domum
3195 4283 3353 4338 quam
3380 4269 3611 4337 volebat,

2032 4356 2294 4411 venirent.
2343 4356 2474 4410 Cum
2528 4357 2703 4428 itaque
2751 4374 2858 4414 non
2905 4359 2990 4414 hic
3040 4368 3218 4431 posset
3265 4359 3407 4429 diei,
3440 4361 3513 4417 ite
3542 4359 3609 4417 ad

2032 4446 2338 4518 quemlibet.
2357 4447 2493 4518 quod
2516 4449 2789 4520 integritas
2817 4450 3029 4521 quidem
3056 4450 3340 4509 locutionis
3360 4452 3608 4521 admittit,

2032 4537 2126 4593 sed
2166 4536 2273 4593 hoc
2313 4537 2429 4593 loco
2456 4539 2531 4595 rei
2562 4538 2716 4611 hujus
2754 4556 2873 4612 quae
2901 4542 3263 4597 insinuabatur
3283 4542 3476 4599 veritas
3500 4559 3608 4600 non

2029 4631 2287 4700 admittit;
2317 4642 2515 4702 quanto
2545 4633 2719 4689 minus
2742 4633 2828 4691 hic
2857 4633 2957 4690 diei
2995 4636 3165 4706 potuit
3184 4678 3199 4701 ,
3231 4634 3305 4693 Ite
3326 4636 3393 4691 ad
3421 4653 3608 4708 quem-

2029 4724 2181 4792 dam,
2209 4724 2350 4796 quod
2375 4725 2592 4781 omnino
2617 4742 2885 4798 nunquam
2914 4737 3056 4787 recta
3083 4729 3349 4785 locutione
3377 4728 3479 4786 dici
3512 4745 3610 4801 po-

2030 4818 2176 4874 test?
2206 4817 2310 4873 Sed
2338 4819 2493 4890 plane
2515 4819 2806 4890 discipulos
2827 4836 2859 4876 a
2880 4820 3127 4887 Domino,
3161 4836 3264 4876 non
3291 4821 3358 4876 ad
3380 4823 3608 4893 quemli-

2027 4912 2119 4969 bet
2141 4954 2158 4981 ,
2205 4912 2315 4974 sed
2341 4912 2409 4968 ad
2437 4911 2719 4984 quemdam
2745 4913 3044 4980 hominem,
3079 4912 3128 4968 id
3155 4923 3264 4980 est,
3295 4913 3364 4969 ad
3400 4923 3607 4971 certum

2029 5004 2258 5075 aliquem
2302 5004 2495 5060 missos
2521 5018 2640 5060 esse
2664 5003 3000 5060 manifestum
3024 5012 3126 5059 est.
3169 5002 3320 5072 Quod
3360 5005 3511 5061 nobis
3537 5018 3607 5061 ex

2028 5112 2254 5169 persona
2295 5111 2389 5151 sua
2420 5104 2563 5152 recte
2584 5096 2756 5167 potuit
2794 5095 3123 5166 Evangelita
3156 5111 3375 5152 narrare
3398 5137 3416 5163 ,
3446 5104 3502 5151 ut
3522 5094 3612 5151 di-

2026 5198 2193 5257 ceret,
2218 5187 2355 5247 Misit
2378 5203 2473 5245 eos
2494 5187 2561 5244 ad
2590 5187 2893 5257 quemdam,
2922 5196 2979 5242 ut
3003 5186 3236 5243 dicereut
3266 5187 3339 5253 ei,
3373 5186 3523 5261 Apud
3557 5196 3611 5246 te

2025 5281 2164 5338 facio
2181 5281 2400 5337 Pascha.
2422 5280 2598 5335 Potuit
2623 5280 2783 5335 etiam
2812 5278 2908 5343 sic,
2938 5277 3077 5334 Misit
3102 5295 3197 5335 eos
3223 5278 3292 5335 ad
3319 5278 3609 5351 quemdam

2025 5376 2209 5432 dicens
2237 5390 2252 5429 :
2284 5372 2393 5438 lte,
2424 5373 2581 5428 dicite
2613 5371 2662 5428 ei
2684 5415 2697 5436 ,
2725 5370 2878 5442 Apud
2910 5381 2961 5428 te
2993 5370 3129 5426 facio
3157 5372 3379 5428 Pascha.
3404 5375 3483 5429 Ac
3510 5388 3611 5446 per

2027 5466 2128 5521 hoc
2152 5481 2275 5521 cum
2296 5464 2455 5520 verba
2484 5464 2689 5518 Domini
2716 5462 2979 5535 posuisset
3004 5461 3230 5521 dicentis
3245 5505 3262 5529 ,
3290 5461 3372 5517 Ite
3406 5465 3460 5518 in
3482 5465 3608 5520 ciri-

2028 5566 2216 5622 tatem;
2246 5556 2563 5627 interposuit
2589 5556 2701 5626 ipse
2720 5595 2736 5621 ,
2765 5554 2831 5609 ad
2853 5555 3123 5627 quemdam
3154 5572 3173 5610 :
3213 5570 3319 5609 non
3348 5555 3472 5626 quia
3501 5553 3607 5614 hoc

2023 5686 3611 5805 dﬁmmummmhmtmh
