3888 6310
201 300 371 358 1457
439 283 446 286 ’

200 415 488 471 Dominus
523 415 748 485 dixerit,
797 417 892 474 sed
918 426 976 473 ut
993 419 1106 490 ipse
1150 420 1301 476 nobis
1326 421 1616 480 insinuaret
1643 427 1800 482 tacito

200 509 448 563 nomine
468 508 634 565 fuisse
660 511 939 580 quemdam
963 512 1013 566 in
1043 513 1254 568 civitate
1272 555 1285 578 ,
1310 514 1376 569 ad
1405 533 1559 585 quem
1591 519 1798 575 Domini

195 597 470 668 discipuli
493 601 836 656 mittebantur
857 643 874 665 ,
903 613 958 658 ut
980 615 1336 673 prrepararent
1368 606 1590 662 Pascha.
1621 610 1696 664 Ac
1722 613 1798 665 sic

196 701 350 762 post
378 693 513 748 hanc
558 709 624 748 ex
664 710 886 764 persona
929 711 1023 752 sua
1073 697 1530 766 interpositionem
1573 701 1798 758 duorum

192 785 530 850 verborum,
557 787 794 856 sequitur
815 787 1054 844 ordinem
1081 789 1361 844 verborum
1388 791 1590 847 Domini
1618 791 1798 848 dicen-

192 874 319 941 tis,
352 874 418 928 Et
440 877 589 930 dicite
609 877 652 930 ei
674 919 692 944 ,
724 877 966 948 Magister
991 879 1132 934 dicit.
1162 879 1276 934 Jam
1299 882 1440 934 enim
1477 883 1520 936 si
1551 899 1762 953 qua'ras
1779 926 1793 951 ,

192 967 358 1022 Cui?
388 978 530 1024 recte
559 969 927 1038 respondetur,
962 970 1037 1025 llli
1063 972 1271 1026 cuidam
1300 972 1519 1037 homini,
1552 974 1616 1027 ad
1639 991 1796 1044 quem

191 1059 432 1118 misisse
461 1061 744 1115 insinuavit
787 1061 1119 1131 Evangelista
1139 1105 1154 1130 ,
1205 1080 1328 1118 cum
1357 1081 1420 1119 ex
1452 1081 1675 1132 persona
1702 1084 1792 1121 sua

195 1152 655 1222 interposuisset,
697 1155 763 1208 ad
796 1155 1060 1225 quemdam
1101 1173 1119 1210 :
1165 1158 1338 1210 minus
1364 1157 1577 1225 quidem
1607 1159 1794 1212 usitata

189 1242 438 1306 locutio,
469 1244 558 1297 sed
590 1254 762 1298 tamen
794 1247 869 1298 sic
897 1246 1161 1300 intellecta
1192 1247 1530 1314 integerrima
1558 1258 1671 1314 est;
1707 1258 1796 1303 aut

189 1336 241 1390 si
276 1334 449 1389 habet
468 1336 664 1405 aliquid
693 1336 1026 1403 proprietatis
1058 1336 1268 1390 hebraea
1300 1338 1511 1407 lingua,
1539 1355 1638 1408 qua
1674 1356 1794 1408 per-

185 1425 427 1482 hibetur
456 1428 734 1495 scripsisse
764 1427 1039 1481 Mattha'us
1060 1467 1074 1492 ,
1108 1439 1162 1480 ttt
1187 1428 1346 1482 etiam
1382 1438 1548 1484 totum
1575 1447 1640 1485 ex
1673 1448 1792 1499 per-

184 1533 340 1574 sona
376 1518 582 1572 Domini
610 1519 804 1572 dictum
839 1519 1122 1573 locutionis
1147 1520 1444 1589 integritate
1466 1537 1575 1576 non
1595 1533 1790 1588 careat,

183 1609 448 1666 viderint
471 1609 559 1678 qui
591 1618 871 1664 noverunt.
921 1608 1061 1664 Sane
1091 1610 1161 1664 ita
1203 1621 1384 1680 posset
1426 1613 1586 1665 etiam
1634 1613 1794 1667 latine

182 1702 328 1766 dici,
369 1703 414 1756 si
442 1701 726 1765 diceretur,
747 1699 820 1755 Ite
849 1703 900 1754 in
921 1702 1188 1756 civitatem
1213 1703 1278 1756 ad
1302 1703 1610 1771 quemdam,
1635 1719 1791 1773 quem

185 1791 360 1846 vobis
391 1791 833 1846 demonstrat-erit
862 1791 1025 1847 homo
1050 1794 1134 1861 qui
1158 1795 1310 1848 vobis
1332 1795 1625 1848 occurrerit
1655 1795 1794 1864 lage-

181 1899 324 1938 nam
361 1899 514 1952 aqua:
541 1891 762 1952 portans
791 1901 802 1934 :
837 1885 937 1936 hoc
963 1883 1121 1938 modo
1151 1884 1358 1953 jnbenti
1385 1885 1502 1940 sine
1533 1884 1794 1953 ambigui-

181 1982 306 2029 tate
336 1983 519 2042 posset
551 1973 927 2042 obtemperari.
958 1973 1114 2028 Velut
1141 1975 1300 2028 etiam
1327 1976 1372 2028 si
1392 1975 1611 2037 diceret,
1638 1974 1712 2029 lte
1736 1975 1786 2029 in

179 2065 474 2120 civitatem
502 2063 570 2120 ad
595 2065 874 2134 quemdam
907 2065 996 2133 qui
1018 2077 1195 2120 manet
1220 2067 1310 2119 illo
1335 2076 1428 2120 aut
1451 2067 1539 2120 illo
1569 2066 1708 2132 loco,
1736 2067 1790 2121 in

181 2159 282 2216 tali
315 2159 406 2212 vel
434 2159 523 2213 tali
553 2159 742 2223 domo;
777 2175 896 2212 cum
938 2162 1283 2228 csprcssione
1322 2162 1421 2218 loci
1449 2171 1500 2214 et
1537 2162 1786 2230 designa-

178 2251 340 2308 tione
377 2250 604 2316 domus;
638 2267 818 2319 posset
845 2252 1088 2322 intelligi,
1125 2265 1296 2323 posset
1333 2256 1464 2310 lieri.
1497 2255 1591 2309 llis
1608 2264 1786 2309 autem

1199 2369 1706 2547 ἧῇἷὶἷ
1753 2438 2468 2548 TERTIUS.

1556 307 1759 372 LIBER
1794 313 2115 379 TERTIUS.

3205 393 3214 400 _
3343 323 3480 384 (uss

1907 442 2064 503 atque
2089 432 2388 502 bujusmodi
2415 432 2623 488 caeteris
2653 433 2822 489 tacitis
2853 433 3062 490 indiciis
3085 437 3172 505 qui
3208 437 3332 492 dicit
3359 481 3373 500 ,
3404 441 3476 495 Ite

1904 525 1972 579 ad
2010 525 2326 595 quemdam,
2374 535 2425 579 et
2464 525 2620 580 dicite
2649 526 2695 579 ei
2723 566 2737 590 ,
2771 527 2888 580 ideo
2927 544 3030 582 non
3071 538 3240 597 potest
3285 533 3472 597 audiri,

1905 616 2025 684 quia
2069 625 2272 670 certum
2301 617 2529 684 aliquem
2577 617 2688 670 vult
2735 617 2952 687 intelligi
2979 660 2993 683 ,
3048 635 3167 673 cum
3219 621 3472 686 dicit,ad

1905 706 2206 775 quemdam.
2233 715 2288 761 et
2347 724 2450 759 nou
2502 707 2750 775 exprimit
2796 707 3061 775 quomodo
3113 710 3469 778 dignmeatur.

1904 795 2053 862 Quod
2076 797 2118 850 si
2145 811 2209 850 ex
2233 811 2458 866 persona
2489 797 2836 864 Evangelistze
2859 799 3054 852 dic-tnui
3086 799 3210 855 illud
3241 803 3472 872 interpo-

1905 888 2062 940 situm
2089 887 2465 956 acceperimus,
2494 888 2826 956 eritquidem
2852 893 3171 946 neci‘ssitate
3203 893 3472 950 brevitatis

1903 980 2223 1034 subobscuri)
2271 979 2508 1043 locutio,
2549 980 2644 1034 sed
2687 990 2859 1035 tamen
2899 984 3116 1051 integra.
3149 984 3300 1050 Quod
3345 1002 3471 1041 vero

1903 1072 2108 1127 Marcus
2151 1072 2392 1140 lagenam
2433 1073 2596 1136 dicit,
2623 1089 2782 1142 quam
2816 1075 2984 1128 Luras
3009 1076 3353 1145 amphoram;
3387 1079 3474 1136 ille

1903 1164 2042 1219 vasis
2068 1179 2254 1232 genus,
2289 1165 2374 1218 ille
2405 1165 2617 1218 modum
2647 1165 2960 1234 signiﬁcavit
2993 1185 3006 1220 :
3042 1180 3261 1236 uterque
3287 1179 3461 1224 tamen

1901 1253 2175 1309 veritatem
2204 1253 2481 1308 sententiae
2509 1254 2810 1308 custodirit.

1974 1344 2093 1399 158.
2135 1345 2386 1413 Sequitur
2412 1344 2686 1398 Matthzcus
2715 1364 2728 1400 :
2774 1344 2983 1414 Vespere
3003 1355 3168 1400 autem
3199 1352 3331 1417 facta
3361 1350 3470 1403 dis-

1899 1427 2156 1482 cumbebat
2189 1446 2303 1481 cum
2351 1431 2609 1482 duodecim
2654 1428 2948 1496 disci,,ulis;
2997 1441 3043 1484 et
3075 1431 3328 1486 edentibus
3372 1433 3474 1488 illis

1900 1519 2024 1572 dixit
2051 1537 2069 1572 :
2095 1519 2248 1572 Amen
2272 1519 2382 1572 dico
2409 1520 2558 1581 vobis,
2586 1522 2700 1586 quia
2717 1538 2845 1574 unus
2868 1533 3080 1576 vestrum
3102 1541 3176 1577 ine
3200 1524 3475 1580 traditurus

1899 1620 1991 1663 est.
2021 1609 2084 1662 Et
2107 1612 2385 1664 contristati
2408 1611 2570 1676 valde,
2600 1624 2849 1682 cozperunt
2869 1616 3051 1685 singuli
3081 1616 3280 1670 dicere:
3316 1615 3473 1670 Num-

1897 1704 2018 1774 quid
2041 1721 2132 1775 ego
2155 1722 2296 1770 sum,
2339 1706 2589 1760 Domine?
2629 1718 2757 1768 etc.,
2789 1724 2954 1776 usque
2981 1710 3045 1762 ad
3077 1709 3205 1764 illud
3255 1709 3341 1764 ubi
3369 1711 3471 1778 ait,

1901 1793 2227 1862 Respondeus
2257 1805 2420 1848 autem
2441 1794 2471 1848 J
2481 1797 2606 1850 mlas
2623 1797 2707 1865 qui
2732 1798 2938 1850 tradidit
2959 1815 3092 1861 eum,
3122 1799 3245 1852 dixit
3268 1815 3286 1850 :
3313 1797 3475 1852 Num—

1896 1885 2016 1955 quid
2035 1901 2126 1955 ego
2147 1902 2278 1951 sum,
2299 1885 2458 1938 Rabbi
2475 1889 2498 1936 ?
2524 1888 2604 1939 Ait
2632 1888 2706 1941 illi
2735 1904 2752 1940 :
2783 1886 2862 1940 Tu
2888 1889 3059 1942 dixisti
3082 1889 3290 1956 (Matth.
3321 1907 3473 1956 xxvr,

1896 1976 2113 2046 20-25)).
2143 1975 2195 2028 In
2230 1975 2310 2028 his
2339 1992 2458 2044 qua:
2483 1977 2866 2032 consideranda
2902 1994 3039 2032 nunc
3071 1981 3436 2048 proposuimus
3456 2022 3470 2048 ,

1897 2069 2025 2124 nihil
2057 2067 2281 2122 atl‘erunt
2317 2069 2625 2136 ῳιωδιὶοιιίε
2654 2071 2812 2124 etiam
2857 2073 3034 2124 castcri
3088 2073 3470 2141 Evangelistte,

1897 2164 1983 2231 qtti
2011 2162 2132 2215 talia
2155 2171 2575 2215 commemorant
2600 2161 2788 2230 (Marc.
2820 2179 2934 2229 xw,
2964 2163 3162 2218 17-21:
3187 2163 3311 2218 Luc.
3339 2181 3471 2233 xxx,

1900 2254 2084 2317 14-25,
2116 2263 2162 2306 rt
2188 2250 2340 2305 Joan.
2375 2267 2500 2317 xm,
2523 2251 2732 2323 “ll-'27).

3281 2369 3440 2382 *

169 2634 228 2682 tn
247 2639 356 2692 quo
389 2623 800 2688 Evangelistarum
821 2635 849 2672 a
871 2635 1023 2672 arenae
1056 2623 1330 2672 imi-titione
1352 2619 1411 2669 ad
1705 2618 2132 2732 ngplnaqpltidia
2147 2656 2164 2684 ,
2188 2621 2362 2676 collato
2375 2625 2519 2677 simul
2540 2628 2808 2693 ordinequo
2829 2631 3022 2694 digesto
3043 2633 3344 2696 singulorum
3365 2647 3474 2686 σοι»

1647 2786 2015 2842 esseesse

258 2895 718 2958 Pnocosusm—l.
734 2892 851 2949 Jam
874 2892 1122 2964 quoniam
1145 2889 1383 2945 omnium
1403 2896 1628 2960 quatuor
1659 2904 1786 2943 nar-

181 2996 732 3052 ratioiocoversatur
763 2989 910 3052 loco,
945 2987 996 3041 in
1021 3003 1128 3056 quo
1159 3001 1377 3040 necesse
1402 2995 1481 3039 est
1498 3000 1591 3038 eos
1621 2999 1786 3055 usque

183 3089 238 3143 in
260 3089 429 3142 linem
453 3084 646 3151 pariter
661 3081 953 3145 ambulare,
971 3095 1068 3133 nec
1087 3079 1306 3133 multmn
1322 3077 1524 3147 digredi
1551 3076 1618 3130 ab
1641 3077 1776 3130 invi-

181 3196 329 3242 cem.
345 3177 516 3233 sicubi
531 3174 665 3229 iorte
681 3173 815 3226 alius
844 3171 1040 3241 aliquid
1053 3178 1453 3232 commemorat,
1488 3168 1628 3238 quod
1648 3169 1776 3226 alin.

187 3267 586 3342 prtetermittit;
614 3265 821 3318 videtur
837 3263 1274 3330 mihiexpeditius
1305 3277 1400 3312 nos
1422 3259 1784 3314 demonstrare

184 3375 354 3430 posse
381 3357 616 3410 omnium
649 3353 1105 3421 Evangelistarum
1135 3351 1568 3404 cot'tvenientiam
1587 3390 1602 3414 ,
1643 3351 1688 3402 si
1717 3350 1783 3404 ab

182 3451 290 3504 hoc
319 3449 434 3517 jam
461 3447 578 3500 loco
597 3444 836 3499 omnium
862 3443 1040 3496 omnia
1061 3450 1410 3494 contexamus
1428 3480 1442 3501 ,
1470 3449 1526 3494 et
1545 3439 1598 3493 in
1625 3455 1782 3496 unam

179 3537 555 3595 narrationem
596 3534 892 3602 faciemque
922 3533 937 3562 ¹
982 3532 1304 3600 digeramus.
1344 3531 1438 3585 Sic
1469 3545 1597 3601 ergo
1638 3531 1781 3584 arbi-

181 3641 302 3686 tror
329 3627 664 3684 Commodius
694 3624 1003 3692 faciliusque
1026 3622 1076 3674 id
1097 3622 1236 3692 quod
1264 3622 1593 3692 suscepimus
1617 3622 1781 3690 expli—

179 3723 335 3789 cari,
371 3729 429 3776 ut
456 3720 821 3791 aggrediamur
851 3717 1208 3771 narrationem
1239 3713 1416 3768 omnia
1451 3729 1778 3769 etm‘tntemo-

179 3822 374 3870 rantes
397 3852 413 3878 ,
435 3827 556 3866 cum
581 3825 763 3864 eorum
796 3807 1252 3877 Evangelistarum
1290 3805 1662 3871 attestationc,
1692 3806 1778 3876 qtti

181 3922 250 3962 ex
274 3906 364 3960 his
398 3904 644 3958 cautibus
673 3904 692 3932 ²
724 3902 944 3970 quisque
970 3899 1109 3970 quod
1137 3899 1304 3969 potuit
1329 3908 1418 3952 aut
1447 3897 1584 3968 quod
1619 3897 1780 3952 voluit

182 3996 636 4054 commemoravit
662 4014 674 4047 :
705 4003 766 4048 ut
797 4005 972 4048 tamen
991 3993 1059 4046 ab
1089 3991 1332 4046 omnibus
1365 3991 1476 4045 lucc
1505 3991 1679 4044 omnia
1703 3990 1779 4044 di-

183 4097 446 4146 cerentur
464 4129 482 4156 ,
513 4103 631 4158 qua:
655 4084 1127 4142 demonstrandum
1157 4090 1238 4137 est
1277 4083 1329 4137 in
1358 4082 1502 4136 nullo
1529 4082 1628 4136 sibi
1660 4096 1779 4137 esse

183 4182 481 4238 contraria.

183 4272 418 4329 CAPUT
463 4269 748 4326 ριιιιωιι.
770 4300 842 4310 -
861 4268 935 4322 De
965 4285 1110 4324 omna
1150 4266 1356 4321 Domini
1381 4277 1425 4320 et
1451 4266 1512 4321 de
1545 4283 1778 4336 expresso

256 4363 505 4420 traditore
540 4365 684 4430 eius,
726 4361 1148 4431 quenwdmoduni
1176 4359 1304 4411 inter
1329 4376 1381 4412 se
1407 4368 1624 4431 quatuor
1656 4373 1776 4412 con-

256 4458 486 4514 veniant.

256 4555 316 4607 2.
358 4551 495 4606 lliuc
546 4549 703 4619 igitur
742 4547 1058 4617 incipiamus
1093 4545 1385 4600 secundum
1428 4544 1773 4602 Matth-seum:

184 4642 512 4701 Ccuantibus
555 4650 718 4696 autem
743 4641 845 4704 eis,
886 4639 1077 4708 accepit
1104 4636 1257 4691 Iesus
1281 4654 1494 4708 pauent,
1537 4646 1581 4690 et
1626 4635 1770 4691 bene-

183 4736 350 4798 dixit,
381 4750 443 4788 ac
481 4733 629 4802 [regit
649 4773 663 4795 ,
693 4731 925 4799 deditque
954 4729 1218 4798 discipulis
1242 4729 1363 4792 suis,
1398 4737 1443 4782 et
1471 4728 1542 4782 ait
1573 4744 1592 4780 :
1621 4727 1773 4780 Acci—

186 4829 318 4896 pite,
354 4834 400 4880 et
421 4825 695 4886 cetuedue;
724 4821 818 4875 hoc
843 4830 913 4874 est
938 4836 1122 4890 corpus
1164 4835 1328 4872 meum
1353 4817 1562 4887 (Matth.
1600 4833 1730 4872 xxv:
1755 4858 1771 4886 ,

185 4918 402 4988 20-26).
425 4918 548 4972 Haec
563 4927 616 4972 et
631 4917 836 4970 Marcus
857 4913 1130 4982 Lucasqnc
1142 4919 1564 4966 commemorant
1584 4910 1770 4981 (Mure.

185 5028 310 5077 Juv,
344 5009 550 5070 47-23.
580 5019 630 5063 et
657 5008 784 5063 Luc.
813 5024 929 5062 xxu
949 5049 962 5072 ,
1001 5005 1210 5076 ιρι-25).
1241 5005 1391 5073 Quod
1420 5005 1564 5058 enim
1604 5003 1774 5058 Lucas

129 5115 134 5121 '
187 5103 255 5158 de
291 5103 457 5158 calice
486 5101 568 5156 bis
594 5098 1060 5160 commemoravit,
1089 5097 1238 5166 prius
1270 5107 1552 5165 antequam
1583 5110 1770 5162 panem

187 5192 371 5257 daret,
404 5193 600 5248 deinde
625 5203 970 5262 posteaquam
1018 5204 1208 5258 panem
1241 5186 1419 5252 dedit;
1462 5186 1590 5240 illud
1632 5185 1772 5255 quod

189 5285 434 5354 superius
475 5285 651 5347 dixit,
693 5281 1081 5351 prmoccupavit
1129 5289 1184 5333 ut
1239 5279 1422 5343 solet;
1460 5277 1590 5332 illud
1646 5293 1772 5336 vero

188 5377 330 5445 quod
367 5376 554 5436 ordine
599 5390 698 5430 suo
729 5374 938 5444 posuit,
990 5389 1095 5426 nun
1123 5378 1640 5426 commetnoraverat
1679 5386 1766 5426 su-

189 5467 410 5537 perius:
455 5477 736 5536 utrumque
783 5476 962 5523 autem
1001 5464 1339 5534 conjunetum
1372 5463 1505 5519 hanc
1554 5473 1768 5519 senten'

251 5648 265 5678 ί
298 5646 425 5710 Apud
449 5653 544 5696 ttat.
571 5651 625 5696 et
641 5650 740 5710 ξιξ,
763 5641 1040 5707 seriemque.

251 5710 270 5738 ²
295 5703 364 5756 sic
391 5717 489 5756 uss.
518 5716 572 5756 At
596 5705 711 5755 editi
749 5711 901 5767 Etj._et
935 5703 1064 5767 Lota,
1089 5718 1200 5755 cum
1243 5703 1522 5754 earumdem
1561 5710 1768 5767 Evange—

190 5765 400 5821 iistarwu
417 5764 843 5830 alleuatide
865 5778 932 5816 es
951 5764 1163 5828 uincto.

1898 2896 2022 2950 tiam
2070 2895 2230 2963 facit,
2261 2914 2381 2968 qua:
2436 2909 2492 2957 et
2523 2901 2732 2956 illorum
2782 2912 2880 2957 est.
2923 2904 3154 2958 Joannes
3199 2917 3376 2964 autem
3405 2907 3474 2968 de

1893 3004 2118 3057 corpore
2143 3001 2194 3046 et
2239 2994 2495 3060 sanguine
2528 2994 2735 3049 Domini
2769 2996 2866 3049 hoc
2898 2997 3015 3050 ioco
3042 2999 3174 3052 nihil
3195 2999 3351 3066 dixit,
3380 3001 3473 3058 sed

1894 3083 2048 3152 plane
2067 3085 2191 3139 alibi
2215 3087 2384 3140 multo
2406 3087 2623 3142 uberius
2646 3088 2767 3141 hine
2793 3089 3076 3144 Dominum
3101 3091 3329 3146 locutum
3353 3108 3474 3151 esse

1893 3184 2114 3232 testatur
2134 3177 2152 3210 ⁸
2177 3176 2353 3249 (Joan.
2382 3195 2457 3246 vt,
2480 3179 2698 3250 32-64).
2719 3181 2866 3236 Nunc
2890 3198 3017 3237 vero
3042 3200 3162 3240 cum
3196 3185 3472 3241 Dominum

1891 3281 1920 3319 a
1974 3283 2126 3322 etrna
2177 3273 2476 3326 surrexisse
2523 3283 2578 3326 et
2631 3273 2794 3339 pedes
2837 3275 3220 3342 discipulorum
3276 3278 3473 3338 lavisse

1893 3371 2400 3422 commemorasset,
2451 3361 2656 3414 reddita
2701 3363 2857 3417 etiam
2907 3366 3112 3421 ratione
3138 3381 3234 3422 cur
3260 3368 3336 3422 eis
3375 3369 3474 3426 hoc

1891 3447 2113 3514 fecerit,
2146 3449 2200 3504 in
2225 3467 2324 3521 qua
2373 3452 2632 3506 Dominus
2677 3454 2851 3508 adhuc
2877 3455 3057 3510 clause
3085 3457 3472 3516 signiﬁcaverat

1892 3555 1988 3608 per
2018 3542 2376 3598 testimonium
2403 3544 2688 3612 Scriptura:
2708 3587 2720 3610 ,
2763 3547 2829 3600 ab
2857 3563 2924 3601 eo
2953 3564 3012 3601 se
3039 3550 3171 3603 tradi
3199 3551 3284 3619 qui
3319 3567 3470 3605 man-

1889 3634 2110 3689 ducaret
2134 3636 2248 3704 ejus
2269 3653 2488 3705 panem;
2514 3642 2660 3692 venit
2682 3641 2746 3692 ad
2776 3641 2915 3694 hunc
2945 3642 3151 3705 locum,
3179 3659 3338 3712 quem
3363 3654 3468 3701 tres

1885 3728 2066 3780 εει-ιονὶ
2099 3729 2296 3796 pariter
2339 3729 2650 3785 insinuant:
2677 3733 2799 3786 (Iunt
2845 3735 2950 3788 lucc
2999 3736 3206 3790 dixisset
3228 3780 3241 3800 ,
3276 3738 3464 3807 inquit,

1885 3816 2066 3884 Iesus,
2093 3821 2322 3875 turbatus
2350 3832 2422 3876 est
2445 3825 2657 3893 spiritu,
2688 3835 2734 3879 et
2761 3836 3061 3896 protestatus
3099 3838 3168 3882 est
3187 3871 3204 3894 ,
3231 3839 3277 3884 et
3305 3831 3432 3886 dixit
3448 3847 3468 3884 :

1888 3911 2075 3975 Amen,
2123 3929 2274 3968 auten
2295 3915 2408 3968 dico
2431 3916 2568 3969 vobis
2589 3958 2602 3981 ,
2631 3918 2746 3986 quia
2773 3935 2902 3972 unus
2939 3936 3002 3973 ea:
3021 3919 3158 3975 vobis
3180 3923 3340 3976 tradet
3364 3940 3462 3978 me.

1887 4001 2204 4071 Atpiciebant
2233 4020 2350 4073 ergo
2371 4046 2386 4066 ,
2433 4006 2573 4060 sicut
2600 4007 2738 4061 idem
2769 4008 2881 4078 ipse
2917 4009 3151 4066 Joannes
3172 4011 3466 4078 subnectit,

1887 4096 1954 4148 ad
1994 4097 2202 4150 invicem
2244 4097 2509 4165 discipuli,
2563 4099 2852 4155 btesitmites
2886 4101 2949 4155 de
2983 4120 3083 4171 quo
3127 4103 3308 4157 diceret
3353 4103 3464 4174 (Id.

1886 4203 1998 4253 xm,
2028 4187 2209 4258 2-32).
2249 4189 2313 4242 Et
2335 4191 2614 4243 contristati
2638 4234 2651 4252 ,
2693 4192 2828 4246 sicut
2857 4191 3135 4248 Matuta-us
3162 4204 3217 4248 et
3260 4195 3466 4251 Marcus

1884 4277 2066 4333 dicuiit
2087 4319 2106 4344 ,
2133 4288 2387 4348 (reperiat
2431 4281 2475 4334 si
2512 4281 2808 4350 singillatim
2837 4282 3043 4338 dicere:
3083 4282 3347 4353 Numquid
3372 4304 3464 4356 ego

1883 4373 2032 4426 sum?
2061 4373 2122 4425 At
2149 4370 2257 4439 ipse
2278 4371 2584 4440 respondens
2612 4371 2712 4433 ait.
2739 4373 2873 4426 sicut
2905 4373 3183 4430 Mattiacas
3201 4377 3460 4444 sequitur,

1888 4463 1985 4528 Qui
2005 4464 2206 4534 intingit
2229 4480 2424 4517 mem
2443 4480 2648 4518 umnam
2669 4465 2720 4517 in
2743 4465 3045 4534 paropside,
3075 4467 3158 4522 [εἰσ
3175 4484 3252 4522 me
3277 4469 3461 4526 lrudel.

1884 4553 1950 4606 Et
1987 4554 2228 4622 sequitur
2274 4553 2414 4608 idem
2463 4553 2742 4608 Matthaeus
2787 4555 2856 4609 ita
2901 4556 3222 4612 subnectens
3255 4577 3268 4611 :
3297 4557 3464 4616 Filius

1882 4646 2086 4714 quidem
2128 4645 2344 4700 bonainis
2386 4646 2554 4709 vadit,
2594 4647 2722 4699 sicut
2760 4647 3001 4717 scriptum
3027 4658 3096 4702 est
3123 4649 3185 4703 de
3225 4649 3315 4703 illo
3338 4668 3356 4704 :
3390 4667 3464 4705 rae

1882 4747 2051 4790 autern
2078 4737 2269 4791 honuni
2307 4738 2383 4791 illi
2401 4778 2416 4802 ,
2465 4755 2551 4807 per
2574 4753 2726 4807 quem
2753 4737 2922 4794 Filius
2943 4739 3157 4794 hominis
3195 4743 3417 4796 trmletur
3441 4743 3460 4795 .'

1883 4830 2066 4884 bonum
2111 4841 2215 4884 erat
2257 4831 2300 4884 ei
2339 4831 2380 4883 si
2423 4840 2568 4886 nutus
2613 4849 2711 4884 non
2759 4835 2932 4902 [uisset
2958 4833 3108 4890 homo
3131 4833 3218 4887 ille
3244 4850 3262 4886 :
3298 4834 3349 4886 in
3381 4834 3460 4887 bis

1881 4932 1937 4976 et
1978 4922 2185 4976 Marcus
2215 4921 2319 4976 hoc
2356 4923 2518 4978 etiam
2543 4923 2735 4979 ordine
2774 4934 3051 4980 consonat.
3098 4924 3295 4978 Deinde
3327 4923 3459 4976 Mat-

1883 5015 2054 5068 th:rtt-s
2081 5013 2350 5083 subjungit
2379 5030 2392 5067 :
2428 5013 2756 5085 Respondeas
2776 5024 2942 5069 autem
2960 5014 3128 5068 Iudas
3150 5057 3163 5080 ,
3191 5017 3275 5084 qui
3300 5016 3458 5066 tradi-

1881 5108 1953 5158 dit
1975 5123 2106 5171 eum,
2133 5106 2261 5161 dixit
2282 5122 2302 5160 :
2344 5103 2609 5176 Numquid
2629 5123 2720 5176 ego
2738 5122 2865 5170 smn,
2895 5104 3096 5160 Rabiri?
3115 5107 3199 5159 Ait
3227 5107 3305 5161 illi
3331 5127 3349 5163 :
3383 5109 3457 5163 Tu

1881 5198 2073 5251 dixisti.
2107 5197 2275 5252 Etiam
2306 5197 2391 5252 hic
2414 5212 2520 5251 non
2541 5211 2851 5265 expressum
2880 5206 2960 5250 εει
2981 5237 2996 5261 ,
3030 5209 3207 5251 utrum
3233 5200 3345 5268 ipse
3370 5215 3457 5254 es-

1881 5299 1979 5343 set.
2011 5290 2192 5344 Potest
2216 5289 2356 5343 enim
2400 5287 2577 5342 adhuc
2619 5287 2869 5356 intelligi,
2903 5297 3152 5357 tauquam
3175 5330 3190 5353 ,
3220 5290 3333 5344 Non
3359 5306 3458 5361 ego

1879 5380 1986 5434 dixi
2019 5399 2033 5434 :
2077 5380 2248 5450 potuit
2290 5379 2452 5433 etiam
2503 5377 2603 5431 hoc
2633 5379 2710 5430 sic
2738 5377 2844 5430 dici
2871 5393 2898 5430 a
2929 5377 3060 5432 Iuda
3091 5389 3150 5433 et
3172 5397 3201 5432 a
3231 5381 3456 5438 Domino

1880 5470 2187 5540 Hisponderi
2205 5513 2218 5534 ,
2251 5478 2309 5523 ut
2337 5485 2441 5522 non
2469 5483 2654 5522 timnes
2672 5468 3030 5524 adverterent.

1942 5575 1956 5606 ί
1987 5581 2089 5624 Mss.
2125 5571 2319 5634 optimae
2340 5576 2467 5620 notae
2497 5570 2804 5634 Cometensis
2824 5577 2877 5620 et
2912 5571 3246 5634 Religionis,
3279 5578 3458 5633 printer

1876 5635 1998 5687 alios
2019 5631 2211 5698 paucos,
2234 5634 2476 5693 omittunt,
2501 5631 2612 5684 Irim:
2650 5631 2903 5698 Iit/ruinam
2940 5631 3144 5698 ioc-utam
3188 5631 3292 5698 esse
3311 5639 3454 5698 testu-

1874 5706 1960 5761 tur
1983 5709 1999 5746 :
2020 5695 2075 5746 at
2094 5695 2276 5761 babent
2297 5701 2460 5761 tamen
2497 5709 2605 5744 cum
2646 5695 2838 5744 (:(l'lCl'iS
2874 5696 3022 5744 verba
3059 5695 3156 5756 ilia,
3197 5695 3282 5745 sed
3317 5696 3456 5761 ptime

1876 5759 1991 5811 alibi
2013 5755 2159 5808 multo
2183 5755 2392 5806 uberius.
