3888 6320
443 305 581 364 “59

512 421 564 474 5.
602 413 800 496 Deinde
831 411 1068 483 sequitur
1093 408 1370 464 Mattba'us
1405 419 1459 464 et
1489 408 1674 463 inserit
1709 406 2018 478 mysteriqu

439 511 679 580 corporis
707 515 761 562 et
784 503 1053 575 sanguinis
1084 518 1111 555 a
1136 502 1358 556 Domino
1384 501 1654 570 discipulis
1693 499 1894 564 datum,
1921 499 2025 553 sic-

441 612 496 656 ut
521 611 575 656 et
599 598 806 654 Marcus
834 605 888 652 et
919 596 1109 650 Lucas.
1158 593 1263 648 Sed
1291 608 1410 647 cum
1450 592 1750 647 tradidisset
1778 591 2021 656 calicem,

441 708 626 750 rursus
652 691 720 745 de
751 688 1006 744 traditore
1035 701 1131 741 suo
1158 686 1363 739 locutus
1389 695 1504 751 est,
1536 685 1676 755 quod
1704 685 1870 738 Lucas
1896 699 2021 753 per-

439 784 680 855 sequitur
705 781 885 836 dicens
907 797 920 834 :
958 778 1305 832 Verumtamen
1323 794 1431 831 ecce
1452 793 1629 830 manus
1651 776 1894 830 tradentis
1918 792 2016 840 me,

442 893 637 930 mecum
677 882 746 927 est
773 873 825 926 in
865 887 1034 925 mensa
1070 885 1086 923 :
1113 880 1157 923 et
1185 869 1386 940 quidem
1413 867 1578 921 Filius
1599 867 1814 921 hominis
1842 884 2022 921 secun-

444 969 566 1022 dum
595 964 730 1038 quod
773 963 1031 1032 deﬁnitum
1059 971 1129 1014 est
1159 961 1328 1026 vadit;
1367 967 1705 1013 verumtamen
1734 973 1808 1012 rte
1835 959 2025 1011 homini

443 1061 520 1115 illi
551 1076 635 1130 per
656 1073 802 1128 quem
824 1053 1086 1109 trudetur!
1117 1053 1210 1107 llic
1227 1053 1333 1121 jam
1358 1051 1756 1119 intelligendum
1788 1059 1869 1103 est
1897 1047 2023 1102 illud

449 1151 701 1221 consequi
731 1147 871 1218 quod
899 1146 1133 1200 Joannes
1160 1150 1375 1208 narrat,
1409 1141 1494 1195 isti
1528 1151 1702 1195 autem
1735 1140 2025 1209 prmtermi-

444 1251 666 1305 serunt;
717 1241 855 1294 sicut
882 1237 1116 1292 Joannes
1161 1233 1402 1305 quzedam
1439 1232 1775 1302 przetermisit
1801 1246 1918 1300 quae
1949 1230 2024 1284 illi

445 1333 710 1388 dixerunt.
744 1328 876 1384 Cum
920 1342 1049 1395 ergo
1078 1331 1197 1395 post
1231 1323 1481 1378 traditum
1529 1324 1749 1376 calicem
1799 1321 2024 1374 dixisset

442 1425 719 1488 Dominus,
742 1419 881 1492 quod
907 1435 936 1473 a
968 1419 1107 1472 Luca
1135 1415 1366 1487 positum
1392 1424 1503 1480 est,
1545 1412 1894 1467 Verumtamen
1916 1427 2026 1464 ecce

439 1533 616 1570 manus
637 1511 881 1568 tradentis
907 1526 985 1564 me
1001 1525 1191 1563 mecum
1211 1508 1347 1561 estin
1365 1522 1555 1568 mensa,
1585 1514 1711 1568 etc.,
1745 1503 2024 1572 coiijungi-

443 1617 529 1662 tur
555 1603 682 1660 illud
712 1601 1002 1658 secundum
1031 1600 1286 1654 Joannem
1315 1617 1330 1652 :
1356 1616 1374 1648 ι
1409 1598 1539 1651 Erat
1562 1613 1689 1666 ergo
1710 1597 2024 1650 recumbens

442 1713 578 1753 unus
605 1713 670 1752 ex
711 1693 982 1765 discipulis
1011 1691 1126 1760 ejus
1173 1691 1222 1743 in
1254 1691 1370 1743 sinu
1395 1689 1552 1752 Jesu,
1587 1704 1744 1758 quem
1770 1687 2026 1756 diligebat

447 1789 603 1845 Jesus
631 1805 644 1842 :
675 1785 846 1840 innuit
900 1797 1027 1853 ergo
1064 1780 1188 1835 huic
1229 1779 1413 1834 Simon
1445 1779 1662 1842 Petrus,
1691 1787 1744 1831 et
1771 1777 1904 1830 dixit
1927 1777 1974 1830 ei
2006 1795 2018 1829 :

444 1880 577 1949 Quis
618 1886 702 1933 est
741 1876 808 1931 de
837 1889 942 1944 quo
965 1872 1132 1927 dicit?
1189 1870 1368 1939 Itaque
1396 1885 1517 1924 cum
1555 1867 1885 1922 recubuisset
1929 1867 2019 1921 ille

455 1987 610 2041 supra
660 1979 842 2040 pectus
883 1965 1046 2030 Jesu,
1088 1965 1215 2019 dicit
1258 1963 1308 2018 ei
1351 1980 1363 2016 :
1422 1962 1679 2026 Domine,
1731 1963 1850 2031 quis
1897 1961 2017 2014 est?

448 2061 740 2133 Respondit
764 2059 960 2116 Jesus:
995 2058 1086 2113 Ille
1109 2057 1192 2112 cui
1225 2071 1323 2125 ego
1345 2055 1617 2109 intinctum
1665 2069 1856 2123 panem
1901 2068 2024 2122 por-

440 2169 651 2211 rexero.
707 2153 920 2206 Etcum
961 2148 1260 2202 intinxisset
1306 2160 1528 2215 panem,
1561 2143 1704 2197 dedit
1744 2143 1893 2197 Judte
1935 2142 2021 2197 Si-

451 2246 625 2302 monis
652 2241 920 2301 Scarioth.
965 2241 1032 2294 Et
1076 2248 1192 2309 post
1223 2237 1539 2301 buccellam,
1570 2246 1693 2290 tunc
1718 2234 1918 2289 introiit
1966 2235 2021 2288 in

439 2339 583 2394 illum
612 2345 843 2393 satanas.
884 2352 904 2386 ι

510 2429 564 2482 4.
605 2425 700 2480 Hic
723 2422 1003 2478 videndum
1034 2429 1132 2484 est,
1167 2436 1234 2476 ne
1256 2435 1360 2473 non
1401 2420 1570 2473 solum
1599 2418 1776 2478 Luem.
1803 2417 2019 2488 quijam

439 2517 644 2573 dixerat
669 2515 896 2568 intrasse
921 2521 1158 2566 satanam
1189 2510 1239 2564 in
1267 2526 1361 2565 cor
1383 2509 1554 2573 Jnd:e,
1597 2508 1808 2578 quando
1837 2519 2022 2577 pactus

437 2616 519 2666 est
541 2618 662 2662 tunc
690 2621 811 2660 cum
838 2603 1064 2665 Judaeis,
1096 2610 1154 2655 ut
1178 2617 1301 2656 eum
1327 2611 1540 2670 accepta
1585 2601 1805 2669 pecunia
1843 2598 2019 2653 trade—

444 2711 564 2766 ret,
598 2699 690 2756 sed
717 2698 876 2754 etiam
912 2695 1009 2751 sibi
1041 2697 1152 2764 ipse
1177 2694 1410 2749 Joannes
1434 2708 1728 2764 repugnare
1749 2693 2020 2758 videatur,

437 2794 526 2866 qui
550 2792 661 2864 jam
682 2790 890 2846 dixerat
907 2787 1154 2858 superius
1174 2827 1188 2852 ,
1237 2797 1521 2856 antequam
1551 2786 1704 2840 istam
1728 2785 2019 2840 buccellam

437 2891 723 2957 acciperet.
775 2881 836 2936 Et
865 2897 1005 2936 caena
1030 2881 1186 2949 facta,
1218 2896 1330 2932 cum
1346 2881 1456 2950 jam
1485 2879 1715 2932 diabolus
1739 2878 2022 2932 inmisisset

437 2981 490 3036 in
510 2996 596 3034 cor
621 2987 674 3032 ut
699 2975 914 3029 traderet
942 2989 1057 3028 eum
1098 2971 1281 3025 ludas.
1310 2971 1586 3038 Quomodo
1613 2972 1752 3025 enim
1787 2971 1946 3023 intrat
1966 2970 2019 3023 in

438 3086 552 3138 cor,
584 3069 684 3129 nisi
711 3064 1044 3121 immitteudo
1067 3064 1274 3132 iniquas
1301 3062 1669 3130 persuasiones
1689 3061 2019 3130 cogitationi-

438 3161 536 3219 bus
563 3160 860 3230 iniquorum
891 3155 935 3208 ‘?
961 3153 1066 3208 Sed
1091 3168 1226 3207 nunc
1251 3152 1545 3221 intelligere
1565 3152 1828 3206 debemus
1851 3167 1878 3204 a
1905 3153 2019 3206 dia-

438 3251 563 3309 bolo
589 3249 778 3307 Judam
809 3247 1010 3317 plenius
1043 3260 1164 3300 esse
1191 3257 1498 3315 possessum
1527 3260 1539 3294 :
1571 3242 1709 3295 sicut
1748 3251 1930 3296 contra
1963 3243 2018 3296 in

437 3344 612 3410 bono,
659 3341 732 3396 illi
781 3339 870 3410 qui
910 3337 1019 3408 jam
1057 3342 1379 3404 acceperant
1429 3332 1686 3403 Spiritum
1738 3342 2014 3399 sanctum,

436 3435 646 3508 quando
685 3431 763 3486 eis
814 3437 931 3500 post
974 3427 1417 3482 resurrectionem
1471 3423 1760 3478 insufﬂavit
1797 3423 2014 3490 dicens,

435 3528 660 3597 Accipite
681 3523 930 3595 Spiritum
948 3528 1176 3575 sanctum
1199 3516 1378 3589 (Joan.
1400 3532 1493 3581 xx,
1512 3515 1628 3586 22);
1656 3527 1836 3585 postea
1860 3531 1980 3569 eum
1998 3557 2012 3582 ,

438 3633 557 3676 cum
601 3616 832 3686 desuper
877 3611 1072 3666 missus
1115 3617 1257 3663 esset
1299 3607 1386 3662 die
1427 3607 1796 3670 Pentecostes,
1839 3606 2016 3674 utique

437 3712 644 3785 plenius
669 3714 1008 3776 acceperunt.
1039 3702 1166 3757 Post
1209 3701 1497 3755 buccellam
1528 3715 1656 3770 ergo
1685 3708 1808 3753 tunc
1855 3699 2018 3752 intro-

437 3806 501 3862 iit
527 3806 721 3861 inequ
748 3810 998 3855 satanas:
1046 3814 1066 3849 ι
1104 3795 1198 3859 Ει,
1238 3814 1256 3848 ι
1288 3795 1425 3849 sicut
1467 3793 1754 3848 contextim
1783 3791 2016 3846 Joannes

436 3895 551 3967 ipse
575 3898 987 3953 commemorat,
1026 3905 1045 3938 ι
1078 3885 1207 3940 dicit
1236 3885 1283 3940 ei
1310 3885 1503 3939 Je.~us:
1547 3883 1699 3950 Quod
1735 3883 1902 3948 facis,
1935 3882 2018 3937 fac

435 3984 613 4041 citius.
676 3983 786 4036 lloc
826 3988 1002 4035 autem
1043 3991 1203 4031 nemo
1255 3975 1410 4029 scivit
1446 3973 1893 4030 discumbentium
1949 3972 2016 4027 ad

435 4079 562 4152 quid
613 4075 805 4134 dixerit
851 4073 920 4128 ei.
957 4069 1182 4140 Quidam
1220 4068 1360 4123 enim
1394 4067 1649 4138 putabant
1675 4108 1690 4131 ,
1718 4067 1838 4136 quia
1864 4067 2015 4121 locu-

435 4173 516 4229 los
556 4169 783 4226 babebat
832 4164 1032 4230 Jndas,
1078 4162 1201 4233 quia
1239 4161 1374 4216 dixit
1419 4162 1466 4216 ei
1493 4160 1648 4227 Jesus
1675 4162 1721 4226 ³,
1766 4159 1900 4214 Eme
1952 4172 2014 4214 ea

433 4280 554 4338 qua:
596 4277 732 4335 opus
778 4268 904 4316 sunt
931 4257 1084 4313 nobis
1109 4255 1172 4310 ad
1210 4254 1350 4310 diem
1383 4254 1604 4317 festum;
1628 4262 1719 4308 aut
1743 4252 1930 4321 egenis
1958 4258 2016 4306 ut

434 4356 630 4427 aliquid
669 4355 839 4410 daret.
884 4351 1020 4406 Cum
1060 4363 1188 4419 ergo
1216 4347 1507 4415 accepissvt
1548 4346 1636 4400 ille
1687 4345 2012 4412 buccellam,

440 4445 575 4503 exiit
624 4444 897 4499 continuo.
949 4439 1079 4495 Erat
1105 4447 1279 4493 autem
1308 4452 1432 4492 nox.
1461 4435 1590 4490 Cum
1617 4451 1745 4508 ergo
1778 4438 2010 4503 exisset,

433 4539 560 4595 dicit
581 4537 776 4594 Jesus:
809 4534 957 4590 Nunc
989 4530 1308 4587 clariﬁcatus
1343 4539 1424 4584 est
1451 4529 1615 4584 Filius
1643 4529 1872 4584 hominis
1892 4569 1908 4594 ,
1959 4534 2014 4582 et

437 4635 577 4690 Deus
599 4632 915 4687 clariﬁcatus
939 4639 1024 4686 est
1051 4629 1101 4683 in
1127 4642 1193 4683 eo
1222 4645 1235 4681 :
1267 4635 1320 4681 et
1343 4626 1387 4681 si
1418 4625 1556 4680 Deus
1583 4624 1902 4679 clariﬁcatus
1929 4629 2014 4678 est

436 4726 490 4782 in
517 4739 603 4791 eo,
636 4731 690 4777 et
713 4723 848 4776 Dens
869 4718 1181 4775 clariﬁcabit
1205 4733 1324 4773 eum
1349 4716 1401 4772 in
1429 4715 1734 4785 semetipso,
1761 4723 1815 4769 et
1839 4713 2014 4770 conti-

435 4835 541 4874 nuo
569 4813 879 4872 clarilicabit
904 4826 1047 4866 eum.
1085 4829 1104 4862 ι

435 4908 660 4968 CAPUT
701 4904 950 4962 ||.—De
992 4902 1232 4974 prtedicta
1270 4903 1532 4974 negatione
1564 4901 1731 4964 Petri,
1771 4901 2015 4970 quemad-

592 4979 797 5034 modum
835 4973 1162 5032 ostendantur
1185 4973 1315 5026 nihil
1339 4974 1468 5026 inter
1493 4990 1543 5025 se
1567 4988 1872 5044 repugnare.

506 5073 558 5129 5.
595 5091 615 5124 ι
646 5068 853 5137 Filioli,
881 5066 1054 5122 adhuc
1080 5065 1345 5119 modicum
1377 5063 1643 5118 vobiscum
1675 5079 1812 5116 sum.
1855 5062 2014 5128 Qua:-

437 5168 568 5223 retis
610 5179 727 5228 me;
768 5171 853 5228 et,
895 5161 1032 5215 sicut
1057 5159 1163 5214 dixi
1213 5156 1444 5218 JUiIEBlS,
1486 5171 1590 5225 quo
1630 5171 1729 5225 ego
1764 5154 1897 5209 vado
1923 5168 2017 5209 vos

437 5275 544 5317 non
603 5254 825 5328 potestis
869 5252 1094 5308 venire:
1142 5259 1198 5306 et
1221 5249 1371 5304 vobis
1413 5248 1532 5304 dico
1576 5246 1754 5301 modo.
1803 5245 2029 5301 blandas

438 5364 551 5410 tum
611 5364 806 5406 novum
857 5345 931 5402 do
985 5344 1164 5408 vobis,
1222 5352 1278 5397 ut
1323 5342 1553 5411 diligatis
1602 5332 1858 5402 invicem,
1911 5339 2016 5392 sic-

437 5456 495 5502 ut
541 5442 700 5500 dilexi
745 5454 880 5501 vos,
927 5445 986 5492 ut
1029 5445 1086 5490 et
1127 5449 1224 5489 vos
1267 5433 1493 5501 diligatis
1531 5432 1770 5484 invicem.
1821 5430 1874 5483 ln
1917 5427 2019 5484 hoc

437 5539 760 5607 cognoscent
803 5541 994 5585 clunes
1035 5524 1157 5595 quia
1207 5523 1310 5578 mei
1348 5523 1590 5591 discipuli
1632 5515 1793 5585 estis,
1845 5518 1890 5572 si
1937 5517 2018 5572 di-

493 5650 509 5683 ¹
523 5651 595 5698 Sic
603 5653 710 5696 Mss.
723 5641 838 5693 Exliti
850 5647 1034 5698 autem,
1047 5633 1372 5700 persuasiones
1389 5632 1720 5698 cogitationum
1729 5629 2017 5700 ntiquargtm.

501 5691 1156 5778 ί-ᾗιέξίῐιῷρἐωιιθεζᾶἱεὶι
1171 5696 1218 5749 ei
1230 5706 1385 5748 Jesus.
1403 5691 1500 5745 Duo
1513 5709 1541 5746 e
1560 5703 1580 5740 κ
1593 5701 1658 5743 at.
1678 5701 1729 5744 ct
1745 5691 1861 5754 Rat,
1879 5691 2020 5742 dixe-

440 5770 519 5828 rit.
534 5770 702 5831 Graeci,
718 5770 855 5830 teget.

1267 297 1356 354 DE
1394 294 1744 352 CONSENSU
1787 290 2432 361 EVANGELISTARUM,
2471 295 2528 351 S.
2569 291 2928 352 AUGUSTINI

3581 299 3732 358 1160

2135 407 2411 462 lectionem
2453 407 2740 463 habueritis
2784 408 2850 463 ad
2889 407 3135 464 invicem.
3166 406 3306 465 Dicit
3329 409 3378 466 ei
3407 410 3599 467 Simon
3625 413 3725 470 Pe-

2133 506 2244 552 trus
2289 517 2301 552 :
2353 499 2600 564 Domine,
2657 515 2763 569 quo
2807 487 2992 554 vadis?
3040 499 3334 569 Respondit
3372 501 3719 571 Jesussz

2131 605 2229 660 ego
2277 592 2410 646 vado
2457 608 2559 647 non
2589 600 2738 662 potes
2777 607 2862 648 me
2905 591 3065 648 modo
3103 595 3289 664 sequi;
3326 597 3572 666 sequeris
3621 612 3716 651 au-

2130 689 2237 735 tem
2291 691 2493 751 postea.
2551 684 2686 738 Dicit
2717 685 2766 739 ei
2813 685 3036 738 Petrus:
3067 684 3246 752 Quare
3272 701 3378 740 non
3406 702 3630 756 possum
3662 698 3714 744 te

2131 775 2280 844 sequi
2339 775 2540 830 modo?
2585 777 2814 831 animam
2863 792 3035 832 meam
3087 793 3183 847 pro
3225 787 3280 833 te
3330 794 3551 850 ponam.
3613 783 3720 838 Re-

2128 866 2341 935 Spondit
2364 866 2520 922 Jesus
2550 885 2562 920 :
2599 868 2839 922 Animam
2867 877 3008 923 tuam
3054 884 3152 940 pro
3177 886 3261 925 me
3291 872 3504 941 pones?
3531 888 3717 939 amen,

2130 972 2283 1010 amen
2311 957 2432 1012 dico
2479 959 2608 1022 tibi,
2652 975 2758 1012 nun
2805 960 3039 1013 cantabit
3086 961 3259 1030 gallus
3305 961 3478 1018 donec
3517 973 3606 1020 ter
3634 980 3723 1020 me

2131 1064 2292 1116 neges
2325 1069 2342 1100 ι
2389 1049 2580 1120 (Joan.
2644 1065 2768 1116 xui,
2817 1051 3055 1123 53-38).
3083 1051 3195 1107 Hoc
3233 1051 3302 1107 de
3327 1053 3587 1124 praedicta
3633 1070 3723 1110 ne-

2128 1141 2338 1209 gatione
2387 1156 2479 1195 sua
2547 1141 2705 1196 Petro
2756 1158 2860 1196 non
2912 1144 3060 1198 solus
3107 1143 3377 1210 Joannes,
3433 1161 3499 1199 ex
3568 1147 3725 1216 cujus

2131 1233 2416 1302 Evangelio
2464 1234 2620 1288 modo
2646 1234 2746 1289 ista
2777 1236 3100 1304 interposui,
3151 1237 3247 1292 sed
3293 1248 3348 1292 et
3395 1240 3582 1293 cmteri
3613 1247 3725 1295 tres

2130 1332 2548 1376 commemorant
2573 1323 2784 1392 (Matth.
2810 1339 2958 1387 xxvr,
2984 1325 3179 1390 30-35;
3203 1325 3368 1380 Marc.
3396 1328 3721 1394 xrv,26—'51,

2130 1422 2177 1467 et
2221 1413 2345 1467 Luc.
2385 1431 2518 1478 xxu,
2551 1416 2760 1487 51-54).
2787 1416 2902 1471 Non
2921 1433 3048 1472 sane
3073 1433 3260 1474 omnes
3287 1435 3354 1474 ex
3375 1436 3479 1474 una
3501 1421 3698 1476 eadem

2129 1522 2233 1577 que
2278 1509 2557 1563 occasione
2605 1509 2868 1564 sermonis
2915 1510 2982 1564 ad
3025 1526 3142 1565 eam
3189 1513 3721 1568 commemorandam

2130 1599 2350 1652 veniunt
2381 1617 2393 1652 :
2435 1614 2556 1652 nam
2596 1599 2871 1654 Mattlneus
2910 1608 2965 1656 et
3002 1601 3208 1656 Marcus
3234 1603 3348 1671 pari
3377 1619 3599 1673 prorsus
3623 1620 3718 1660 or-

2129 1689 2252 1744 dine
2276 1697 2330 1743 et
2355 1689 2542 1744 eodem
2590 1690 2906 1744 narrationis
2944 1706 3055 1746 suae
3095 1692 3212 1746 loco
3239 1707 3357 1747 eam
3389 1694 3722 1750 subnectunt

2129 1780 2319 1846 ambo,
2369 1791 2712 1851 posteaquam
2765 1782 3022 1837 Dominus
3070 1799 3316 1854 egressus
3371 1793 3452 1840 est
3499 1801 3568 1841 ex
3629 1787 3719 1841 illa

2130 1870 2319 1937 domo,
2353 1871 2439 1926 ubi
2500 1871 2946 1928 manducaverant
3001 1873 3236 1941 Pascha;
3289 1874 3459 1931 Lucas
3505 1887 3724 1933 veroet

2128 1961 2391 2026 Joannes,
2438 1975 2720 2033 antequam
2753 1963 2874 2019 inde
2918 1973 3061 2020 esset
3088 1979 3352 2035 egressus.
3407 1965 3515 2021 Sed
3557 1967 3724 2025 facile

2130 2069 2410 2124 possemus
2433 2055 2729 2125 intelligere
2749 2065 2842 2111 aut
2865 2056 2984 2112 illos
3012 2057 3148 2112 duos
3167 2072 3282 2112 eam
3314 2058 3720 2127 recapitulando

2129 2148 2405 2218 posuisse,
2435 2156 2525 2200 aut
2551 2147 2682 2202 istos
2714 2150 3166 2218 prteoccupando;
3198 2151 3296 2205 nisi
3321 2151 3489 2221 magis
3531 2168 3719 2208 move-

2129 2249 2209 2294 ret
2234 2239 2372 2309 quod
2403 2249 2508 2293 tam
2535 2239 2740 2295 diversa
2763 2282 2777 2304 ,
2823 2255 2929 2294 non
2959 2249 3163 2295 tantum
3203 2242 3364 2296 verba
3384 2283 3400 2307 ,
3428 2241 3523 2297 sed
3549 2244 3717 2299 etiam

2129 2331 2420 2385 sententias
2442 2330 2648 2384 Domini
2696 2333 3024 2400 pra‘mittunt
3042 2373 3056 2396 ,
3084 2331 3277 2402 quibus
3305 2342 3577 2403 permotus
3608 2335 3712 2390 Pe-

2129 2432 2239 2478 trus
2269 2424 2410 2478 illam
2453 2425 2918 2493 praesumptionem
2960 2426 3255 2494 proferret,
3305 2425 3388 2480 vel
3436 2442 3558 2481 eum
3604 2427 3712 2483 Do-

2127 2517 2272 2570 mino
2301 2516 2384 2570 vel
2413 2533 2506 2586 pro
2527 2516 2750 2570 Domino
2780 2518 3061 2583 moriendi,
3082 2519 3322 2589 uttnagis
3336 2528 3530 2590 cogant
3555 2521 3714 2576 intel-

2127 2607 2215 2677 ligi
2241 2615 2320 2661 ter
2348 2621 2470 2660 eum
2497 2608 2829 2676 expressisse
2856 2608 3323 2677 prmsumptionem
3350 2625 3503 2664 suam
3533 2610 3711 2666 diver-

2127 2698 2202 2752 sis
2221 2699 2351 2753 locis
2376 2699 2638 2754 sermonis
2665 2697 2882 2764 Christi,
2899 2708 2953 2752 et
2975 2709 3053 2753 ter
3092 2699 3165 2753 illi
3184 2714 3213 2753 a
3235 2699 3458 2755 Domino
3485 2716 3710 2771 respon-

2127 2807 2242 2846 sum
2273 2792 2413 2862 quod
2440 2808 2560 2846 eum
2577 2802 2719 2846 esset
2746 2807 2869 2845 ante
2901 2792 3024 2862 galli
3049 2801 3261 2846 cantum
3293 2803 3375 2849 ter
3404 2805 3707 2865 negaturus.

2197 2884 2248 2938 6.
2291 2883 2472 2954 Neque
2510 2885 2652 2939 enim
2685 2883 2992 2938 incredibile
3011 2893 3092 2938 est
3111 2925 3126 2950 ,
3153 2884 3482 2953 aliquantum
3510 2886 3709 2957 disiun-

2124 2977 2224 3032 ctis
2251 2976 2544 3030 intervallis
2576 2977 2831 3045 temporis
2859 2976 3073 3031 Petrum
3112 2985 3438 3032 commotum
3477 2994 3598 3034 esse
3642 2979 3705 3035 ad

2126 3069 2551 3140 prresumendutu
2573 3109 2589 3135 ,
2619 3070 2758 3123 sicut
2778 3069 2843 3124 ad
2875 3071 3207 3141 negandum;
3234 3071 3317 3125 vel
3345 3072 3394 3125 ei
3411 3071 3706 3128 Dominum

2123 3161 2318 3229 aliquid
2344 3170 2424 3215 ter
2438 3161 2680 3215 similiter
2699 3161 3040 3230 respondisse
3063 3179 3077 3214 :
3104 3161 3530 3232 quandoquidem
3546 3164 3705 3220 etiam

2123 3253 2411 3308 contextim
2439 3296 2451 3318 ,
2479 3253 2639 3308 nullis
2684 3252 2806 3306 aliis
2837 3253 3160 3323 interposrtis
3185 3253 3346 3308 rebus
3371 3263 3464 3308 aut
3486 3255 3665 3310 verbis
3685 3297 3702 3320 ,

2122 3355 2242 3416 post
2280 3347 2720 3399 resurrectionem
2761 3352 2842 3399 ter
2895 3345 3040 3400 illum
3080 3345 3477 3416 interrogaverit
3531 3357 3703 3404 utrum

2123 3451 2242 3490 eum
2277 3445 2448 3503 amet,
2477 3444 2531 3490 et
2579 3435 2628 3490 ei
2680 3445 2763 3489 ter
2810 3434 2912 3490 hoc
2967 3435 3104 3491 idem
3157 3437 3499 3506 respondenti
3543 3441 3704 3493 etiam

2122 3529 2236 3599 ipse
2261 3529 2564 3582 mandatum
2592 3527 2659 3582 de
2686 3528 2962 3596 pascendis
2991 3527 3178 3582 ovibus
3206 3528 3320 3583 suis
3340 3544 3502 3583 unum
3530 3529 3700 3584 idem-

2121 3639 2223 3694 que
2254 3631 2336 3677 ter
2381 3619 2694 3690 przcceperit
2743 3618 2917 3690 (Joan.
2949 3634 3077 3685 xxI,
3109 3619 3317 3689 15-17).
3375 3619 3486 3674 [loc
3527 3630 3701 3676 autem

2121 3731 2242 3771 eSse
2266 3715 2569 3770 credibilius
2589 3755 2602 3776 ,
2629 3712 2770 3783 quod
2799 3724 2880 3768 ter
2904 3711 3197 3767 oswnderit
3231 3715 3702 3783 praesumptionem

2123 3825 2274 3862 suam
2307 3807 2527 3872 Petrus,
2555 3815 2610 3860 et
2637 3806 2702 3860 de
2728 3806 2860 3860 trina
2880 3819 2974 3859 sua
3001 3805 3280 3874 negatione
3312 3815 3441 3861 tera
3481 3807 3702 3861 Domino

2125 3901 2357 3955 audierit
2382 3942 2398 3967 ,
2425 3916 2492 3954 ex
2518 3899 2646 3968 ipsis
2673 3897 3129 3968 Evangelistarutn
3158 3897 3334 3952 verbis
3356 3941 3372 3965 ,
3403 3914 3524 3969 qu:e
3545 3913 3576 3952 a
3600 3899 3702 3953 Do-

2119 3993 2266 4048 mino
2307 3991 2448 4047 dicta
2496 3991 2705 4046 diverse
2748 4005 2810 4045 ac
2863 3991 3073 4044 diversa
3127 4000 3580 4057 commemorant,
3624 3990 3701 4046 sic

2123 4085 2391 4156 probatur.
2416 4085 2551 4140 Ecce
2573 4082 2968 4138 meminerimus
2986 4081 3126 4152 quod
3160 4097 3301 4138 nunc
3325 4082 3699 4152 iuterposuiex

2123 4176 2410 4247 Evangelio
2436 4174 2692 4240 Joannis;
2721 4173 2823 4228 hoc
2859 4181 3004 4228 certe
3041 4171 3288 4228 dixerat:
3319 4191 3339 4226 ι
3367 4172 3540 4229 Filioli
3558 4215 3573 4237 ,
3601 4172 3698 4228 ad-

2122 4267 2229 4325 huc
2259 4269 2523 4324 modicum
2555 4267 2828 4321 vobiscum
2866 4279 3007 4322 sum.
3043 4265 3304 4333 Quaaretis
3329 4281 3445 4332 me;
3468 4274 3556 4334 et,
3583 4266 3689 4322 sic-

2127 4371 2186 4416 ut
2208 4359 2317 4416 dixi
2357 4359 2589 4424 Judteis,
2635 4373 2741 4429 quo
2763 4373 2862 4429 ego
2900 4357 3036 4413 vado
3084 4373 3180 4412 vos
3207 4371 3310 4412 non
3353 4358 3575 4429 potestis
3610 4373 3701 4414 ve-

2121 4454 2236 4509 nire
2280 4470 2294 4506 :
2335 4463 2391 4508 et
2433 4450 2582 4504 vobis
2641 4451 2762 4505 dico
2809 4448 2989 4504 modo.
3035 4448 3334 4504 Mandatum
3383 4464 3580 4504 novum
3630 4449 3699 4504 do

2119 4545 2307 4610 vobis,
2338 4553 2396 4597 ut
2440 4541 2671 4612 diligatis
2716 4541 2979 4607 invicem,
3007 4541 3145 4594 sicut
3169 4539 3328 4595 dilexi
3374 4554 3505 4608 vos,
3547 4548 3605 4594 ut
3645 4547 3700 4594 et

2124 4653 2221 4692 vos
2269 4635 2502 4707 diligatis
2561 4633 2809 4687 invicem.
2884 4631 2942 4686 In
2991 4631 3096 4686 hoc
3141 4639 3462 4701 cognoscent
3511 4645 3700 4687 ornnes

2121 4729 2243 4800 quia
2297 4727 2401 4782 mei
2459 4723 2703 4793 discipuli
2753 4721 2916 4785 estis,
2975 4721 3018 4775 si
3067 4720 3402 4777 dilectionem
3454 4719 3701 4777 habueri-

2123 4822 2194 4874 tis
2253 4819 2318 4872 ad
2381 4817 2629 4871 invicem.
2707 4814 2842 4869 Dicit
2905 4813 2954 4869 ei
3020 4812 3206 4868 Simon
3280 4813 3464 4868 Petrus
3511 4830 3526 4867 :
3589 4813 3696 4868 Do-

2123 4913 2302 4975 mine,
2359 4925 2466 4980 quo
2519 4907 2761 4963 vadis?»
2815 4906 3017 4976 Nempe
3062 4905 3149 4959 hic
3191 4904 3524 4960 manifestum
3582 4914 3698 4972 est,

2127 5021 2190 5060 ex
2238 5002 2340 5058 illis
2369 5003 2546 5057 verbis
2587 5009 2787 5056 motum
2815 5015 2934 5055 esse
2972 4999 3186 5054 Petrum
3219 5008 3276 5052 ut
3302 4999 3536 5064 diceret,
3591 4998 3700 5052 Do-

2121 5097 2290 5163 mine,
2323 5112 2420 5166 quo
2455 5093 2634 5148 vadis?
2678 5091 2801 5162 quia
2841 5091 3106 5146 dicentem
3150 5091 3419 5152 audierat,
3471 5089 3581 5156 Quo
3609 5106 3700 5160 ego

2123 5190 2252 5247 vado
2280 5206 2366 5243 vos
2409 5204 2508 5242 non
2555 5185 2756 5256 potestis
2783 5184 2968 5238 venire.
3017 5182 3308 5253 Respondit
3333 5181 3486 5238 Jesus
3523 5181 3698 5236 eidem

2125 5283 2283 5339 Petro
2313 5300 2326 5334 :
2361 5280 2474 5348 Quo
2496 5297 2585 5350 ego
2606 5278 2732 5333 vado
2754 5294 2854 5332 non
2879 5285 3016 5348 potes
3045 5293 3124 5330 me
3146 5276 3284 5344 sequi
3311 5275 3490 5339 modo;
3522 5289 3699 5344 seque-

2123 5377 2195 5430 ris
2220 5387 2384 5429 autem
2436 5382 2625 5443 postea.
2672 5371 2823 5427 Tunc
2851 5371 2940 5426 ille
2973 5389 2987 5424 :
3026 5371 3196 5434 Quare
3219 5386 3320 5424 non
3349 5385 3587 5437 possunt,
3619 5368 3702 5422 in-

2125 5469 2271 5538 quit,
2320 5466 2458 5537 sequi
2489 5478 2535 5519 te
2565 5463 2746 5518 modo?
2783 5463 3004 5516 animant
3054 5478 3216 5515 meam
3264 5478 3356 5532 pro
3404 5471 3451 5514 te
3493 5476 3698 5531 ponant.

2127 5558 2261 5613 Huic
2293 5554 2688 5627 prmsumptioni
2733 5553 3005 5623 reSpoudit
3045 5551 3298 5608 Dominus
3325 5550 3557 5607 futuram
3587 5552 3704 5622 ejus

2125 5649 2482 5719 negationem.
2533 5646 2700 5700 Lucas
2727 5653 2905 5699 autem
2948 5658 3068 5700 cum
3097 5655 3572 5699 commemorasset
3618 5643 3705 5700 di-

2128 5740 2269 5797 xisse
2312 5739 2592 5796 Dominum
2614 5778 2629 5808 ,
2680 5736 2878 5804 Simon,
2906 5751 3017 5792 ecce
3037 5743 3240 5792 satanas
3275 5735 3512 5805 expetivit
3539 5753 3629 5793 vos
3653 5745 3712 5797 ut
