3888 6352
222 294 351 355 HG!

222 406 462 463 cribraret
486 402 613 459 sicut
635 401 853 457 triticum
875 414 895 456 :
916 415 1006 472 ego
1028 402 1193 454 autem
1218 395 1392 468 rogaui
1409 410 1502 467 pro
1532 404 1598 459 te,
1627 402 1805 447 utnon

226 497 429 566 deﬁciat
457 495 581 563 ﬁdes
611 505 733 558 tua;
762 502 808 548 et
838 502 918 559 tu,
944 490 1219 563 aliquando
1245 504 1529 554 conuersus,
1560 486 1806 555 conﬁrma

226 590 412 658 fratres
446 594 598 651 tuos;
641 592 767 640 tunc
793 582 1021 653 subjecit
1048 582 1262 637 Petrum
1290 577 1659 649 respondisse,
1694 574 1805 630 Do-

224 678 378 739 mine,
411 684 569 728 tecum
607 682 813 744 paratus
835 689 947 727 sum
979 681 1027 726 et
1067 673 1121 725 in
1158 685 1404 723 carcerem
1433 677 1480 722 et
1512 668 1564 721 in
1601 676 1808 719 mortem

224 768 316 820 ire.
345 763 413 818 Et
434 764 520 817 ille
547 764 674 819 dixit
706 780 724 818 :
754 764 882 818 Dico
910 763 997 817 tibi
1016 803 1030 827 ,
1065 760 1218 815 Petre
1240 802 1255 827 ,
1284 775 1384 813 non
1412 757 1635 812 cantabit
1660 756 1809 810 hodie

225 858 413 929 gallus,
432 856 588 909 donec
616 865 688 909 ter
711 857 921 926 abneges
945 870 1088 909 nosse
1111 870 1210 909 me.
1228 854 1397 921 Quam
1428 852 1529 906 hoc
1550 849 1692 905 aliud
1716 850 1804 915 sit,

230 946 373 1000 aliud
390 945 514 999 illud
535 945 676 1000 unde
696 946 881 1000 Petrus
895 945 958 998 ad
981 944 1407 1015 pra-sumendum
1428 951 1702 1012 permotus
1718 943 1806 1008 sit,

227 1041 345 1111 quis
368 1055 471 1093 non
502 1038 715 1093 videat?
764 1040 831 1092 At
858 1052 983 1092 vero
1006 1036 1279 1091 Matthaaus
1298 1077 1313 1100 ,
1350 1033 1420 1089 Et
1450 1035 1633 1104 hymno
1654 1033 1805 1095 dicto,

225 1126 427 1196 inquit,
455 1126 679 1179 exierunt
697 1124 749 1176 in
774 1132 990 1177 montem
1032 1122 1231 1176 Uliveti.
1272 1120 1414 1174 Tunc
1448 1120 1568 1172 dicit
1602 1119 1702 1171 illis
1721 1116 1810 1171 Je-

224 1232 344 1271 sus:
378 1217 563 1270 Omnes
585 1232 670 1269 vos
688 1215 986 1269 scandalum
1009 1212 1268 1281 patiemini
1285 1213 1336 1264 in
1353 1228 1430 1264 me
1445 1212 1499 1264 in
1524 1211 1622 1263 ista
1645 1218 1804 1262 nocte.

227 1310 485 1380 Scriptum
513 1317 582 1361 est
613 1309 780 1373 enim,
812 1306 1103 1359 Percutiam
1130 1313 1378 1374 pastorem
1401 1345 1415 1368 ,
1447 1312 1492 1355 et
1522 1302 1810 1371 dispergen-

228 1412 310 1454 tur
350 1416 462 1454 oves
500 1400 683 1470 gregis.
729 1396 1007 1467 Postquam
1032 1405 1202 1448 autem
1224 1408 1575 1455 resurrexero,
1620 1406 1810 1461 prlece-

226 1493 345 1545 dum
387 1507 471 1544 vos
500 1492 551 1543 in
583 1488 866 1542 Galitwam.
918 1486 1009 1541 Sic
1057 1499 1274 1555 prorsus
1302 1492 1355 1538 et
1384 1483 1612 1539 Marcus.
1675 1481 1811 1549 Quid

225 1580 424 1635 habent
451 1579 611 1633 etiam
641 1577 756 1631 haec
779 1577 940 1631 verba
970 1575 1054 1630 vel
1102 1574 1382 1629 sententiae
1428 1572 1601 1628 simile
1630 1572 1735 1626 illis
1768 1574 1807 1638 ί,

228 1673 316 1730 vel
336 1671 528 1745 quibus
556 1668 848 1724 secundum
876 1667 1154 1731 Joannem,
1185 1665 1267 1720 vel
1295 1665 1484 1735 quibus
1523 1662 1813 1718 secundum

226 1765 427 1820 Lucam
450 1806 462 1829 ,
497 1764 686 1817 Petrus
708 1758 892 1816 retulit
922 1756 1388 1825 praesumptionem
1409 1754 1599 1810 suam?
1634 1754 1700 1807 Et
1729 1753 1815 1806 hic

226 1872 354 1927 ergo
381 1859 452 1911 ita
488 1856 767 1925 sequitur:
792 1848 1122 1923 Respondeas
1150 1856 1317 1901 autem
1349 1846 1564 1910 Petrus,
1604 1846 1675 1898 ait
1698 1843 1814 1899 illi:

232 1949 346 2002 Etsi
375 1964 546 2002 omnes
573 1946 904 2001 scandalizati
951 1941 1142 2015 fuerint
1189 1940 1242 1992 in
1298 1948 1372 2003 te,
1427 1954 1517 2009 ego
1558 1954 1815 2008 nunquam

227 2037 631 2094 scandalizabor.
678 2038 761 2090 Ait
791 2037 867 2090 illi
893 2034 1082 2090 Iesus:
1118 2031 1275 2084 Amen
1315 2028 1426 2083 dico
1470 2030 1577 2094 tibi,
1606 2030 1724 2098 quia
1764 2030 1816 2083 in

229 2134 325 2186 hac
359 2139 503 2185 nocte
538 2138 803 2199 antequam
849 2129 1015 2199 gallus
1048 2132 1236 2185 cantet,
1274 2132 1346 2175 ter
1367 2138 1443 2174 me
1481 2121 1702 2192 negabis.
1732 2120 1817 2173 Ait

227 2222 302 2275 illi
328 2222 509 2275 Petrus
544 2237 562 2275 :
602 2219 820 2273 Etiamsi
855 2216 1129 2289 oportuerit
1162 2230 1238 2267 me
1272 2214 1400 2266 mori
1420 2223 1580 2266 tecum
1601 2254 1616 2280 ,
1640 2229 1740 2266 non
1770 2222 1817 2265 te

229 2313 440 2384 negabo.
482 2311 728 2367 Similiter
756 2321 803 2364 et
825 2326 996 2364 omnes
1018 2305 1255 2376 discipuli
1276 2304 1528 2357 dixerunt.

302 2405 352 2457 7.
384 2406 512 2458 llaec
540 2418 675 2473 pene
708 2401 835 2471 ipsis
862 2400 1036 2455 verbis
1066 2399 1228 2452 etiam
1265 2394 1471 2448 Marcus
1490 2407 1815 2448 commemo-

230 2503 336 2561 rat,
359 2494 463 2549 nisi
486 2492 625 2562 quod
653 2506 757 2545 non
785 2489 1124 2561 generaliter,
1154 2485 1248 2542 sed
1280 2484 1578 2538 distinctius
1598 2524 1612 2549 ,
1636 2498 1818 2553 quem-

231 2586 524 2641 admodum
552 2586 783 2638 futurum
808 2591 978 2647 esset,
1001 2579 1267 2650 expressit
1286 2576 1482 2631 dictum
1511 2592 1539 2629 a
1571 2577 1813 2641 Domino,

232 2678 389 2733 Amen
426 2679 539 2732 dico
581 2676 702 2741 tibi,
733 2676 853 2744 quia
882 2684 936 2728 tu
971 2674 1119 2727 hodie
1138 2673 1190 2725 in
1216 2683 1359 2725 nocte
1384 2670 1499 2734 hac,
1530 2669 1820 2739 priusquam

239 2773 311 2827 bis
331 2773 503 2844 gallus
530 2786 694 2824 vocem
718 2769 930 2831 dederit,
962 2774 1036 2820 ter
1056 2782 1133 2819 me
1152 2782 1201 2819 es
1226 2772 1517 2834 negaturus.
1551 2761 1682 2815 Cum
1718 2762 1819 2814 ita-

236 2877 337 2931 que
384 2875 575 2917 omnes
622 2859 800 2913 dicant
853 2855 1163 2926 praedixisse
1209 2852 1493 2908 Dominum
1534 2850 1674 2921 quod
1700 2865 1819 2904 eum

238 2951 431 3006 Petrus
447 2958 591 3005 esset
613 2957 898 3018 negaturus
922 2955 1203 3015 antequam
1230 2942 1403 3013 gallus
1425 2951 1686 3007 cantaret,
1713 2957 1819 2995 non

242 3053 418 3101 autem
444 3058 633 3098 omnes
660 3042 839 3095 dicant
861 3040 1068 3109 quoties
1096 3038 1267 3107 gallus
1292 3043 1531 3090 cantaret
1556 3075 1571 3097 ,
1617 3033 1822 3087 Marcus

244 3137 343 3193 hoc
369 3138 515 3192 solus
542 3136 771 3189 narravit
799 3132 1123 3202 expressius.
1150 3128 1295 3184 Unde
1325 3126 1591 3181 nonnullis
1618 3125 1824 3180 videtur

246 3243 349 3282 non
381 3240 679 3294 congruere
726 3225 972 3286 caeteris,
1024 3222 1144 3290 quia
1188 3234 1375 3289 parum
1420 3216 1731 3284 attendunt,
1772 3226 1827 3272 et

247 3319 476 3372 maxime
515 3330 698 3369 eorum
747 3313 1082 3367 obnubilatur
1124 3310 1378 3373 intentio,
1407 3324 1526 3361 cum
1570 3309 1827 3364 adversus

249 3407 592 3478 Evangelium
614 3405 791 3457 animo
809 3403 1097 3455 induuntur
1128 3399 1328 3453 hostili.
1359 3397 1489 3451 Tota
1515 3398 1656 3451 enim
1684 3398 1825 3453 Petri

250 3499 485 3568 negatio,
519 3496 653 3551 trina
686 3494 893 3562 negatio
914 3502 1014 3546 est.
1044 3491 1099 3545 In
1125 3491 1310 3544 eadem
1342 3504 1568 3558 namque
1594 3505 1832 3559 perman-

254 3591 326 3645 sit
375 3589 725 3659 trepidatione
769 3586 967 3651 animi,
998 3584 1377 3654 prepoSitoque
1402 3582 1696 3649 mendacii,
1736 3583 1833 3638 do-

255 3696 355 3736 nec
374 3682 674 3734 admonitus
703 3678 828 3748 quid
872 3678 920 3731 ei
945 3675 1259 3747 prmdictum
1286 3676 1375 3740 sit,
1402 3690 1583 3727 amaro
1624 3674 1746 3729 ﬂetu
1778 3683 1831 3730 et

255 3771 432 3825 cordis
450 3770 635 3825 dolore
659 3775 955 3823 sanaretur.
986 3767 1111 3822 Haec
1134 3776 1311 3821 autem
1337 3774 1441 3819 tota
1464 3808 1476 3830 ,
1523 3765 1573 3819 id
1594 3774 1673 3820 est
1695 3765 1828 3819 trina

256 3861 489 3929 negatio,
516 3861 561 3914 si
604 3867 726 3930 post
760 3858 987 3929 primum
1015 3859 1135 3929 galli
1175 3868 1386 3912 cantum
1420 3858 1707 3927 inciperet,
1738 3856 1835 3913 fal-

259 3967 376 4007 sum
401 3954 598 4010 dixisse
622 3955 928 4009 viderentur
954 3964 1060 4007 tres
1084 3972 1095 4006 :
1126 3969 1350 4024 quorum
1389 3952 1662 4005 Matthzeus
1680 3949 1829 4017 dixit,

262 4044 419 4097 Amen
474 4047 586 4099 dico
614 4045 733 4109 tibi,
776 4047 894 4116 quia
919 4046 974 4099 in
1018 4046 1111 4098 hac
1154 4054 1331 4111 nocte,
1380 4053 1643 4114 antequam
1670 4043 1835 4112 gallus

263 4144 441 4197 cantet,
469 4146 540 4189 ter
560 4152 638 4188 me
666 4135 906 4205 negabis;
929 4135 1097 4189 Lucas
1119 4144 1316 4198 autem,
1347 4132 1473 4186 Dico
1502 4133 1588 4185 tibi
1607 4174 1622 4196 ,
1648 4130 1798 4184 Petre
1816 4172 1830 4197 ,

263 4239 365 4275 non
397 4225 615 4277 cantabit
644 4224 792 4276 hodie
821 4224 1010 4292 gallus,
1035 4225 1192 4278 donec
1225 4234 1299 4278 ter
1324 4223 1535 4293 abneges
1559 4237 1702 4275 nosse
1724 4236 1801 4273 me
1817 4238 1835 4285 ;

263 4310 498 4367 Joannes
534 4322 708 4367 autem
729 4353 743 4377 ,
776 4312 933 4366 Amen
956 4354 970 4377 ,
1025 4330 1170 4367 amen
1199 4299 1308 4367 dici)
1335 4314 1454 4379 tibi,
1482 4329 1582 4366 non
1622 4310 1838 4364 cantabit

264 4403 432 4471 gallus
455 4446 469 4471 ,
520 4406 676 4459 donec
708 4414 782 4459 ter
820 4422 900 4459 me
936 4421 1100 4476 neges.
1136 4405 1373 4460 Diversis
1404 4407 1542 4459 enim
1571 4403 1748 4458 verbis
1786 4412 1839 4457 et

266 4494 546 4550 verborum
596 4495 780 4551 ordine
816 4496 1057 4552 eamdem
1085 4496 1482 4567 explicaverunt
1522 4496 1835 4550 sententiam

268 4578 467 4639 dixisse
508 4585 787 4640 Dominum
816 4628 829 4651 ,
862 4584 1000 4655 quod
1052 4594 1332 4655 antequam
1374 4586 1541 4653 gallus
1567 4594 1834 4650 cantaret,

270 4679 351 4725 ter
377 4689 498 4728 eum
528 4675 713 4730 Petrus
744 4685 886 4729 esset
914 4684 1218 4744 negaturus.
1250 4675 1450 4729 Rursus
1478 4674 1522 4727 si
1551 4684 1711 4728 totam
1743 4674 1840 4727 tri-

271 4776 392 4817 nam
416 4766 748 4834 negationem
775 4774 896 4819 ante
921 4766 1230 4835 peregisset,
1254 4780 1408 4834 quam
1430 4775 1644 4820 cantare
1672 4765 1842 4835 gallus

272 4849 558 4924 inciperet,
606 4856 878 4925 superfluo
908 4857 1103 4911 dixisse
1130 4856 1336 4911 Marcus
1361 4854 1844 4926 deprehenderetur

272 4958 338 4997 ex
377 4960 599 5012 persona
650 4947 891 5011 Domini,
924 4947 1081 5001 Amen
1115 4947 1226 5000 dico
1252 4947 1375 5013 tibi,
1401 4948 1519 5017 quia
1546 4957 1597 4999 tu
1625 4946 1770 4999 hodie
1791 4947 1843 5000 in

273 5044 416 5087 nocte
444 5035 536 5088 hac
560 5078 575 5101 ,
602 5036 889 5105 priusquam
915 5037 1081 5107 gallus
1106 5038 1178 5091 bis
1198 5052 1363 5090 uocem
1390 5037 1620 5103 dederit,
1671 5045 1744 5089 ter
1770 5052 1847 5090 me

275 5136 544 5195 negaturus
586 5144 655 5181 es.
702 5126 835 5193 Quid
861 5129 1000 5182 enim
1030 5127 1287 5182 attinebat
1312 5128 1524 5192 dicere,
1557 5128 1847 5198 priusquam

278 5215 348 5269 bis
370 5258 383 5280 ,
415 5219 626 5288 quando
647 5261 661 5283 ,
710 5219 753 5273 si
789 5228 911 5273 ante
955 5220 1183 5289 primum
1212 5221 1334 5289 galli
1380 5229 1592 5273 cantum
1624 5227 1730 5273 tota
1762 5218 1847 5271 illa

280 5307 410 5361 trina
436 5311 644 5379 negatio
678 5310 1035 5380 compleretur
1053 5351 1068 5376 ,
1104 5310 1259 5364 simul
1291 5320 1345 5365 et
1367 5317 1490 5364 ante
1514 5307 1807 5363 secundum
1831 5348 1846 5373 ,

280 5406 331 5450 et
360 5409 477 5454 ante
507 5402 717 5455 tertium
738 5442 753 5466 ,
780 5408 838 5455 et
859 5410 983 5456 ante
1008 5414 1194 5454 omnes
1218 5399 1341 5469 galli
1385 5406 1570 5453 cantus
1613 5395 1850 5466 ejusdem

343 5570 355 5597 ¹
384 5572 451 5617 sic
474 5570 737 5633 legendum
767 5584 877 5620 cum
899 5578 1003 5621 Mss.
1042 5576 1094 5619 et
1116 5569 1340 5633 editione
1360 5568 1728 5633 uatisponensi;
1755 5579 1852 5633 non

279 5626 776 5699 anteniuti'apudltir.
816 5640 867 5681 et
888 5639 1020 5691 hom,
1046 5630 1127 5695 qui
1149 5632 1284 5682 habet
1307 5630 1450 5683 etiam
1478 5626 1583 5681 litvo
1616 5626 1759 5686 verba
1782 5626 1855 5686 υει

280 5692 550 5743 sententiam
566 5690 784 5741 similem.

556 5780 783 5842 Saner.
825 5780 1102 5841 Auousr.
1146 5781 1257 5844 Ill.

1560 278 1762 340 LIBER
1795 274 2115 337 TERTIUS.
2168 296 2173 303 '

3348 281 3491 343 H82

1910 392 2082 448 noctis
2104 389 2366 463 completa
2394 390 2741 461 inveniretur,
2771 407 2888 465 quae
2903 400 3027 452 ante
3048 392 3218 467 ipsum
3249 399 3482 468 primum

1910 485 2171 555 completa
2190 485 2540 569 probaretur?
2564 486 2671 542 Sed
2686 488 2808 557 quia
2826 497 2949 544 ante
2961 489 3189 559 primum
3210 492 3333 561 galli
3355 508 3489 547 can-

1910 584 2022 631 tum
2048 584 2221 646 empta
2246 585 2327 631 est
2356 576 2442 631 illa
2464 577 2599 631 trina
2622 578 2851 648 negatio,
2880 579 3219 635 attenderunt
3242 583 3317 636 illi
3351 593 3483 651 tres,

1912 681 2018 721 non
2066 665 2279 737 quando
2327 682 2445 722 eam
2507 668 2864 739 completurus
2918 680 3061 725 esset
3106 671 3329 741 Petrus,
3393 675 3488 729 sed

1913 765 2109 827 quanta
2130 758 2148 789 ί
2175 755 2349 811 futura
2364 765 2526 824 esset,
2554 767 2609 813 et
2632 758 2844 829 quando
2863 771 3099 831 emptura
3119 777 3133 825 ;
3164 761 3216 815 id
3238 774 3335 828 est,
3366 766 3488 834 quia

1914 847 2073 915 trina,
2102 855 2156 901 et
2173 847 2296 917 quia
2324 858 2447 903 ante
2465 849 2590 918 galli
2615 858 2828 904 cantum
2860 868 2872 903 :
2900 866 3203 921 quanquam
3230 852 3281 906 in
3309 855 3486 909 animo

1914 940 2061 1010 ejus,
2092 947 2146 994 et
2170 947 2294 994 ante
2320 940 2551 1010 primum
2587 940 2709 1010 galli
2738 950 2952 995 cantum
2982 950 3091 996 tota
3120 947 3285 1013 possit
3333 944 3491 1000 intel-

1912 1030 2022 1099 ligi.
2065 1030 2316 1097 Quamvis
2337 1030 2478 1084 enim
2509 1031 2684 1085 verbis
2709 1032 2949 1101 negantis
2977 1043 3099 1088 ante
3123 1034 3348 1105 primum
3377 1052 3491 1092 coe-

1914 1128 2002 1190 pta
2026 1161 2041 1185 ,
2088 1129 2210 1175 ante
2238 1120 2531 1175 secundum
2576 1130 2749 1175 autem
2777 1122 2900 1192 galli
2934 1133 3147 1178 cantum
3178 1139 3391 1195 peracta
3417 1129 3495 1183 sit

1916 1219 2023 1265 tota
2069 1212 2154 1266 illa
2186 1213 2321 1267 trina
2359 1213 2604 1283 negatio;
2632 1223 2808 1269 tamen
2837 1215 3118 1273 aﬂ‘ectione
3146 1219 3307 1273 animi
3340 1230 3393 1274 et
3423 1224 3493 1275 ti-

1914 1318 2063 1358 more
2102 1303 2244 1358 Petri
2270 1314 2393 1360 ante
2415 1305 2641 1375 primum
2672 1314 2781 1361 tota
2810 1318 3062 1378 concepta
3088 1318 3172 1365 est
3190 1311 3233 1363 ⁸.
3279 1310 3388 1367 Nec
3417 1313 3498 1367 in~

1916 1404 2084 1450 terest
2108 1398 2318 1466 quantis
2364 1413 2632 1453 morarum
2672 1399 2962 1454 intervallis
2991 1402 3128 1455 trina
3158 1417 3290 1458 voce
3322 1419 3498 1460 enun-

1918 1486 2042 1539 tiata
2067 1489 2155 1552 sit,
2175 1502 2293 1542 cum
2315 1503 2407 1543 cor
2426 1489 2541 1557 ejus
2565 1490 2722 1544 etiam
2749 1499 2870 1545 ante
2888 1491 3113 1561 primum
3134 1495 3259 1565 galli
3279 1505 3495 1553 cantum

1917 1586 2024 1633 tota
2054 1580 2381 1648 possederit,
2410 1590 2515 1635 tam
2556 1597 2745 1652 magna
2788 1584 2993 1639 scilicet
3036 1584 3317 1642 formidine
3341 1589 3498 1643 imbi-

1917 1671 2057 1734 bita,
2091 1682 2149 1726 ut
2197 1682 2375 1742 posset
2418 1674 2735 1740 Dominum,
2785 1690 2891 1729 non
2941 1678 3112 1732 solum
3156 1680 3361 1746 semel,
3405 1680 3502 1737 sed

1918 1765 2107 1819 iterum
2139 1775 2191 1818 et
2236 1766 2390 1821 tertio
2420 1766 2773 1837 interrogatus
2798 1783 2995 1838 negare
3015 1811 3031 1835 ,
3074 1778 3129 1823 ut
3162 1771 3359 1826 rectius
3384 1772 3503 1826 dili-

1917 1856 2230 1926 gentiusque
2269 1857 2664 1912 attendentibus
2689 1858 2730 1924 ³,
2761 1858 3027 1928 quomodo
3064 1862 3175 1929 jam
3207 1862 3502 1919 moechatus

1918 1959 1999 2003 est
2027 1948 2303 2003 mulierem
2331 1949 2382 2001 in
2414 1949 2575 2003 corde
2606 1965 2703 2005 suo
2732 1950 2821 2019 qui
2852 1965 2967 2004 eam
2996 1950 3187 2006 viderit
3214 1953 3279 2006 ad
3301 1968 3500 2009 concu-

1919 2039 2228 2108 piscendum
2262 2037 2281 2108 (
2303 2037 2491 2091 Matth.
2520 2055 2576 2104 v,
2600 2038 2717 2109 28);
2748 2040 2826 2094 sic
2854 2040 3043 2094 Petrus
3066 2040 3504 2115 quandocumque

1920 2129 2095 2183 verbis
2120 2128 2302 2183 ederet
2323 2130 2587 2195 timorem,
2615 2144 2774 2198 quem
2806 2138 2911 2183 tam
2937 2130 3303 2186 vehementem
3327 2134 3505 2188 animo

1921 2228 2273 2288 conceperat,
2304 2228 2361 2273 ut
2405 2219 2697 2288 perdurare
2744 2232 2925 2287 posset
2971 2234 3139 2290 usque
3182 2221 3248 2276 ad
3295 2223 3504 2277 tertiam

1921 2311 2129 2366 Domini
2160 2311 2514 2380 negationem,
2546 2319 2651 2363 tota
2677 2309 2813 2363 trina
2844 2311 3054 2381 negatio
3078 2312 3127 2366 ei
3155 2314 3377 2380 tempori
3404 2312 3503 2367 de-

1921 2400 2150 2471 putanda
2178 2409 2290 2464 est,
2323 2400 2535 2470 quando
2559 2414 2681 2455 eum
2728 2399 2879 2454 trina:
2924 2400 3190 2469 negationi
3238 2401 3507 2458 sufﬁciens

1921 2495 2081 2546 timor
2118 2492 2345 2545 invasit:
2374 2506 2439 2546 ex
2468 2507 2573 2561 quo
2593 2491 2755 2545 etiam
2776 2491 2821 2545 si
2844 2499 2963 2561 post
2984 2492 3210 2561 primum
3233 2494 3354 2563 galli
3382 2509 3510 2548 can-

1923 2591 2035 2636 tum
2085 2582 2411 2651 inciperent,
2457 2582 2667 2651 pulsato
2715 2582 3221 2652 interrogationibus
3252 2596 3504 2654 pectore,

1922 2674 2082 2726 verba
2112 2673 2195 2726 illa
2227 2673 2525 2742 negationis
2550 2688 2851 2742 erumpere,
2881 2689 2979 2728 nec
3004 2673 3082 2729 sic
3101 2674 3329 2729 absurde
3350 2684 3511 2744 atque

1923 2762 2251 2817 mendaciter
2276 2772 2399 2817 ante
2422 2762 2547 2831 galli
2593 2772 2804 2816 cantum
2833 2772 2916 2817 ter
2952 2778 3177 2831 negasse
3207 2763 3504 2831 diceretur,

1925 2853 2137 2925 quando
2184 2864 2307 2909 ante
2360 2854 2483 2925 galli
2530 2865 2743 2909 cantum
2796 2863 2972 2909 tantus
3021 2856 3179 2910 timor
3223 2857 3507 2912 obsederat

1925 2955 2188 3011 mentem,
2221 2946 2310 3015 qui
2340 2960 2460 3000 eum
2481 2944 2505 2976 ⁸
2534 2954 2714 3015 posset
2756 2961 2924 3015 usque
2953 2946 3019 3000 ad
3048 2948 3255 3001 tertiam
3278 2950 3512 3017 negatio-

1926 3051 2048 3093 nem
2072 3038 2379 3107 perducere.
2405 3038 2568 3092 Multo
2589 3039 2765 3092 minus
2783 3038 2938 3108 igitur
2964 3055 3173 3094 movere
3190 3041 3366 3108 debet,
3388 3043 3513 3112 quia

1930 3130 2067 3183 trina
2095 3130 2303 3199 negatio
2346 3131 2502 3184 etiam
2545 3129 2697 3184 trinis
2724 3131 2964 3199 negantis
3002 3132 3215 3186 vocibus
3241 3142 3363 3188 ante
3388 3134 3514 3203 galli

1928 3232 2138 3309 eantngi
2189 3232 2361 3291 empta
2388 3263 2401 3286 ,
2429 3223 2529 3276 etsi
2574 3238 2677 3276 non
2722 3232 2844 3276 ante
2874 3225 3101 3291 primum
3144 3225 3267 3293 galli
3296 3235 3511 3281 cantum

1930 3322 2139 3381 peracta
2172 3321 2270 3365 est.
2303 3313 2573 3380 Tanquam
2600 3313 2644 3365 si
2676 3313 2830 3366 alicui
2861 3313 3159 3378 diceretur,
3187 3317 3296 3369 llac
3320 3328 3475 3373 nocte
3495 3359 3511 3383 ,

1930 3413 2214 3473 antequam
2242 3403 2409 3473 gallus
2436 3412 2640 3466 cantet,
2668 3404 2733 3457 ad
2762 3420 2847 3458 me
2873 3406 3071 3459 scribes
3098 3407 3375 3474 epistolam
3396 3450 3411 3473 ,
3460 3409 3514 3462 in

1932 3509 2033 3562 qua
2079 3492 2205 3545 mihi
2236 3502 2314 3546 ter
2340 3492 2723 3546 conviciaberis
2762 3510 2773 3545 :
2807 3510 2911 3546 non
2944 3495 3120 3562 utique
3159 3495 3203 3547 si
3234 3512 3349 3549 eam
3392 3507 3515 3551 ante

1932 3597 2143 3638 omnem
2174 3583 2295 3652 galli
2321 3592 2532 3637 cantum
2579 3583 2815 3637 scribere
2843 3584 3126 3651 inciperet,
3176 3595 3227 3638 et
3255 3596 3374 3654 post
3403 3588 3512 3655 pri-

1932 3691 2079 3731 mum
2109 3678 2229 3746 galli
2256 3685 2466 3730 cantum
2496 3677 2696 3741 finiret,
2732 3677 2849 3730 ideo
2875 3677 3158 3731 dicendum
3185 3687 3302 3732 erat
3327 3679 3513 3733 falsum

1936 3767 2097 3823 fuisse
2140 3768 2467 3837 praedictum.
2521 3767 2724 3821 Marcus
2771 3783 2899 3838 ergo
2928 3768 2995 3821 de
3037 3769 3270 3837 ipsarum
3322 3783 3512 3824 vocum

1934 3861 2223 3917 intervallis
2268 3861 2478 3931 planius
2513 3861 2749 3915 elocutus
2776 3871 2891 3926 est,
2924 3860 3013 3930 qui
3042 3861 3171 3914 dixit
3198 3877 3259 3916 ex
3288 3876 3513 3930 persona

1937 3950 2148 4005 Domini
2170 3993 2184 4017 ,
2210 3950 2515 4020 Priusquam
2538 3952 2610 4005 bis
2630 3952 2797 4021 gallus
2819 3969 2983 4005 vocem
3019 3954 3210 4005 dederit
3235 3996 3249 4019 ,
3277 3964 3349 4007 ter
3369 3971 3446 4007 me
3465 3971 3516 4009 es

1936 4053 2224 4115 negaturus.
2276 4044 2348 4098 Ita
2375 4054 2579 4113 gestum
2611 4059 2728 4099 esse
2771 4045 3077 4114 apparebit,
3111 4060 3228 4099 cum
3260 4046 3324 4099 ad
3369 4062 3518 4101 eum-

1938 4132 2060 4188 dem
2110 4133 2283 4188 locum
2351 4134 2670 4187 narrationis
2719 4136 3033 4203 evangelica:
3078 4138 3411 4200 venerimus,
3462 4146 3520 4191 ut

1938 4225 2099 4277 etiam
2128 4223 2234 4277 illic
2263 4224 2570 4278 ostendatur
2602 4223 2966 4291 Evangelistas
2998 4223 3096 4276 sibi
3131 4239 3443 4293 congruere.

2010 4315 2062 4368 8.
2088 4313 2141 4369 Si
2158 4322 2334 4368 autem
2356 4321 2665 4382 quaeruntur
2690 4313 2799 4381 ipsa
2818 4313 3035 4367 omnino
3056 4313 3212 4368 verba
3227 4330 3341 4384 qum.
3362 4314 3519 4371 Petro

1942 4406 2197 4461 Dominus
2234 4405 2455 4470 dixerit;
2489 4419 2659 4473 neque
2688 4404 2911 4458 inveniri
2946 4414 3197 4473 possunt,
3228 4413 3283 4458 et
3328 4420 3519 4475 super-

1942 4496 2050 4549 ﬂuo
2079 4504 2414 4565 qumruntut‘;
2447 4510 2566 4549 cum
2608 4494 2867 4549 sententia
2914 4494 3057 4562 ejus,
3098 4504 3315 4564 propter
3359 4511 3517 4565 quam

1943 4588 2363 4659 cognoscendam
2407 4587 2564 4642 verba
2597 4588 2964 4656 proferuntur,
3003 4586 3159 4641 etiam
3204 4589 3255 4640 in
3296 4587 3519 4642 diversis

1946 4679 2398 4749 Evangelistarum
2443 4676 2621 4731 verbis
2666 4677 2827 4746 possit
2875 4692 2993 4731 esse
3050 4678 3343 4731 notissima.
3395 4678 3523 4733 Sive

1946 4784 2071 4839 ergo
2099 4767 2322 4823 diversis
2365 4780 2669 4821 sermonum
2704 4765 2908 4819 Domini
2938 4766 3066 4821 locis
3098 4778 3395 4820 commotus
3425 4767 3525 4820 Pe-

1951 4874 2060 4917 trus
2076 4861 2378 4931 singillatim
2400 4868 2484 4913 ter
2499 4858 2849 4913 enuntiaverit
2862 4859 3323 4928 prcesumptionem
3342 4874 3513 4923 suam,

1949 4963 2002 5009 et
2032 4963 2109 5007 ter
2138 4953 2187 5007 ei
2215 4950 2466 5005 Dominus
2494 4964 2643 5004 suam
2666 4949 2998 5018 negationem
3025 4947 3358 5016 praedixerit,
3389 4947 3526 5002 sicut

1950 5043 2272 5116 probabilius
2315 5041 2622 5111 indagatur;
2670 5042 2781 5094 sive
2823 5039 3001 5107 aliquo
3044 5038 3289 5091 narrandi
3336 5039 3519 5093 ordine

1951 5137 2155 5206 possint
2178 5136 2413 5190 omnium
2445 5132 2897 5203 Evangelistarum
2920 5131 3451 5185 commemorationes
3473 5132 3524 5185 in

1952 5244 2114 5283 unum
2156 5227 2352 5299 redigi,
2381 5227 2572 5297 quibus
2610 5223 3004 5278 demonstretur
3037 5223 3202 5278 semel
3243 5223 3523 5277 Dominum

1953 5319 2265 5390 praedixisse
2310 5318 2467 5372 Petro
2507 5311 2850 5386 praesumenti
2892 5313 3034 5384 quod
3075 5328 3196 5369 eum
3240 5324 3529 5384 negaturus

2021 5514 2039 5544 ι
2063 5518 2196 5570 Lov.,
2210 5507 2418 5572 quando.
2444 5507 2534 5558 Sed
2549 5503 2726 5557 melius
2741 5503 2856 5555 editi
2880 5501 3024 5561 alii'et
3045 5510 3376 5567 Mss.,quanta.

2020 5575 2043 5605 ³
2066 5578 2132 5621 tta
2156 5571 2259 5620 Mss.
2286 5576 2339 5618 et
2361 5576 2458 5619 nat.
2485 5578 2541 5619 At
2561 5575 2635 5616 Er.
2664 5574 2715 5616 et
2736 5573 2865 5625 tom,
2890 5572 3045 5626 empta
3074 5571 3159 5614 est.
3212 5602 3215 5603 ν

2025 5637 2043 5667 ³
2068 5642 2119 5683 tn
2139 5646 2231 5683 sex
2265 5640 2367 5680 MSS.
2394 5630 2605 5680 additum
2629 5630 2706 5677 hic
2729 5637 2821 5688 est,
2846 5628 3047 5678 videtur.

2026 5697 2048 5729 ’δ
2072 5702 2123 5745 ιιι
2159 5704 2261 5744 MSS.
2304 5705 2450 5756 prOpe
2483 5692 2703 5742 omnibus
2740 5698 2790 5739 et
2828 5696 2947 5748 Rat.,
2980 5702 3102 5737 eam.

2725 5772 3205 5853 (Troum-sapt.)
