3888 6328
338 232 351 241 ι

407 398 589 455 esset;
617 380 760 445 nulla
786 385 878 444 hic
901 384 1364 457 Bmaelistsrum
1395 382 1757 457 «pugnantia
1789 380 1991 453 deprc-

407 480 572 540 hendi
599 478 794 551 poterit
811 516 832 547 ,
855 478 994 534 sicut
1017 475 1162 533 nulla
1185 484 1289 534 est.

407 588 636 651 CAPUT
664 592 751 649 ur.
777 614 849 635 ιι·-
871 589 953 647 De
978 592 1059 646 his
1080 604 1195 662 qua
1223 589 1359 645 dicta
1382 588 1503 645 sunt
1530 604 1564 643 a
1586 584 1807 644 Domino
1836 588 1993 643 donec

479 688 637 741 exiret
661 686 723 739 de
745 684 903 740 domo
920 682 1015 739 ubi
1033 689 1383 751 cenaverant,
1406 676 1827 753 quemadmodum
1864 681 1993 736 nihil

476 780 765 850 discrepare
788 776 1147 832 monstrantur.

476 892 532 949 9.
559 889 711 947 Nunc
737 886 864 964 ergo
888 884 1143 961 quantum
1172 880 1495 960 possumus,
1516 882 1689 958 ipsum
1721 900 1788 943 ex
1814 882 1991 943 omni-

405 978 507 1040 bus
537 980 776 1040 ordinem
814 980 926 1054 jam
960 995 1264 1053 sequamur.
1298 978 1431 1035 Cum
1481 978 1660 1050 itaque
1696 978 1989 1037 secundum

402 1066 668 1136 JOannem
698 1072 799 1131 hbe
825 1072 985 1130 Petro
1017 1064 1326 1145 praediolum
1362 1064 1503 1131 esset
1523 1111 1542 1139 ,
1572 1070 1814 1141 scquitu’r
1848 1068 1990 1127 idem

399 1166 656 1236 Joannes,
676 1172 730 1224 et
750 1166 982 1223 conserit
1001 1160 1212 1220 Domini
1231 1160 1556 1230 sermonem,
1578 1162 1837 1220 dicentis:
1865 1162 1991 1218 Non

399 1259 627 1323 turbetur
648 1239 734 1326 cor
752 1254 986 1313 vestrum.
1014 1254 1226 1312 Creditis
1251 1254 1303 1311 in
1323 1248 1510 1323 Deum,
1532 1264 1577 1317 et
1598 1253 1650 1310 in
1672 1271 1753 1313 me
1770 1255 1989 1313 credite:

395 1351 454 1411 ta
475 1351 626 1406 domo
650 1348 828 1404 'Patris
862 1351 957 1404 anei
987 1344 1270 1403 ηιαηυῖωεε
1309 1347 1484 1402 multa:
1519 1355 1670 1412 sunt,
1716 1355 1819 1403 etc.
1862 1346 1989 1403 Scu-

394 1444 575 1501 monis
600 1436 716 1513 eius
744 1436 995 1511 praeclara
1021 1440 1355 1513 maximeque
1378 1434 1623 1496 sublimia
1646 1440 1737 1495 diu
1765 1447 1985 1507 narrat,

396 1521 571 1601 denec
593 1533 884 1589 contextim
905 1531 1084 1588 veniat
1100 1530 1167 1587 ad
1191 1528 1339 1587 illum
1368 1536 1542 1591 locum
1560 1571 1583 1600 ,
1610 1531 1696 1586 ubi
1724 1530 1797 1585 ait
1820 1530 1988 1587 Domi-

395 1630 537 1678 nus:
579 1618 738 1675 Pater
768 1621 948 1694 juste,
990 1626 1039 1677 et
1065 1616 1084 1653 ⁸
1116 1619 1337 1675 mundus
1385 1630 1433 1675 te
1468 1637 1570 1679 non
1594 1621 1860 1692 cognorit;
1896 1636 1987 1692 ego

396 1720 565 1767 autem
589 1722 636 1764 te
653 1709 905 1783 cognovi:
930 1718 977 1766 et
1000 1708 1043 1765 ii
1068 1714 1407 1785 cognoverunt
1434 1708 1553 1781 quia
1581 1719 1635 1763 tu
1660 1726 1738 1764 nte
1766 1710 1945 1764 misisti
1964 1726 1987 1776 ;

396 1806 447 1857 et
470 1811 646 1856 notum
670 1801 740 1855 eis
766 1800 869 1872 feci
887 1816 1069 1856 nomen
1094 1808 1270 1871 tuum,
1297 1810 1345 1861 ct
1366 1811 1539 1857 notum
1566 1803 1788 1873 faciam,
1817 1810 1870 1855 ut
1900 1801 1980 1854 di—

395 1891 540 1947 lectio
560 1904 661 1963 qua
685 1888 906 1955 dilexisti
924 1907 1033 1958 me,
1061 1894 1113 1947 in
1135 1891 1256 1963 ipsis
1281 1893 1373 1958 sit,
1402 1890 1448 1947 et
1478 1909 1566 1964 ego
1586 1891 1637 1946 in
1660 1893 1781 1962 ipsis
1804 1890 1980 1965 (Joan.

394 1996 632 2040 τιν-«κνῆ
731 1983 863 2038 Cum
895 1990 1074 2043 autem
1107 1986 1243 2057 facta
1270 1993 1413 2051 esset
1435 1986 1685 2045 contentio
1711 1984 1839 2039 inter
1864 2001 1981 2051 eos,

393 2075 504 2139 quis
534 2091 703 2130 eorum
730 2074 979 2129 videretur
1003 2090 1111 2129 esse
1145 2074 1310 2147 major
1328 2116 1345 2143 ,
1383 2074 1518 2131 sicut
1545 2062 1715 2149 Lucas
1742 2092 1982 2134 comme-

393 2173 601 2230 morat,
633 2164 760 2219 dixit
801 2165 908 2220 eis:
940 2164 1103 2237 Reges
1143 2165 1369 2235 gentium
1412 2164 1736 2220 dominantur
1767 2184 1939 2223 eorum
1960 2209 1980 2237 ,

395 2264 451 2312 et
468 2259 555 2328 qui
584 2265 877 2327 potestatem
911 2255 1095 2311 habent
1122 2271 1275 2328 super
1310 2272 1426 2323 eos,
1471 2256 1681 2326 beneﬁci
1715 2268 1979 2313 vocantur.

402 2348 506 2405 Vos
545 2360 710 2403 autem
750 2367 850 2406 non
895 2350 1006 2425 sic:
1044 2348 1137 2405 sed
1176 2349 1261 2419 qui
1291 2348 1458 2418 major
1492 2360 1562 2404 est
1601 2352 1652 2407 in
1692 2351 1863 2419 vobis,
1890 2354 1983 2421 ﬁat

392 2440 523 2495 sicut
548 2440 727 2511 janior
772 2438 830 2508 ις
856 2448 904 2495 et
931 2440 1018 2512 qui
1042 2456 1317 2512 prwcessor
1352 2449 1459 2508 est,
1490 2441 1620 2495 sicut
1650 2443 1980 2498 ministrator.

395 2520 536 2586 Nam
565 2532 676 2601 quis
700 2531 866 2605 major
902 2538 973 2586 est
996 2571 1019 2603 ,ι
1044 2531 1131 2603 qui
1156 2531 1433 2599 recumbit,
1456 2547 1524 2585 an
1562 2533 1648 2603 qui
1687 2534 1938 2589 ministrat
1956 2537 1985 2593 1’

391 2637 560 2677 nonne
579 2622 668 2693 qui
691 2622 971 2677 recumbit?
999 2621 1111 2694 Ego
1138 2632 1304 2677 autem
1329 2622 1382 2677 in
1412 2622 1577 2676 medio
1614 2633 1831 2679 vestrum
1867 2643 1984 2681 sum

391 2713 520 2768 sicut
560 2714 649 2785 qui
671 2713 922 2768 ministrat
949 2730 970 2769 :
1003 2729 1090 2769 vos
1132 2724 1298 2769 autem
1340 2714 1458 2772 estis
1501 2716 1590 2787 qui
1636 2720 1985 2788 permansistis

392 2821 589 2860 mecum
608 2806 661 2861 in
685 2806 1037 2861 tentationibus
1059 2806 1201 2861 meis.
1234 2802 1300 2864 Et
1320 2823 1423 2883 ego.
1439 2807 1653 2878 dispono
1674 2811 1828 2874 vobis,
1853 2800 1983 2867 sicut

394 2896 641 2969 diSposuit
665 2898 789 2953 mihi
820 2897 975 2953 Pater
1012 2916 1150 2955 meus
1187 2916 1433 2973 regnum,
1464 2908 1517 2954 ut
1546 2901 1705 2957 edatis
1734 2913 1781 2959 et
1805 2903 1984 2961 bibatis

392 2996 542 3059 sttper
578 3004 803 3042 mensam
835 3005 998 3041 meam
1033 2989 1085 3043 in
1127 3006 1283 3060 regno
1326 3006 1457 3055 meo,
1492 2999 1541 3045 et
1572 2991 1787 3048 sedentis
1830 3010 1985 3066 super

393 3064 629 3144 throws,
661 3077 945 3146 iudicantes
975 3077 1243 3131 duodecim
1274 3078 1432 3132 tribus
1467 3074 1654 3137 Israel.
1698 3084 1781 3136 Ait
1813 3064 1982 3138 autem

392 3163 646 3224 Dominus
675 3167 914 3235 Simoni,
941 3168 1078 3224 sicut
1100 3167 1273 3224 Lucas
1303 3169 1418 3238 ipse
1446 3170 1733 3242 subjungit,
1763 3172 1979 3243 Simon,

393 3250 505 3314 ecce
535 3267 740 3313 satanas
776 3259 1011 3331 expetivit
1036 3276 1153 3327 vos,
1197 3268 1252 3313 ut
1278 3254 1519 3314 cribraret
1546 3261 1673 3316 sicut
1713 3263 1935 3318 triticum
1959 3281 1981 3321 :

393 3366 487 3423 ego
516 3360 682 3407 autem
704 3354 875 3423 rogavi
902 3368 995 3422 pro
1023 3362 1069 3405 te
1086 3393 1101 3418 ,
1124 3361 1301 3407 utnon
1329 3350 1531 3424 deficiat
1553 3353 1681 3422 [idos
1707 3364 1795 3408 tua
1814 3369 1837 3420 ;
1856 3366 1902 3410 et
1925 3365 1982 3413 tu

392 3430 668 3514 dliquando
706 3454 973 3498 cdnversus
996 3484 1013 3511 ,
1042 3446 1287 3514 con/irata
1311 3444 1496 3515 fratres
1538 3455 1669 3501 tuos.
1704 3446 1805 3512 Qui
1851 3448 1981 3504 dixit

394 3534 483 3591 ei:
513 3537 758 3605 Domine,
799 3546 958 3591 tecum
996 3547 1204 3610 paratas
1229 3555 1345 3593 sum
1387 3548 1432 3594 et
1459 3539 1513 3594 in
1554 3556 1804 3596 carcerem
1841 3553 1889 3599 et
1926 3545 1981 3600 in

392 3638 605 3682 mortem
627 3628 721 3683 ire.
744 3625 815 3681 Et
837 3628 926 3683 illa
951 3628 1083 3685 dixit
1104 3644 1125 3683 :
1153 3628 1280 3683 Dico
1305 3629 1428 3696 tibi,
1459 3627 1641 3698 Petre,
1673 3648 1773 3688 non
1797 3644 1979 3689 canta-

394 3716 464 3771 bit
492 3717 641 3772 hodie
664 3717 832 3790 gallus
851 3760 866 3785 ,
909 3718 1067 3774 donec
1108 3729 1182 3773 ter
1206 3718 1419 3792 abneges
1446 3737 1595 3775 nosse
1634 3738 1731 3777 me.
1755 3722 1825 3779 Et
1851 3725 1981 3781 dixit

396 3807 509 3863 eis:
546 3807 761 3874 Quando
800 3808 913 3863 misi
950 3824 1036 3863 vos
1077 3810 1186 3865 sine
1209 3809 1412 3864 sacculo
1453 3820 1501 3865 et
1529 3828 1651 3882 pera
1693 3822 1739 3867 ct
1779 3814 1979 3871 calcea-

394 3899 608 3964 mentis,
640 3898 883 3969 numqaid
908 3899 1103 3971 aliquid
1130 3899 1287 3969 defuit
1312 3901 1487 3957 vobis?
1514 3903 1577 3955 At
1602 3903 1681 3957 illi
1704 3904 1939 3963 dixerunt
1958 3923 1980 3962 .'

395 3980 568 4042 Nihil.
596 3985 743 4043 Dixit
785 4004 904 4059 ergo
932 3989 1001 4043 eis
1022 4006 1043 4044 :
1085 3987 1192 4045 Sed
1219 4007 1352 4045 nunc
1387 3993 1476 4063 qui
1497 3993 1642 4049 habet
1674 3997 1937 4051 sacculum
1960 4039 1977 4065 ,

396 4077 582 4142 tollat;
607 4077 837 4132 similiter
855 4086 900 4132 et
920 4096 1090 4150 peram
1111 4094 1132 4134 :
1156 4090 1202 4135 et
1221 4081 1307 4151 qui
1328 4099 1429 4137 non
1448 4081 1624 4150 habet,
1647 4086 1830 4140 vendat
1851 4088 1983 4142 tuni-

398 4181 513 4226 cam
541 4186 715 4238 suam,
744 4179 791 4224 et
818 4180 949 4225 emat
975 4170 1221 4242 gladium.
1247 4171 1375 4229 Dico
1396 4174 1529 4228 enim
1551 4176 1709 4243 vobis,
1740 4179 1980 4246 quoniam

395 4264 564 4319 adhuc
585 4263 679 4317 hoc
700 4263 838 4335 quod
861 4263 1105 4334 scriptum
1128 4273 1199 4319 est
1215 4306 1232 4333 ,
1255 4276 1452 4339 Oportet.
1479 4267 1677 4340 impleri
1703 4270 1757 4325 in
1782 4287 1881 4335 me,
1912 4270 1981 4325 Et

393 4368 511 4411 cum
536 4355 738 4424 iniustis
762 4354 1030 4428 deputatus
1059 4364 1150 4409 est.
1178 4352 1379 4410 Etenim
1411 4374 1470 4412 ea
1494 4375 1606 4427 quae
1633 4370 1751 4415 sunt
1775 4361 1839 4416 de
1869 4378 1977 4429 me,

396 4444 549 4520 ﬁnem
575 4448 774 4502 habent.
806 4447 869 4502 At
894 4448 971 4504 illi
995 4446 1226 4504 dixerunt
1247 4466 1269 4504 :
1298 4449 1532 4519 Domine,
1554 4471 1667 4509 ecce
1692 4455 1853 4526 gladii
1876 4458 1979 4512 duo

396 4540 498 4595 hic.
526 4538 592 4593 At
621 4538 708 4595 ille
732 4540 860 4595 dicit
896 4540 1007 4595 eis:
1048 4539 1188 4596 Satis
1212 4550 1285 4597 est
1306 4540 1453 4613 (Luc.
1482 4560 1593 4600 xxu
1614 4588 1629 4614 ,
1655 4545 1865 4618 24-58).
1911 4546 1982 4604 Ει

397 4631 587 4701 hymno
616 4630 782 4697 dicto,
825 4631 963 4684 sicut
990 4630 1267 4687 Mattlwcus
1307 4632 1619 4705 Nereusque
1656 4652 1982 4695 commemo-

397 4729 538 4783 rant,
569 4720 791 4773 exierunt
810 4720 863 4773 in
884 4732 1101 4775 montem
1130 4720 1333 4779 Oliveti.
1355 4722 1497 4790 Tunc
1522 4726 1645 4781 dicit
1666 4728 1769 4784 illis
1786 4728 1938 4785 Iesus
1959 4747 1982 4788 .'

402 4810 589 4865 Omnes
622 4827 708 4865 vos
739 4810 1033 4866 scandalum
1072 4815 1332 4886 patiemini
1375 4819 1429 4872 in
1468 4835 1545 4873 me
1575 4820 1632 4874 in
1676 4821 1773 4877 ista
1814 4835 1977 4882 nocte.

398 4900 664 4977 Scriptum
685 4912 760 4960 est
786 4903 919 4959 enim
938 4946 956 4973 ,
984 4903 1275 4963 Percutiam
1299 4919 1578 4981 pastorem,
1617 4926 1663 4968 et
1687 4914 1982 4989 dispergen-

396 5005 483 5050 tur
507 5013 619 5051 oves
637 4997 822 5081 gregis.
848 4996 1128 5073 Postquam
1147 5011 1313 5058 autent
1335 5021 1674 5076 resarrexero,
1701 5011 1984 5081 prwcedatu

400 5101 492 5142 vos
529 5087 582 5141 in
624 5072 910 5144 Catilinam.
940 5088 1271 5163 Respondeas
1304 5104 1475 5153 autem
1508 5072 1720 5163 Petrus,
1751 5102 1822 5153 ait
1862 5102 1984 5161 illi:

400 5176 520 5236 Etsi
563 5196 736 5237 omnes
770 5182 1101 5245 scandalizati
1149 5186 1339 5256 fuerint
1385 5187 1438 5243 in
1469 5197 1554 5256 te,
1580 5206 1686 5267 ego
1726 5207 1981 5265 nunquam

467 5368 486 5403 ι
512 5378 563 5421 1n
588 5369 732 5439 editis
747 5371 929 5439 omissa
950 5360 1058 5422 erat
1078 5372 1306 5439 particula
1320 5408 1335 5433 ,
1358 5356 1440 5439 et;
1461 5389 1573 5439 qua:
1593 5349 1674 5430 bic
1694 5379 1744 5430 in
1771 5379 1988 5437 melioris

545 5432 909 5514 5351-19.99!“
932 5432 1122 5484 "eam
1144 5435 1195 5484 ί¹¹
1208 5432 1807 5511 ωυαυίξδόνὺθὶωιεωυε
1828 5432 1988 5514 nam

402 5501 454 5545 et
476 5495 692 5567 intentu
708 5507 883 5569 anteco,
1100 5532 1103 5543 ι
1275 5504 1291 5568 ς
1326 5495 1339 5500 ⁷
1398 5504 1403 5511 ’
1477 5560 1488 5571 ,
1894 5502 1903 5514 “

470 5556 491 5587 ³
516 5556 652 5623 Edtu,
675 5564 798 5623 sicut
816 5569 990 5623 minor.
1013 5564 1077 5607 At
1089 5564 1219 5620 Mssa,
1240 5560 1547 5623 stme
1572 5577 1588 5613 :
1602 5566 1682 5615 sic
1695 5568 1840 5619 etiam
1862 5573 1987 5621 auti—

402 5627 511 5727 2ιῖ
522 5618 830 5728 mansit!
870 5617 1018 5671 Biblia
1037 5626 1091 5672 et
1110 5617 1667 5691 immansuetum;
1682 5617 1987 5697 littus—i563:

1219 266 1313 325 DE
1348 264 1703 326 CONSENSU
1741 259 2384 337 ΕἾΑΝΒΕΠΞῚἪΠΒΜ,
2418 263 2482 324 8.
2516 263 2887 329 AUGUS'l'lNl

3544 267 3700 328 ii“

2100 378 2504 436 scandalizatur.
2533 380 2620 438 Ait
2644 382 2724 438 illi
2748 380 2905 439 Iesus
2928 397 2953 441 :
2978 382 3141 441 Men
3157 385 3271 442 dico
3304 387 3395 443 tibi
3416 430 3431 454 ,
3472 388 3594 456 quia
3638 392 3697 447 in

2095 466 2195 523 Irae
2220 479 2363 526 nocte
2380 508 2395 536 ,
2426 480 2692 544 antequam
2718 474 2887 546 gallus
2908 484 3102 543 cantet,
3136 482 3220 537 ter,
3236 496 3318 533 me
3342 480 3565 551 negabis.
3602 484 3692 537 Att

2094 557 2175 614 illi
2199 558 2384 617 Petrus
2404 579 2426 618 τ
2448 562 2667 619 Etiamsi
2689 567 2969 637 Oportuerit
2992 582 3073 621 me
3108 570 3236 623 mori
3266 580 3428 626 tecum
3450 614 3465 637 ,
3496 588 3599 627 non
3639 583 3687 629 te

2094 651 2303 723 negabo.
2332 652 2581 709 Similiter
2623 663 2679 711 et»
2704 672 2878 713 omnes
2919 658 3156 730 discipuli
3179 659 3420 716 aliterunt
3458 662 3682 734 (Matth.

2095 752 2227 798 xxvi
2242 783 2258 809 ,
2280 744 2491 817 εει-δε).
2523 747 2648 803 Haec
2671 750 2961 804 Secmnlum
2988 750 3292 807 Mattlncum
3317 754 3685 811 lnserulmns:

2094 834 2190 889 sed
2212 846 2265 891 et
2301 838 2465 895 Marci
2493 856 2627 911 pene
2650 843 2761 912 ipsa
2788 849 2843 898 et
2868 844 3084 899 totidem
3123 845 3282 902 verba
3326 855 3454 903 sunt
3490 847 3682 918 (Mare.

2092 934 2219 998 xw,
2242 930 2457 1005 26-31),
2487 934 2589 988 nisi
2617 934 2739 1005 quia
2764 935 2925 991 distat
2946 935 3076 992 illud
3105 937 3247 1010 quod
3274 930 3347 997 de
3374 941 3499 1012 galli
3519 951 3680 997 cantu

2088 1017 2201 1090 jam
2224 1035 2381 1092 supra
2411 1024 2783 1079 enodavlmus.

2093 1111 2319 1169 CAPUT
2341 1110 2430 1170 IV.
2452 1144 2523 1156 —-
2549 1113 2629 1170 De
2647 1116 2726 1171 his
2753 1132 2865 1191 qua:
2880 1127 3019 1190 gesta
3047 1130 3166 1176 sunt
3187 1122 3240 1176 in
3263 1118 3357 1178 illo
3386 1123 3584 1195 prwdio
3608 1124 3686 1179 vel

2163 1204 2342 1273 horto,
2385 1222 2487 1278 quo
2534 1223 2600 1264 ea:
2638 1208 2731 1264 illa
2787 1210 2936 1265 domo
2984 1221 3096 1284 post
3153 1217 3347 1271 canam
3401 1228 3682 1284 venerunt,

2161 1297 2412 1367 quomodo
2455 1299 2607 1353 trir-m
2627 1342 2641 1364 ,
2690 1298 2747 1355 id
2786 1310 2859 1358 est
2902 1301 3135 1371 Matthtei
3152 1348 3167 1371 ,
3217 1302 3386 1360 Marci
3436 1318 3481 1361 et
3527 1306 3685 1363 Luca

2160 1392 2490 1445 consonantia
2518 1390 2917 1462 demonstretur,
2952 1397 3191 1461 quoniam
3220 1384 3455 1453 Joaimes
3490 1398 3555 1454 de
3591 1401 3687 1455 hoc

2162 1487 2308 1533 tacet.

2162 1570 2249 1626 10.
2279 1570 2524 1627 Contexit
2552 1586 2681 1647 ergo
2709 1568 3066 1631 narrationem
3090 1568 3368 1634 Manlia-us
3389 1621 3406 1645 ,
3438 1589 3493 1635 et
3512 1581 3677 1636 dicit:

2089 1659 2232 1714 Tunc
2256 1663 2385 1716 venit
2412 1661 2565 1717 Iesus
2589 1680 2704 1718 cum
2724 1664 2826 1719 illis
2848 1665 2903 1719 in
2924 1665 3098 1720 villam
3123 1682 3235 1737 quia
3257 1669 3446 1723 dicitur
3470 1669 3680 1726 Gethss-

2088 1754 2228 1807 tnani
2270 1754 2485 1826 (Matth.
2539 1768 2712 1824 XXVI,
2766 1754 2978 1832 56146).
3030 1756 3142 1815 Hoc
3185 1760 3309 1815 dicit
3363 1772 3420 1818 et
3467 1763 3679 1819 Marcus

2082 1843 2279 1920 (Marc.
2308 1858 2401 1904 xxv
2425 1892 2440 1911 .
2474 1848 2696 1922 52—42);
2730 1852 2831 1906 hoc
2863 1861 2917 1906 ct
2946 1851 3114 1907 Lucas
3154 1867 3258 1907 non
3295 1862 3554 1926 expresse
3586 1871 3682 1910 no-

2087 1939 2287 1992 minato
2318 1940 2553 2009 praedio,
2599 1955 2719 1995 cum
2750 1943 2860 1997 ait:
2892 1934 2960 1996 Et
2998 1958 3224 2014 egressus
3265 1944 3369 1999 ibat
3403 1949 3684 2001 secundum

2087 2032 2495 2085 consuetudinem
2525 2033 2577 2087 in
2608 2043 2827 2088 montem
2857 2031 3116 2090 Oliuarum
3144 2051 3164 2092 :
3191 2040 3349 2092 secuti
3367 2048 3487 2092 sunt
3516 2052 3684 2095 autem

2085 2118 2232 2174 illum
2270 2130 2317 2174 et
2354 2121 2609 2190 discipuli.
2644 2123 2853 2179 Etcum
2882 2128 3181 2196 pervenisset
3223 2129 3292 2183 ad
3335 2128 3501 2184 locum
3555 2131 3685 2187 dixit

2085 2210 2190 2265 illis
2209 2227 2230 2265 :
2253 2211 2409 2265 Orate
2429 2229 2491 2266 ne
2512 2214 2706 2268 intretis
2722 2216 2775 2269 in
2795 2219 3113 2271 tentationem
3143 2217 3292 2290 (Lac.
3313 2230 3452 2286 xm,
3474 2222 3679 2293 5946).

2087 2299 2191 2356 Iste
2216 2302 2365 2356 locus
2391 2314 2500 2366 est,
2534 2304 2684 2374 cujus
2713 2320 2906 2360 nomen
2935 2302 3011 2362 illi
3033 2307 3281 2362 dixerunt
3307 2308 3679 2366 Gctltsctnani.

2085 2389 2163 2446 lbi
2207 2391 2366 2447 fuisse
2415 2394 2757 2465 intelligimus
2799 2397 3046 2465 hortum,
3088 2414 3245 2468 quem
3290 2412 3685 2459 commemorat

2084 2481 2349 2551 Joannes,
2381 2486 2450 2540 ita
2500 2504 2763 2545 narrans:
2813 2508 2835 2542 ι
2888 2491 3011 2546 llmc
3051 2506 3172 2547 cum
3216 2492 3442 2547 dixisset
3486 2494 3678 2566 ἔρειπε,

2084 2589 2334 2646 egressus
2357 2588 2439 2633 cSt
2463 2593 2582 2632 cum
2623 2580 2895 2650 discipulis
2928 2582 3038 2635 suis
3065 2592 3211 2636 trans
3260 2593 3559 2640 torrentem
3588 2586 3683 2642 Cc.

2084 2666 2262 2736 dron,
2312 2669 2407 2724 ubi
2450 2681 2561 2725 erat
2609 2672 2819 2738 hortus,
2865 2673 2919 2727 in
2966 2678 3124 2744 quem
3165 2675 3400 2729 introivit
3456 2677 3577 2747 ipse
3632 2687 3683 2732 et

2086 2758 2329 2829 discipuli
2370 2760 2487 2829 ejus
2516 2780 2534 2812 ι
2581 2760 2760 2831 (Joan.
2792 2778 2962 2828 xvtn,
2994 2764 3069 2835 l).
3105 2766 3303 2821 Deinde
3328 2810 3343 2831 ,
3385 2770 3681 2824 secundum

2085 2848 2427 2918 Mattha‘um,
2481 2869 2501 2902 ‹
2537 2851 2671 2906 dixit
2710 2853 3029 2923 discipulis:
3082 2855 3277 2910 Sedete
3328 2856 3454 2926 hic,
3503 2859 3678 2914 donec

2085 2943 2275 2997 vatiam
2307 2944 2431 2999 illuc
2470 2955 2523 3000 et
2551 2960 2720 3000 orem.
2755 2948 2817 3000 Et
2854 2958 3127 3018 assumpto
3173 2951 3332 3005 Petro
3371 2962 3425 3007 ct
3471 2952 3679 3009 duobus

2084 3033 2207 3090 ﬁliis
2233 3034 2498 3101 Zcbedtci,
2527 3038 2687 3107 erupit
2711 3039 3013 3105 contristari
3033 3046 3089 3094 ct
3114 3052 3337 3095 mmstus
3357 3058 3505 3099 esse.
3531 3043 3674 3099 'l'unc

2086 3127 2160 3181 ait
2185 3126 2329 3181 illis:
2362 3126 2551 3182 Tristis
2590 3140 2671 3182 est
2697 3131 2870 3183 anima
2916 3144 3036 3186 mea
3087 3126 3252 3201 usque
3284 3134 3350 3186 ad
3402 3145 3672 3203 mortem;

2087 3217 2342 3273 sustinete
2366 3218 2452 3273 hic
2478 3229 2531 3273 et
2560 3218 2773 3288 vigilate
2804 3236 3029 3275 mecum.
3062 3221 3130 3276 Et
3158 3238 3480 3293 progressus
3506 3227 3671 3297 pusil-

2081 3310 2227 3375 lum,
2267 3309 2494 3380 procidit
2525 3312 2575 3365 in
2609 3311 2797 3366 faciem
2827 3327 2978 3369 suam
2998 3356 3013 3381 ,
3045 3327 3206 3368 orans
3236 3325 3290 3369 et
3330 3316 3561 3373 dicens:
3606 3317 3672 3372 hii

2084 3396 2277 3467 Pater,
2328 3402 2374 3455 si
2421 3402 2672 3471 possibile
2720 3413 2831 3471 est,
2885 3414 3120 3460 transeat
3160 3421 3192 3460 a
3236 3420 3321 3461 me
3358 3408 3499 3461 calix
3540 3410 3670 3475 iste;

2082 3496 2450 3545 Verumtamen
2484 3507 2588 3546 non
2618 3493 2755 3547 sicut
2784 3509 2882 3565 ego
2906 3495 3025 3550 volo
3045 3537 3060 3563 ,
3093 3498 3187 3550 sed
3212 3498 3348 3552 sicut
3381 3507 3458 3551 tu.
3492 3499 3557 3553 Et
3584 3512 3669 3554 ve-

2084 3580 2167 3636 nit
2188 3580 2256 3635 ad
2286 3580 2609 3653 discipulos,
2638 3592 2691 3637 et
2716 3584 2915 3640 invenit
2938 3601 3031 3641 eos
3060 3586 3420 3654 dormientes;
3451 3599 3509 3643 et
3550 3588 3670 3643 dicit

2085 3670 2286 3726 Petro:
2329 3671 2418 3727 Sic
2460 3688 2563 3726 non
2595 3673 2837 3742 potuistis
2867 3691 2968 3729 una
2998 3677 3123 3730 liora
3154 3676 3375 3747 vigilare
3420 3678 3669 3733 mecum?

2086 3762 2342 3834 Vigilate,
2372 3772 2425 3817 et
2453 3774 2603 3819 orate
2631 3771 2686 3817 ut
2709 3780 2815 3819 non
2845 3767 3049 3820 intretis
3076 3766 3126 3820 in
3158 3768 3530 3822 mutationem.
3558 3768 3669 3837 Spi-

2082 3855 2222 3910 t‘itus
2250 3855 2461 3924 quidem
2493 3865 2770 3926 promptus
2799 3867 2880 3911 est
2904 3899 2920 3923 ,
2951 3862 3077 3911 caro
3103 3868 3281 3913 autem
3313 3856 3546 3914 inﬁrma.
3570 3858 3666 3913 lte-

2085 3948 2204 4000 t‘um
2248 3946 2481 4000 secundo
2513 3946 2643 4000 abiit
2681 3956 2735 4001 et
2773 3948 2982 4012 oravit,
3020 3947 3241 4002 dicens:
3294 3948 3456 4004 Pater
3501 3951 3601 4015 mi,
3627 3950 3667 4003 si

2085 4048 2197 4090 non
2227 4046 2399 4106 potest
2428 4037 2514 4093 hic
2551 4038 2685 4091 calix
2715 4038 2979 4106 transire,
3019 4038 3120 4094 nisi
3147 4040 3321 4094 bibam
3352 4038 3501 4095 illum
3522 4082 3538 4107 ,
3587 4041 3668 4095 ﬁat

2086 4126 2332 4181 voluntas
2377 4135 2485 4182 tua.
2531 4127 2597 4181 Et
2623 4129 2768 4181 venit
2812 4129 3040 4194 iterum,
3093 4137 3146 4183 et
3173 4129 3378 4184 invenlt
3423 4142 3521 4184 eos
3555 4129 3668 4184 dor-

2088 4218 2353 4272 mientes:
2385 4229 2535 4273 erant
2572 4220 2712 4274 enim
2744 4219 2886 4273 oculi
2913 4233 3098 4274 eorum
3133 4220 3355 4290 gravati.
3387 4221 3453 4276 Et
3477 4222 3667 4276 relictis

2086 4306 2195 4363 illis
2214 4351 2228 4376 ,
2274 4309 2465 4362 lterum
2495 4309 2655 4376 abiit,
2700 4318 2753 4364 ct
2779 4311 2949 4364 oravit
2976 4310 3161 4377 tertio,
3189 4311 3435 4368 eumdem
3465 4328 3665 4369 sermo-

2088 4416 2210 4457 nem
2239 4403 2439 4457 dicens.
2468 4402 2619 4457 Tunc
2662 4403 2806 4459 venit
2843 4402 2912 4459 ad
2939 4400 3226 4475 discipulos
3255 4419 3411 4473 suos,
3455 4418 3513 4462 et
3550 4407 3666 4462 dicit

2089 4493 2230 4547 illis:
2265 4492 2499 4548 Dormite
2530 4493 2639 4564 jam
2661 4535 2676 4559 ,
2722 4504 2775 4549 et
2803 4496 3155 4565 requiescite:
3206 4510 3332 4552 ecce
3378 4499 3664 4571 appropin-

2088 4584 2271 4656 quavit
2314 4584 2476 4649 liora,
2523 4595 2578 4640 et
2622 4583 2785 4639 Filius
2824 4586 3053 4641 hominis
3095 4586 3336 4641 tradetur
3382 4588 3434 4642 in
3483 4602 3663 4644 manus

2090 4686 2453 4748 peccatorum.
2502 4674 2752 4748 Surgite,
2798 4691 3018 4746 eamus;
3064 4692 3188 4735 ecce
3232 4680 3665 4754 apprOpinquavit

2088 4768 2181 4839 qui
2207 4782 2292 4821 me
2313 4768 2503 4823 tradet.
2538 4786 2558 4819 ι

2163 4860 2191 4917 Ι
2201 4862 2253 4918 1.
2295 4862 2418 4918 llaec
2443 4862 2603 4917 etiam
2631 4859 2867 4926 Marcus,
2901 4875 3071 4932 coque
3097 4872 3315 4932 prcrsus
3336 4865 3496 4920 modo
3514 4873 3663 4934 atque

2090 4954 2277 5009 ordine
2300 4952 2552 5017 conserit,
2583 4951 2869 5021 aliquando
2886 4951 3098 5007 brevius
3127 4952 3381 5024 quasdam
3404 4954 3662 5009 constrin-

2090 5058 2221 5115 gens
2246 5042 2555 5108 sententias,
2582 5050 2635 5096 et
2662 5040 2860 5112 aliquid
2888 5041 3055 5112 magis
3079 5043 3343 5113 aperiens.
3370 5043 3500 5099 Nam
3527 5045 3662 5099 vide-

2092 5144 2181 5191 tur
2208 5133 2294 5189 hic
2320 5148 2496 5188 sermo
2518 5133 2806 5187 secundum
2836 5132 3135 5188 Matthmun‘.
3167 5144 3415 5205 tanquam
3445 5138 3542 5192 sibi
3568 5136 3660 5207 ipsi

2091 5226 2424 5291 contrarius,
2474 5223 2619 5293 (μίοά
2661 5229 2779 5297 post
2821 5223 3031 5277 tertiam
3078 5218 3369 5280 orationem
3418 5228 3560 5281 venit
3599 5225 3659 5278 ad

2090 5317 2381 5387 discipulos
2421 5328 2546 5370 suos
2591 5318 2645 5391 et
2686 5314 2813 5370 dicit
2860 5312 3002 5382 illis,
3054 5312 3280 5370 Dormitc
3310 5319 3462 5388 jam,
3510 5326 3554 5372 et
3586 5333 3659 5370 re-

2094 5407 2329 5479 quiescite
2350 5422 2370 5461 :
2410 5422 2520 5461 ecce
2546 5406 2968 5478 appmpinquavit
2992 5406 3148 5472 hora,
3179 5394 3226 5461 “et
3252 5403 3303 5460 F
3303 5409 3421 5462 ilius
3454 5406 3659 5463 hominis

2097 5501 2324 5560 tradetur
2358 5503 2408 5555 in
2439 5516 2615 5555 manus
2652 5509 2993 5577 peccatorum.
3036 5500 3276 5577 Surgite,
3319 5517 3532 5567 cantus;
3560 5516 3660 5555 ecce

2096 5594 2517 5665 appropinquavit
2557 5593 2643 5665 qui
2670 5591 2955 5649 metradet.
2992 5593 3266 5660 Quomodo
3301 5595 3446 5647 cuitu
3472 5609 3622 5663 supra
3645 5631 3659 5654 .

2041 5769 2045 5775 ἰ
2097 5682 2329 5740 Dormite
2344 5687 2491 5759 iam,
2516 5691 2566 5741 et
2598 5682 2917 5756 requiescite,
2941 5692 3426 5781 cumsecum,
3446 5694 3661 5755 aesar
