3888 6316
248 272 393 332 1165

248 388 607 458 prapinquaoit
653 388 817 454 liora;
859 395 916 445 et
956 385 1078 445 ideo
1120 383 1300 451 dicat,
1343 382 1584 456 Surgite,
1626 384 1837 447 cantus?

248 478 367 547 Qua
394 480 537 535 velut
561 480 908 551 repugnantia
934 479 1185 537 commoti
1214 477 1302 547 qui
1328 477 1546 546 legunt,
1577 486 1837 539 conantur

250 580 327 625 ita
354 573 697 640 pronuntiare
724 570 865 641 quod
891 570 1091 625 dictum
1117 578 1200 627 est
1217 610 1231 636 ,
1265 566 1491 627 Dormite
1505 566 1653 637 jam,
1683 576 1837 627 etre-

248 664 511 732 quiescite,
546 674 792 733 tanquam
815 665 883 719 ab
905 663 1281 733 exprobrante,
1305 676 1467 719 nona
1492 660 1836 729 permittente

246 756 321 812 sit
346 756 567 812 dictum.
604 756 757 823 Quod
788 766 933 813 recte
957 756 1108 812 tieret
1131 795 1146 819 ,
1177 755 1222 809 si
1248 762 1395 809 esset
1414 767 1673 815 necesse:
1714 767 1835 811 cum

245 864 379 906 vero
398 850 603 905 alat-ens
626 851 695 905 ita
714 851 816 907 hoc
833 846 1350 911 commemoraverit,
1375 855 1431 903 ut
1448 861 1571 903 cum
1588 846 1829 911 divisuset,

246 938 479 1000 Dormite
511 942 660 1011 jam,
698 951 745 996 et
772 941 1085 1012 requiescite,
1135 939 1480 1008 adiungeret,
1520 936 1696 1008 sufﬁcit
1718 951 1743 999 ;η
1781 946 1835 989 et

245 1035 447 1097 deinde
477 1036 697 1093 inferret
717 1077 733 1103 ,
772 1036 915 1093 Venit
948 1036 1108 1101 hora;
1135 1051 1249 1093 ecce
1274 1034 1507 1091 tradetur
1526 1032 1695 1089 Filius
1737 1033 1834 1087 lto-

251 1128 443 1183 minis:
474 1128 653 1198 utique
692 1128 1002 1197 intelligitur
1029 1134 1149 1195 post
1182 1126 1306 1181 illud
1333 1125 1473 1194 Quod
1513 1125 1590 1178 eis
1636 1124 1833 1181 dictum

250 1229 337 1275 est
361 1262 374 1286 ,
407 1220 635 1274 Dormite
664 1222 815 1291 jam,
870 1230 919 1277 et
962 1220 1276 1289 requiescite,
1308 1218 1523 1277 siluisse
1546 1218 1831 1273 Dominum

246 1310 613 1380 aliquantum,
643 1321 699 1367 ut
740 1312 841 1367 hoc
877 1310 1028 1365 licret
1056 1309 1198 1378 quod
1239 1310 1588 1378 permiserat;
1628 1318 1681 1364 et
1710 1318 1833 1363 tunc

230 1400 524 1467 intulisse,
572 1418 685 1463 ecce
726 1401 1149 1473 appropinquavit
1200 1401 1347 1457 liora.
1396 1398 1520 1457 Ideo
1575 1408 1695 1468 post
1744 1399 1830 1453 illa

240 1493 409 1551 verba
451 1492 744 1553 secundum
788 1491 1021 1548 Marcum
1066 1492 1295 1560 positum
1352 1500 1469 1556 est,
1523 1491 1729 1560 sufﬁcit,
1778 1489 1830 1543 id

241 1594 334 1645 est
352 1624 366 1648 ,
400 1583 551 1653 quod
574 1583 908 1653 requievistis
931 1583 1041 1652 jam
1077 1582 1290 1639 subicit.
1317 1581 1423 1639 Sed
1450 1584 1570 1651 quia
1591 1597 1829 1636 comme-

231 1686 452 1738 morata
480 1693 586 1733 non
612 1686 693 1731 est
716 1676 831 1747 ipsa
863 1677 1416 1745 interpositio‘silcntii
1448 1676 1685 1741 Domini,
1709 1690 1832 1745 pro-

238 1777 425 1838 pterea
463 1778 697 1829 coarctat
742 1769 1101 1831 isnellectum.
1152 1778 1210 1827 ut
1249 1768 1303 1825 in
1346 1768 1453 1823 illis
1496 1768 1671 1823 verbis
1725 1767 1825 1822 alia

236 1861 610 1930 pronuntiatio
636 1862 957 1930 requiratur.

316 1952 403 2005 ita.
432 1951 600 2009 Lucas
622 1962 798 2007 autem
823 1950 1160 2020 praetenuis“
1175 1950 1387 2020 quoties
1401 1950 1632 2006 oraverit
1661 1967 1673 2003 :
1695 1948 1831 2003 dixit

224 2058 374 2102 sane
407 2047 550 2116 quod
579 2047 665 2101 isti
690 2055 973 2103 tacuerunt
992 2086 1008 2112 ,
1038 2056 1094 2100 et
1116 2052 1362 2100 orantem
1390 2044 1457 2097 ab
1480 2044 1669 2113 angelo
1695 2058 1825 2100 con-

234 2134 516 2200 lbi-tatam,
551 2146 606 2191 et
634 2136 891 2205 prolixius
916 2132 1584 2191 orantissudormnfuisse
1612 2133 1826 2203 sangui-

242 2241 441 2301 neum,
474 2237 527 2279 et
564 2234 741 2296 guttas
785 2225 1139 2282 decurrentes
1178 2226 1230 2278 in
1277 2234 1493 2279 terram.
1520 2224 1653 2278 Cum
1698 2238 1829 2292 ergo

241 2315 388 2378 dicit,
418 2316 482 2369 Et
505 2333 616 2369 cum
641 2317 933 2370 surrexisset
971 2315 1031 2369 ab
1072 2317 1327 2382 oratione,
1356 2324 1402 2369 et
1431 2315 1641 2372 uenisset
1670 2315 1735 2367 ad
1757 2315 1829 2368 di-

242 2408 465 2473 scipulos
487 2425 623 2473 suos,
656 2423 762 2461 non
791 2409 1050 2478 expressit
1080 2417 1235 2476 quota
1267 2409 1537 2460 oratione:
1562 2407 1725 2460 nihilo
1751 2415 1827 2460 ta-

240 2513 363 2560 men
395 2499 496 2552 illis
525 2498 730 2552 duobus
756 2508 1030 2568 repugnat.
1065 2498 1297 2553 Joannes
1324 2514 1451 2553 vero
1484 2503 1824 2569 poSteaquatn

240 2591 295 2655 in
332 2592 541 2655 hortum
580 2594 874 2662 ingressum
919 2592 1045 2645 dicit
1083 2607 1203 2645 cum
1243 2591 1519 2661 discipulis
1558 2592 1688 2656 suis,
1720 2607 1824 2645 non

240 2678 625 2739 cetntnemorat
671 2683 795 2753 quid
843 2682 948 2736 illic
994 2683 1196 2752 egerit,
1240 2680 1411 2735 donec
1453 2680 1567 2751 ejus
1607 2681 1827 2735 traditur

238 2770 364 2831 eum
390 2774 588 2829 inducis
614 2774 678 2827 ad
700 2789 820 2827 eum
851 2771 1414 2842 comprehendendum
1447 2772 1669 2825 veniret.

312 2871 400 2924 15.
441 2869 573 2922 Tres
614 2869 770 2937 igitur
797 2868 879 2921 isti
916 2868 1156 2920 eamdem
1198 2881 1311 2919 rem
1344 2865 1414 2917 ita
1442 2874 1824 2929 narraverunt,

237 2960 379 3016 sicut
405 2960 566 3013 etiam
594 2974 728 3013 unus
750 2958 913 3011 homo
935 2967 1012 3010 ter
1046 2965 1226 3026 posset
1254 2958 1272 2987 ί
1295 2970 1418 3009 cum
1438 2956 1711 3023 aliquantae
1732 2970 1826 3007 va-

239 3050 429 3106 rietate
450 3092 465 3116 ,
501 3049 642 3103 nulla
674 3061 847 3103 tamen
877 3048 1215 3101 adversitate.
1252 3046 1423 3101 Lucas
1454 3048 1626 3109 enim,
1656 3064 1825 3116 quan-

240 3151 352 3195 tum
378 3142 445 3195 ab
467 3141 544 3195 eis
576 3155 905 3211 progressus,
932 3140 983 3193 id
1014 3150 1095 3194 est
1123 3139 1339 3192 avulsus
1361 3138 1520 3192 fuerit
1548 3148 1606 3192 ut
1625 3148 1823 3205 oraret,

238 3234 571 3289 manifestius
591 3235 817 3302 aperuit,
840 3234 1042 3297 dicens,
1067 3244 1308 3301 quantum
1326 3234 1496 3302 jactus
1517 3243 1591 3285 est
1620 3233 1824 3301 lapidis.

238 3318 409 3382 Porro
438 3325 612 3379 autem
640 3326 845 3378 Marcus
871 3324 1045 3394 primo
1077 3339 1143 3377 ex
1178 3324 1357 3377 verbis
1387 3326 1497 3378 suis
1529 3325 1665 3376 idem
1702 3340 1826 3377 nar-

236 3418 379 3472 ravit
407 3430 621 3486 rogasse
650 3416 928 3469 Dominum
951 3454 965 3478 ,
993 3424 1047 3466 ut
1071 3415 1111 3467 si
1142 3415 1250 3482 fieri
1281 3423 1478 3483 posset,
1508 3414 1740 3467 transiret
1766 3414 1827 3466 ab

242 3518 302 3563 eo
327 3509 417 3561 illa
437 3510 579 3571 liora,
605 3507 655 3561 id
678 3517 755 3560 est
776 3507 1057 3575 passionis,
1082 3520 1238 3575 quam
1265 3506 1449 3559 calicis
1469 3505 1683 3559 nomine
1705 3522 1826 3559 mox

230 3598 580 3669 ’signillcavit.
613 3597 813 3651 Deinde
839 3596 999 3650 verba
1029 3598 1141 3665 ipsa
1168 3597 1374 3649 Domini
1406 3596 1483 3650 sic
1502 3597 1823 3649 enuntiavit:

244 3691 412 3756 A'bba,
446 3689 619 3754 Pater,
646 3687 814 3743 omnia
843 3687 931 3741 tibi
971 3686 1225 3758 possibilia
1263 3696 1409 3751 sunt;
1440 3690 1656 3757 transfer
1696 3686 1826 3739 culi-

242 3790 350 3835 cem
382 3783 515 3833 hunc
544 3795 574 3831 α
610 3795 706 3832 me.
749 3779 950 3844 Quibus
989 3778 1165 3832 verbis
1202 3777 1248 3831 si
1291 3778 1544 3847 adjungas
1585 3777 1724 3847 quod
1754 3777 1828 3831 illi

244 3866 354 3926 duo
375 3871 648 3933 dixerunt,
680 3879 734 3925 et
762 3870 901 3941 quod
934 3872 1045 3940 ipse
1072 3870 1239 3924 etiam
1265 3870 1471 3924 Marcus
1499 3886 1561 3925 ex
1602 3885 1825 3940 persona

244 3974 340 4016 sua
362 3963 560 4031 pariter
586 3976 741 4031 supra
770 3962 974 4031 posuit,
1014 3963 1086 4015 ita
1131 3962 1396 4015 sententia
1431 3962 1821 4031 manifestatur,

246 4052 422 4119 Pater,
466 4055 511 4108 si
543 4055 655 4123 fieri
681 4063 859 4124 potest,
900 4055 1070 4109 omnia
1104 4056 1245 4108 enim
1287 4056 1373 4107 tibi
1411 4055 1666 4125 possibilia
1689 4065 1823 4121 sunt,

248 4151 466 4217 transfer
494 4148 699 4199 calicem
726 4147 879 4198 istum
897 4163 929 4198 a
956 4162 1064 4208 me;
1100 4159 1167 4199 ne
1200 4147 1320 4214 quis
1346 4161 1466 4199 eum
1490 4156 1697 4216 putaret
1724 4148 1825 4202 Pa-

244 4239 343 4294 tris
371 4238 625 4292 minuisse
652 4247 993 4309 potestatem,
1026 4254 1146 4293 cum
1168 4240 1261 4307 ait,
1291 4240 1335 4293 si
1355 4240 1465 4309 ﬁeri
1492 4250 1652 4310 potest
1682 4258 1700 4295 :
1721 4260 1825 4296 non

245 4328 388 4385 enim
417 4329 567 4393 dixit,
592 4330 647 4387 Si
677 4331 847 4385 facere
870 4338 1057 4399 poles;
1089 4332 1183 4386 sed
1207 4373 1221 4397 ,
1254 4334 1298 4386 si
1322 4333 1434 4401 ﬁeri
1467 4343 1629 4404 potest
1665 4351 1685 4388 :
1713 4335 1825 4392 ﬁeri

246 4416 422 4476 autem
450 4431 621 4490 potest
639 4422 781 4492 quod
805 4424 895 4478 ille
913 4424 1157 4479 voluerit.
1187 4424 1274 4479 Sic
1299 4427 1474 4496 itaque
1497 4428 1694 4482 dictum
1722 4440 1823 4497 est,

247 4512 291 4566 rt
314 4506 424 4581 ﬁeri
449 4524 629 4585 potest,
649 4529 711 4568 ac
737 4515 782 4568 si
803 4515 1089 4580 diceretur,
1123 4516 1167 4570 si
1192 4518 1284 4570 vis.
1310 4517 1659 4573 Manifestavit
1685 4522 1827 4577 enim

247 4594 452 4659 Mimos
475 4621 582 4675 quo
609 4604 883 4661 intellectu
912 4607 1276 4675 accipiendum
1300 4608 1400 4674 sit,
1434 4610 1478 4662 si
1508 4611 1617 4677 fieri
1642 4620 1823 4680 potest,

245 4694 457 4765 quando
486 4695 580 4762 ait,
607 4697 776 4750 omnia
801 4696 889 4750 tibi
917 4696 1176 4761 possibilia
1198 4708 1331 4752 sunt.
1353 4700 1419 4753 Et
1437 4702 1575 4768 quod
1595 4716 1827 4758 comme-

246 4777 585 4843 itiomverunt
623 4803 744 4843 cum
774 4788 991 4853 dixisse,
1038 4789 1217 4844 Verum
1257 4808 1356 4846 non
1403 4794 1539 4864 quod
1576 4810 1666 4864 ego
1690 4796 1822 4863 volo,

244 4880 332 4933 sed
357 4882 489 4949 quod
517 4890 570 4933 tu
597 4881 756 4948 (quod
780 4882 1105 4937 tantumdem
1130 4883 1293 4949 valet,
1317 4895 1570 4952 quantum
1604 4886 1649 4938 si
1674 4896 1726 4940 et
1754 4887 1825 4942 ita

244 4972 467 5037 dicatur,
502 4972 850 5027 Verumtamen
875 4990 978 5029 non
1001 4991 1113 5029 mea
1139 4976 1369 5031 voluntas
1393 5020 1407 5044 ,
1436 4978 1523 5031 sed
1552 4987 1637 5031 tua
1663 4977 1784 5053 fiat)
1805 5021 1820 5046 ,

244 5065 373 5121 satis
394 5065 623 5120 ostendit
644 5078 749 5120 non
779 5083 841 5121 ex
870 5068 1317 5137 impossibilitate,
1350 5072 1530 5126 scd‘ex
1556 5072 1824 5127 voluntate

246 5156 414 5210 Patris
441 5154 638 5211 dictum
661 5160 801 5225 eSSc,
826 5158 870 5212 si
894 5159 1007 5227 fieri
1031 5168 1191 5230 potest
1210 5176 1230 5215 :
1253 5162 1546 5230 pnrscrtim
1574 5164 1692 5232 quia
1720 5164 1822 5218 Lua

244 5264 333 5303 cas
360 5258 413 5304 et
439 5249 540 5305 huc
574 5250 744 5320 ipsum
775 5251 983 5319 planius
1010 5252 1270 5306 intimavit
1296 5270 1310 5306 :
1342 5269 1447 5308 non
1478 5256 1618 5309 enim
1648 5256 1748 5321 ait,
1780 5258 1824 5309 si

244 5342 354 5411 fleri
384 5355 571 5411 potest;
602 5345 717 5409 sed,
747 5344 793 5399 si
815 5346 905 5400 vis.
936 5344 1032 5400 Cui
1067 5347 1318 5415 apcrtiori
1338 5350 1624 5403 sententia:
1662 5365 1819 5419 aper-

246 5433 349 5490 tius
372 5434 607 5504 jungitnr
636 5435 778 5506 quod
807 5437 1013 5494 Marcus
1054 5438 1264 5509 posuit,
1295 5449 1353 5495 ut
1378 5439 1448 5495 ita
1482 5438 1687 5495 dicatur
1714 5459 1726 5495 :
1762 5442 1821 5496 Si

308 5631 429 5697 {Ille
460 5632 510 5697 in
546 5632 689 5697 etatis
724 5631 935 5681 additum
983 5635 1156 5695 fuerat,
1191 5632 1318 5697 loqui
1352 5647 1369 5686 :
1406 5636 1673 5697 superﬂuo,
1711 5650 1825 5687 cum

226 5694 427 5775 optime
441 5692 775 5753 subitum,
792 5703 1009 5746 mare.

1576 269 1785 331 LIBER
1821 270 2127 335 TERTIUS.

3384 294 3521 352 “66

1939 385 2044 451 vis,
2078 385 2247 440 omnia
2286 387 2427 443 enim
2473 388 2563 445 tibi
2598 391 2854 462 possibilia
2898 406 3051 464 sunt,
3082 405 3302 474 transfer
3352 422 3385 460 a
3438 426 3517 466 me

1940 476 2144 529 calicem
2186 477 2353 531 istaut.

2014 568 2099 621 14.
2128 567 2279 632 Quod
2306 582 2481 625 autem
2504 572 2615 641 ipse
2641 575 2991 644 Marcus,non
3021 585 3191 641 solum
3220 586 3396 657 Pater,
3425 596 3521 652 sed

1940 657 2099 747 Abba,
2133 658 2304 729 Pater,
2331 678 2450 717 cuin
2480 665 2677 723 dixisse
2705 686 3115 747 commemorat,
3141 680 3244 737 hoc
3267 696 3348 739 est
3376 688 3515 744 Abba

1934 746 2207 816 bebraiee,
2236 754 2377 822 quod
2407 765 2488 811 est
2514 757 2674 815 latine
2706 761 2876 819 Pater.
2908 767 2976 823 Et
3004 746 3226 827 fortasse
3259 775 3512 835 Dominus

1941 849 2156 933 propter
2184 843 2394 912 aliquod
2434 861 2821 909 sacramentum
2852 865 3132 931 utrumque
3156 865 3387 933 dixerit,
3421 886 3518 925 vo-

1938 930 2055 984 lens
2080 935 2358 1009 ostendere
2388 938 2527 993 illam
2559 955 2617 994 se
2643 944 2905 1001 tristitiam
2938 950 2990 1003 in
3022 930 3244 1019 persona
3275 960 3356 1014 sui
3376 930 3520 1017 icor-

1936 1024 2113 1091 poris,
2144 1024 2195 1077 id
2224 1035 2307 1081 est
2332 1027 2605 1097 Ecclesiae,
2633 1037 2951 1105 suscepisse,
2982 1043 3065 1097 cui
3102 1044 3269 1103 factus
3297 1061 3379 1106 est
3422 1070 3518 1108 an-

1935 1116 2133 1186 gularis
2158 1118 2290 1189 lapis
2312 1163 2327 1187 ,
2350 1124 2578 1179 venienti
2600 1127 2665 1180 ad
2692 1144 2811 1183 eum
2838 1134 3027 1199 partim
3055 1148 3121 1194 ex
3150 1138 3385 1197 Hebraeis
3402 1184 3417 1209 ,
3449 1148 3516 1203 ad

1934 1223 2071 1277 quos
2093 1214 2323 1281 pertinet
2345 1217 2493 1285 quod.
2509 1220 2603 1285 ait,
2627 1220 2795 1287 Abba;
2824 1226 3027 1293 partimz
3042 1244 3113 1283 es
3132 1230 3412 1302 Gentibus,
3448 1242 3514 1295 ad

1937 1318 2069 1397 quas
2092 1307 2323 1373 pertinet
2348 1311 2489 1379 quod
2505 1311 2598 1379 ait,
2624 1312 3003 1387 PatrrlEpItas.
3032 1337 3090 1387 tt,
3112 1324 3323 1397 14—22%).
3348 1329 3518 1387 Etiam

1937 1391 2134 1451 Paulus
2177 1400 2448 1465 apostolus
2487 1417 2595 1458 non
2625 1409 3034 1474 prastermittens
3062 1412 3163 1471 hoc
3203 1391 3514 1477 sacramen-

1936 1491 2070 1582 tu‘t‘n,
2093 1485 2159 1541 In
2180 1506 2283 1582 quo
2305 1492 2603 1559 clamamus,
2631 1496 2818 1565 inquit,
2834 1500 2993 1568 Abba,
3022 1502 3176 1560 Pater
3196 1507 3371 1575 (Itoni.
3397 1528 3511 1582 rm,

1937 1575 2027 1645 15)
2054 1595 2065 1629 :
2100 1587 2151 1631 et
2177 1579 2365 1634 iterum
2389 1584 2480 1648 ait,
2511 1583 2652 1643 Misit
2682 1586 2820 1644 Deus
2846 1589 3094 1659 Spiritum
3108 1614 3260 1651 suum
3281 1601 3334 1655 in
3357 1575 3514 1658 corda

1937 1677 2118 1761 uestra,
2149 1670 2447 1761 cltnnantem
2471 1673 2631 1742 Abba,
2665 1676 2819 1732 Pater
2841 1680 3033 1751 (Gulat.
3066 1701 3138 1754 tv,
3160 1689 3238 1759 6).
3266 1691 3515 1761 Oportuit

1935 1757 2077 1815 enim
2108 1769 2165 1814 ut
2194 1760 2364 1817 bonus
2396 1766 2651 1835 magister
2679 1779 2733 1823 et
2762 1786 2918 1827 verus
2951 1776 3181 1833 salvator
3198 1757 3519 1841 inﬁrmiori-

1934 1849 2036 1906 bus
2061 1855 2409 1922 compaticns,
2454 1857 2505 1911 in
2530 1873 2590 1914 se
2613 1860 2729 1929 ipso
2758 1862 3149 1924 demonstraret
3180 1887 3284 1927 non
3322 1875 3518 1934 debere

1926 1955 2059 2003 suos
2087 1954 2351 2014 martyres
2367 1947 2674 2017 desperare,
2701 1952 2746 2006 si
2776 1970 2880 2022 qua
2905 1956 3039 2013 forte
3064 1962 3310 2023 cordibus
3330 1982 3519 2025 eorum

1926 2030 2195 2124 irreperet
2226 2035 2325 2089 sub
2360 2045 2569 2106 tempus
2592 2043 2851 2107 passionis
2877 2060 2945 2099 ex
2976 2046 3206 2106 humana
3232 2051 3514 2124 fragilitate

1928 2122 2167 2215 tristitia,
2186 2141 2305 2183 cum
2323 2142 2441 2183 eam
2459 2130 2746 2196 vincerent,
2764 2135 3018 2192 voluntati
3034 2156 3145 2197 sua:
3164 2122 3520 2215 praeponenda

1931 2214 2256 2271 voluntatem
2298 2218 2413 2281 Dei,
2443 2222 2564 2289 quia
2605 2222 2692 2277 ille
2725 2225 2826 2279 scit
2870 2229 2997 2296 quid
3036 2234 3284 2301 expediat
3325 2240 3516 2307 quibus

1932 2308 2177 2361 consulit.
2204 2308 2278 2363 De
2305 2326 2407 2379 qua
2438 2321 2544 2367 tota
2571 2329 2629 2368 re
2653 2330 2760 2369 non
2793 2334 2934 2373 nunc
2957 2328 3164 2391 tempus
3192 2336 3274 2381 est
3298 2339 3358 2383 ut
3384 2330 3513 2386 ube-

1933 2396 2044 2450 rius
2087 2397 2376 2455 disseratur
2404 2420 2415 2454 :
2450 2405 2622 2473 agitur
2650 2408 2791 2461 enim
2812 2411 2989 2465 .modo
3032 2414 3103 2471 de
3136 2423 3515 2481 convenientia

1926 2486 2415 2557 Evangelistarum,
2447 2493 2497 2547 in
2527 2510 2750 2564 quorum
2781 2498 3091 2559 diversitate
3116 2510 3401 2569 verborum
3429 2530 3515 2568 sa-

1934 2577 2154 2633 lubriter
2196 2580 2449 2639 discimus
2488 2600 2594 2638 non
2624 2588 2769 2642 aliud
2798 2590 2851 2643 in
2888 2594 3063 2651 verbis
3091 2598 3160 2651 ad
3199 2601 3515 2660 audiendam

1932 2672 2228 2737 veritatem,
2252 2691 2409 2744 quam
2434 2681 2749 2734 sententiam
2779 2684 3043 2753 loquentis
3085 2704 3206 2746 esse
3238 2696 3515 2763 requiren-

1930 2764 2073 2818 dam.
2103 2766 2212 2820 lloc
2241 2778 2321 2821 est
2339 2770 2481 2823 enim
2505 2770 2680 2838 Pater,
2711 2774 2854 2842 quod
2886 2776 3046 2845 Abba,
3076 2778 3232 2836 Pater
3261 2800 3279 2837 :
3309 2786 3403 2839 sed
3444 2788 3513 2843 ad

1930 2866 2321 2943 sacramentum
2352 2860 2700 2917 intimandum
2725 2905 2737 2926 ,
2768 2866 2971 2934 planius
3010 2880 3094 2924 est
3130 2872 3287 2939 Abba,
3320 2876 3508 2943 Pater;

1930 2942 1998 2998 ad
2030 2946 2283 3001 unitatem
2311 2949 2741 3018 signiﬁcandam,
2772 2954 2970 3012 suflicit
2998 2957 3173 3014 Pater.
3210 2964 3277 3018 Et
3325 2942 3505 3023 Domi;

1932 3050 2057 3088 num
2102 3038 2319 3104 quidem
2349 3039 2521 3106 Abba,
2555 3041 2742 3109 Pater,
2776 3045 2976 3103 dixisse
3020 3052 3342 3110 credendum
3388 3071 3505 3114 est:

1926 3125 2024 3181 sed
2055 3135 2229 3181 L’llllcll
2272 3144 2376 3183 non
2414 3132 2653 3188 eluccret
2690 3139 2971 3205 sententia,
3003 3142 3105 3196 nisi
3143 3145 3260 3200 aliis
3288 3147 3513 3206 dicenti-

1929 3216 2029 3277 bus
2056 3217 2233 3285 Pater,
2266 3222 2723 3283 demonstraretur
2756 3231 2833 3284 sic
2871 3249 2991 3287 esse
3033 3234 3149 3291 illas
3176 3238 3307 3296 duas
3335 3242 3516 3300 Eccle-

1928 3309 2037 3362 sias
2062 3326 2127 3363 ex
2150 3310 2346 3366 ludatis
2371 3324 2426 3367 et
2450 3315 2665 3382 ereis,
2692 3323 2927 3377 utetiam
2944 3341 3045 3380 una
3068 3329 3154 3383 sit.
3183 3332 3263 3387 Ex
3283 3335 3371 3388 illo
3386 3352 3515 3408 ergo

1932 3399 2201 3484 intellectu
2225 3402 2424 3459 dictum
2446 3416 2549 3472 est,
2577 3407 2736 3475 Abba,
2770 3409 2942 3477 Pater,
2966 3430 3070 3484 quo
3095 3418 3232 3474 idem
3258 3399 3512 3484 Dominits

1930 3482 2055 3544 alibi
2097 3491 2206 3558 ait,
2242 3492 2418 3549 Habeo
2443 3497 2571 3551 alias
2595 3514 2708 3553 ours
2735 3516 2848 3569 qua:
2878 3482 3121 3561 non—sunt
3150 3510 3213 3563 de
3238 3511 3331 3566 hoc
3355 3518 3476 3571 ouili

1931 3579 2127 3637 Gentes
2160 3585 2338 3653 utique
2364 3586 2688 3655 signiﬁcans,
2722 3606 2841 3646 cum
2869 3594 3089 3653 haberet
3118 3616 3245 3656 oves
3265 3606 3425 3661 etiam
3457 3579 3510 3665 in

1933 3674 2125 3741 populo
2155 3675 2338 3730 Israel.
2360 3676 2463 3731 Sed
2494 3680 2615 3747 quia
2643 3692 2855 3737 secutus
2878 3686 3331 3760 adjecitaoportet
3363 3715 3441 3752 me
3464 3712 3512 3755 et

2039 3765 2305 3833 adducere,
2329 3778 2384 3819 ut
2408 3769 2472 3821 sit
2501 3786 2629 3822 unus
2655 3788 2781 3841 grex
2806 3785 2851 3827 et
2878 3792 3006 3831 unus
3032 3792 3203 3849 pastor
3227 3786 3419 3856 (Joan.
3450 3806 3509 3856 ι,

1931 3855 2052 3925 Mi);
2084 3864 2335 3925 quantum
2356 3858 2494 3913 valet
2516 3861 2582 3914 ad
2611 3862 2875 3920 lsraclitas
2901 3876 2955 3921 et
2969 3869 3187 3936 Gentes,
3209 3855 3373 3945 Abba,
3404 3855 3513 3935 Pa?

1933 3954 2025 4011 ter,
2057 3954 2259 3999 tantum
2287 3948 2353 4001 ad
2384 3965 2543 4003 unum
2567 3968 2803 4024 gregem,
2832 3958 3007 4013 solum
3038 3961 3212 4019 Pater.

1930 4036 2152 4134 CAPUATI‘
2196 4039 2343 4093 V.--
2364 4040 2443 4096 De
2476 4044 2554 4099 Itis
2590 4062 2703 4118 qua:
2725 4047 2777 4102 in
2806 4051 2916 4119 ejus
2954 4060 3354 4124 apprelmm'oue
3376 4068 3513 4134 facta

2000 4140 2048 4185 et
2080 4132 2213 4185 dicta
2232 4150 2403 4188 omnes
2428 4151 2835 4209 catwuemorant,
2866 4147 3116 4214 Quomodo
3149 4151 3275 4205 inter
3304 4170 3360 4207 se
3377 4132 3515 4211 Viti/tl!

2001 4236 2244 4293 appareat
2270 4227 2547 4283 dissentire.

2003 4317 2087 4372 i5.
2106 4318 2283 4370 Adhuc
2314 4334 2441 4388 ergo
2470 4321 2581 4391 ipso
2607 4322 2852 4392 loquente,
2878 4327 3014 4383 sicut
3032 4329 3213 4387 dicunt
3234 4334 3511 4396 Mattltzeus

1929 4415 1984 4461 et
2004 4406 2229 4472 Marcus,
2257 4425 2367 4462 ecce
2399 4409 2565 4465 Judas
2590 4429 2719 4467 unus
2745 4416 2808 4469 de
2834 4418 3096 4475 duodecim
3127 4428 3285 4493 venit,
3320 4439 3366 4482 et
3393 4447 3509 4487 cum

1930 4514 1988 4552 eo
2008 4499 2152 4551 turba
2185 4501 2342 4553 multa
2371 4517 2483 4554 cum
2512 4504 2697 4572 gladiis
2731 4515 2777 4559 et
2814 4510 3026 4579 fustibus
3046 4554 3061 4579 ,
3090 4530 3123 4567 a
3155 4519 3466 4588 principibus
3492 4525 3508 4556 ι

1930 4591 2243 4643 sacerdotum
2259 4601 2303 4644 et
2324 4594 2601 4647 senioribus
2621 4598 2815 4665 populi.
2842 4598 2940 4664 Qui
2957 4612 3121 4657 autem
3143 4610 3349 4663 tradidit
3372 4629 3507 4681 eum,

1932 4680 2068 4773 dedit
2093 4682 2195 4735 illis
2219 4684 2418 4752 signum
2444 4684 2647 4739 dicens:
2671 4687 3044 4761 Quemcumque
3064 4700 3320 4755 osculatus
3344 4680 3509 4773 fuero,

1930 4772 2038 4842 ipse
2079 4782 2170 4840 est,
2203 4784 2360 4827 timete
2398 4792 2529 4829 eum.
2562 4778 2626 4831 Et
2655 4784 2916 4852 confestim
2956 4791 3196 4845 accedens
3220 4798 3287 4846 aa
3309 4795 3506 4863 Jesum,

1931 4864 2059 4919 dixit
2080 4882 2100 4919 :
2125 4866 2245 4932 Ave,
2286 4868 2443 4922 rabbi.
2475 4869 2545 4923 Et
2571 4874 2825 4930 osculatus
2849 4889 2921 4931 est
2952 4897 3063 4935 eum
3093 4882 3313 4955 (Matth.
3348 4904 3506 4957 XXVI,

1928 4958 2120 5023 «ξπ-56,
2144 4968 2190 5011 et
2221 4959 2383 5013 Marc.
2412 4978 2525 5028 xw,
2556 4965 2759 5037 43-50).
2787 4969 3028 5041 Dixitque
3053 4975 3123 5027 illi
3152 4979 3339 5045 primo,
3367 4984 3506 5049 quod

1928 5050 2003 5103 ait
2042 5050 2228 5143 Lucas,
2269 5051 2437 5115 Iuda.
2488 5056 2656 5111 osculo
2681 5058 2870 5112 Filium
2906 5063 3121 5119 hominis
3153 5071 3312 5124 tradis
3344 5072 3506 5143 (Luc.

1928 5155 2061 5206 xm,
2088 5142 2311 5209 47-55)?
2354 5145 2545 5201 deinde
2573 5150 2711 5217 quod
2742 5150 3034 5218 Mattbmus,
3059 5157 3246 5223 Amice,
3282 5142 3359 5214 ad
3385 5166 3506 5232 quid

1926 5235 2139 5289 venisti?
2178 5236 2378 5291 Deinde
2421 5239 2583 5304 dixit,
2630 5241 2771 5308 quod
2814 5243 3047 5302 Joannes
3085 5264 3505 5311 cmumcmorat:

1930 5328 2089 5392 Quem
2113 5333 2331 5400 quan-itis
2354 5334 2379 5385 ?
2418 5334 2804 5398 Responderunt
2828 5342 2871 5393 ei
2895 5356 2913 5395 :
2938 5342 3113 5398 Jes'ttm
3157 5348 3503 5409 Nazarenam.

1926 5418 2064 5473 Dicit
2090 5422 2157 5473 eis
2183 5420 2214 5472 J
2223 5438 2333 5475 esus
2354 5437 2372 5473 :
2411 5422 2518 5489 ligo
2551 5438 2679 5478 sunt.
2715 5426 2893 5483 Stabat
2917 5444 3082 5488 autem
3119 5446 3163 5489 et
3196 5438 3362 5497 Jutlas
3381 5485 3395 5510 ,
3423 5447 3510 5518 qui

1927 5514 2150 5565 tradebat
2184 5529 2291 5562 mm
2316 5557 2325 5573 ,
2361 5529 2473 5566 rum
2498 5516 2623 5583 ipsis
2649 5533 2667 5571 :
2700 5529 2756 5571 ut
2785 5536 2902 5592 ergo
2938 5525 3067 5580 dixit
3097 5530 3195 5596 eis,
3224 5530 3334 5603 Ego
3358 5514 3465 5588 sum
3492 5578 3507 5603 ,

1930 5640 2329 5764 ὼωὲἓέιέἐέι
2761 5652 2909 5705 Abest
2930 5669 3046 5718 vos,
3068 5657 3218 5723 missi,
3245 5678 3275 5711 ιι
3297 5656 3521 5719 mellaria
