3888 6310
562 279 699 340 “67

563 400 792 452 abierunt
831 377 1139 456 retrorsum,
1181 373 1234 442 et
1268 385 1553 440 ceciderunt
1597 386 1650 438 in
1693 395 1897 438 terram.
1948 382 2144 437 Iterum

567 503 795 568 ergo.eos
818 481 1141 554 interrogavit
1169 494 1188 534 :
1215 478 1374 545 Quem
1406 477 1669 545 quwritis?
1691 474 1782 529 Illi
1805 487 1974 528 autem
2000 474 2143 528 dixe-

565 565 726 632 runt':
749 575 926 630 Iesum
949 573 1295 627 Nazarenam.
1328 567 1608 638 Respondit
1631 565 1784 622 Iesus
1815 583 1830 623 :
1863 565 1983 620 Dixi
2002 565 2141 620 vobis

563 668 683 735 quia
721 682 811 737 ego
835 674 949 718 sum
979 679 998 717 :
1017 662 1059 717 si
1079 678 1198 732 ergo
1221 676 1297 714 me
1321 658 1561 730 quaeritis,
1589 658 1734 712 sinite
1768 657 1858 710 hos
1886 656 2043 710 abire.
2074 653 2143 710 Ut

561 759 855 828 impleretur
889 771 1052 810 sermo
1093 770 1238 824 quem
1274 753 1420 816 dixit,
1457 751 1587 815 Quia
1613 766 1737 820 quos
1763 749 1943 803 dedisti
1984 749 2138 815 mihi,

496 873 498 875 >
562 867 664 904 non
691 847 886 918 perdidi
906 861 970 900 ea:
992 845 1116 915 ipsis
1139 858 1436 912 quemquam
1461 840 1637 911 (Ioan.
1659 855 1810 905 xviii,
1839 840 1932 894 2-1
1947 838 2020 911 1).

638 942 726 996 16.
779 939 1008 993 Videntes
1033 947 1231 1002 autem,
1258 935 1393 989 sicut
1432 933 1603 988 Lucas
1638 931 1802 999 dicit,
1833 932 1869 984 ii
1895 931 1981 1001 qui
2009 931 2144 984 circa

562 1034 730 1100 ipsum
756 1038 919 1096 erant,
947 1027 1080 1099 quod
1110 1031 1337 1096 futurum
1357 1033 1484 1090 erat,
1513 1023 1744 1077 dixerunt
1769 1023 1815 1076 ei
1849 1037 1864 1074 :
1891 1020 2140 1088 Domine,

563 1124 610 1177 si
647 1123 948 1191 percutimus
983 1119 1039 1172 in
1077 1117 1291 1189 gladio?
1332 1114 1400 1170 Et
1442 1115 1685 1185 percussit
1724 1131 1852 1168 unus
1890 1130 1951 1168 ex
1995 1113 2139 1184 ipsis,

559 1213 700 1284 quod
728 1225 914 1266 omnes
937 1220 1163 1280 quatuor
1189 1207 1392 1273 dicunt,
1424 1222 1620 1261 servum
1645 1207 1885 1277 principis
1905 1205 2143 1259 sacerdo-

562 1315 689 1367 tum,
713 1313 758 1357 et
783 1303 1058 1373 amputavit
1082 1300 1366 1354 auriculam
1392 1299 1521 1369 ejus,
1551 1299 1687 1352 sicut
1707 1298 1876 1352 Lucas
1904 1307 1959 1352 et
1983 1296 2143 1351 Ioan-

562 1411 659 1450 nes
690 1394 898 1457 dicunt,
953 1392 1228 1446 dexteram.
1259 1390 1360 1457 Qui
1408 1401 1586 1445 autem
1621 1389 1904 1458 percussit,
1949 1402 2141 1443 secun-

561 1488 687 1541 dum
725 1485 982 1540 Joannem
1015 1483 1202 1538 Petrus
1237 1489 1350 1536 erat
1383 1500 1393 1533 :
1423 1496 1579 1551 quem
1627 1481 1884 1549 percussit
1927 1488 2138 1544 autem,

560 1576 800 1632 Malchus
819 1575 1126 1630 vocabatur.
1149 1572 1353 1627 Deinde
1381 1572 1522 1642 quod
1540 1572 1708 1625 Lucas
1732 1570 1878 1635 dicit,
1913 1571 2140 1639 Respon-

561 1669 686 1722 dens
712 1665 861 1720 Iesus
893 1665 1004 1716 ait:
1035 1662 1200 1717 Sinite
1237 1678 1389 1731 usque
1430 1663 1566 1725 huc;
1606 1671 1659 1716 et
1715 1660 1954 1728 adjunxit
2000 1658 2143 1728 quod

559 1759 838 1815 Matthzcus
859 1762 1265 1819 commemorat,
1297 1754 1537 1808 Converte
1560 1753 1784 1823 gladium
1811 1761 1952 1804 tuum
1975 1752 2028 1804 in
2065 1750 2144 1804 lo-

558 1866 674 1904 cum
697 1863 863 1903 suum.
894 1845 1080 1900 Omnes
1103 1844 1235 1898 enim
1257 1843 1342 1915 qui
1371 1843 1651 1912 acceperint
1695 1841 1940 1911 gladium,
1972 1841 2142 1911 gladio

560 1941 813 2012 peribunt.
855 1936 935 1991 An
986 1944 1132 2005 putas
1166 1934 1283 2003 quia
1323 1949 1422 1986 non
1471 1949 1672 2002 possum
1713 1948 1890 2002 rogare
1935 1930 2142 1985 Patrem

561 2048 749 2098 meum,
773 2039 821 2085 et
845 2027 1091 2083 exhibebit
1126 2025 1252 2079 mihi
1283 2024 1432 2077 modo
1458 2023 1571 2094 plus
1599 2039 1748 2092 quam
1775 2017 2039 2076 duode'cim
2065 2022 2138 2075 le-

558 2125 728 2197 giones
764 2118 1108 2192 Angelorum?
1146 2116 1410 2181 Quomodo
1448 2132 1566 2185 ergo
1609 2115 1947 2184 implebuntur
1992 2113 2134 2168 Scri-

558 2225 742 2286 pturte,
763 2212 882 2284 quia
901 2211 972 2265 sic
999 2217 1195 2280 oportet
1215 2209 1363 2278 ﬁeri?
1385 2208 1476 2261 His
1511 2206 1689 2262 verbis
1716 2206 1931 2277 adjungi
1968 2213 2142 2276 potest

559 2306 701 2377 quod
721 2305 865 2360 illum
888 2317 953 2359 eo
977 2303 1097 2356 loco
1122 2301 1320 2355 dixisse
1345 2299 1577 2355 Joannes
1602 2305 2016 2363 commemorat,
2046 2297 2142 2351 Ca-

559 2399 706 2453 licem
728 2411 873 2467 quem
887 2392 1023 2448 dedit
1041 2389 1361 2456 mihi'Pater,
1381 2406 1480 2444 non
1504 2391 1578 2444 vis
1589 2389 1753 2443 bibam
1771 2390 1950 2444 illum?
1966 2389 2137 2456 Tunc,

560 2491 700 2545 sicut
726 2488 896 2543 Lucas
931 2485 1078 2549 dicit,
1104 2483 1272 2554 tetigit
1299 2483 1591 2537 auriculam
1628 2482 1769 2536 illius
1798 2482 1889 2552 qui
1921 2495 2140 2551 percus-

559 2596 651 2638 sus
674 2589 809 2646 erat,
836 2586 891 2634 et
913 2576 1119 2631 sanavit
1138 2589 1283 2629 eum.

630 2672 718 2727 17.
747 2669 857 2726 Nec
891 2674 1101 2722 moveat
1141 2664 1291 2735 quasi
1332 2663 1657 2718 contrarium
1690 2663 1760 2716 sit
1794 2661 1936 2732 quod
1973 2661 2142 2716 Lucas

559 2763 712 2829 dixit,
740 2759 1188 2831 interrogantibus
1206 2756 1477 2826 discipulis
1503 2755 1549 2810 si
1576 2761 1914 2824 percuterent
1951 2753 2003 2807 in
2025 2753 2138 2822 gla-

561 2857 680 2921 dio,
701 2853 982 2909 Dominum
1021 2847 1386 2919 respondisse,
1434 2845 1598 2900 Sinite
1635 2861 1790 2913 usque
1825 2845 1920 2897 huc
1949 2843 2142 2912 :quasi

561 2955 683 3018 post
708 2945 849 3000 illam
883 2941 1278 3012 percussionem
1307 2938 1379 2992 ita
1396 2937 1595 2992 dictum
1627 2935 1783 2990 fuerit
1803 2978 1817 3000 ,
1846 2945 1899 2988 ut
1925 2935 2139 3003 placue-

561 3038 632 3091 rit
659 3035 709 3090 ei
746 3047 915 3102 usque
944 3031 1047 3084 huc
1073 3029 1266 3083 factum
1288 3069 1303 3094 ,
1330 3027 1425 3082 sed
1469 3027 1696 3096 amplius
1737 3026 1849 3080 lieri
1878 3025 2138 3090 noluerit;

564 3142 686 3182 cum
716 3126 768 3180 in
789 3122 964 3178 verbis
983 3136 1100 3191 quae
1123 3118 1398 3174 Mattbaeus
1419 3119 1613 3187 posuit,
1639 3117 1956 3187 intelligatur
1969 3118 2143 3185 potius

563 3227 733 3272 totum
780 3212 975 3268 factum
1021 3225 1128 3281 quo
1167 3224 1297 3264 usus
1338 3218 1420 3264 est
1459 3207 1634 3278 gladio
1662 3208 1888 3273 Petrus,
1919 3208 2142 3262 Domino

565 3305 914 3376 displicuisse.
944 3301 1074 3357 lllud
1100 3301 1240 3355 enim
1267 3299 1444 3354 verius
1465 3307 1565 3363 est,
1589 3297 1730 3369 quod
1756 3313 1877 3352 cum
1903 3314 2023 3352 eum
2058 3300 2141 3352 in-

568 3403 924 3468 terrogassent
957 3393 1212 3458 dicentes,
1249 3391 1492 3455 Domine,
1523 3391 1566 3444 si
1597 3393 1897 3460 percutimus
1935 3393 1989 3471 in
2031 3391 2143 3462 gla-

565 3491 689 3544 dio?
717 3497 841 3542 tunc
864 3483 1156 3554 reSpondit,
1190 3481 1353 3537 Sinite
1375 3497 1530 3547 usque
1553 3481 1652 3533 huc
1675 3497 1694 3534 :
1719 3481 1770 3534 id
1791 3489 1892 3547 est,
1912 3497 2017 3535 non
2044 3496 2144 3536 vos

569 3587 780 3634 moveat
833 3575 972 3646 quod
1033 3573 1264 3627 futurum
1316 3581 1430 3636 est;
1478 3571 1815 3641 permittendi
1867 3581 1990 3624 sunt
2040 3571 2143 3627 huc

567 3682 734 3738 usque
775 3663 1042 3736 progredi,
1089 3661 1191 3717 hoc
1236 3669 1336 3725 est,
1382 3669 1439 3713 ut
1487 3675 1574 3715 me
1611 3659 2042 3729 apprehendant,
2090 3670 2146 3715 et

569 3759 890 3829 impleantur
913 3768 1031 3823 quas
1056 3752 1124 3806 de
1153 3766 1238 3806 me
1257 3751 1452 3819 scripta
1491 3758 1632 3802 sunt.
1661 3749 1767 3804 Sed
1805 3750 1942 3805 inter
1967 3764 2143 3804 moras

567 3849 852 3904 verborum
881 3843 1314 3912 interrogantium
1342 3841 1619 3894 Dominum
1650 3849 1703 3896 et
1737 3841 1878 3894 illius
1917 3855 2142 3911 respon-

569 3939 766 4004 dentis,
795 3937 980 3991 Petrus
997 3933 1319 3988 delensionis
1345 3931 1595 3986 aviditate
1615 3941 1667 3986 et
1698 3932 1885 4000 majori
1912 3947 2009 4001 pro
2035 3932 2142 3986 Do-

570 4033 714 4086 mino
734 4027 1089 4084 commotione
1114 4025 1374 4094 percussit
1403 4040 1416 4076 ;
1444 4023 1536 4078 sed
1559 4038 1661 4076 non
1684 4033 1967 4092 potuerunt
1984 4025 2145 4079 etiam

570 4120 728 4176 simul
756 4118 859 4174 dici
879 4158 895 4182 ,
926 4132 1042 4188 quae
1077 4114 1232 4173 simul
1270 4114 1381 4169 ﬁeri
1410 4123 1708 4183 potuerunt.
1739 4114 1852 4168 Non
1879 4115 2017 4168 enim
2061 4115 2144 4169 di-

570 4223 737 4279 ceret,
769 4210 1095 4283 Respoudens
1131 4217 1296 4261 autem
1332 4206 1481 4261 Iesus
1503 4247 1518 4271 ,
1547 4207 1644 4259 nisi
1677 4206 1882 4260 illorum
1914 4207 2144 4261 interro-

570 4305 766 4377 gationi
809 4301 1186 4372 responderet,
1225 4313 1329 4353 non
1367 4297 1505 4350 laeto
1536 4296 1698 4351 Petri.
1730 4296 1859 4350 Nam
1901 4297 1967 4350 de
2007 4296 2144 4351 facto

570 4397 712 4452 Petri
738 4395 864 4466 quid
887 4391 1218 4464 iudicaverit,
1233 4388 1506 4444 Mattheus
1531 4389 1675 4442 solus
1691 4388 1841 4442 dixit.
1862 4387 1960 4443 Ubi
1982 4389 2142 4443 etiam

569 4503 679 4542 non
703 4486 836 4541 dixit
857 4484 1152 4546 Matthasus,
1183 4480 1474 4551 Respondit
1501 4479 1654 4535 Iesus
1684 4480 1861 4545 Petro,
1879 4478 2145 4534 Converte

572 4579 804 4648 gladium
828 4586 1007 4642 tuum;
1031 4575 1124 4630 sed
1146 4573 1296 4628 dixit.
1327 4571 1469 4625 Tunc
1492 4573 1563 4624 ait
1594 4571 1671 4626 illi
1695 4570 1847 4624 Iesus
1865 4613 1879 4635 ,
1908 4569 2145 4625 Converte

570 4668 795 4738 gladium
821 4675 960 4718 tuum
987 4681 1004 4718 :
1032 4663 1172 4733 quod
1206 4670 1324 4732 post
1351 4661 1544 4716 factum
1572 4669 1792 4731 apparet
1815 4661 2012 4716 dixisse
2035 4661 2142 4716 Do-

569 4759 792 4814 minum.
816 4756 946 4811 lllud
973 4770 1099 4809 vero
1127 4754 1266 4824 quod
1297 4754 1468 4808 Lucas
1489 4754 1681 4822 posuit,
1712 4753 2040 4823 Respondens
2057 4770 2144 4806 au-

571 4862 669 4906 tem
689 4848 840 4903 Iesus
871 4847 962 4913 ait,
1003 4843 1167 4900 Sinite
1189 4860 1343 4914 usque
1377 4844 1504 4910 huc,
1531 4843 1635 4898 illis
1661 4843 1751 4913 qui
1780 4844 2140 4914 interrogave-

569 4951 691 5000 rant
725 4953 1042 5012 responsum
1072 4951 1192 4992 esse
1229 4935 1592 5004 accipiendum
1622 4943 1703 4991 est
1733 4955 1746 4991 :
1774 4935 1866 4991 sed
1903 4937 2024 5006 quia
2045 4978 2058 5003 ,
2087 4943 2146 4991 ut

569 5037 830 5099 diximus,
856 5032 992 5087 inter
1018 5029 1178 5084 verba
1208 5027 1644 5096 interrogandum
1683 5035 1736 5081 et
1776 5027 2143 5096 respondentis

570 5126 802 5193 Domini,
826 5125 960 5180 facta
989 5132 1071 5179 est
1091 5137 1196 5177 uno
1220 5122 1325 5176 ictu
1350 5120 1642 5190 percussio,
1667 5119 1768 5174 hoc
1793 5120 1977 5174 ordine
1999 5120 2143 5190 judi-

569 5220 710 5277 cavit
731 5233 852 5274 esse
876 5213 1217 5279 narrandum,
1245 5221 1304 5268 ut
1343 5212 1500 5267 etiam
1540 5211 1678 5266 inter
1715 5211 1872 5265 verba
1915 5211 2145 5266 interro-

567 5309 797 5381 gationis
820 5314 874 5362 et
903 5304 1266 5375 responsionis
1292 5317 1407 5358 eam
1453 5301 1728 5356 insereret.
1760 5299 1874 5354 Non
1911 5308 1994 5354 est
2019 5315 2145 5372 ergo

567 5399 891 5457 contrarium
921 5395 1024 5452 hoc
1059 5395 1107 5451 ei
1144 5393 1286 5464 quod
1321 5393 1451 5447 dixit
1480 5392 1774 5459 Matthznus,
1803 5391 1985 5446 Omnes
2015 5395 2146 5447 enim

567 5493 652 5563 qui
672 5490 954 5560 acceperint
983 5487 1228 5557 gladium,
1253 5484 1424 5556 gladio
1454 5484 1702 5555 peribunt,
1739 5484 1790 5539 id
1817 5493 1914 5550 est,
1945 5485 2033 5554 qui
2062 5485 2144 5539 usi

567 5583 762 5641 fuerint
787 5580 980 5653 gladio.
997 5579 1175 5634 Videri
1196 5588 1371 5633 autem
1398 5587 1574 5648 posset
1599 5578 1943 5642 contrarium,
1977 5577 2020 5631 si
2042 5577 2149 5632 Do-

569 5674 746 5733 minus
772 5689 840 5730 ex
878 5671 967 5727 illa
1006 5670 1383 5740 responsione,
1429 5670 1613 5724 saltem
1659 5684 1824 5740 usque
1862 5670 1926 5725 ad
1958 5684 2139 5737 unum,

1425 267 1514 324 DE
1551 264 1901 325 CONSENSU
1941 259 2580 330 EVANGELISTARUM,
2625 262 2682 319 S.
2723 261 3084 322 AUGUSTINI

3648 277 3732 334 1168

2253 398 2353 439 nec
2378 383 2549 455 ipsum
2575 377 2767 438 lethale
2795 381 3005 448 vulnus,
3040 397 3193 438 usum
3224 367 3396 441 tamen
3417 387 3556 458 gladii
3583 407 3728 462 sponm.

2251 491 2410 532 neum
2439 476 2760 546 approbasse
2802 475 3296 535 demonstraretur.
3318 479 3595 550 Quanquam
3627 488 3727 541 etiam

2252 570 2414 626 Petro
2437 569 2635 625 dictum
2663 578 2828 623 totum
2855 578 3212 639 congruenter
3233 569 3442 642 intelligi
3463 575 3615 640 possit,
3633 582 3727 633 utsic
3779 593 3781 596 ‘

2252 669 2595 718 connectatur
2617 669 2672 717 et
2697 661 2835 732 quod
2856 662 3026 717 Lucas
3057 671 3111 716 et
3141 661 3281 732 quod
3316 663 3567 719 Matthmus
3594 671 3723 734 retulit,

2250 754 2696 825 quemadmodum
2725 769 2881 824 supra
2903 756 3335 819 commemoravi,
3351 754 3499 810 Sinite
3515 763 3725 829 usquehut;

2251 856 2324 914 et,
2348 859 2576 902 converte
2598 849 2824 918 gladium
2855 859 2995 902 tuum
3023 850 3075 902 in
3105 850 3269 902 locum
3293 866 3451 904 suum.
3475 850 3624 906 Omnes
3649 857 3726 908 enin

2248 938 2335 1008 qui
2357 940 2636 1008 acceperint
2663 938 2909 1009 gladium,
2934 939 3103 1009 gladio
3131 940 3392 1010 peribunt,
3420 950 3512 997 etc.
3535 943 3725 1009 Quomodo

2249 1037 2426 1082 autem
2463 1029 2534 1083 sit
2568 1028 2990 1099 intelligendum,
3017 1028 3183 1085 Sinite
3205 1048 3359 1096 usque
3391 1032 3496 1098 huc,
3515 1034 3603 1102 jam
3621 1050 3726 1103 expo-

2250 1120 2368 1173 sui:
2403 1127 2458 1174 et
2494 1121 2537 1172 si
2581 1120 2735 1194 aliter
2763 1121 2954 1176 melius
2986 1131 3181 1190 potest,
3231 1123 3303 1177 ita
3341 1124 3433 1190 sit;
3470 1124 3574 1178 dum
3613 1135 3724 1180 tamen

2250 1210 2706 1280 Evangelistarum
2738 1213 2931 1266 veritas
2965 1224 3192 1268 constet.

2321 1301 2408 1356 18.
2450 1302 2639 1356 Postea
2661 1303 2902 1373 sequitur
2926 1303 3227 1370 Matthmus,
3245 1314 3300 1359 et
3312 1318 3722 1362 commemoratam

2249 1393 2302 1446 in
2332 1392 2422 1446 illa
2453 1392 2581 1448 liora
2608 1393 2806 1448 dixisse
2836 1394 3006 1448 turbis
3031 1413 3042 1447 :
3080 1393 3340 1464 Tanquam
3364 1395 3427 1448 ad
3451 1397 3645 1450 latronem
3659 1401 3723 1450 eri-

2248 1484 2338 1536 stis
2362 1499 2472 1536 cum
2501 1483 2685 1554 gladiis
2711 1493 2758 1537 et
2786 1484 3002 1556 fustibus
3021 1484 3434 1554 comprehendere
3459 1503 3539 1539 me.
3564 1485 3723 1551 Quotidie

2250 1574 2388 1644 apud
2417 1589 2500 1628 vos
2523 1574 2752 1628 sedebant
2778 1575 2962 1630 docens
2987 1577 3040 1630 in
3061 1577 3268 1646 templo,
3289 1585 3336 1631 et
3359 1594 3451 1631 non
3466 1595 3532 1630 me
3553 1581 3720 1632 tenentis.

2249 1664 2397 1720 Tunc
2423 1665 2622 1719 addidit
2649 1667 2811 1720 etiam
2846 1668 3009 1722 verba
3039 1683 3161 1738 qua:
3187 1667 3353 1723 Lucas
3376 1671 3508 1740 ponit
3530 1687 3540 1723 :
3561 1669 3638 1724 Sed
3656 1672 3721 1722 lucc

2248 1765 2320 1810 est
2346 1757 2472 1810 hora
2499 1767 2679 1823 vestra,
2708 1766 2755 1812 et
2789 1767 3010 1828 potestas
3049 1761 3381 1814 tenebrarum.
3410 1759 3510 1815 Hoc
3530 1771 3656 1815 autem
3672 1771 3720 1811 to-

2248 1855 2349 1900 tum
2390 1848 2582 1918 factum
2609 1859 2703 1916 est,
2747 1851 2885 1906 sicut
2911 1850 3194 1906 Matthazus
3221 1851 3362 1916 dicit,
3405 1860 3452 1904 ut
3483 1852 3720 1921 implerentur

2249 1937 2530 2008 Scriptura
2555 1939 2952 2010 Prophetarum.
2980 1940 3124 1996 Tunc
3143 1943 3376 2014 discipuli
3398 1959 3544 1996 omnes
3554 1943 3720 1995 relictoeo

2248 2032 2519 2103 fugerunt;
2552 2031 2689 2087 sicut
2715 2042 2772 2088 et
2794 2032 2998 2088 Marcus
3036 2032 3190 2088 dicit.
3221 2032 3510 2105 Sequebatur
3538 2041 3660 2084 autem
3677 2031 3716 2082 il-

2246 2121 2352 2175 lum
2377 2139 2506 2176 unus
2544 2123 2835 2179 adolescens
2863 2127 3080 2180 amictus
3105 2125 3331 2190 sindone,
3361 2126 3483 2180 sicut
3503 2123 3612 2178 idem
3630 2122 3718 2176 llat-

2246 2226 2341 2267 cus
2368 2223 2782 2281 commemorat;
2813 2225 2860 2269 et
2885 2232 3000 2269 cum
3028 2219 3304 2272 tenuissent
3324 2232 3445 2283 eum,
3487 2217 3632 2285 rejects
3648 2215 3715 2266 tin-

2245 2302 2374 2356 done
2400 2304 2566 2358 nudus
2595 2306 2817 2376 profugit
2839 2308 2903 2360 ab
2928 2308 3018 2362 eis.

2247 2433 2470 2490 CAPUT
2508 2434 2597 2493 Vl.
2614 2437 2774 2492 -οε
2793 2439 2870 2493 his
2887 2455 2996 2510 qua:
3012 2449 3155 2513 gesta
3177 2449 3290 2495 sunt
3311 2456 3414 2494 cum
3433 2439 3638 2492 duceretur
3648 2431 3714 2485 Do-

2316 2526 2482 2580 minus
2503 2529 2570 2580 ad
2593 2529 2795 2582 domum
2822 2530 3066 2600 principis
3095 2531 3417 2596 sacerdotum,
3443 2524 3714 2598 etquaiﬂl'P“

2317 2617 2466 2671 domo
2496 2634 2612 2672 cum
2637 2629 2780 2673 nocte
2807 2621 3085 2691 perductus
3110 2630 3254 2689 esset,
3282 2630 3326 2674 et
3350 2619 3537 2672 maxime
3558 2615 3604 2667 de
3621 2611 3712 2665 Petri

2320 2711 2600 2781 negatione,
2645 2711 3070 2780 quemadmodum
3101 2713 3230 2766 inter
3255 2728 3307 2766 se
3329 2725 3480 2766 omnes
3501 2709 3710 2775 εοπςηαιιιο

2319 2843 2406 2899 19.
2446 2845 2509 2898 At
2524 2846 2603 2898 illi
2617 2853 2833 2900 tenentes
2851 2846 3030 2902 Iesum
3049 2848 3298 2902 duxerunt
3313 2846 3374 2899 ad
3388 2843 3604 2912 Caipltam,
3617 2836 3708 2904 prin-

2247 2937 2406 3006 cipem
2431 2939 2765 2997 sacerdotum.
2798 2939 2884 2992 ubi
2912 2939 3111 2994 Scriba:
3133 2951 3181 2994 et
3217 2940 3418 2994 seniores
3453 2936 3705 2988 convenerant.
3780 2991 3781 3000 χ

2247 3005 2383 3081 sicut
2405 3026 2682 3083 Matthaeus
2703 3028 2832 3082 dicit
2858 3028 3074 3100 (Matth.
3108 3046 3248 3094 xxvr,
3281 3022 3472 3096 57-75).
3495 3019 3577 3076 Sed
3597 3016 3708 3086 primo
3780 3005 3781 3024 ‘

2247 3117 2312 3170 ad
2337 3118 2539 3171 Annam
2567 3117 2754 3172 ductus
2774 3128 2873 3184 est,
2905 3134 3158 3174 socerum
3182 3117 3400 3187 Caiphtc,
3420 3113 3536 3167 sicut
3552 3109 3708 3162 Joannes

2247 3206 2376 3261 dicit
2407 3207 2581 3279 (Ioan.
2616 3224 2768 3272 xvm,
2799 3209 2997 3280 12-27).
3025 3210 3236 3265 Marcus
3259 3217 3420 3262 autem
3441 3210 3486 3256 et
3507 3201 3632 3252 Lucas
3649 3204 3708 3244 n0-

2248 3311 2370 3351 men
2400 3313 2505 3352 non
2529 3297 2710 3353 dicunt
2739 3299 3004 3368 pontiﬁcis
3031 3299 3224 3372 (Marc.
3251 3312 3355 3360 xiv,
3381 3289 3539 3353 55.72,
3571 3293 3605 3340 et
3623 3281 3705 3334 ιυι.

2250 3403 2390 3455 xxn,
2419 3385 2630 3460 54-62).
2657 3388 2855 3444 Ductus
2893 3399 2974 3443 est
2996 3399 3177 3444 autem
3206 3389 3399 3459 ligatus,
3423 3396 3523 3437 cum
3538 3376 3708 3431 adessent

2248 3481 2304 3534 in
2332 3481 2420 3535 illa
2442 3481 2590 3535 turba
2613 3481 2857 3548 tribunus
2877 3493 2930 3536 et
2957 3482 3156 3538 cohors
3175 3491 3225 3537 et
3245 3475 3451 3535 ministri
3470 3470 3706 3528 ludsoruut

2247 3571 2385 3624 sicut
2419 3569 2649 3626 Ioannes
2681 3581 3085 3628 commemorat.
3125 3571 3299 3626 Petrus
3333 3575 3478 3620 autem
3501 3555 3708 3627 εαιιιεόαιιίτ

2249 3679 2361 3716 eum
2385 3679 2417 3716 a
2444 3661 2589 3734 longe
2607 3680 2760 3733 usque
2778 3665 2831 3717 in
2847 3665 3034 3718 atrium
3057 3663 3297 3734 principis
3316 3644 3705 3734 sacerdotumutitt
3780 3681 3781 3732 1

2248 3732 2584 3824 grcssusintro
2603 3732 2801 3809 sedebat
2819 3773 2932 3810 cum
2953 3732 3291 3822 ministris,ut
3317 3750 3479 3804 videret
3495 3744 3622 3811 ﬁnem,
3641 3732 3707 3785 slc-
3780 3755 3781 3776 l

2249 3856 2306 3898 ut
2335 3846 2462 3900 dicit
2509 3846 2806 3902 Matthanus.
2839 3849 2907 3902 Et
2929 3849 3252 3921 calefaciebat
3286 3860 3334 3898 se
3370 3839 3431 3893 ad
3454 3838 3598 3906 ignem,
3618 3824 3706 3878 εἱευι

2250 3938 2301 3990 in
2330 3953 2394 3991 eo
2412 3939 2528 3993 loco
2545 3941 2861 3996 narrationis
2886 3941 3013 3995 dicit
3037 3941 3260 3996 Marcus.
3289 3935 3389 3990 Hoc
3407 3939 3452 3986 et
3469 3928 3598 3982 Lucas
3609 3927 3705 3970 com-

2249 4036 2530 4094 memorat,
2553 4030 2693 4098 quod
2723 4029 2905 4084 Petrus
2929 4031 3226 4101 sequebatur
3248 4027 3456 4092 alonge:
3477 4018 3704 4101 accensoan

2251 4128 2349 4171 tem
2377 4121 2492 4189 igne
2517 4121 2572 4174 in
2613 4120 2775 4174 medio
2802 4122 2948 4186 atrio,
2984 4099 3031 4176 et
3073 4110 3500 4176 circumsedentibus
3521 4101 3616 4160 illis,
3636 4099 3703 4145 σοι

2251 4208 2434 4263 Petrus
2458 4211 2511 4263 in
2536 4210 2698 4264 medio
2727 4227 2914 4265 eorum.
2950 4212 3016 4266 Et
3053 4213 3277 4268 Joannes
3300 4203 3431 4266 dicit,
3454 4191 3565 4267 (1⁸³οδ
3583 4197 3700 4284 ‘in

2250 4299 2397 4352 batur
2424 4299 2601 4354 Iesum
2648 4301 2827 4356 Simon
2853 4301 3058 4369 Petrus,
3092 4314 3137 4357 et
3165 4302 3288 4354 alius
3327 4286 3572 4358 discipulus.
3597 4275 3703 4369 οὲεάο
3780 4317 3781 4322 η

2251 4392 2398 4462 pulus
2421 4401 2586 4446 autem
2611 4393 2697 4446 ille
2711 4395 2846 4450 alius
2864 4405 2968 4448 erat
2997 4368 3144 4449 notus
3166 4385 3393 4464 pontiﬁci,
3419 4389 3457 4434 et
3475 4368 3702 4464 intrauit“?

2248 4479 2372 4534 Iesu
2399 4483 2453 4536 in
2489 4484 2673 4536 atrium
2705 4485 2975 4553 pontiﬁcis,
3014 4454 3402 4540 sicut'Joannes
3427 4465 3545 4522 dicit.
3577 4454 3702 4553 Ῑῗιεηίδ

2249 4584 2414 4629 autem
2430 4575 2592 4630 stabat
2615 4577 2682 4629 ad
2707 4578 2886 4631 ostium
2906 4578 3050 4646 foris,
3080 4571 3353 4631 secundum
3373 4555 3572 4618 eumdem
3593 4544 3701 4646 ’0‘"):

2249 4681 2390 4722 nem.
2414 4665 2556 4722 Exiit
2594 4685 2709 4740 ergo
2737 4639 3014 4738 discipulus
3039 4639 3198 4733 alius,
3227 4662 3308 4734 qui
3333 4663 3426 4711 erat
3447 4639 3704 4740 notus

2251 4759 2356 4826 ﬁci,
2388 4768 2434 4811 et
2465 4759 2590 4812 dixit
2617 4720 2932 4823 o;tiariae,ret
2959 4720 3467 4814 ίηινοάιιαξίιῬειηιηι,
3489 4720 3702 4826 seu”???

2250 4810 2482 4904 Ioannes
2511 4849 2655 4904 dicit.
2687 4848 2774 4904 Sic
2805 4810 2946 4903 enim
2987 4849 3176 4905 factum
3217 4849 3311 4905 est,
3340 4844 3390 4890 ut
3411 4831 3527 4884 intus
3549 4810 3702 4872 θεεειεί

2251 4936 2442 4994 Petrus
2465 4939 2520 4993 in
2549 4941 2703 5005 atrio,
2733 4939 2870 4999 sicut
2895 4948 2949 4992 et
2974 4940 3063 4994 alii
3088 4938 3278 4993 dicunt.

2317 5029 2406 5085 ‘20.
2449 4991 2710 5100 Principes
2739 5039 2905 5084 autem
2945 5031 3250 5086 sacerdotum
3278 5029 3322 5075 et
3347 5025 3472 5070 οηιιιε

2249 5122 2386 5176 sicut
2424 5085 2700 5177 Mattbaius
2743 5121 2891 5188 dicit,
2939 5123 3216 5194 qum-ebant
3250 5111 3418 5186 falsum
3457 5085 3699 5194 testiculi“:

2250 5225 2426 5270 contra
2450 5214 2648 5282 Iesum,
2676 5224 2733 5270 ut
2765 5232 2879 5270 eum
2915 5179 3061 5271 morti
3099 5210 3336 5269 traderem
3358 5215 3378 5255 ἔ
3398 5179 3699 5302 “£1133;

2249 5315 2388 5372 runt,
2419 5321 2532 5359 cum
2559 5306 2704 5359 multi
2749 5306 2869 5378 falsi
2912 5317 3056 5361 testes
3101 5295 3413 5357 accessisse“
3442 5272 3698 5392 Cﬁlfﬁmﬁ;
3780 5323 3781 5332 “

2251 5397 2392 5451 enim
2435 5398 2720 5451 testimonia
2749 5360 2859 5451 Unon
2902 5407 3062 5462 erant,
3106 5394 3235 5450 sicut
3275 5383 3455 5478 Marcus
3478 5360 3697 5482 δεῖ

2251 5487 2495 5543 eumdem
2524 5489 2696 5542 locum
2721 5491 3173 5543 commemoraret.
3213 5465 3467 5579 Νουίδδῖηω

2253 5588 2434 5632 nerunt
2463 5577 2563 5632 duo
2589 5579 2708 5650 falsi
2751 5587 2914 5645 testes,
2946 5579 3081 5633 sicut
3121 5569 3239 5629 dicit
3263 5542 3579 5650 Mallhmuj’f

2253 5677 2370 5722 runt
2388 5685 2407 5724 :
2430 5668 2482 5723 11
2487 5670 2530 5722 ie
2555 5633 2702 5734 dixit,
2731 5633 2951 5724 Possum
2973 5669 3213 5725 destruere
3233 5647 3447 5721 tentplum
3463 5633 3557 5694 De!"
