3888 6314
196 338 353 396 1169
392 356 393 359 ‘

198 456 437 511 triduum
464 451 771 519 retediﬁcare
793 448 811 480 ί
851 445 999 501 illud.
1032 443 1177 499 Alios
1206 442 1364 497 etiam
1397 437 1600 492 Marcus
1641 447 1788 487 com-

196 554 478 604 memorat
504 544 718 605 dixisse,
771 539 880 594 Nos
915 536 1196 591 audivimus
1223 547 1337 586 eum
1381 530 1645 591 dicentem,
1677 523 1790 595 Ego

196 637 488 693 dissolvam
515 633 755 703 templum
798 630 891 684 hoc
926 643 1080 682 manu
1110 626 1317 694 factum,
1350 629 1396 674 et
1426 627 1537 688 post
1570 616 1793 670 triduum

195 729 356 784 aliud
385 744 486 783 non
509 741 663 779 manu
690 728 879 793 factum
906 716 1165 787 ediﬁcabo
1181 732 1200 769 :
1224 724 1270 768 et
1295 712 1413 767 ideo
1434 726 1533 763 non
1554 716 1659 762 erat
1674 720 1794 759 con-

197 822 416 875 veniens
431 816 764 872 testimonium
793 814 1017 877 illorum,
1047 809 1184 863 sicut
1200 805 1339 860 idem
1366 803 1573 858 Marcus
1595 797 1792 853 ibidem

199 910 361 965 dicit.
391 907 458 966 Et
482 922 688 977 surgens
710 905 939 973 princeps
958 898 1292 959 sacerdotum,
1315 899 1385 947 ait
1403 893 1513 947 illi:
1537 889 1685 944 Nihil
1706 903 1788 942 re-

200 999 431 1070 spondes
469 997 536 1049 ad
559 1012 618 1048 ea
641 1008 754 1065 qua:
776 993 859 1047 isti
885 990 1149 1044 adversum
1177 996 1223 1040 te
1246 980 1606 1053 testiﬁcantur?
1642 978 1794 1032 Iesus

203 1101 384 1144 autem
411 1087 619 1141 tacebat.
651 1084 719 1139 Et
747 1086 974 1155 princeps
1001 1082 1315 1136 sacerdotum
1359 1078 1429 1129 ait
1466 1073 1792 1141 illi:Adjuro

204 1190 259 1233 te
287 1195 380 1249 per
406 1177 566 1232 Deum
595 1178 777 1239 vivunt,
802 1184 855 1228 ut
875 1174 1013 1227 dicas
1041 1172 1200 1231 nobis,
1225 1170 1270 1222 si
1293 1177 1345 1221 tu
1366 1183 1417 1220 es
1444 1164 1673 1221 Christus
1700 1161 1796 1215 Fi-

204 1270 314 1322 lius
360 1267 472 1321 Dei.
514 1266 648 1319 Dicit
674 1265 750 1319 illi
787 1264 975 1317 Iesus:
1000 1261 1075 1313 Tu
1116 1258 1323 1320 dixisti;
1352 1260 1467 1310 hinc
1494 1254 1790 1308 Matthmus.

205 1358 423 1412 Marcus
448 1365 621 1410 autem
649 1354 835 1409 eadem
863 1353 981 1406 aliis
1008 1349 1183 1404 verbis
1202 1348 1348 1413 dicit,
1372 1347 1471 1401 nisi
1489 1346 1629 1415 quod
1656 1353 1797 1399 tacet

205 1448 359 1517 quod
388 1463 509 1502 eum
535 1445 850 1514 adjuraverit
882 1444 1127 1511 princeps
1156 1439 1523 1493 sacerdotum:
1553 1436 1646 1490 sed
1673 1445 1793 1488 tan-

206 1548 330 1593 tum
364 1539 544 1592 valere
585 1533 817 1590 ostendit
855 1532 996 1602 quod
1036 1531 1086 1585 ei
1134 1531 1259 1584 dicit
1283 1530 1458 1593 Jesus,
1487 1526 1566 1580 Tu
1600 1525 1794 1592 dixisti,

206 1636 474 1696 quantum
515 1626 559 1681 si
598 1625 819 1690 diceret,
852 1621 964 1693 Ego
1003 1638 1132 1675 sum.
1164 1620 1416 1689 Sequitur
1441 1619 1605 1684 enim,
1639 1626 1696 1669 ut
1722 1616 1797 1671 ait

207 1720 359 1775 idem
388 1718 625 1772 Marcus:
652 1715 805 1769 Iesus
833 1724 998 1768 autem
1034 1712 1161 1767 dixit
1189 1712 1287 1775 illi,
1317 1710 1429 1779 Ego
1456 1726 1585 1763 sum.
1615 1708 1683 1763 Et
1725 1710 1799 1764 vi-

209 1813 395 1868 debitis
412 1810 606 1865 Filium
630 1808 845 1863 hominis
872 1825 904 1859 a
926 1806 1114 1861 dextris
1137 1804 1387 1858 sedentem
1410 1802 1621 1865 virtutis,
1645 1811 1690 1853 et
1710 1816 1797 1854 ve-

211 1906 435 1959 nientem
462 1918 576 1955 cum
604 1900 815 1954 nubibus
839 1896 968 1952 cteli.
999 1897 1109 1950 Hoc
1147 1894 1275 1949 dicit
1311 1894 1469 1948 etiam
1498 1892 1794 1956 Matthaaus,

213 1996 315 2052 sed
341 2011 444 2049 non
472 1993 600 2048 dicit
626 1990 968 2061 respondisse
982 1987 1185 2053 Jesum,
1207 1984 1321 2057 Ego
1340 2000 1471 2039 sum.
1499 1983 1638 2036 Tunc
1659 1982 1801 2053 prin-

214 2105 338 2158 ceps
363 2086 676 2141 sacerdotum
703 2081 849 2136 scidit
877 2079 1165 2135 vestimenta
1190 2094 1303 2141 sua,
1324 2076 1493 2128 dicens
1512 2090 1530 2127 :
1554 2073 1801 2142 Blasphe-

216 2178 402 2242 movit;
422 2175 543 2245 quid
557 2174 723 2227 adhuc
742 2187 938 2242 egemus
961 2167 1197 2223 testibus?
1212 2166 1349 2236 quod
1368 2164 1641 2219 Matthaaus
1656 2178 1801 2217 com-

218 2276 503 2329 memorat,
523 2274 577 2320 et
603 2263 859 2333 sequitur,
878 2260 1010 2316 Ecce
1029 2275 1161 2312 nunc
1184 2257 1397 2310 audistis
1414 2254 1798 2324 blasphemiam.

223 2360 362 2425 Quid
391 2358 524 2412 vobis
562 2356 790 2409 videtur?
810 2354 872 2406 At
897 2352 975 2405 illi
999 2350 1349 2419 respondentes
1370 2347 1601 2400 dixerunt
1624 2360 1643 2398 :
1670 2344 1805 2398 Reus

222 2461 299 2506 est
324 2450 511 2504 mortis.
537 2449 649 2503 Hoc
670 2446 829 2501 etiam
856 2452 1080 2498 testatur
1108 2451 1161 2496 et
1202 2441 1426 2494 Marcus.
1459 2438 1527 2492 Et
1567 2436 1805 2507 sequitur

223 2546 536 2600 hiattbmus:
563 2542 704 2595 Tunc
726 2546 1031 2610 exspuerunt
1054 2536 1107 2588 in
1131 2535 1312 2604 faciem
1352 2533 1480 2602 ejus,
1506 2541 1552 2583 et
1575 2529 1804 2599 colaphis

223 2656 339 2693 eum
358 2637 660 2691 ceciderunt.
685 2633 787 2686 Alii
807 2640 973 2684 autem
988 2628 1183 2699 palmas
1203 2627 1257 2679 in
1276 2625 1454 2697 faciem
1478 2624 1522 2676 ei
1541 2622 1803 2687 dederunt,

225 2731 480 2784 dicentes:
510 2725 813 2796 Prophctiza
839 2722 999 2787 nobis,
1028 2720 1242 2784 Christe,
1268 2717 1378 2788 quis
1402 2724 1473 2771 est
1493 2716 1578 2787 qui
1608 2724 1654 2768 te
1686 2730 1804 2784 per-

226 2820 417 2874 cussit?
439 2818 549 2871 Hoc
577 2816 706 2869 dicit
734 2822 787 2868 et
815 2812 1018 2867 Marcus
1043 2828 1057 2864 :
1080 2816 1461 2865 commemorat
1485 2807 1642 2861 etiam
1665 2803 1808 2874 quod

228 2912 278 2965 ei
308 2910 495 2963 facient
522 2907 849 2959 velavcrunt.
882 2903 956 2956 De
976 2902 1060 2955 his
1081 2914 1291 2970 quoque
1315 2898 1484 2952 Lucas
1504 2904 1802 2950 attestatur.

299 3000 389 3052 2~l.
433 2997 555 3051 Haec
582 2995 889 3064 intelligitur
912 3006 1095 3061 passus
1111 2990 1365 3045 Dominus
1386 3002 1550 3057 usque
1565 2987 1631 3040 ad
1653 3000 1810 3039 mane

232 3092 283 3144 in
316 3092 473 3143 domo
502 3086 753 3157 principis
768 3084 1123 3146 sacerdotum,
1143 3097 1249 3151 quo
1265 3081 1408 3150 prius
1429 3079 1685 3133 adductus
1703 3087 1805 3141 est,

233 3183 319 3237 ubi
338 3182 497 3236 etiam
516 3180 701 3234 Petrus
724 3187 955 3232 tentatus
971 3185 1072 3231 est.
1103 3174 1209 3230 Sed
1235 3173 1302 3229 dc
1327 3172 1466 3227 Petri
1498 3172 1807 3234 tentatione,

234 3288 353 3342 qua:
393 3272 528 3324 inter
566 3269 661 3322 has
690 3267 899 3321 Domini
922 3264 1270 3320 contumelias
1298 3262 1434 3316 facta
1457 3269 1557 3323 est,
1585 3276 1690 3314 non
1716 3274 1811 3312 eo-

235 3362 356 3416 dem
385 3359 571 3412 ordinc
599 3370 785 3410 omnes
815 3361 1064 3407 narrant:
1096 3366 1217 3405 11am
1262 3351 1403 3419 ipsas
1448 3349 1617 3415 primo
1661 3361 1810 3401 com-

238 3459 535 3508 memorant
560 3447 835 3501 Matthznus
855 3443 1150 3507 etMarcus,
1175 3439 1365 3495 deinde
1395 3438 1536 3493 Petri
1565 3436 1815 3491 tentatio-

241 3558 392 3607 nem;
422 3540 590 3594 Lucas
630 3552 759 3592 vero
802 3535 1027 3605 explicat
1075 3533 1219 3603 prius
1265 3530 1605 3586 tentationem
1644 3527 1810 3593 Petri,

242 3643 353 3688 tum
379 3632 593 3687 demum
621 3630 715 3683 bas
744 3627 951 3682 Domini
976 3623 1353 3680 contumelias:
1382 3622 1617 3677 Joannes
1636 3629 1814 3674 autem

242 3726 421 3793 incipit
441 3723 579 3777 Petri
608 3719 952 3777 tentationem
971 3718 1168 3783 dicere,
1191 3725 1245 3771 et
1270 3714 1553 3784 interponit
1572 3712 1816 3783 quaedam

243 3816 310 3870 de
332 3813 668 3869 contumeliis
713 3809 937 3873 Domini,
969 3817 1021 3862 et
1043 3807 1283 3878 adjungit
1308 3803 1450 3875 quod
1476 3804 1599 3858 inde
1623 3804 1817 3858 missus

243 3914 323 3962 est
349 3904 414 3958 ad
442 3903 695 3972 Caipham
721 3900 1056 3971 pontiﬁcem;
1080 3908 1134 3952 et
1154 3897 1275 3951 inde
1294 3893 1623 3964 recapitulat,
1652 3902 1709 3947 ut
1728 3908 1821 3947 ex-

248 3997 401 4066 plicet
426 4009 583 4065 quam
612 4000 845 4062 coeperat
872 3990 1214 4045 tentationem
1245 3986 1386 4040 Petri
1421 3986 1473 4038 in
1502 3984 1680 4047 domo,
1713 3995 1819 4049 quo

249 4088 416 4157 primo
442 4086 699 4139 adductus
726 4090 826 4147 est,
853 4092 906 4136 et
927 4080 1063 4135 redit
1087 4079 1152 4132 ad
1174 4077 1433 4141 ordinem,
1463 4075 1549 4129 ubi
1575 4072 1821 4129 ostendat

248 4177 689 4251 quemadmodum
720 4174 907 4227 ductus
933 4172 999 4226 sit
1028 4170 1282 4224 Dominus
1311 4168 1377 4222 ad
1400 4166 1674 4234 Caipham.

318 4269 407 4322 22.
449 4267 536 4321 Sic
568 4280 695 4335 ergo
724 4263 999 4318 Mattlueus
1028 4260 1295 4329 sequitur:
1331 4257 1510 4311 Petrus
1538 4272 1651 4310 vero
1679 4254 1821 4309 sede-

252 4362 330 4413 bat
363 4358 485 4429 foris
511 4358 561 4409 in
588 4356 737 4419 atrio,
772 4366 816 4407 et
841 4351 1048 4405 accessit
1064 4351 1129 4403 ad
1150 4365 1260 4402 eum
1284 4365 1385 4401 una
1408 4347 1594 4400 ancilla
1614 4345 1783 4398 dicens
1802 4361 1822 4398 :

254 4448 318 4502 Et
337 4460 388 4500 tu
411 4463 521 4499 cum
535 4446 658 4498 Iesu
674 4443 884 4497 Galilazo
901 4442 1048 4495 eras?
1066 4438 1130 4492 At
1146 4439 1232 4491 ille
1252 4438 1444 4507 negavit
1468 4452 1638 4489 coram
1662 4436 1823 4487 omni-

160 4566 163 4571 λ
254 4540 341 4593 bus
374 4534 787 4591 dicens:Nescio
824 4531 942 4601 quid
978 4530 1123 4583 dicis.
1167 4526 1395 4581 Exeunte
1431 4535 1594 4577 autem
1622 4524 1710 4575 illo
1729 4524 1821 4591 ja-

254 4645 421 4690 nuam,
450 4627 571 4679 vidit
602 4625 746 4678 illum
779 4623 883 4675 alia
908 4621 1112 4684 ancilla,
1144 4628 1188 4671 et
1224 4619 1293 4670 ait
1319 4616 1396 4669 his
1424 4616 1506 4684 qui
1540 4622 1678 4667 erant
1702 4612 1770 4665 ibi
1804 4628 1824 4666 .'

256 4718 320 4773 Et
346 4718 426 4770 hic
452 4726 556 4769 erat
582 4731 698 4767 cum
722 4713 845 4766 Iesu
879 4710 1164 4765 Nazareno.
1192 4705 1261 4760 Et
1281 4708 1460 4759 iterant
1490 4703 1682 4773 negavit
1710 4718 1825 4755 cum

248 4811 554 4881 juramento,
586 4803 717 4867 Quia
746 4818 847 4855 non
888 4800 1000 4853 navi
1029 4797 1295 4852 hominem.
1322 4792 1389 4847 Et
1433 4801 1543 4861 post
1582 4789 1825 4861 pusillum

255 4903 565 4952 accesserunt
585 4894 668 4963 qui
690 4893 907 4954 stabant,
938 4899 983 4942 et
1011 4887 1242 4941 dixerunt
1263 4885 1443 4937 Petro:
1475 4882 1598 4935 Vere
1615 4889 1663 4934 et
1688 4890 1740 4933 tu
1755 4896 1822 4934 ea:

256 4990 355 5043 illis
382 5002 468 5049 es;
509 5001 625 5038 nam
653 4993 698 5036 et
734 4980 931 5048 loquela
972 4987 1057 5030 tua
1084 4976 1404 5045 manifestum
1433 4984 1478 5026 te
1512 4974 1649 5043 facit.
1685 4969 1825 5023 Tunc

259 5080 402 5147 cwpit
448 5076 682 5132 detestari
706 5084 752 5127 et
771 5074 969 5143 jurare,
1018 5070 1137 5137 quia
1163 5085 1260 5121 non
1289 5067 1499 5120 novisset
1527 5064 1775 5117 hominem
1804 5077 1823 5116 :

260 5181 302 5223 et
324 5170 558 5223 continuo
583 5166 749 5237 gallus
775 5160 989 5215 cantavit
1012 5174 1029 5212 :
1052 5158 1165 5212 haec
1190 5156 1317 5211 dicit
1350 5154 1642 5208 Mattiacas.
1671 5151 1829 5206 Intel-

263 5261 434 5330 ligitur
460 5270 634 5313 autem
662 5255 799 5326 quod
846 5260 1184 5322 posteaquam
1224 5248 1350 5302 exiit
1377 5247 1535 5310 foras,
1576 5260 1695 5300 cum
1717 5244 1828 5313 jam

262 5352 424 5408 semel
446 5358 705 5421 negasset,
724 5346 1142 5418 gallus-cantavit
1157 5342 1379 5411 primus,
1396 5338 1537 5410 quod
1555 5336 1829 5392 Matthaaus

264 5452 418 5506 tacet,
447 5450 500 5497 et
522 5442 728 5496 Marcus
755 5440 901 5494 dicit.

328 5534 419 5591 23.
460 5533 574 5588 Non
606 5542 783 5585 autem
813 5530 942 5584 foris
982 5536 1102 5583 ante
1126 5526 1340 5596 januam
1383 5524 1570 5578 iterum
1602 5520 1826 5592 negavit,

329 5709 589 5774 ‘Plerique
634 5715 762 5769 Mss,
814 5705 1057 5770 (ediﬁcare
1086 5720 1102 5757 .'
1121 5707 1257 5768 juxta
1295 5718 1459 5769 grtec.,
1496 5702 1827 5756 oicodomdsat.

1524 318 1730 377 LIBER
1763 315 2081 372 TERTIUS.

3332 309 3470 367 H70

1895 429 1987 484 sed
2000 444 2118 483 cum
2136 427 2378 483 rediisset
2393 428 2457 482 ad
2476 427 2648 482 locum
2664 444 2677 479 :
2692 425 2902 496 quando
2916 434 3089 481 autem
3106 425 3342 494 redierit,
3361 441 3467 482 11011

1894 537 2028 591 opus
2048 530 2161 577 erat
2180 535 2615 576 commemorare.
2637 519 2844 573 Marcus
2862 534 2988 588 ergo
3007 519 3083 572 sic
3104 518 3230 571 illud
3258 528 3460 572 narrat:

1894 611 1965 667 Et
1988 613 2105 667 exiit
2129 615 2267 684 foras
2292 621 2407 664 ante
2421 611 2624 674 atrium,
2652 620 2697 663 et
2720 610 2886 680 gallus
2910 609 3145 663 cantavit.
3164 608 3361 662 Rursus
3376 625 3472 663 au-

1898 714 1994 758 tem
2014 720 2127 758 cum
2141 704 2340 758 vidisset
2364 702 2509 756 illum
2535 701 2742 768 ancilla,
2774 703 2921 772 coepit
2948 702 3108 757 dicere
3134 702 3469 756 circumten-

1899 795 2047 860 libus,
2083 795 2214 861 Quia
2233 794 2313 847 hic
2338 810 2402 846 ex
2426 792 2527 846 illis
2552 801 2642 845 est.
2676 791 2742 844 At
2769 793 2855 845 ille
2880 793 3060 845 iterum
3095 793 3310 861 negavit.
3344 792 3475 848 Haec

1899 899 2025 939 vero
2051 883 2241 938 ancilla
2272 896 2377 937 non
2403 880 2609 944 eadem,
2640 880 2734 935 sed
2762 881 2863 935 alia
2891 889 2993 948 est,
3022 882 3160 935 sicut
3181 880 3310 935 dicit
3336 879 3474 934 Mat-

1898 975 2088 1028 thams.
2115 973 2254 1028 Sane
2283 973 2385 1026 hoc
2409 985 2619 1040 quoque
2643 969 2972 1040 intelligitur,
3002 971 3125 1040 quia
3156 970 3209 1023 in
3239 968 3471 1024 secunda

1898 1068 2176 1137 negatione
2195 1079 2225 1118 a
2244 1063 2451 1118 duobus
2474 1061 2821 1131 compellatus
2846 1070 2959 1115 est:
2991 1070 3045 1116 et
3068 1060 3137 1115 ab
3159 1060 3349 1115 ancilla
3371 1058 3481 1115 sci-

1898 1159 2042 1223 licet,
2064 1172 2222 1226 quam
2242 1162 2664 1210 commemorant
2689 1153 2967 1208 Matthazus
2995 1163 3049 1208 et
3065 1152 3298 1217 Marcus;
3332 1161 3385 1208 et
3411 1153 3481 1209 ab

1898 1247 2022 1310 alio,
2040 1261 2199 1315 quem
2214 1254 2595 1300 commemorat
2609 1243 2798 1298 Lucas.
2818 1243 2906 1298 Sic
2920 1246 3063 1299 enim
3075 1242 3481 1297 hocnarratLu-

1898 1351 1989 1393 cas
2008 1354 2020 1388 :
2041 1335 2223 1390 Petrus
2239 1351 2353 1390 vero
2362 1334 2652 1404 sequebatur
2666 1335 2874 1405 alonge.
2891 1332 3111 1387 Accensa
3126 1342 3294 1387 autem
3304 1333 3417 1403 igne
3427 1332 3483 1385 in

1899 1427 2062 1481 medio
2083 1427 2230 1491 atrio,
2256 1434 2301 1479 et
2326 1423 2794 1478 circumsedentibus
2813 1421 2937 1487 illis,
2959 1431 3067 1476 erat
3096 1420 3278 1476 Petrus
3298 1422 3351 1475 in
3370 1438 3479 1475 me-

1900 1518 1985 1571 dio
2013 1533 2201 1571 eorum.
2239 1516 2396 1581 Quem
2414 1532 2527 1569 cum
2553 1515 2753 1568 vidisset
2776 1514 2961 1567 ancilla
2979 1511 3211 1585 quadam
3228 1512 3482 1567 sedentem

1902 1607 1968 1659 ad
2002 1607 2190 1671 lumen,
2214 1615 2260 1659 et
2281 1621 2393 1658 eum
2424 1604 2600 1674 fuisset
2627 1604 2825 1668 intuita,
2864 1602 3022 1657 dixit:
3040 1602 3106 1657 Et
3135 1603 3217 1655 hic
3238 1618 3353 1656 cum
3387 1602 3482 1655 illo

1901 1704 2025 1749 erat.
2050 1695 2113 1747 At
2138 1695 2224 1747 ille
2240 1693 2441 1763 negavit
2453 1709 2585 1759 eum,
2606 1692 2776 1746 dicens
2797 1707 2815 1745 :
2834 1689 3043 1757 Mulier,
3065 1708 3163 1745 non
3184 1691 3298 1745 novi
3312 1690 3480 1745 illum.

1902 1787 1970 1841 Et
1985 1796 2095 1857 post
2112 1786 2350 1854 pusillum
2371 1785 2503 1838 alius
2521 1784 2693 1838 videns
2712 1801 2846 1851 eum,
2869 1784 2995 1837 dixit
3019 1800 3033 1813 “
3052 1780 3119 1837 Et
3140 1795 3194 1837 tu
3212 1782 3276 1836 de
3292 1783 3396 1837 illis
3406 1799 3481 1837 es.

1902 1878 2014 1933 Hoc
2034 1893 2160 1948 ergo
2185 1877 2325 1946 quod
2348 1877 2514 1931 Lucas
2540 1877 2632 1940 ait,
2658 1875 2723 1930 Et
2749 1886 2859 1947 post
2886 1876 3147 1946 pusillum,
3170 1874 3279 1945 jam
3303 1890 3483 1944 egres-

1903 1985 1994 2024 sus
2023 1979 2135 2025 erat
2159 1970 2348 2023 Petrus
2374 1969 2612 2037 januam,
2644 1975 2698 2021 et
2719 1967 2923 2037 primus
2949 1967 3116 2037 gallus
3145 1973 3486 2034 cantaverat;

1900 2060 2115 2131 jamque
2144 2059 2392 2124 redierat,
2424 2068 2481 2113 ut
2506 2057 2950 2128 quemadmodum
2977 2056 3104 2111 dicit
3125 2055 3377 2122 Joannes,
3415 2056 3485 2111 ad

1906 2150 2079 2207 locum
2122 2157 2268 2203 stans
2307 2150 2497 2202 iterum
2537 2155 2774 2216 negaret.
2801 2146 3033 2202 Joannes
3060 2145 3205 2201 enim
3231 2146 3285 2199 in
3311 2145 3484 2215 prima

1907 2241 2184 2311 negatione
2204 2239 2364 2305 Petri,
2396 2254 2502 2292 non
2529 2237 2701 2293 solum
2721 2236 2787 2293 de
2805 2237 2978 2307 primo
3000 2236 3121 2306 galli
3141 2245 3301 2291 cantu
3322 2244 3483 2302 tacet,

1907 2333 2042 2387 sicut
2083 2332 2281 2397 exteri,
2324 2338 2545 2401 excepto
2570 2329 2775 2393 Marco;
2805 2329 2899 2383 sed
2925 2329 3084 2384 etiam
3119 2329 3260 2398 quod
3290 2328 3486 2384 seden-

1909 2432 2015 2477 tem
2045 2422 2111 2476 ad
2154 2424 2327 2491 ignem
2357 2420 2667 2491 cognoverit
2706 2419 2916 2483 ancilla,
2948 2433 3053 2473 non
3080 2428 3483 2474 commemorat.

1912 2515 2021 2569 lloc
2049 2514 2189 2568 enim
2218 2522 2416 2567 tantum
2438 2514 2530 2577 ait,
2559 2512 2698 2565 Dicit
2721 2528 2838 2583 ergo
2862 2511 3015 2565 Petro
3040 2510 3227 2564 ancilla
3245 2511 3450 2565 ostiaria
3467 2527 3487 2565 :

1914 2607 2176 2676 Numquid
2198 2617 2244 2659 et
2265 2616 2317 2658 tu
2335 2606 2395 2659 de
2415 2603 2678 2675 discipulis
2698 2620 2749 2658 es
2763 2603 2979 2657 hominis
3012 2603 3191 2657 istius?
3211 2602 3348 2655 Dicit
3366 2602 3453 2655 ille
3467 2619 3487 2656 :

1913 2699 2035 2753 Non
2064 2715 2194 2751 sum.
2228 2696 2425 2752 Deinde
2445 2694 2733 2766 interponit
2753 2709 2872 2764 qua:
2896 2700 3043 2764 gesta
3077 2701 3341 2748 suntcum
3361 2690 3488 2746 Jesu

1914 2790 1968 2843 in
1999 2787 2184 2842 eadem
2208 2787 2387 2852 domo,
2414 2802 2532 2855 qua:
2569 2783 3034 2840 commemoranda
3068 2783 3355 2837 arbitratus
3382 2790 3485 2847 est,

1914 2879 1984 2932 ita
2016 2892 2271 2931 narrans:
2296 2877 2507 2931 Stabant
2532 2885 2695 2929 autem
2724 2876 2923 2929 serviet
2947 2875 3161 2928 ministri
3188 2875 3256 2927 ad
3276 2890 3486 2945 prunas,

1913 2970 2033 3041 quia
2054 2970 2212 3039 frigus
2231 2976 2370 3031 erat;
2398 2976 2444 3021 et
2463 2967 2820 3038 calefaciebant
2847 2982 2901 3019 se
2919 2982 2939 3018 :
2963 2974 3067 3020 erat
3101 2974 3264 3020 autem
3284 2982 3399 3019 cum
3419 2966 3489 3018 eis

1915 3066 1961 3113 et
1991 3058 2170 3111 Petrus
2198 3068 2356 3123 stans,
2382 3067 2428 3110 et
2454 3057 2754 3125 calefaciens
2775 3072 2845 3111 se.
2877 3056 2975 3111 Hic
3002 3071 3131 3127 ergo
3148 3056 3257 3126 jam
3292 3056 3489 3110 intelli-

1914 3151 2053 3219 gitur
2068 3149 2261 3203 exiisse
2273 3148 2412 3202 foras
2424 3148 2659 3215 Petrum,
2677 3156 2730 3202 et
2747 3146 2995 3203 rediisse:
3010 3149 3179 3216 primo
3190 3147 3330 3202 enim
3345 3146 3491 3201 sede-

1917 3244 2007 3297 bat
2032 3242 2097 3296 ad
2138 3243 2346 3310 ignem;
2377 3249 2431 3295 et
2456 3250 2636 3308 postea
2667 3241 2775 3307 jam
2816 3239 3047 3306 rediens,
3070 3248 3212 3294 stare
3233 3246 3489 3308 creperat.

1986 3331 2075 3384 24.
2117 3330 2221 3384 Sed
2250 3329 2382 3383 forte
2405 3329 2479 3382 ait
2493 3329 2676 3397 aliquis
2698 3347 2710 3381 :
2736 3327 2979 3382 Nondum
3004 3328 3225 3393 exierat,
3244 3344 3491 3382 surrexe-

1920 3428 2200 3487 ratantem
2226 3418 2484 3473 exiturus.
2528 3417 2640 3470 Hoc
2670 3425 2840 3485 potest
2862 3416 3037 3471 dicere
3063 3416 3155 3483 qui
3194 3425 3342 3484 putat
3367 3416 3494 3470 foris

1919 3520 2043 3564 ante
2066 3510 2281 3580 januam
2309 3507 2538 3563 secundo
2560 3508 2934 3576 interrogatum
2951 3520 3189 3577 negasse.
3208 3505 3494 3560 Videamus

1919 3616 2048 3671 ergo
2072 3600 2291 3655 Joannis
2311 3600 2584 3668 sequentia
2609 3617 2620 3650 :
2651 3597 2892 3668 Pontifex
2908 3613 3046 3667 ergo,
3068 3597 3255 3668 inquit,
3281 3598 3495 3650 interro-

1921 3692 2054 3761 gavit
2080 3689 2257 3744 Iesum
2281 3689 2342 3741 de
2370 3690 2630 3758 discipulis
2657 3689 2782 3755 suis,
2813 3698 2859 3741 et
2884 3690 2946 3741 de
2968 3688 3195 3751 doctrina
3232 3688 3361 3756 ejus.
3394 3688 3495 3742 Re-

1921 3782 2123 3852 spondit
2149 3781 2191 3835 ei
2216 3780 2401 3834 Iesus:
2425 3779 2536 3850 Ego
2573 3778 2742 3846 palam
2783 3782 2975 3834 locutus
3004 3796 3118 3834 sum
3149 3780 3360 3845 mundo,
3406 3796 3496 3851 ego

1922 3889 2115 3943 semper
2138 3871 2287 3925 docui
2314 3873 2367 3925 in
2394 3889 2672 3943 synagoga,
2703 3881 2749 3925 et
2769 3872 2823 3925 in
2849 3871 3054 3942 templo,
3082 3888 3180 3941 quo
3204 3889 3373 3927 omnes
3393 3871 3496 3926 Iu-

1923 3963 2022 4017 dei
2051 3964 2365 4026 conveniunt,
2396 3974 2439 4016 et
2462 3964 2513 4015 in
2536 3963 2726 4016 occulto
2754 3963 2949 4017 locutus
2965 3979 3075 4017 sum
3097 3963 3258 4017 nihil:
3282 3964 3403 4031 quid
3420 3979 3498 4017 me

1922 4052 2239 4124 interrogas?
2265 4055 2515 4123 interroga
2543 4069 2624 4106 eos
2643 4054 2727 4121 qui
2750 4055 3013 4107 audierunt
3029 4054 3150 4122 quid
3177 4052 3368 4108 locutus
3382 4071 3499 4109 sum

1926 4147 2046 4216 ipsis
2070 4162 2088 4199 :
2119 4162 2228 4200 ecce
2252 4146 2290 4199 ii
2313 4147 2472 4198 sciunt
2497 4162 2609 4216 qua:
2632 4144 2844 4197 dixerim
2876 4162 2984 4215 ego.
3020 4144 3145 4199 Haec
3180 4154 3345 4198 autem
3381 4162 3499 4199 cum

1926 4237 2149 4297 dixisset.
2179 4253 2307 4289 unus
2339 4236 2572 4288 assistens
2602 4234 2942 4287 ministrorum
2967 4234 3103 4286 dedit
3127 4233 3329 4304 alapam
3346 4233 3495 4299 Iesu,

1927 4328 2095 4381 dicens
2114 4344 2132 4380 :
2150 4326 2239 4381 Sic
2263 4326 2529 4394 respondes
2559 4324 2817 4394 pontiﬁci?
2845 4322 3123 4393 Respondit
3154 4323 3199 4377 ei
3223 4323 3372 4378 Iesus
3390 4340 3408 4377 :
3434 4324 3499 4379 Si

1928 4420 2057 4471 male
2084 4418 2277 4470 locutus
2302 4433 2429 4481 sum,
2475 4416 2808 4469 testimonium
2837 4414 3036 4481 perhibe
3066 4414 3130 4468 de
3156 4415 3290 4469 malo
3306 4429 3326 4479 ;
3344 4417 3389 4469 si
3408 4433 3501 4469 aud

1929 4518 2024 4561 tem
2051 4507 2189 4571 bene,
2226 4506 2347 4574 quid
2386 4522 2463 4557 me
2495 4504 2683 4558 credis?
2708 4503 2773 4557 Et
2801 4503 2933 4558 misit
2960 4520 3071 4558 eum
3095 4505 3265 4558 Annus
3291 4504 3501 4574 ligatum

1929 4598 1994 4650 ad
2017 4596 2262 4666 Caipham
2289 4596 2593 4663 pontiﬁcem.
2624 4594 2719 4648 Hic
2746 4609 2873 4649 sane
2892 4594 3185 4649 ostenditur
3210 4595 3350 4663 quod
3386 4597 3503 4649 An-

1932 4705 2025 4743 nas
2054 4689 2290 4759 pontifex
2311 4696 2425 4741 erat
2449 4704 2460 4738 :
2494 4686 2726 4740 nondum
2761 4686 2902 4740 enim
2929 4686 3122 4741 missus
3153 4695 3269 4741 erat
3290 4686 3357 4741 ad
3382 4685 3503 4741 Cai-

1932 4780 2111 4850 pham,
2140 4796 2257 4833 cum
2282 4780 2390 4848 jam
2420 4778 2493 4832 illi
2515 4777 2796 4841 diceretur,
2829 4778 2917 4833 Sic
2939 4779 3209 4847 respondes
3238 4780 3502 4848 pontiﬁci?

1932 4872 1997 4926 Et
2025 4871 2121 4925 hos
2141 4870 2294 4934 duos,
2332 4871 2538 4923 Annam
2564 4877 2620 4924 et
2653 4867 2905 4938 Caipham
2945 4870 3242 4940 pontiﬁces,
3270 4884 3505 4924 comme-

1932 4969 2105 5015 morat
2130 4960 2284 5015 etiam
2312 4959 2482 5013 Lucas
2504 4959 2554 5013 in
2584 4959 2733 5013 initio
2762 4959 3024 5027 Evangelii
3047 4958 3126 5012 sui
3158 4957 3305 5028 (Luc.
3325 4958 3501 5029 111,2).

1933 5051 2026 5105 His
2046 5050 2200 5104 dictis
2220 5049 2448 5103 Joannes
2467 5049 2606 5104 redit
2628 5049 2692 5103 ad
2715 5049 2853 5117 quod
2878 5057 3114 5115 cmpcrat
3138 5048 3203 5102 de
3223 5049 3505 5118 negatione

1935 5142 2095 5204 Petri,
2126 5141 2177 5195 id
2204 5150 2302 5205 est,
2332 5141 2398 5196 ad
2428 5140 2667 5197 eamdem
2696 5140 2930 5201 domum,
2961 5138 3047 5192 ubi
3073 5146 3219 5209 gesta
3245 5148 3369 5194 sunt
3387 5155 3507 5210 quia

1936 5234 2185 5297 narravit,
2225 5243 2279 5287 et
2320 5231 2459 5286 unde
2486 5231 2551 5285 ad
2583 5229 2832 5298 Caipham
2876 5228 3071 5283 missus
3110 5238 3193 5284 est
3233 5229 3407 5292 Jesus,
3438 5230 3509 5285 ad

1935 5342 2092 5397 quem
2118 5327 2184 5380 ab
2211 5325 2357 5379 initio
2380 5322 2689 5386 ducebatur,
2720 5321 2854 5375 sicut
2877 5320 3005 5375 dixit
3025 5319 3319 5375 Mattbmus.
3349 5318 3510 5375 Com-

1937 5416 2248 5472 memoravit
2275 5422 2449 5467 autem
2478 5415 2577 5465 ista
2606 5411 2834 5467 Joannes
2863 5426 2980 5480 quae
3008 5411 3321 5480 interposuit
3358 5425 3511 5466 reca-

1941 5508 2165 5577 pitulans
2190 5506 2256 5560 de
2282 5505 2460 5569 Petro,
2478 5511 2533 5558 et
2556 5502 2619 5557 ad
2647 5517 2762 5558 eam
2784 5502 3138 5556 narrationem
3169 5500 3403 5569 rediens,
3432 5504 3507 5557 ita

1938 5601 2087 5663 dicit,
2114 5606 2173 5651 ut
2201 5597 2465 5667 compleat
2486 5596 2672 5649 trinam
2704 5595 3034 5661 negationem
3055 5612 3066 5646 :
3088 5594 3214 5649 Erat
3229 5604 3397 5649 autem
3424 5594 3509 5651 Si.

1942 5709 2052 5747 mon
2094 5688 2273 5743 Petrus
2310 5700 2466 5758 stans,
2504 5698 2548 5741 et
2572 5686 2869 5756 calefaciens
2900 5702 2969 5739 se.
2997 5683 3243 5741 Dixerunt
3270 5702 3388 5744 erao
3424 5688 3505 5746 ei;
