3888 6348
1715 147 1792 160 ια’-(3
1803 148 1900 161 ..ι-ως
1915 146 1948 152 ""
1983 149 2028 166 ’τε

1189 242 1662 302 DECONSENSU
1697 239 2340 303 EVANGELISTABUM,
2381 240 2438 296 S.
2477 238 2847 298 AUGUSTINI

413 250 554 310 H75

411 379 532 419 esse
558 360 916 428 credendum,
946 360 1036 431 qui
1081 359 1326 415 Ieremia:
1377 375 1570 414 nomen
1613 374 1717 413 non
1760 359 1987 423 habent;

410 456 611 512 dictum
637 466 715 510 est
742 455 884 510 enim
914 454 1014 509 hoc
1039 468 1134 523 per
1160 452 1467 523 prophetam
1485 493 1501 518 ,
1523 451 1618 508 sed
1642 451 1986 506 Zachariam:

408 546 551 601 unde
579 553 808 614 putatur,
837 543 1047 600 codices
1073 558 1192 597 esse
1223 543 1506 597 mendosos
1531 543 1621 613 qui
1662 542 1858 598 habent
1895 557 1991 596 no-

409 653 532 692 men
562 637 837 702 Jeremire,
871 636 991 705 quia
1019 637 1099 690 vel
1128 635 1397 690 Zacharia:
1439 634 1634 689 habere
1658 631 1986 699 debuerunt}

406 729 491 784 vel
523 728 717 785 nullius
737 771 750 792 ,
792 729 927 782 sicut
956 727 1198 797 quidam,
1230 728 1322 781 sed
1352 736 1554 781 tantum
1581 743 1670 796 per
1697 725 1990 796 prophetam

405 820 650 874 dicentem
672 860 684 880 ,
714 821 800 888 qui
831 823 1009 888 utique
1038 819 1345 890 intelligitur
1362 817 1662 874 Zacharias.
1687 817 1792 872 Sed
1816 826 1990 872 utatur

404 911 504 963 ista
532 909 839 964 defensione
857 949 871 973 ,
900 911 984 964 cui
1016 911 1223 979 placet:
1252 909 1382 963 mihi
1408 919 1585 964 autem
1615 923 1713 964 cur
1737 924 1842 963 non
1873 909 1988 978 pla-

405 1010 552 1066 ceat,
598 999 712 1054 haec
753 1015 911 1054 causa
937 1009 1050 1066 est,
1087 1000 1208 1069 quia
1238 1009 1292 1054 et
1318 999 1497 1068 plures
1536 999 1747 1054 codices
1795 999 1990 1054 habent

403 1088 646 1144 Jeremia:
674 1105 900 1153 nomen;
944 1099 1000 1144 et
1041 1091 1129 1160 qui
1171 1089 1472 1158 diligentius
1501 1089 1558 1144 iu
1593 1090 1781 1160 grzccis
1805 1105 1988 1144 exem-

403 1181 635 1250 plaribus
665 1181 1008 1252 Evangelinm
1045 1181 1513 1236 consideraverunt
1534 1223 1548 1248 ,
1581 1181 1636 1236 in
1679 1182 1990 1252 antiquiori-

402 1271 503 1326 bus
529 1271 716 1341 grzccis
758 1273 826 1327 ita
857 1289 915 1328 se
959 1273 1238 1342 perhibent
1264 1272 1570 1329 invenisse:
1613 1283 1663 1328 et
1709 1273 1851 1327 nulla
1889 1272 1989 1328 fuit

403 1377 561 1416 causa
585 1377 679 1417 cur
703 1363 987 1418 adderetur
1020 1362 1121 1418 hoc
1159 1378 1351 1418 nomen
1376 1403 1394 1431 ,
1440 1372 1500 1418 ut
1540 1363 1865 1418 mendositas
1894 1363 1988 1418 flc-

402 1465 516 1518 ret;
547 1470 641 1509 cur
663 1466 837 1510 autem
865 1455 930 1510 de
960 1455 1226 1510 nonnullis
1245 1455 1516 1510 codicibus
1557 1455 1829 1510 tolleretur
1847 1495 1862 1522 ,
1889 1453 1988 1510 fuit

403 1548 584 1615 utique
609 1563 795 1612 causa,
828 1558 885 1600 ut
928 1546 1031 1601 hoc
1074 1547 1244 1601 audax
1290 1548 1552 1617 imperitia
1593 1545 1820 1612 faceret,
1863 1561 1987 1601 cum

405 1637 707 1691 turbaretur
742 1636 1036 1704 quaestione
1060 1677 1074 1701 ,
1125 1635 1268 1706 quod
1309 1636 1412 1691 hoc
1453 1635 1812 1692 testimonium
1847 1635 1986 1706 apud

405 1728 686 1783 Jeremiam
719 1741 821 1781 non
850 1726 1196 1782 inveniretur.

478 1819 564 1874 30.
605 1818 741 1886 Quid
770 1833 896 1889 ergo
921 1817 1322 1889 intelligendum
1361 1827 1473 1882 est,
1518 1819 1622 1872 nisi
1666 1818 1768 1873 hoc
1811 1826 1988 1873 actum

405 1925 526 1966 esse
555 1910 842 1964 secretiore
872 1910 1095 1964 consilio
1125 1909 1472 1979 providentia:
1501 1909 1626 1975 Dei,
1655 1923 1758 1979 qua
1783 1918 1987 1964 mentes

405 2003 858 2071 Evangelistarum
901 2009 1025 2056 sunt
1046 2001 1391 2071 gubernatm?
1416 2001 1591 2055 Potuit
1620 2001 1761 2056 enim
1793 2001 1905 2057 fieri
1933 2009 1988 2056 ut

405 2093 583 2147 animo
611 2091 836 2145 Mattltmi
873 2090 1216 2161 Evangelium
1248 2091 1633 2146 conscribentis
1662 2107 1754 2160 pro
1782 2092 1982 2146 Zacha—

406 2182 484 2235 ria
525 2181 782 2236 Jeremias
822 2190 1159 2247 occurreret,
1197 2189 1254 2234 ut
1299 2179 1411 2234 ﬁeri
1438 2180 1609 2246 solet,
1642 2181 1779 2249 quod
1813 2192 1984 2234 tamen

407 2265 522 2319 sine
552 2265 654 2319 ulla
684 2264 1008 2318 dubitatione
1036 2263 1376 2328 emendaret,
1427 2264 1616 2318 saltem
1653 2265 1720 2319 ab
1747 2265 1861 2318 aliis
1891 2264 1987 2318 ad-

408 2357 672 2423 monitus,
701 2356 788 2426 qui
819 2357 933 2425 ipso
959 2355 1130 2411 adhuc
1164 2356 1218 2410 in
1247 2370 1412 2411 carne
1441 2355 1650 2411 vivente
1680 2359 1781 2410 hoc
1818 2358 1990 2427 legere

408 2456 693 2518 potuerunt
713 2490 727 2512 ,
757 2448 857 2503 nisi
883 2449 1138 2518 cogitaret
1167 2446 1520 2503 recordationi
1553 2463 1696 2510 suzn,
1730 2465 1845 2516 quae
1871 2464 1992 2502 san-

409 2549 498 2594 eto
534 2539 730 2608 Spiritu
772 2538 1074 2608 regebatur,
1122 2552 1229 2593 non
1275 2536 1468 2593 frustra
1514 2539 1812 2592 occurrisse
1851 2538 1990 2591 aliud

411 2645 512 2704 pro
536 2631 641 2685 alio
671 2645 864 2686 nomen
893 2630 1192 2704 prophetae,
1234 2631 1336 2685 nisi
1361 2630 1483 2701 quia
1511 2631 1580 2684 ita
1610 2631 1860 2685 Dominus
1892 2630 1992 2684 hoc

412 2726 575 2782 scribi
600 2725 891 2781 constituit.
919 2725 1026 2781 Cur
1050 2734 1224 2782 autem
1253 2725 1324 2780 ita
1351 2725 1680 2780 constituerit
1710 2723 1987 2784 Dmninus,

414 2818 585 2887 prima
628 2817 713 2872 illa
758 2833 916 2872 causa
958 2817 1239 2872 utilissima
1281 2817 1438 2873 debet
1468 2817 1711 2870 facillime
1741 2814 1988 2883 erigitari,

414 2911 575 2964 etiam
603 2909 680 2964 sic
705 2924 823 2964 esse
862 2909 1183 2964 insinuatum
1210 2910 1282 2963 ita
1307 2923 1493 2964 omnes
1522 2917 1730 2963 sanctos
1759 2907 1992 2977 Prophe-

416 3008 499 3054 tas
535 3014 642 3054 uno
676 2998 865 3068 spiritu
901 2999 1104 3054 locutos
1133 2999 1361 3054 mirabili
1391 3001 1526 3054 inter
1552 3016 1609 3053 se
1646 3001 1996 3054 consensione

417 3098 693 3153 constare,
720 3096 780 3142 ut
803 3089 906 3142 hoc
929 3089 1096 3143 multo
1116 3089 1342 3158 amplius
1370 3089 1468 3152 sit,
1499 3103 1656 3156 quam
1688 3090 1732 3141 si
1762 3090 1996 3144 omnium

419 3178 596 3231 omnia
624 3177 1007 3246 Prophetarum
1044 3193 1151 3232 uno
1191 3177 1345 3232 unius
1387 3177 1616 3232 hominis
1643 3194 1734 3232 ore
1763 3179 2001 3234 diceren-

420 3274 506 3321 tur
541 3286 553 3319 :
586 3276 641 3323 et
678 3268 797 3322 ideo
834 3267 1190 3322 indubitanter
1231 3267 1392 3335 accipi
1435 3267 1628 3322 debere
1657 3284 2001 3338 quaecumque

420 3373 522 3428 per
570 3373 665 3413 eos
722 3359 947 3429 Spiritus
1015 3368 1227 3413 sanctus
1280 3358 1438 3420 dixit,
1499 3368 1551 3411 et
1613 3359 1819 3428 singula
1883 3374 2001 3413 esse

423 3449 695 3513 omnium,
728 3457 782 3504 et
822 3449 1000 3503 omnia
1039 3448 1384 3519 singulorum.
1424 3448 1554 3502 Cum
1601 3451 1776 3520 igitur,
1809 3459 1861 3505 et
1885 3467 2002 3521 qua:

422 3541 562 3595 dicta
594 3549 717 3596 sunt
744 3557 836 3610 per
857 3540 1142 3596 Jeremiam
1171 3549 1278 3596 tam
1306 3542 1413 3596 sint
1436 3541 1702 3596 Zachariae
1733 3558 1887 3611 quam
1911 3543 2001 3597 Je-

422 3634 635 3701 remite,
667 3642 722 3688 ct
748 3649 865 3703 quae
892 3633 1030 3689 dicta
1058 3642 1180 3688 sunt
1205 3648 1300 3703 per
1329 3633 1638 3688 Zachariam
1667 3644 1770 3687 tam
1794 3634 1897 3688 sint
1918 3633 2005 3688 Je-

424 3726 610 3780 remitc
639 3740 797 3795 quam
826 3723 1124 3790 Zacharim;
1167 3724 1293 3794 quid
1320 3740 1451 3794 opus
1477 3736 1588 3779 erat
1616 3737 1670 3779 ut
1699 3727 2006 3780 emendaret

429 3817 732 3882 Matthzeus,
763 3832 881 3871 cum
909 3816 1049 3870 aliud
1074 3831 1172 3886 pro
1201 3815 1305 3871 alio
1325 3817 1421 3871 sibi
1447 3833 1638 3872 nomen
1663 3833 1948 3871 occurrens
1973 3834 2005 3871 a

427 3922 488 3962 se
513 3907 765 3975 scriptum
792 3907 1100 3976 relegisset;
1129 3923 1192 3962 ac
1217 3923 1321 3962 non
1349 3907 1522 3977 potius
1566 3924 1794 3978 sequens
1820 3918 2004 3963 aucto-

426 3999 639 4052 ritatcm
664 3997 889 4066 Spiritus
914 3999 1112 4063 sancti,
1142 4014 1171 4052 a
1200 4015 1303 4069 quo
1333 4009 1558 4054 mentem
1587 4017 1734 4054 suam
1760 4003 1865 4070 regi
1891 4003 2007 4070 plus

428 4089 583 4144 nobis
606 4089 696 4143 ille
725 4089 903 4158 utique
928 4088 1217 4154 sentiebat,
1246 4089 1314 4142 ita
1337 4088 1437 4142 hoc
1463 4090 1714 4158 scriptum
1747 4092 2009 4160 relinque-

428 4188 545 4246 ret,
589 4181 724 4234 sicut
750 4195 871 4236 enm
917 4179 1248 4234 admonendo
1276 4181 1615 4235 constituerat
1641 4183 1687 4235 ei
1719 4183 2000 4247 Dominus,

429 4272 496 4327 ad
539 4272 897 4329 informandos
941 4289 1038 4328 nos
1074 4282 1269 4328 tantam
1299 4275 1580 4329 verborum
1612 4290 1826 4329 suorum
1868 4278 2010 4332 inter

432 4363 723 4433 Prophetas
770 4378 887 4420 esse
929 4365 1302 4430 concordiam,
1350 4376 1409 4420 ut
1457 4381 1560 4420 non
1598 4367 1858 4430 absarde,
1900 4368 2008 4424 imo

431 4456 911 4523 congruentissime
954 4457 1114 4511 etiam
1154 4455 1395 4511 Ieremia:
1437 4455 1815 4527 deputaremus
1866 4459 2008 4527 quod

432 4560 533 4614 per
559 4545 862 4601 Zachariam
890 4547 1088 4602 dictum
1119 4548 1509 4616 reperiremus?
1555 4548 1612 4604 Si
1658 4551 1802 4605 enim
1852 4551 2008 4606 hodie

433 4634 707 4704 quisquam
729 4637 912 4692 volens
933 4637 1153 4706 alicujus
1177 4638 1335 4693 verba
1365 4638 1626 4705 indicare,
1652 4639 1792 4694 dicat
1816 4657 2010 4697 nomen

437 4726 656 4781 alterius
680 4742 707 4780 a
740 4743 844 4797 quo
871 4729 1006 4782 dicta
1043 4745 1146 4783 non
1173 4731 1279 4784 sint
1310 4732 1349 4795 ⁸,
1377 4731 1465 4801 qui
1489 4741 1663 4787 tamen
1693 4737 1762 4787 sit
1797 4735 2008 4789 amicis-

433 4819 600 4873 simus
629 4828 681 4874 et
710 4818 1060 4874 familiaritate
1079 4821 1540 4890 conjunctissimns
1567 4825 1638 4879 illi
1669 4825 1820 4894 cujus
1848 4827 2010 4882 verba

433 4911 613 4968 dicere
631 4911 829 4975 voluit;
862 4921 915 4966 et
940 4911 1190 4966 continuo
1215 4914 1522 4970 recordatus
1542 4917 1700 4971 alium
1721 4932 1814 4985 pro
1834 4917 1938 4970 alio
1953 4933 2012 4972 se

435 4999 650 5064 dixisse,
677 5003 745 5056 ita
772 5017 830 5058 se
855 5001 1065 5072 colligat
1088 5009 1246 5072 atque
1272 5005 1520 5073 corrigat,
1553 5013 1610 5058 ut
1635 5017 1808 5062 tamen
1836 5007 2006 5074 dicat,

436 5089 583 5145 Bene
607 5090 741 5155 dixi;
770 5091 894 5160 quid
914 5091 1056 5146 aliud
1080 5092 1317 5155 intuens,
1341 5091 1440 5146 nisi
1461 5101 1656 5146 tantam
1677 5097 1811 5149 inter
1826 5096 2012 5151 ambos

435 5197 556 5237 esse
583 5183 916 5237 concordiam
942 5225 956 5246 ,
1003 5184 1142 5239 inter
1172 5184 1315 5238 illum
1345 5183 1546 5239 scilicet
1573 5185 1722 5254 cujus
1743 5187 1901 5242 verba
1932 5187 2012 5242 di-

437 5288 560 5330 cere
578 5273 770 5339 voluit,
794 5283 846 5328 ct
869 5274 1028 5328 alium
1051 5275 1201 5343 cujus
1217 5277 1264 5330 ei
1284 5291 1475 5331 nomen
1495 5292 1589 5346 pro
1624 5278 1759 5332 illius
1797 5279 2012 5335 nomine

437 5368 689 5433 occurrit,
727 5376 786 5422 ut
805 5368 908 5424 tale
923 5370 991 5423 sit
1008 5369 1107 5425 hoc
1125 5372 1278 5426 istum
1295 5371 1512 5436 dixisse,
1531 5374 1686 5442 quale
1700 5374 1743 5428 si
1758 5373 2015 5430 illedixis-

437 5461 768 5531 set?quanto
795 5463 963 5533 magis
988 5463 1089 5518 hoc
1117 5464 1184 5519 de
1213 5465 1490 5534 Prophetis
1516 5468 2017 5539 sanctisintelligen-
2073 5475 2079 5481 ’

438 5549 562 5605 dum
579 5561 633 5606 et
657 5553 891 5609 maxime
905 5555 1378 5611 commendandum
1396 5556 1508 5623 fuit,
1525 5567 1581 5612 ut
1594 5559 1829 5614 omnium
1853 5559 2016 5616 libros

546 5671 595 5716 In
617 5672 722 5718 Mss.
748 5679 900 5730 prope
920 5669 1153 5734 omnibus,
1180 5668 1377 5724 ahenus
1396 5683 1429 5723 a
1443 5683 1538 5734 quo
1555 5669 1688 5723 dicta
1704 5671 1814 5724 sint.

3555 247 3669 306 H78

2101 366 2347 427 tanquam
2395 357 2546 411 unius
2595 373 2759 413 unum
2805 357 2997 416 librum
3036 347 3558 432 acciperemusiin
3595 384 3676 434 quo

2096 450 2238 504 nulla
2264 465 2440 505 rerum
2470 450 2818 521 discrepantia
2839 452 3183 520 crederetur,
3214 456 3362 520 sicut
3389 456 3529 512 nulla
3547 461 3669 516 inre-

2096 541 2316 607 niretur,
2342 550 2396 595 et
2426 543 2476 596 in
2517 558 2622 612 quo
2665 543 2834 612 major
2870 555 3010 599 esset
3059 548 3380 601 constantia
3430 548 3665 618 veritatis,

2094 646 2250 701 quam
2282 630 2324 684 si
2351 632 2527 686 omnia
2556 632 2643 687 illa
2672 649 2806 687 unus
2833 633 2991 688 homo
3014 635 3337 704 quamlibet
3365 636 3667 695 doctissimus

2095 721 2430 791 loqueretur?
2465 722 2616 789 Quod
2657 738 2784 794 ergo
2809 723 2930 778 hinc
2955 737 3352 796 argumentum
3380 743 3579 785 sumere
3601 749 3670 787 co—

2094 824 2284 867 nantur
2329 813 2412 868 vel
2459 813 2699 869 infideles
2725 815 2805 868 vel
2848 815 3081 885 imperiti
3120 819 3403 883 homines,
3435 823 3576 890 quasi
3614 825 3662 878 ad

2093 902 2472 958 ostendendam
2518 903 2900 959 dissonantiam
2955 916 3284 962 sanctorum
3344 910 3665 981 Evangelista-

2092 1009 2241 1060 rum,
2292 994 2393 1049 hoc
2435 998 2607 1066 potius
2651 995 2846 1051 debent
2886 1011 3174 1054 assumere
3222 999 3414 1056 fideles
3459 1013 3509 1057 et
3553 1005 3664 1060 docti

2091 1085 2158 1140 ad
2195 1085 2576 1141 ostendendam
2604 1087 2862 1142 unitatem
2903 1097 3229 1145 sanctorum
3258 1092 3422 1146 etiam
3452 1093 3655 1164 Prophe-

2092 1185 2286 1231 tarum.

2163 1270 2250 1323 51.
2281 1268 2377 1324 Est
2402 1277 2456 1324 et
2478 1269 2577 1323 alia
2604 1283 2759 1324 causa
2780 1311 2794 1336 ,
2825 1287 2942 1341 qua:
2971 1271 3108 1326 mihi
3154 1272 3378 1329 videtur
3413 1275 3512 1330 alio
3547 1286 3654 1332 tem-

2093 1374 2222 1428 pore
2250 1359 2553 1430 diligentius
2597 1362 2993 1430 pertractanda,
3026 1379 3102 1418 ne
3134 1363 3376 1435 amplius
3401 1380 3660 1422 sermonem

2093 1453 2502 1522 protendamus,
2531 1469 2686 1523 quam
2711 1454 2866 1525 hujus
2893 1456 3076 1524 cperis
3107 1457 3439 1511 terminandi
3459 1461 3656 1514 necessi-

2094 1551 2177 1596 tas
2204 1543 2435 1613 ﬂagitat,
2478 1559 2572 1598 cur
2614 1544 2716 1600 hoc
2753 1561 2945 1600 nomen
2991 1545 3254 1602 Jeremire
3295 1549 3348 1602 in
3399 1551 3657 1605 testimonio

2092 1633 2358 1688 Zachariae
2402 1635 2477 1689 sic
2522 1649 2737 1689 manere
2784 1637 3144 1704 permissum,
3191 1637 3278 1692 vel
3327 1639 3496 1709 potius
3521 1641 3656 1695 sancti

2093 1725 2319 1796 Spiritus
2365 1727 2673 1779 auctoritate
2726 1735 3051 1795 prmceptum
3101 1727 3196 1781 sit.
3248 1727 3347 1782 Est
3381 1729 3513 1798 apud
3540 1729 3658 1784 lere-

2091 1817 2250 1870 miam
2273 1858 2288 1880 ,
2321 1816 2458 1885 quod
2486 1815 2674 1870 emerit
2699 1831 2882 1886 agrum
2903 1831 2934 1870 a
2963 1817 3078 1871 lilio
3115 1817 3302 1872 fratris
3325 1819 3439 1885 sui,
3461 1830 3509 1874 et
3527 1819 3655 1876 dede-

2092 1909 2159 1962 rit
2189 1909 2234 1962 ei
2266 1919 2569 1978 argentum;
2597 1923 2701 1962 non
2733 1909 2945 1978 quidem
2991 1909 3098 1963 sub
3141 1909 3250 1964 hoc
3302 1913 3506 1964 nomine
3532 1913 3653 1981 pretii

2093 2000 2233 2071 quod
2262 2001 2490 2070 positum
2512 2008 2592 2054 est
2618 1999 2756 2069 apud
2776 2000 3091 2054 Zachariam
3113 2041 3130 2066 ,
3158 2001 3375 2070 triginta
3401 2003 3650 2071 argenteis;

2091 2101 2457 2146 verumtamen
2499 2091 2608 2160 agri
2648 2091 2846 2160 emptio
2879 2105 2985 2144 non
3029 2100 3119 2146 est
3167 2091 3312 2161 apud
3343 2091 3651 2146 Zachariam:

2093 2181 2231 2252 quod
2262 2190 2438 2236 autem
2466 2181 2796 2250 pr0phetiam
2827 2181 2894 2235 de
2923 2181 3147 2250 triginta
3196 2183 3461 2252 argenteis
3484 2183 3542 2236 ad
3577 2183 3651 2236 hoc

2095 2274 2470 2342 interpretatus
2500 2273 2569 2326 sit
2597 2271 2936 2342 Evangelista
2955 2313 2969 2336 ,
2994 2271 3149 2341 quod
3182 2273 3344 2327 modo
3371 2273 3435 2327 de
3473 2273 3650 2326 Domino

2093 2367 2415 2432 completum
2445 2372 2560 2430 est,
2595 2372 2651 2417 ut
2694 2361 2794 2416 hoc
2820 2373 2964 2418 esset
2993 2364 3239 2432 pretium
3282 2365 3420 2434 ejus,
3465 2362 3645 2417 mamfe-

2095 2464 2236 2508 stum
2264 2463 2383 2515 est;
2430 2453 2523 2508 sed
2573 2453 2638 2507 ad
2685 2453 2785 2507 hoc
2831 2454 3105 2522 pertinere
3133 2455 3298 2509 etiam
3335 2455 3452 2509 illud
3477 2455 3532 2508 de
3553 2467 3649 2523 agro

2094 2555 2274 2613 empto
2303 2545 2442 2614 quod
2466 2544 2722 2600 Jeremias
2747 2543 2912 2608 dixit,
2942 2543 3076 2599 hinc
3104 2546 3280 2614 potuit
3305 2547 3508 2615 mystiw
3532 2542 3650 2608 signi-

2097 2639 2240 2692 ficari
2262 2680 2275 2701 ,
2309 2647 2366 2692 ut
2388 2653 2491 2692 non
2523 2636 2609 2690 hic
2633 2635 2902 2690 Zacharia:
2929 2652 3134 2691 nomen
3164 2647 3462 2706 poneretur,
3485 2635 3559 2703 qui
3584 2634 3646 2686 di-

2102 2730 2177 2783 xit
2207 2729 2416 2798 triginta
2449 2729 2711 2798 argenteis
2733 2769 2746 2792 ,
2775 2726 2868 2780 sed
2893 2726 3152 2782 Jeremia:
3171 2770 3187 2794 ,
3217 2729 3307 2797 qui
3329 2728 3449 2780 dixit
3475 2726 3530 2780 de
3552 2738 3649 2793 agro

2100 2830 2278 2889 empto
2302 2837 2316 2884 ;
2345 2823 2420 2874 'ut
2462 2821 2598 2874 lecto
2624 2819 2906 2887 Evangelio
2935 2828 3101 2889 atque
3129 2819 3344 2873 invento
3371 2816 3556 2871 nomine
3576 2813 3645 2869 Je-

2099 2912 2280 2965 remizc
2300 2952 2314 2976 ,
2346 2910 2483 2964 lecto
2513 2920 2686 2964 autem
2716 2909 2944 2964 Ieremia
2989 2919 3048 2963 et
3079 2924 3191 2964 non
3223 2909 3433 2970 invento
3458 2903 3648 2960 testiino-

2103 3002 2191 3055 nio
2220 3001 2285 3056 de
2309 3001 2521 3070 triginta
2550 3001 2811 3069 argenteis
2830 3041 2843 3063 ,
2870 3000 3095 3054 invento
3129 3009 3307 3054 tamen
3334 3011 3453 3068 agro
3477 3004 3640 3063 empto,

2102 3091 2450 3145 admoneatur
2485 3091 2652 3144 lector
2680 3088 2963 3158 utrumque
3001 3088 3291 3152 conferre,
3341 3098 3391 3141 et
3423 3084 3528 3138 inde
3549 3096 3645 3134 scn-

2103 3198 2218 3238 sum
2246 3183 2523 3237 enucleare
2552 3182 2839 3250 prophetia:
2861 3221 2875 3245 ,
2908 3179 3188 3250 quomodo
3217 3179 3462 3248 pertineat
3493 3173 3547 3226 ad
3568 3173 3642 3224 hoc

2103 3273 2243 3340 quod
2273 3273 2326 3327 in
2357 3272 2579 3325 Domino
2610 3271 2884 3341 impletum
2907 3279 3006 3324 est.
3042 3270 3180 3324 Nam
3214 3268 3340 3323 illud
3365 3264 3489 3336 quod
3507 3261 3645 3329 subje-

2105 3365 2176 3418 cit
2203 3362 2326 3418 huic
2351 3362 2654 3416 testimonio
2705 3361 2982 3415 Matthzcus
3033 3376 3162 3415 cum
3201 3361 3293 3426 ait,
3329 3357 3473 3422 Quem
3497 3365 3640 3421 appre-

2107 3456 2349 3509 tiaverunt
2387 3456 2482 3522 ﬁlii
2513 3451 2708 3517 Israel,
2739 3461 2785 3505 et
2820 3452 3072 3506 dederunt
3116 3469 3201 3506 eos
3231 3452 3282 3504 in
3317 3463 3481 3516 agrum
3506 3441 3639 3512 ﬁguli.

2106 3545 2231 3599 sicut
2274 3545 2524 3597 constituit
2567 3543 2690 3596 mihi
2740 3541 3023 3605 Dominus,
3087 3556 3188 3596 nec
3230 3539 3365 3609 apud
3391 3531 3639 3590 Zachariam

2109 3654 2208 3694 nec
2227 3637 2366 3707 apud
2392 3635 2674 3691 Jercmiam
2705 3635 2984 3703 reperitur.
3013 3633 3174 3690 Unde
3198 3631 3358 3699 magis
3385 3643 3442 3682 cx
3464 3634 3637 3694 person:l

2111 3732 2276 3800 ipsius
2308 3729 2658 3800 Evangelistze
2688 3725 3055 3795 accipiendum
3097 3733 3182 3780 cst
3206 3723 3459 3791 eleganter
3481 3724 3523 3768 et
3548 3725 3635 3778 my-

2110 3823 2239 3876 stice
2267 3823 2522 3874 insertmn
2545 3860 2559 3885 ,
2587 3818 2710 3888 quia
2754 3816 2856 3871 hoc
2897 3831 2960 3870 ex
3012 3813 3225 3869 Domini
3271 3806 3553 3865 revelatione
3572 3811 3638 3850 co-

2110 3914 2350 3981 gnoverit
2390 3910 2459 3964 ad
2503 3910 2641 3964 hanc
2685 3924 2836 3972 rem,
2879 3922 2999 3977 qua:
3028 3907 3098 3962 de
3127 3903 3320 3960 Christi
3364 3895 3511 3967 pretio
3533 3889 3634 3981 facta

2111 3980 2221 4068 est,
2255 3999 2552 4071 hujusmodi
2584 4000 2854 4068 pertinere
2899 3996 3260 4066 prophetiam.
3303 3989 3452 4044 Liber
3487 3980 3636 4076 (ιξιίρρθ

2112 4066 2274 4162 empti
2311 4066 2422 4162 agri
2448 4066 2600 4159 apud
2622 4089 2906 4144 Jcremiam
2930 4087 3152 4156 jnbetur
3177 4083 3310 4139 mitti
3337 4080 3385 4133 in
3412 4090 3500 4169 vas
3511 4066 3634 4169 ﬁctile

2113 4185 2324 4255 (Jerem.
2353 4199 2495 4239 χχιιι
2519 4225 2534 4249 ,
2567 4179 2719 4252 9-44)
2740 4223 2754 4246 ,
2783 4190 2837 4234 et
2867 4181 3065 4235 emitur
3091 4179 3178 4232 hic
3207 4175 3274 4230 de
3294 4170 3448 4242 pretio
3473 4165 3631 4218 Domini

2112 4295 2238 4347 ager
2269 4278 2432 4345 ﬁguli,
2464 4286 2517 4329 et
2545 4277 2644 4329 hoc
2669 4274 2734 4327 ad
2762 4273 3091 4342 sepulturam
3116 4268 3513 4341 peregrinorum,
3540 4263 3628 4304 tan-

2113 4385 2268 4438 quam
2300 4369 2362 4422 ad
2398 4366 2822 4436 permansionem
2846 4365 3042 4434 quietis
3064 4377 3250 4418 eorum
3272 4357 3354 4427 qui
3380 4355 3426 4408 in
3453 4352 3536 4441 lt0_C
3557 4355 3631 4441 ετξ·

2114 4436 2234 4514 culo
2283 4459 2678 4527 peregrinantes
2701 4456 3140 4524 consepeliuntur
3163 4450 3366 4507 Christo
3391 4455 3474 4512 per
3496 4436 3631 4500 Βειρίῑ·

2114 4567 2308 4606 smnm.
2352 4551 2484 4604 Nam
2514 4558 2568 4604 et
2609 4549 2748 4602 illam
2771 4547 3094 4618 emptionem
3126 4544 3235 4614 agri
3265 4540 3358 4592 hoc
3382 4527 3628 4601 εἰειιῖδοπθ

2115 4644 2360 4699 Jeremiae
2400 4643 2537 4697 dixit
2565 4642 2817 4696 Dominus
2837 4681 2853 4706 ,
2894 4640 3012 4709 quia
3042 4638 3145 4694 erit
3176 4623 3454 4705 permansio
3479 4619 3625 4710 deca—

2114 4737 2355 4804 ptivitale
2381 4735 2719 4788 liberaturum
2747 4733 2798 4786 in
2823 4731 2910 4785 illa
2939 4740 3097 4785 terra.
3130 4726 3253 4781 Haec
3278 4701 3627 4809 tanquam

2117 4828 2322 4884 neanda
2359 4829 2374 4858 ί
2419 4826 2702 4880 arbitratus
2729 4839 2846 4880 sum
2872 4863 2885 4886 ,
2927 4837 3046 4876 cum
3089 4819 3412 4874 admonerem
3452 4794 3554 4870 quid
3587 4805 3625 4842 In

2118 4921 2200 4975 his
2238 4919 2560 4988 Propheticis
2585 4915 2901 4972 testimoniis
2931 4915 2981 4968 in
3010 4927 3170 4968 unum
3206 4899 3416 4962 redactis
3438 4897 3624 4992 elevat:

2117 5013 2298 5083 gelicre
2353 5010 2638 5065 narrationi
2689 5007 2928 5067 collatis,
2985 5001 3281 5074 diligentius
3335 4983 3623 5083 θιξεηξίυξίιξθ

2118 5073 2434 5176 ἶεψιὶτίιιιπ.
2466 5103 2588 5156 Hcce
2615 5101 2928 5170 interposuit
2969 5073 3242 5153 Matthtcus
3287 5085 3348 5140 de
3389 5073 3500 5133 Juda
3539 5073 3621 5118 Ira-

2118 5195 2307 5250 ditore.

2394 5283 2527 5339 Vill.
2569 5312 2641 5324 —
2686 5281 2760 5335 De
2826 5281 2902 5336 his
2951 5294 3063 5352 quae
3107 5269 3240 5345 apud
3280 5263 3479 5320 Pilatum
3517 5246 3622 5315 968M

2329 5385 2474 5441 sunt,
2504 5373 2751 5443 quomodo
2776 5373 2907 5426 inter
2929 5387 2982 5424 se
3005 5365 3132 5424 nihil
3154 5353 3488 5463 ἀξιςεηιίαηέηι
3512 5412 3621 5463 mm

2193 5466 2279 5525 32.
2321 5423 2529 5522 Deinde.
2547 5463 2803 5534 sequitur,
2837 5471 2890 5516 et
2917 5460 3043 5516 dicit
3069 5476 3081 5512 ε
3121 5473 3139 5506 ι
3170 5450 3312 5506 Jesus
3339 5423 3616 5534 auteutfli‘":

2121 5571 2244 5617 ante
2274 5556 2548 5629 praesidem
2571 5596 2584 5620 ,
2618 5517 2671 5610 et
2700 5551 3045 5622 interrogavit
3067 5559 3182 5603 eum
3207 5542 3414 5610 praeses.
3440 5517 3616 5574 (110⁸³⁸⁵⁵

2159 5675 2204 5738 χι
2229 5679 2281 5722 tn
2300 5676 2503 5734 quatuor
2517 5677 2645 5731 Mssa
2658 5663 2931 5720 delibmtda.
