3888 6318
234 237 392 297 11⁸17

233 351 333 408 Ἰυ
371 366 428 407 es
456 365 551 407 rex
576 346 915 407 Judteorum?
957 346 1092 402 Dicit
1133 343 1183 400 ei
1231 342 1385 398 Jesus
1414 358 1427 395 :
1471 339 1550 395 Tu
1574 338 1724 394 dicis.
1758 337 1829 392 Et

233 460 373 500 cum
401 452 738 499 accusaretur
780 454 809 493 a
858 436 1180 509 principibus
1217 432 1550 489 sacerdotum
1578 438 1634 486 et
1655 430 1834 485 senio-

238 536 437 600 ribus,
471 533 599 587 nihil
644 529 936 601 respondit.
969 529 1119 583 Tunc
1148 526 1277 581 dicit
1320 524 1393 580 illi
1436 523 1635 578 Pilatus
1664 539 1676 574 :
1716 520 1834 576 Non

236 627 406 680 audis
434 634 626 695 quanta
652 624 931 678 adversum
972 630 1023 676 te
1060 619 1242 674 dicunt
1273 614 1605 671 testimonia?
1634 614 1700 668 Et
1728 628 1835 667 non

236 718 531 785 respondit
572 716 620 770 ei
664 715 827 769 ullum
858 712 1074 768 verbum
1094 752 1109 778 ,
1143 711 1212 763 ita
1241 717 1302 763 ut
1329 707 1612 761 miraretur
1640 718 1836 774 praeses

238 807 619 862 vehementer.
652 805 753 860 Per
778 804 918 858 diem
947 811 1124 857 autem
1157 800 1448 855 solemnem
1488 806 1838 852 consueverat

238 914 455 970 prmses
482 898 747 952 dimittere
771 895 965 966 populo
989 908 1149 947 unum
1176 892 1412 946 vinctum
1428 898 1608 958 ‘quem
1630 887 1833 942 voluis-

240 998 376 1045 sent
402 1007 415 1041 :
446 989 671 1043 habebat
700 996 873 1041 autem
902 994 1027 1039 tunc
1053 983 1286 1037 vinctum
1312 981 1567 1050 insignem
1587 1020 1603 1046 ,
1630 978 1718 1048 qui
1754 978 1834 1032 di-

239 1081 475 1136 cebatur
496 1077 780 1133 Barabbas.
805 1074 1149 1145 Congregatis
1178 1087 1306 1143 ergo
1329 1072 1431 1126 illis
1451 1069 1583 1124 dixit
1601 1068 1834 1123 Pilatus:

240 1175 424 1241 Quem
452 1173 609 1228 vultis
639 1171 899 1226 dimittam
942 1169 1124 1232 vobis;
1175 1166 1499 1228 Barabbam,
1541 1179 1606 1218 an
1653 1162 1836 1217 Jesum

240 1269 345 1337 qui
373 1267 563 1321 dicitur
581 1265 862 1320 Christus?
884 1262 1098 1317 Sciebat
1120 1260 1261 1313 enim
1291 1257 1430 1327 quod
1460 1272 1555 1325 per
1583 1254 1837 1309 invidiam

241 1359 599 1414 tradidissent
625 1372 765 1411 eum.
796 1354 1027 1408 Sedente
1066 1358 1241 1404 autem
1280 1349 1373 1402 illo
1421 1361 1516 1415 pro
1559 1344 1835 1410 tribunali,

240 1449 404 1503 misit
442 1449 509 1503 ad
562 1448 708 1501 illum
754 1459 892 1499 uxor
928 1444 1043 1512 ejus
1083 1441 1266 1495 dicens
1295 1457 1309 1492 :
1338 1438 1479 1493 Nihil
1504 1437 1594 1491 tibi
1622 1447 1673 1491 et
1697 1436 1839 1505 justo

240 1541 366 1603 illi;
396 1540 557 1593 multa
584 1538 725 1592 enim
771 1549 925 1604 passa
962 1548 1078 1587 sum
1112 1529 1269 1585 hodie
1301 1544 1399 1598 per
1420 1529 1590 1583 visum
1626 1536 1839 1596 propter

237 1646 399 1686 eum.
428 1629 699 1697 Principes
727 1635 902 1680 autem
924 1622 1257 1678 sacerdotum
1286 1629 1341 1674 et
1367 1619 1605 1674 seniores
1626 1631 1841 1686 persua-

240 1726 443 1775 serunt
481 1718 686 1787 populis
728 1723 785 1769 ut
825 1721 1069 1784 peterent
1118 1709 1446 1772 Barabbam,
1489 1707 1670 1761 Jesum
1714 1721 1839 1761 vero

243 1808 559 1877 perderent.
590 1803 934 1872 ReSpondeus
959 1810 1136 1855 autem
1166 1813 1363 1868 praeses
1399 1798 1471 1851 ait
1498 1797 1600 1852 illis
1627 1813 1642 1848 :
1668 1794 1838 1862 Quem

243 1897 415 1953 vultis
444 1895 591 1949 vobis
634 1894 700 1947 de
745 1892 950 1947 duobus
974 1888 1206 1945 dimitti?
1236 1890 1306 1942 At
1334 1886 1404 1942 illi
1435 1885 1715 1941 dixerunt:
1742 1885 1840 1939 Ba-

241 1989 497 2046 rabbam.
531 1986 664 2040 Dicit
709 1984 812 2037 illis
857 1983 1054 2036 Pilatus
1102 1998 1115 2034 :
1165 1980 1301 2047 Quid
1345 1978 1499 2047 igitur
1544 1977 1730 2030 faciam
1772 1975 1840 2029 de

241 2082 379 2136 Jesu
402 2119 417 2145 ,
468 2078 556 2148 qui
600 2075 793 2131 dicitur
825 2070 1107 2129 Christus?
1136 2071 1323 2125 Dicunt
1352 2080 1539 2122 omnes
1571 2084 1584 2119 :
1617 2066 1839 2122 Crueili-

240 2181 429 2242 gatur.
460 2169 549 2223 Ait
575 2168 678 2222 illis
706 2180 902 2235 praeses
930 2182 942 2215 :
972 2161 1108 2228 Quid
1138 2160 1281 2214 enim
1312 2159 1436 2212 mali
1466 2157 1627 2213 fecit?
1654 2158 1721 2210 At
1765 2155 1836 2210 illi

242 2261 426 2330 magis
450 2258 749 2313 clamabant
772 2298 786 2319 ,
817 2255 1055 2309 dicentes
1086 2270 1097 2305 :
1127 2250 1498 2320 Cruciligatur.
1530 2248 1722 2302 Videns
1748 2264 1840 2302 au-

244 2362 362 2408 tem
396 2349 593 2404 Pilatus
620 2348 742 2416 quia
768 2346 897 2400 nihil
937 2346 1242 2413 proliceret,
1274 2341 1367 2396 sed
1394 2341 1560 2409 magis
1586 2340 1839 2393 tumultus

244 2444 412 2497 ﬁeret
432 2480 445 2504 ,
478 2446 690 2506 accepta
734 2452 867 2505 aqua
910 2435 1037 2488 lavit
1062 2446 1249 2487 manus
1277 2446 1454 2485 coram
1496 2430 1723 2499 populo,
1753 2429 1836 2482 di-

240 2546 383 2587 cens
414 2548 427 2583 :
460 2529 718 2582 luuoeeus
741 2540 839 2594 ego
870 2540 987 2578 sum
1027 2539 1054 2576 a
1095 2521 1349 2591 sanguine
1372 2521 1500 2589 justi
1525 2520 1713 2588 hujus;
1745 2533 1837 2572 vos

239 2621 512 2676 videritis.
564 2619 632 2672 Et
674 2614 1003 2684 respondens
1053 2614 1328 2667 universus
1378 2610 1635 2681 populus,
1666 2609 1833 2663 dixit:

239 2712 479 2779 Sanguis
517 2710 629 2778 ejus
658 2721 818 2776 super
848 2720 946 2759 nos
970 2715 1024 2759 et
1061 2720 1221 2772 super
1251 2703 1387 2756 ﬁlios
1427 2711 1655 2755 nostros.
1688 2700 1837 2755 Tunc

240 2799 457 2857 dimisit
483 2801 583 2852 illis
615 2798 940 2860 Barabbam;
966 2794 1148 2850 Jesum
1173 2802 1349 2848 autem
1381 2792 1700 2862 ﬂagellatutn
1724 2800 1835 2845 tra-

241 2896 389 2952 didit
418 2894 495 2947 eis
524 2902 580 2946 ut
604 2890 1014 2959 cruciﬁgeretur.
1069 2906 1088 2938 ›
1138 2886 1261 2940 llaec
1286 2887 1521 2939 narravit
1556 2883 1836 2938 Matthzeus

241 3001 348 3056 per
379 2982 603 3037 Pilatum
620 2989 765 3049 gesta
788 2979 854 3033 de
886 2978 1108 3031 Domino
1134 2975 1344 3048 (Matth.
1374 2991 1514 3028 xxvu
1534 3015 1548 3039 ,
1580 2972 1799 3044 11-26).

322 3076 415 3130 5⁸5.
458 3073 664 3127 Marcus
702 3085 911 3140 quoque
952 3082 1088 3136 pene
1132 3067 1319 3120 iisdem
1364 3065 1539 3120 verbis
1580 3073 1634 3119 et
1678 3063 1836 3118 rebus

244 3166 507 3221 concinit.
534 3165 701 3218 Verba
723 3171 897 3215 autem
927 3160 1100 3223 l’ilati,
1126 3158 1318 3227 quibus
1344 3157 1618 3225 respondit
1644 3156 1836 3225 populo

244 3256 452 3327 petenti
493 3262 549 3307 ut
584 3252 890 3307 soletnniter
929 3263 1064 3302 unus
1101 3250 1308 3301 vinctus
1347 3246 1722 3310 dimitteretur,
1766 3246 1837 3298 ita

245 3348 423 3404 refert
454 3366 466 3400 :
500 3345 701 3399 Pilatus
739 3351 906 3394 autem
938 3339 1194 3408 respondit
1235 3338 1339 3400 eis,
1379 3345 1425 3388 et
1461 3336 1587 3389 dixit
1617 3352 1635 3387 :
1676 3335 1837 3389 Vultis

245 3438 502 3491 dimittam
532 3434 665 3486 vobis
695 3447 859 3501 regem
887 3428 1224 3481 Iudaeorum?
1255 3425 1528 3479 Matthqu
1556 3434 1731 3479 autem
1759 3426 1837 3478 sic

244 3531 327 3583 ait
363 3546 375 3580 :
411 3524 731 3595 Congregatis
758 3538 873 3590 ergo
900 3519 1004 3572 illis
1023 3560 1037 3583 ,
1071 3518 1197 3570 dixit
1227 3515 1425 3569 Pilatus
1453 3532 1471 3569 :
1502 3516 1658 3579 Quem
1687 3515 1836 3567 vultis

248 3620 505 3673 dimittam
534 3615 669 3669 vobis
686 3630 704 3676 ;
731 3611 1013 3665 Barabbam
1032 3651 1046 3675 ,
1078 3626 1144 3660 an
1168 3607 1342 3660 Jesum
1367 3607 1452 3675 qui
1481 3606 1664 3659 dicitur
1690 3604 1837 3659 Chri-

248 3711 405 3765 stus?
444 3708 598 3762 Nulla
628 3704 848 3774 qumstio
876 3710 959 3756 est
978 3742 994 3768 ,
1035 3698 1173 3769 quod
1203 3707 1340 3753 tacet
1368 3698 1509 3766 ipsos
1541 3696 1753 3765 petiisse
1781 3704 1837 3748 ut

251 3802 450 3870 aliquis
480 3799 557 3855 eis
586 3798 937 3852 dimitteretur
969 3811 981 3847 :
1013 3791 1105 3846 sed
1134 3791 1307 3870 (ιιιτηιθί⁸
1326 3797 1502 3859 potest
1528 3803 1646 3858 qua:
1677 3788 1836 3842 verba

251 3867 460 3950 Pilatus
475 3889 696 3954 dixerit;
720 3896 893 3941 utrum
916 3900 1033 3956 quae
1053 3900 1081 3937 a
1100 3867 1365 3945 Matthtéo,
1386 3896 1452 3935 an
1473 3895 1589 3949 qua)
1609 3894 1637 3932 a
1662 3878 1837 3933 Marco

250 3986 577 4040 referuntur.
610 3981 759 4036 Aliud
799 3980 939 4034 enim
975 3977 1182 4031 videtur
1213 3990 1363 4039 esse,
1394 3972 1553 4037 Quem
1582 3973 1729 4026 vultis
1754 3973 1836 4024 di-

251 4079 452 4131 mittam
475 4074 628 4134 vobis,
653 4071 952 4135 Barabbam,
972 4086 1036 4121 an
1058 4066 1095 4120 Ι
1099 4084 1238 4121 esum
1262 4065 1345 4135 qui
1372 4064 1554 4116 dicitur
1575 4061 1838 4116 Christus?

251 4168 432 4231 aliud,
484 4164 646 4218 Vultis
693 4163 938 4215 dimittam
977 4160 1109 4213 vobis
1150 4175 1311 4228 regem
1351 4155 1689 4209 Judteorum?
1732 4153 1837 4208 Sed

252 4262 379 4331 quia
411 4258 637 4312 Clll‘iSlOS
667 4270 818 4324 reges
845 4252 1117 4316 dicebant,
1146 4260 1198 4304 et
1226 4250 1311 4319 qui
1338 4249 1469 4303 dixit
1497 4248 1642 4301 illum
1674 4262 1738 4299 an
1770 4246 1835 4299 il-

255 4353 390 4411 lum,
423 4341 756 4401 manifestum
786 4352 868 4398 est
890 4357 1009 4397 eum
1038 4340 1287 4410 quzcsisse
1311 4355 1377 4392 an
1409 4339 1604 4394 vellent
1631 4338 1731 4392 sibi
1758 4337 1837 4392 di-

254 4439 394 4495 mitti
422 4452 597 4507 regem
618 4435 943 4499 .ludzcorum,
974 4431 1024 4486 id
1045 4440 1126 4485 est
1145 4430 1441 4493 Christum;
1464 4431 1594 4486 nihil
1618 4432 1838 4486 interest

252 4528 565 4591 sententiae,
610 4525 753 4596 quod
782 4525 869 4578 hic
907 4522 1065 4577 tacuit
1104 4521 1306 4574 Marcus
1341 4520 1408 4574 de
1437 4520 1702 4587 Barabba,
1736 4522 1835 4574 hoc

252 4621 428 4675 solum
466 4618 648 4672 volens
687 4617 866 4671 dicere
903 4613 1042 4681 quod
1082 4613 1148 4665 ad
1191 4611 1471 4665 Dominum
1504 4612 1832 4681 pertinebat;

252 4707 683 4780 quandoquidem
732 4706 783 4758 in
829 4718 1009 4757 eorum
1058 4700 1403 4769 responsione
1447 4699 1575 4752 satis
1622 4709 1675 4754 et
1724 4701 1836 4769 ipse

252 4797 505 4859 ostendit,
528 4811 683 4864 quem
700 4795 795 4848 sibi
813 4793 1003 4847 dimitti
1024 4792 1314 4845 voluerint:
1338 4788 1626 4858 Pontifices,
1646 4790 1833 4859 inquit,

252 4892 625 4946 concitaverunt
654 4888 847 4941 turbam
875 4896 927 4939 ut
955 4886 1111 4954 magis
1132 4882 1411 4936 Barabbam
1432 4882 1699 4936 dimitteret
1724 4884 1793 4937 eis
1818 4900 1836 4936 .'

254 4981 497 5051 sequitur
518 4990 716 5043 autem,
747 4989 799 5033 et
826 4976 973 5041 dicit,
1008 4974 1209 5029 Pilatus
1234 4984 1399 5028 autem
1426 4976 1604 5028 iterant
1630 4992 1835 5045 respon-

253 5075 400 5139 dens,
431 5074 499 5125 ait
525 5071 625 5125 illis
646 5087 664 5124 :
694 5070 827 5135 Quid
850 5085 967 5139 ergo
988 5069 1136 5121 vultis
1162 5070 1347 5139 faciam
1372 5069 1476 5137 regi
1502 5066 1836 5123 Judwormn?

255 5164 408 5219 Unde
431 5166 541 5230 jam
571 5162 700 5216 satis
726 5168 971 5229 apparet,
1014 5159 1155 5228 quod
1191 5158 1241 5212 id
1267 5158 1471 5212 Marcus
1499 5158 1626 5212 velit
1653 5168 1833 5213 osten-

254 5254 384 5308 dere
404 5297 417 5318 ,
461 5252 687 5308 dicendo
715 5268 881 5323 regem
908 5250 1233 5315 Judworum,
1276 5249 1414 5320 quod
1440 5249 1719 5304 Matthazus
1747 5250 1829 5303 di-

256 5343 427 5397 cendo
463 5343 735 5398 Christum.
765 5342 883 5397 Non
916 5341 1055 5396 enim
1084 5340 1394 5395 dicebantur
1429 5339 1611 5393 christi
1647 5354 1830 5409 reges,

255 5436 355 5489 nisi
386 5435 690 5489 Judzeorum
721 5453 737 5489 :
767 5449 996 5504 namque
1037 5434 1089 5486 in
1128 5448 1192 5487 eo
1227 5432 1384 5487 etiam
1412 5433 1529 5486 loco
1556 5431 1833 5487 Matthaeus

257 5527 349 5591 ait,
385 5526 518 5580 Dicit
546 5525 647 5579 illis
677 5524 897 5592 Pilatus,
938 5526 1071 5592 Quid
1096 5526 1251 5596 igitur
1276 5525 1459 5597 faciam
1485 5524 1548 5578 de
1573 5524 1715 5585 Jesu,
1748 5528 1834 5596 qui

258 5618 440 5673 dicitur
463 5616 733 5676 Christus?
759 5619 898 5691 Ergo
922 5620 1159 5692 sequitur
1184 5619 1390 5681 Marcus
1405 5660 1419 5689 ,
1453 5617 1517 5675 At
1545 5619 1622 5676 illi
1652 5621 1832 5676 iterum

1584 223 1787 283 LIBER
1822 222 2136 281 TERTIUS.

3370 224 3509 283 H78

1938 338 2310 405 domaverunt,
2352 336 2598 411 Crucifige
2636 355 2751 393 eum
2781 354 2801 393 :
2844 337 2982 409 quod
3032 338 3121 395 illc
3170 339 3275 405 ait,
3321 338 3513 396 Dicunt

1939 445 2128 495 omnes,
2155 429 2508 500 Cruci/igatur.
2547 430 2614 484 Et
2640 431 2876 501 sequitur
2897 430 3103 486 Marcus
3121 471 3134 495 ,
3170 431 3370 487 Pilatus
3394 450 3510 490 vero

1940 518 2130 573 dicebat
2159 521 2259 585 eis,
2293 519 2427 586 Quid
2450 520 2582 573 enim
2605 521 2727 573 ntali
2756 521 2911 589 fecit?
2934 520 2997 575 At
3025 521 3101 576 illi
3129 524 3287 593 magis
3313 525 3509 578 clama-

1940 610 2089 676 bant,
2128 608 2379 681 Cruciﬁge
2412 628 2546 665 eum.
2589 612 2701 667 Hoc
2738 612 3011 666 Matthzeus
3047 628 3153 668 non
3187 612 3321 668 dixit
3362 633 3374 668 :
3418 616 3516 674 sed

1940 700 2185 769 quoniam
2217 699 2375 766 dixit,
2416 699 2600 755 Videtis
2631 711 2797 755 autent
2822 700 3023 756 Pilatus
3050 704 3169 773 quia
3193 703 3319 758 nihil
3346 707 3510 774 profi-

1941 798 2089 855 ceret,
2109 790 2199 843 sed
2220 791 2378 861 magis
2397 792 2639 845 tumultus
2657 793 2828 860 ﬁeret;
2852 792 2984 845 dixit
3004 793 3161 847 etiam
3182 808 3304 847 eum
3326 794 3519 851 lavisse

1942 894 2130 933 manus
2169 894 2349 934 coram
2389 881 2616 949 p0pulo,
2644 889 2715 951 ut
2749 880 3085 936 innocentem
3114 896 3174 936 se
3202 897 3232 934 a
3263 884 3519 952 sanguine

1940 970 2065 1038 justi
2094 969 2438 1038 signiﬁcaret;
2470 969 2611 1038 quod
2642 970 2767 1024 item
2792 979 2846 1025 et
2872 971 3077 1025 Marcus
3103 981 3160 1026 et
3185 973 3275 1027 alii
3301 982 3516 1029 tacent:

1943 1059 2069 1113 satis
2115 1058 2346 1113 ostendit
2379 1060 2535 1113 etiam
2567 1059 2844 1115 Matth-aius
2879 1062 3051 1131 egisse
3088 1063 3367 1131 prtesidem
3396 1080 3519 1120 cum

1945 1149 2174 1219 p0pulo,
2221 1158 2277 1203 ut
2317 1149 2692 1205 dimitteretur.
2736 1150 2888 1217 Quod
2932 1151 3163 1207 breviter
3204 1154 3523 1224 signiﬁcavit

1944 1242 2148 1295 Marcus
2178 1242 2228 1296 iu
2258 1258 2323 1297 eo
2350 1243 2490 1312 quod
2519 1243 2683 1298 refert
2709 1244 2934 1298 Pilatum
2964 1244 3190 1311 dixisse,
3226 1246 3362 1311 Quid
3386 1249 3519 1301 enim

1945 1331 2065 1384 mali
2098 1332 2247 1402 fecit?
2276 1332 2475 1387 Deinde
2503 1333 2580 1387 sic
2609 1334 2765 1387 etiam
2806 1333 2919 1404 ipse
2949 1334 3249 1401 concludit,
3280 1351 3398 1406 qua:
3428 1352 3522 1407 per

1945 1423 2168 1477 Pilatum
2198 1439 2319 1479 cum
2351 1424 2575 1479 Domino
2599 1436 2746 1495 gesta
2776 1436 2901 1480 sunt
2929 1443 2941 1478 :
2973 1424 3171 1480 Pilatus
3195 1438 3359 1482 autem
3378 1470 3393 1493 ,
3434 1430 3519 1484 in-

1945 1516 2085 1584 quit,
2120 1514 2284 1570 volens
2310 1516 2497 1585 popula
2520 1518 2842 1587 satisfacere,
2872 1518 3060 1573 dimisit
3088 1518 3190 1573 illis
3214 1518 3516 1587 Barabbam,

1945 1614 1992 1659 et
2034 1606 2241 1659 tradidit
2276 1605 2451 1661 Jesum
2485 1607 2703 1677 ﬂagellis
2746 1624 2961 1672 caesum,
3002 1618 3058 1660 ut
3098 1609 3471 1680 cruciﬁgeretur
3501 1627 3521 1665 :

1947 1696 2061 1751 hare
2081 1698 2218 1768 apud
2249 1698 2525 1767 praesidem
2551 1709 2698 1769 gesta
2726 1700 2960 1754 narravit
2983 1699 3189 1755 Marcus
3213 1700 3401 1771 (Marc.
3430 1718 3520 1769 xv,

1945 1790 2119 1860 2-15).

2016 1883 2102 1937 54.
2134 1883 2304 1938 Lucas
2329 1884 2467 1952 apud
2492 1884 2716 1938 Pilatum
2741 1892 2887 1952 gesta
2913 1884 2990 1937 sic
3012 1891 3191 1938 narrat
3215 1900 3227 1937 :
3259 1883 3526 1954 Cmperunt

1944 1982 2109 2026 autem
2144 1990 2379 2027 accusare
2414 1973 2589 2038 illum,
2631 1974 2845 2028 dicentes
2872 1989 2890 2026 :
2923 1972 3073 2026 Hunc
3097 1974 3373 2028 invenimus
3402 1986 3523 2028 suv-

1944 2074 2209 2118 vertentent
2236 2074 2430 2134 gentem
2459 2074 2715 2129 nostram,
2753 2072 2797 2116 et
2832 2064 3168 2131 prohibentem
3199 2063 3380 2117 tributa
3409 2064 3523 2119 dari

1945 2155 2165 2221 Catsari,
2204 2166 2250 2208 et
2287 2156 2529 2208 dicentem
2564 2171 2617 2208 se
2642 2155 2892 2208 Christum
2934 2170 3096 2223 regem
3134 2170 3257 2208 esse.
3297 2154 3408 2208 Hoc
3444 2155 3523 2210 illi

1944 2248 2051 2303 duo
2080 2248 2427 2317 Evangelisve
2459 2262 2561 2301 non
2592 2247 2871 2311 dixerunt,
2914 2262 3031 2300 cum
3073 2256 3247 2301 tamen
3283 2246 3522 2301 dicereut

1945 2340 2086 2409 quod
2130 2356 2250 2394 eum
2293 2340 2630 2394 accusabant.
2674 2341 2810 2407 Ergo
2841 2340 2938 2395 iste
2968 2341 3127 2395 etiam
3158 2340 3269 2408 ipsa
3298 2341 3522 2395 crimina

1945 2447 2059 2499 qua:
2085 2431 2213 2486 falsa
2241 2433 2550 2501 objecernnt
2570 2474 2583 2497 ,
2623 2434 2848 2501 aperuit.
2888 2433 3072 2488 Tacuit
3100 2442 3276 2489 autem
3304 2434 3444 2504 quod
3470 2435 3521 2488 ei

1943 2520 2077 2575 dixit
2096 2521 2315 2588 Pilatus,
2343 2521 2462 2576 Non
2483 2523 2752 2591 respondes
2774 2524 3080 2592 quidquam?
3112 2523 3232 2577 Vide
3251 2525 3302 2577 in
3323 2525 3520 2593 quantis

1945 2620 1991 2665 te
2016 2622 2251 2665 accusant
2280 2629 2298 2667 :
2326 2614 2417 2667 sed
2454 2614 2608 2682 plane
2635 2615 2893 2683 sequitur,
2933 2624 2987 2669 et
3018 2615 3144 2669 dicit
3180 2616 3320 2685 quod
3359 2617 3519 2670 etiam

1946 2702 2017 2754 illi
2044 2701 2320 2765 dixerunt,
2360 2703 2556 2756 Pilatus
2585 2714 2750 2757 autem
2781 2705 3100 2775 interrogavit
3129 2722 3276 2771 eum,
3308 2705 3475 2758 dicens
3498 2721 3518 2758 :

1944 2791 2022 2844 Tu
2053 2810 2101 2845 es
2133 2809 2220 2846 rea:
2242 2790 2539 2846 Judteorum
2557 2794 2581 2845 ?
2599 2793 2663 2846 At
2688 2794 2773 2847 ille
2796 2795 3100 2863 respondens
3122 2796 3193 2848 ait
3231 2811 3249 2849 :
3274 2794 3350 2848 Tu
3369 2795 3518 2849 dicis.

1947 2883 2057 2937 lloc
2087 2895 2263 2938 autem
2298 2885 2573 2938 Mattlueus
2606 2896 2659 2940 et
2697 2886 2900 2940 Marcus
2940 2896 3511 2947 commemoraverunt.

1943 2984 2223 3042 antequam
2262 2975 2501 3030 dicerent
2531 2976 2911 3060 ‘compellatum
2946 2976 3123 3032 Jesum
3153 2977 3291 3046 quod
3321 2978 3398 3032 eis
3426 2993 3516 3032 ac-

1943 3066 2248 3119 cusantibus
2278 3082 2381 3119 non
2410 3067 2773 3136 responderet.
2806 3066 2943 3120 Nihil
2969 3076 3145 3122 autem
3175 3068 3395 3121 interest
3422 3082 3517 3122 ve—

1943 3159 2143 3222 ritalis,
2180 3174 2284 3228 quo
2318 3159 2503 3213 ordine
2534 3159 2699 3214 Lucas
2731 3160 2828 3214 ista
2857 3159 3092 3214 retulerit
3128 3177 3142 3213 :
3172 3159 3518 3229 quemadmo-

1943 3250 2066 3303 dum
2109 3251 2238 3304 nihil
2277 3251 2495 3304 interest
2528 3252 2573 3303 si
2608 3251 2741 3304 alius
2775 3250 2973 3319 aliquid
3014 3259 3187 3316 tacet,
3217 3250 3356 3319 quod
3384 3251 3521 3304 alius

1943 3348 2351 3400 commemorat;
2394 3339 2836 3407 quemadmodum
2877 3339 2931 3392 in
2964 3339 3408 3407 consequentibus
3436 3339 3519 3393 di—

1943 3431 2015 3483 cit
2044 3448 2056 3482 :
2087 3429 2172 3481 Ait
2200 3439 2361 3482 autent
2395 3428 2594 3482 Pilatus
2623 3430 2689 3481 ad
2718 3430 2965 3499 principes
2999 3430 3312 3483 sacerdotum
3340 3440 3387 3483 et
3412 3440 3521 3484 tur-

1946 3523 2032 3575 bas
2063 3537 2081 3574 :
2110 3520 2259 3574 Nihil
2282 3522 2476 3575 invenio
2500 3536 2667 3573 causa:
2687 3522 2739 3574 in
2765 3523 2858 3574 hoc
2888 3522 3104 3576 homine.
3132 3520 3197 3574 At
3223 3523 3295 3575 illi
3326 3522 3517 3576 invale-

1943 3615 2142 3668 scebant
2166 3656 2180 3680 ,
2229 3614 2443 3667 dicentes
2489 3630 2507 3667 :
2549 3612 2831 3668 Commovet
2878 3614 3150 3684 populum,
3200 3614 3381 3668 docens
3432 3630 3521 3682 per

1944 3704 2222 3758 universam
2254 3701 2491 3756 Judwam
2512 3744 2526 3768 ,
2566 3712 2615 3757 et
2649 3704 2889 3766 incipiens
2917 3720 2948 3755 a
2978 3701 3190 3757 Galilaza
3219 3720 3371 3772 usque
3398 3704 3515 3757 huc.

1952 3796 2146 3848 Pilatus
2179 3804 2345 3848 autem
2371 3796 2580 3848 audiens
2612 3794 2872 3849 Galilazam
2892 3836 2906 3860 ,
2944 3797 3267 3866 interrogavit
3294 3798 3336 3850 si
3365 3797 3512 3849 homo

1946 3886 2185 3941 Calilazus
2200 3896 2362 3951 esset;
2387 3897 2432 3940 et
2457 3897 2507 3939 ut
2534 3887 2757 3956 cognovit
2777 3886 2911 3955 quod
2936 3887 2998 3940 de
3026 3886 3245 3941 Herodis
3276 3896 3515 3955 potestate

1944 3988 2085 4041 esset,
2118 3978 2303 4032 remisit
2333 3994 2443 4030 eum
2467 3978 2534 4030 ad
2566 3977 2815 4031 Herodem
2835 4020 2849 4044 ,
2876 3980 2961 4047 qui
2985 3989 3031 4032 et
3057 3981 3163 4049 ipse
3183 3978 3515 4049 lerosolymis

1946 4080 2050 4123 erat
2080 4070 2131 4121 in
2161 4069 2264 4122 illis
2293 4069 2484 4122 diebus.
2544 4068 2769 4123 Herodes
2798 4079 2965 4123 autem
2995 4071 3097 4124 viso
3120 4068 3284 4135 Jesu.
3321 4072 3521 4141 gavisus

1945 4170 2016 4215 est
2052 4162 2196 4214 valde
2227 4178 2245 4213 :
2279 4172 2384 4214 erat
2414 4162 2545 4214 enim
2572 4162 2775 4231 cupiens
2808 4179 2871 4216 ex
2905 4161 3061 4215 multo
3102 4171 3322 4229 tempore
3354 4162 3520 4215 videre

1944 4266 2075 4315 eum,
2104 4267 2160 4304 eo
2189 4251 2321 4319 quod
2349 4250 2545 4303 audiret
2575 4252 2731 4302 multa
2760 4250 2822 4302 de
2850 4250 2970 4312 illo;
2995 4258 3041 4302 et
3065 4250 3295 4319 sperabat
3320 4251 3518 4318 signum

1945 4340 2149 4412 aliquod
2170 4340 2333 4394 videre
2352 4340 2412 4391 ab
2434 4356 2490 4392 eo
2511 4340 2637 4406 ﬁeri.
2665 4338 3011 4409 lnterrogabat
3032 4349 3199 4391 autem
3224 4341 3367 4393 illum
3387 4341 3519 4392 mul-

1946 4435 2007 4486 tis
2036 4431 2341 4485 sermonibus
2370 4448 2387 4484 :
2415 4441 2465 4483 at
2497 4433 2603 4499 ipse
2640 4430 2716 4483 illi
2754 4431 2881 4483 nihil
2920 4431 3267 4497 respondebat.
3306 4429 3520 4485 Stabant

1943 4524 2092 4576 etiam
2116 4523 2368 4592 principes
2394 4524 2706 4575 sacerdotum
2734 4532 2780 4576 et
2812 4520 3036 4585 Scribat,
3069 4531 3346 4575 constanter
3367 4537 3519 4575 accu-

1943 4625 2111 4669 santes
2140 4631 2271 4667 eum.
2313 4612 2513 4682 Sprevit
2541 4623 2705 4666 autem
2734 4613 2879 4666 illum
2905 4611 3131 4666 Herodes
3160 4628 3274 4665 cum
3303 4614 3521 4667 exercitu

1943 4723 2033 4759 suo
2054 4747 2069 4772 ,
2110 4714 2154 4758 et
2198 4704 2354 4758 illusit
2396 4702 2623 4757 indutum
2651 4714 2780 4757 veste
2804 4703 2951 4767 alba,
2984 4712 3029 4755 et
3054 4704 3247 4756 remisit
3273 4704 3338 4755 ad
3370 4702 3516 4756 Pila-

1946 4807 2070 4850 tum.
2099 4797 2167 4849 Et
2191 4798 2309 4868 facti
2334 4807 2446 4849 sunt
2472 4797 2623 4849 amici
2651 4796 2875 4850 Herodes
2900 4806 2945 4848 et
2973 4793 3173 4848 Pilatus
3196 4796 3246 4847 in
3270 4796 3382 4863 ipsa
3403 4795 3483 4847 die
3500 4811 3520 4850 :

1946 4906 2062 4941 nant
2091 4898 2237 4941 antea
2264 4890 2453 4941 inimici
2478 4889 2703 4941 erantad
2722 4889 2950 4942 invicem.
2977 4888 3099 4941 Haec
3124 4887 3320 4950 omnia,
3345 4886 3394 4940 id
3417 4895 3518 4950 est,

1944 4981 2085 5050 quod
2122 4997 2151 5033 a
2194 4981 2360 5033 Pilato
2396 4981 2459 5034 ad
2493 4981 2753 5035 Herodem
2790 4980 3043 5034 Dominus
3081 4980 3276 5031 missus
3317 4985 3432 5041 est,
3467 4986 3520 5031 et

1944 5088 2063 5139 qua:
2089 5071 2157 5123 ibi
2188 5080 2334 5141 gesta
2365 5080 2519 5134 sunt,
2550 5071 2719 5125 Lucas
2752 5071 2895 5123 solus
2925 5068 3153 5131 indicat;
3185 5068 3388 5121 etiamsi
3422 5068 3521 5121 ali-

1944 5160 2068 5230 quid
2114 5160 2181 5212 ibi
2222 5162 2295 5214 ait
2323 5160 2527 5224 simile,
2571 5159 2713 5228 quod
2751 5159 2803 5212 in
2842 5157 2960 5212 aliis
3000 5156 3360 5210 narrationum
3393 5158 3521 5211 locis

1942 5249 2078 5319 apud
2116 5251 2248 5304 alios
2288 5251 2453 5318 possit
2489 5248 2708 5302 inveniri
2742 5268 2753 5300 :
2782 5246 2960 5301 caeteri
3000 5253 3179 5301 autem
3217 5260 3277 5301 ea
3320 5255 3521 5299 tantum

1943 5342 2121 5399 dicere
2154 5344 2436 5398 voluerunt
2473 5356 2591 5410 quze
2617 5340 2754 5409 apud
2783 5339 3008 5394 Pilatum
3035 5347 3182 5411 gesta
3207 5348 3358 5405 sunt,
3390 5354 3521 5407 quo-

1942 5453 2109 5506 usque
2126 5436 2377 5491 Dominus
2392 5432 2777 5503 cruciﬁgeudus
2803 5432 3120 5488 traderetur.
3143 5431 3373 5486 Rediens
3390 5446 3519 5502 ergo

1941 5526 2113 5580 Lucas
2151 5525 2216 5578 ad
2252 5540 2315 5579 ea
2355 5540 2473 5595 qua:
2508 5523 2645 5593 apud
2682 5523 2959 5593 praesidem
3001 5523 3341 5593 gerebantur,
3379 5521 3520 5577 unde

1941 5617 2211 5690 digressus
2233 5624 2366 5686 erat,
2390 5624 2450 5674 ut
2468 5624 2706 5677 narraret
2729 5616 2871 5691 quod
2888 5613 3516 5710 apud'll‘erodetnactum
