  <div class='ocr_page' id='page_1' title='image "/cluster/home/n/w/nwhite01/storage/ocr_20150623/34/uva.x000826574/612.png"; bbox 0 0 3888 6322; ppageno 0'>
   <div class='ocr_carea' id='block_1_1' title="bbox 273 312 412 372">
    <p class='ocr_par' dir='ltr' id='par_1_1' title="bbox 273 312 412 372">
     <span class='ocr_line' id='line_1_1' title="bbox 273 312 412 372; baseline 0 0"><span class='ocrx_word' id='word_1_1' title='bbox 273 312 412 372; x_wconf 72' lang='lat'><strong>“8!</strong></span> 
     </span>
    </p>
   </div>
   <div class='ocr_carea' id='block_1_2' title="bbox 268 423 1843 495">
    <p class='ocr_par' dir='ltr' id='par_1_2' title="bbox 268 423 1843 495">
     <span class='ocr_line' id='line_1_2' title="bbox 268 423 1843 495; baseline -0.001 -12"><span class='ocrx_word' id='word_1_2' title='bbox 268 444 367 484; x_wconf 90' lang='lat' dir='ltr'><strong>sus</strong></span> <span class='ocrx_word' id='word_1_3' title='bbox 404 442 491 485; x_wconf 90' lang='lat' dir='ltr'><strong>me</strong></span> <span class='ocrx_word' id='word_1_4' title='bbox 528 426 720 493; x_wconf 88' lang='lat' dir='ltr'><strong>ullam,</strong></span> <span class='ocrx_word' id='word_1_5' title='bbox 759 426 859 483; x_wconf 93' lang='lat' dir='ltr'><strong>nisi</strong></span> <span class='ocrx_word' id='word_1_6' title='bbox 891 425 987 483; x_wconf 90' lang='lat' dir='ltr'><strong>tibi</strong></span> <span class='ocrx_word' id='word_1_7' title='bbox 1021 424 1201 482; x_wconf 87' lang='lat' dir='ltr'><strong>datum</strong></span> <span class='ocrx_word' id='word_1_8' title='bbox 1236 432 1383 483; x_wconf 85' lang='lat' dir='ltr'><strong>esset</strong></span> <span class='ocrx_word' id='word_1_9' title='bbox 1418 423 1661 495; x_wconf 83' lang='lat' dir='ltr'><strong>desuper.</strong></span> <span class='ocrx_word' id='word_1_10' title='bbox 1711 427 1843 482; x_wconf 88' lang='lat' dir='ltr'><strong>Pro-</strong></span> 
     </span>
    </p>
   </div>
   <div class='ocr_carea' id='block_1_3' title="bbox 269 517 1845 592">
    <p class='ocr_par' dir='ltr' id='par_1_3' title="bbox 269 517 1845 592">
     <span class='ocr_line' id='line_1_3' title="bbox 269 517 1845 592; baseline -0.003 -16"><span class='ocrx_word' id='word_1_11' title='bbox 269 534 458 591; x_wconf 82' lang='lat' dir='ltr'><strong>pterea</strong></span> <span class='ocrx_word' id='word_1_12' title='bbox 492 520 581 592; x_wconf 86' lang='lat' dir='ltr'><strong>qui</strong></span> <span class='ocrx_word' id='word_1_13' title='bbox 618 519 829 575; x_wconf 75' lang='lat' dir='ltr'><strong>tradidit</strong></span> <span class='ocrx_word' id='word_1_14' title='bbox 866 534 954 574; x_wconf 91' lang='lat' dir='ltr'><strong>me</strong></span> <span class='ocrx_word' id='word_1_15' title='bbox 997 518 1123 583; x_wconf 87' lang='lat' dir='ltr'><strong>tibi,</strong></span> <span class='ocrx_word' id='word_1_16' title='bbox 1165 517 1332 587; x_wconf 87' lang='lat' dir='ltr'><strong>majus</strong></span> <span class='ocrx_word' id='word_1_17' title='bbox 1366 527 1637 587; x_wconf 87' lang='lat' dir='ltr'><strong>peccatum</strong></span> <span class='ocrx_word' id='word_1_18' title='bbox 1667 518 1845 577; x_wconf 86' lang='lat' dir='ltr'><strong>habet.</strong></span> 
     </span>
    </p>
   </div>
   <div class='ocr_carea' id='block_1_4' title="bbox 272 607 1851 681">
    <p class='ocr_par' dir='ltr' id='par_1_4' title="bbox 272 607 1851 681">
     <span class='ocr_line' id='line_1_4' title="bbox 272 607 1851 681; baseline -0.004 -14"><span class='ocrx_word' id='word_1_19' title='bbox 272 612 478 667; x_wconf 77' lang='lat' dir='ltr'><strong>Exinde</strong></span> <span class='ocrx_word' id='word_1_20' title='bbox 503 610 771 681; x_wconf 73' lang='lat' dir='ltr'><strong>qumrebat</strong></span> <span class='ocrx_word' id='word_1_21' title='bbox 804 610 999 664; x_wconf 84' lang='lat' dir='ltr'><strong>Pilatus</strong></span> <span class='ocrx_word' id='word_1_22' title='bbox 1023 607 1286 663; x_wconf 90' lang='lat' dir='ltr'><strong>dimittere</strong></span> <span class='ocrx_word' id='word_1_23' title='bbox 1312 622 1453 661; x_wconf 90' lang='lat' dir='ltr'><strong>eum.</strong></span> <span class='ocrx_word' id='word_1_24' title='bbox 1480 607 1647 663; x_wconf 78' lang='lat' dir='ltr'><strong>Judzni</strong></span> <span class='ocrx_word' id='word_1_25' title='bbox 1672 616 1851 671; x_wconf 77' lang='lat' dir='ltr'><strong>autem</strong></span> 
     </span>
    </p>
   </div>
   <div class='ocr_carea' id='block_1_5' title="bbox 267 698 1850 762">
    <p class='ocr_par' dir='ltr' id='par_1_5' title="bbox 267 698 1850 762">
     <span class='ocr_line' id='line_1_5' title="bbox 267 698 1850 762; baseline -0.001 -5"><span class='ocrx_word' id='word_1_26' title='bbox 267 703 575 757; x_wconf 87' lang='lat' dir='ltr'><strong>clamabant</strong></span> <span class='ocrx_word' id='word_1_27' title='bbox 599 701 836 756; x_wconf 79' lang='lat' dir='ltr'><strong>dicentes</strong></span> <span class='ocrx_word' id='word_1_28' title='bbox 861 718 875 753; x_wconf 89' lang='lat'><strong>:</strong></span> <span class='ocrx_word' id='word_1_29' title='bbox 903 698 961 754; x_wconf 92' lang='lat' dir='ltr'><strong>Si</strong></span> <span class='ocrx_word' id='word_1_30' title='bbox 990 699 1127 753; x_wconf 90' lang='lat' dir='ltr'><strong>hunc</strong></span> <span class='ocrx_word' id='word_1_31' title='bbox 1152 698 1401 762; x_wconf 72' lang='lat' dir='ltr'><strong>dimittis,</strong></span> <span class='ocrx_word' id='word_1_32' title='bbox 1431 712 1534 751; x_wconf 90' lang='lat' dir='ltr'><strong>non</strong></span> <span class='ocrx_word' id='word_1_33' title='bbox 1564 712 1623 753; x_wconf 86' lang='lat' dir='ltr'><strong>es</strong></span> <span class='ocrx_word' id='word_1_34' title='bbox 1650 698 1850 761; x_wconf 82' lang='lat' dir='ltr'><strong>amicus</strong></span> 
     </span>
    </p>
   </div>
   <div class='ocr_carea' id='block_1_6' title="bbox 266 787 1851 860">
    <p class='ocr_par' dir='ltr' id='par_1_6' title="bbox 266 787 1851 860">
     <span class='ocr_line' id='line_1_6' title="bbox 266 787 1851 860; baseline -0.003 -13"><span class='ocrx_word' id='word_1_35' title='bbox 266 794 536 850; x_wconf 64' lang='lat' dir='ltr'><strong>Ctesaris:</strong></span> <span class='ocrx_word' id='word_1_36' title='bbox 572 791 744 847; x_wconf 88' lang='lat' dir='ltr'><strong>omnis</strong></span> <span class='ocrx_word' id='word_1_37' title='bbox 781 790 868 860; x_wconf 92' lang='lat' dir='ltr'><strong>qui</strong></span> <span class='ocrx_word' id='word_1_38' title='bbox 908 805 966 844; x_wconf 91' lang='lat' dir='ltr'><strong>se</strong></span> <span class='ocrx_word' id='word_1_39' title='bbox 1000 803 1176 859; x_wconf 68' lang='lat' dir='ltr'><strong>regem</strong></span> <span class='ocrx_word' id='word_1_40' title='bbox 1209 787 1368 855; x_wconf 89' lang='lat' dir='ltr'><strong>facit,</strong></span> <span class='ocrx_word' id='word_1_41' title='bbox 1394 787 1709 843; x_wconf 79' lang='lat' dir='ltr'><strong>contradicit</strong></span> <span class='ocrx_word' id='word_1_42' title='bbox 1733 787 1851 849; x_wconf 53' lang='lat' dir='ltr'><strong>Cat.</strong></span> 
     </span>
    </p>
   </div>
   <div class='ocr_carea' id='block_1_7' title="bbox 268 876 1850 951">
    <p class='ocr_par' dir='ltr' id='par_1_7' title="bbox 268 876 1850 951">
     <span class='ocr_line' id='line_1_7' title="bbox 268 876 1850 951; baseline -0.004 -14"><span class='ocrx_word' id='word_1_43' title='bbox 268 884 401 937; x_wconf 83' lang='lat' dir='ltr'><strong>sari.</strong></span> <span class='ocrx_word' id='word_1_44' title='bbox 432 902 450 935; x_wconf 73' lang='grc' dir='ltr'><strong><em>ι</em></strong></span> <span class='ocrx_word' id='word_1_45' title='bbox 477 882 607 937; x_wconf 89' lang='lat' dir='ltr'><strong>lluic</strong></span> <span class='ocrx_word' id='word_1_46' title='bbox 625 888 797 950; x_wconf 87' lang='lat' dir='ltr'><strong>potest</strong></span> <span class='ocrx_word' id='word_1_47' title='bbox 817 893 1106 951; x_wconf 81' lang='lat' dir='ltr'><strong>congruere</strong></span> <span class='ocrx_word' id='word_1_48' title='bbox 1123 876 1264 948; x_wconf 90' lang='lat' dir='ltr'><strong>quod</strong></span> <span class='ocrx_word' id='word_1_49' title='bbox 1284 877 1452 933; x_wconf 86' lang='lat' dir='ltr'><strong>Lucas</strong></span> <span class='ocrx_word' id='word_1_50' title='bbox 1472 878 1522 931; x_wconf 90' lang='lat' dir='ltr'><strong>in</strong></span> <span class='ocrx_word' id='word_1_51' title='bbox 1548 877 1733 933; x_wconf 89' lang='lat' dir='ltr'><strong>eadem</strong></span> <span class='ocrx_word' id='word_1_52' title='bbox 1758 893 1850 947; x_wconf 63' lang='lat' dir='ltr'><strong>ac,-</strong></span> 
     </span>
    </p>
   </div>
   <div class='ocr_carea' id='block_1_8' title="bbox 268 968 1852 1035">
    <p class='ocr_par' dir='ltr' id='par_1_8' title="bbox 268 968 1852 1035">
     <span class='ocr_line' id='line_1_8' title="bbox 268 968 1852 1035; baseline -0.001 -7"><span class='ocrx_word' id='word_1_53' title='bbox 268 973 546 1028; x_wconf 87' lang='lat' dir='ltr'><strong>cusatione</strong></span> <span class='ocrx_word' id='word_1_54' title='bbox 583 971 885 1028; x_wconf 64' lang='lat' dir='ltr'><strong>Judmorum</strong></span> <span class='ocrx_word' id='word_1_55' title='bbox 928 968 996 1024; x_wconf 88' lang='lat' dir='ltr'><strong>ita</strong></span> <span class='ocrx_word' id='word_1_56' title='bbox 1037 977 1219 1024; x_wconf 90' lang='lat' dir='ltr'><strong>narrat</strong></span> <span class='ocrx_word' id='word_1_57' title='bbox 1249 988 1263 1023; x_wconf 89' lang='lat'><strong>:</strong></span> <span class='ocrx_word' id='word_1_58' title='bbox 1291 984 1411 1025; x_wconf 91' lang='lat' dir='ltr'><strong>cum</strong></span> <span class='ocrx_word' id='word_1_59' title='bbox 1441 969 1731 1035; x_wconf 85' lang='lat' dir='ltr'><strong>dixissent,</strong></span> <span class='ocrx_word' id='word_1_60' title='bbox 1757 968 1852 1027; x_wconf 67' lang='lat' dir='ltr'><strong>lur-</strong></span> 
     </span>
    </p>
   </div>
   <div class='ocr_carea' id='block_1_9' title="bbox 269 1061 1852 1130">
    <p class='ocr_par' dir='ltr' id='par_1_9' title="bbox 269 1061 1852 1130">
     <span class='ocr_line' id='line_1_9' title="bbox 269 1061 1852 1130; baseline -0.001 -12"><span class='ocrx_word' id='word_1_61' title='bbox 269 1064 499 1118; x_wconf 82' lang='lat' dir='ltr'><strong>venimus</strong></span> <span class='ocrx_word' id='word_1_62' title='bbox 530 1080 642 1116; x_wconf 87' lang='lat' dir='ltr'><strong>eum</strong></span> <span class='ocrx_word' id='word_1_63' title='bbox 669 1062 1023 1117; x_wconf 82' lang='lat' dir='ltr'><strong>subvertentem</strong></span> <span class='ocrx_word' id='word_1_64' title='bbox 1049 1072 1243 1130; x_wconf 84' lang='lat' dir='ltr'><strong>gentem</strong></span> <span class='ocrx_word' id='word_1_65' title='bbox 1272 1071 1525 1125; x_wconf 83' lang='lat' dir='ltr'><strong>nostram;</strong></span> <span class='ocrx_word' id='word_1_66' title='bbox 1552 1061 1777 1130; x_wconf 82' lang='lat' dir='ltr'><strong>adjecit,</strong></span> <span class='ocrx_word' id='word_1_67' title='bbox 1803 1072 1852 1125; x_wconf 73' lang='lat' dir='ltr'><strong>et</strong></span> 
     </span>
    </p>
   </div>
   <div class='ocr_carea' id='block_1_10' title="bbox 270 1151 1852 1225">
    <p class='ocr_par' dir='ltr' id='par_1_10' title="bbox 270 1151 1852 1225">
     <span class='ocr_line' id='line_1_10' title="bbox 270 1151 1852 1225; baseline -0.001 -17"><span class='ocrx_word' id='word_1_68' title='bbox 270 1154 615 1225; x_wconf 79' lang='lat' dir='ltr'><strong>prohibentem</strong></span> <span class='ocrx_word' id='word_1_69' title='bbox 642 1155 826 1207; x_wconf 85' lang='lat' dir='ltr'><strong>tributa</strong></span> <span class='ocrx_word' id='word_1_70' title='bbox 845 1153 956 1206; x_wconf 82' lang='lat' dir='ltr'><strong>dari</strong></span> <span class='ocrx_word' id='word_1_71' title='bbox 975 1152 1182 1214; x_wconf 61' lang='lat' dir='ltr'><strong>Caesari,</strong></span> <span class='ocrx_word' id='word_1_72' title='bbox 1206 1160 1251 1205; x_wconf 84' lang='lat' dir='ltr'><strong>et</strong></span> <span class='ocrx_word' id='word_1_73' title='bbox 1272 1152 1515 1206; x_wconf 73' lang='lat' dir='ltr'><strong>dicentem</strong></span> <span class='ocrx_word' id='word_1_74' title='bbox 1528 1169 1581 1207; x_wconf 82' lang='lat' dir='ltr'><strong>se</strong></span> <span class='ocrx_word' id='word_1_75' title='bbox 1598 1151 1852 1213; x_wconf 66' lang='lat' dir='ltr'><strong>Christum</strong></span> 
     </span>
    </p>
   </div>
   <div class='ocr_carea' id='block_1_11' title="bbox 268 1244 1850 1317">
    <p class='ocr_par' dir='ltr' id='par_1_11' title="bbox 268 1244 1850 1317">
     <span class='ocr_line' id='line_1_11' title="bbox 268 1244 1850 1317; baseline 0.003 -19"><span class='ocrx_word' id='word_1_76' title='bbox 268 1263 438 1317; x_wconf 86' lang='lat' dir='ltr'><em>regem</em></span> <span class='ocrx_word' id='word_1_77' title='bbox 479 1263 607 1301; x_wconf 79' lang='lat' dir='ltr'><strong>esse.</strong></span> <span class='ocrx_word' id='word_1_78' title='bbox 645 1245 718 1300; x_wconf 79' lang='lat' dir='ltr'><strong>Ex</strong></span> <span class='ocrx_word' id='word_1_79' title='bbox 757 1260 862 1314; x_wconf 85' lang='lat' dir='ltr'><strong>quo</strong></span> <span class='ocrx_word' id='word_1_80' title='bbox 897 1245 1124 1298; x_wconf 82' lang='lat' dir='ltr'><strong>solvitur</strong></span> <span class='ocrx_word' id='word_1_81' title='bbox 1165 1244 1252 1297; x_wconf 89' lang='lat' dir='ltr'><strong>illa</strong></span> <span class='ocrx_word' id='word_1_82' title='bbox 1278 1245 1530 1313; x_wconf 70' lang='lat' dir='ltr'><strong>qurestio,</strong></span> <span class='ocrx_word' id='word_1_83' title='bbox 1555 1260 1657 1313; x_wconf 88' lang='lat' dir='ltr'><strong>qua</strong></span> <span class='ocrx_word' id='word_1_84' title='bbox 1680 1246 1850 1313; x_wconf 67' lang='lat' dir='ltr'><strong>putari</strong></span> 
     </span>
    </p>
   </div>
   <div class='ocr_carea' id='block_1_12' title="bbox 269 1332 1854 1407">
    <p class='ocr_par' dir='ltr' id='par_1_12' title="bbox 269 1332 1854 1407">
     <span class='ocr_line' id='line_1_12' title="bbox 269 1332 1854 1407; baseline 0.001 -19"><span class='ocrx_word' id='word_1_85' title='bbox 269 1345 481 1407; x_wconf 86' lang='lat' dir='ltr'><strong>poterat</strong></span> <span class='ocrx_word' id='word_1_86' title='bbox 504 1335 733 1389; x_wconf 87' lang='lat' dir='ltr'><strong>Joannes</strong></span> <span class='ocrx_word' id='word_1_87' title='bbox 760 1335 959 1387; x_wconf 79' lang='lat' dir='ltr'><strong>dixisse</strong></span> <span class='ocrx_word' id='word_1_88' title='bbox 992 1334 1191 1387; x_wconf 67' lang='lat' dir='ltr'><strong>mullum</strong></span> <span class='ocrx_word' id='word_1_89' title='bbox 1220 1348 1248 1385; x_wconf 92' lang='lat' dir='ltr'><strong>a</strong></span> <span class='ocrx_word' id='word_1_90' title='bbox 1275 1332 1471 1387; x_wconf 69' lang='lat' dir='ltr'><strong>Judaris</strong></span> <span class='ocrx_word' id='word_1_91' title='bbox 1502 1334 1725 1391; x_wconf 85' lang='lat' dir='ltr'><strong>Domino</strong></span> <span class='ocrx_word' id='word_1_92' title='bbox 1750 1335 1854 1393; x_wconf 66' lang='lat' dir='ltr'><strong>crio</strong></span> 
     </span>
    </p>
   </div>
   <div class='ocr_carea' id='block_1_13' title="bbox 267 1424 1849 1496">
    <p class='ocr_par' dir='ltr' id='par_1_13' title="bbox 267 1424 1849 1496">
     <span class='ocr_line' id='line_1_13' title="bbox 267 1424 1849 1496; baseline -0.001 -15"><span class='ocrx_word' id='word_1_93' title='bbox 267 1441 396 1481; x_wconf 89' lang='lat' dir='ltr'><strong>men</strong></span> <span class='ocrx_word' id='word_1_94' title='bbox 425 1426 689 1494; x_wconf 73' lang='lat' dir='ltr'><strong>olijcctum</strong></span> <span class='ocrx_word' id='word_1_95' title='bbox 716 1464 731 1489; x_wconf 94' lang='lat'><strong>,</strong></span> <span class='ocrx_word' id='word_1_96' title='bbox 764 1424 973 1493; x_wconf 80' lang='lat' dir='ltr'><strong>quando</strong></span> <span class='ocrx_word' id='word_1_97' title='bbox 1000 1424 1388 1496; x_wconf 83' lang='lat' dir='ltr'><strong>responderunt</strong></span> <span class='ocrx_word' id='word_1_98' title='bbox 1413 1434 1467 1478; x_wconf 90' lang='lat' dir='ltr'><strong>et</strong></span> <span class='ocrx_word' id='word_1_99' title='bbox 1493 1425 1738 1485; x_wconf 84' lang='lat' dir='ltr'><strong>dixerunt</strong></span> <span class='ocrx_word' id='word_1_100' title='bbox 1762 1426 1812 1491; x_wconf 76' lang='lat' dir='ltr'><strong>ei</strong></span> <span class='ocrx_word' id='word_1_101' title='bbox 1832 1468 1849 1493; x_wconf 92' lang='lat'><strong>,</strong></span> 
     </span>
    </p>
   </div>
   <div class='ocr_carea' id='block_1_14' title="bbox 268 1516 1848 1587">
    <p class='ocr_par' dir='ltr' id='par_1_14' title="bbox 268 1516 1848 1587">
     <span class='ocr_line' id='line_1_14' title="bbox 268 1516 1848 1587; baseline 0.001 -15"><span class='ocrx_word' id='word_1_102' title='bbox 268 1516 338 1572; x_wconf 90' lang='lat' dir='ltr'><strong>Si</strong></span> <span class='ocrx_word' id='word_1_103' title='bbox 368 1535 465 1570; x_wconf 91' lang='lat' dir='ltr'><strong>non</strong></span> <span class='ocrx_word' id='word_1_104' title='bbox 494 1527 615 1572; x_wconf 79' lang='lat' dir='ltr'><strong>esset</strong></span> <span class='ocrx_word' id='word_1_105' title='bbox 637 1517 716 1570; x_wconf 78' lang='lat' dir='ltr'><strong>ltic</strong></span> <span class='ocrx_word' id='word_1_106' title='bbox 742 1516 1053 1587; x_wconf 69' lang='lat' dir='ltr'><strong>ntalefactor.</strong></span> <span class='ocrx_word' id='word_1_107' title='bbox 1084 1533 1184 1570; x_wconf 85' lang='lat' dir='ltr'><strong>non</strong></span> <span class='ocrx_word' id='word_1_108' title='bbox 1206 1516 1291 1569; x_wconf 87' lang='lat' dir='ltr'><strong>tibi</strong></span> <span class='ocrx_word' id='word_1_109' title='bbox 1312 1517 1691 1577; x_wconf 82' lang='lat' dir='ltr'><strong>tradidissemus</strong></span> <span class='ocrx_word' id='word_1_110' title='bbox 1714 1535 1848 1576; x_wconf 81' lang='lat' dir='ltr'><strong>eum.</strong></span> 
     </span>
    </p>
   </div>
   <div class='ocr_carea' id='block_1_15' title="bbox 267 1606 1853 1679">
    <p class='ocr_par' dir='ltr' id='par_1_15' title="bbox 267 1606 1853 1679">
     <span class='ocr_line' id='line_1_15' title="bbox 267 1606 1853 1679; baseline 0.001 -14"><span class='ocrx_word' id='word_1_111' title='bbox 267 1608 527 1678; x_wconf 82' lang='lat' dir='ltr'><strong>Sequitur</strong></span> <span class='ocrx_word' id='word_1_112' title='bbox 556 1622 681 1677; x_wconf 77' lang='lat' dir='ltr'><strong>ergo</strong></span> <span class='ocrx_word' id='word_1_113' title='bbox 710 1606 940 1661; x_wconf 86' lang='lat' dir='ltr'><strong>Joannes</strong></span> <span class='ocrx_word' id='word_1_114' title='bbox 960 1648 975 1672; x_wconf 92' lang='lat'><strong>,</strong></span> <span class='ocrx_word' id='word_1_115' title='bbox 1004 1616 1057 1661; x_wconf 85' lang='lat' dir='ltr'><strong>et</strong></span> <span class='ocrx_word' id='word_1_116' title='bbox 1081 1606 1208 1662; x_wconf 83' lang='lat' dir='ltr'><strong>dicit</strong></span> <span class='ocrx_word' id='word_1_117' title='bbox 1234 1625 1248 1661; x_wconf 89' lang='lat'><strong>:</strong></span> <span class='ocrx_word' id='word_1_118' title='bbox 1285 1626 1305 1658; x_wconf 72' lang='grc' dir='ltr'>ι</span> <span class='ocrx_word' id='word_1_119' title='bbox 1340 1608 1539 1663; x_wconf 88' lang='lat' dir='ltr'><strong>Pilatus</strong></span> <span class='ocrx_word' id='word_1_120' title='bbox 1572 1624 1700 1679; x_wconf 76' lang='lat' dir='ltr'><strong>ergo</strong></span> <span class='ocrx_word' id='word_1_121' title='bbox 1730 1626 1853 1667; x_wconf 85' lang='lat' dir='ltr'><strong>cum</strong></span> 
     </span>
    </p>
   </div>
   <div class='ocr_carea' id='block_1_16' title="bbox 266 1699 1855 1766">
    <p class='ocr_par' dir='ltr' id='par_1_16' title="bbox 266 1699 1855 1766">
     <span class='ocr_line' id='line_1_16' title="bbox 266 1699 1855 1766; baseline 0.003 -12"><span class='ocrx_word' id='word_1_122' title='bbox 266 1700 561 1754; x_wconf 74' lang='lat' dir='ltr'><strong>audivisset</strong></span> <span class='ocrx_word' id='word_1_123' title='bbox 585 1702 681 1754; x_wconf 88' lang='lat' dir='ltr'><strong>hos</strong></span> <span class='ocrx_word' id='word_1_124' title='bbox 700 1713 996 1763; x_wconf 76' lang='lat' dir='ltr'><strong>sermones,</strong></span> <span class='ocrx_word' id='word_1_125' title='bbox 1020 1699 1235 1754; x_wconf 76' lang='lat' dir='ltr'><strong>adduxit</strong></span> <span class='ocrx_word' id='word_1_126' title='bbox 1254 1700 1395 1755; x_wconf 86' lang='lat' dir='ltr'><strong>foras</strong></span> <span class='ocrx_word' id='word_1_127' title='bbox 1418 1700 1619 1766; x_wconf 84' lang='lat' dir='ltr'><strong>Jesum,</strong></span> <span class='ocrx_word' id='word_1_128' title='bbox 1643 1710 1697 1757; x_wconf 83' lang='lat' dir='ltr'><strong>et</strong></span> <span class='ocrx_word' id='word_1_129' title='bbox 1716 1703 1855 1759; x_wconf 79' lang='lat' dir='ltr'><strong>sedis</strong></span> 
     </span>
    </p>
   </div>
   <div class='ocr_carea' id='block_1_17' title="bbox 266 1793 1854 1866">
    <p class='ocr_par' dir='ltr' id='par_1_17' title="bbox 266 1793 1854 1866">
     <span class='ocr_line' id='line_1_17' title="bbox 266 1793 1854 1866; baseline 0.003 -18"><span class='ocrx_word' id='word_1_130' title='bbox 266 1808 375 1866; x_wconf 88' lang='lat' dir='ltr'><strong>pro</strong></span> <span class='ocrx_word' id='word_1_131' title='bbox 416 1794 660 1848; x_wconf 87' lang='lat' dir='ltr'><strong>tribunali</strong></span> <span class='ocrx_word' id='word_1_132' title='bbox 701 1793 751 1848; x_wconf 93' lang='lat' dir='ltr'><strong>in</strong></span> <span class='ocrx_word' id='word_1_133' title='bbox 796 1793 913 1847; x_wconf 89' lang='lat' dir='ltr'><strong>loco</strong></span> <span class='ocrx_word' id='word_1_134' title='bbox 962 1794 1052 1863; x_wconf 87' lang='lat' dir='ltr'><strong>qui</strong></span> <span class='ocrx_word' id='word_1_135' title='bbox 1091 1794 1281 1848; x_wconf 89' lang='lat' dir='ltr'><strong>dicitur</strong></span> <span class='ocrx_word' id='word_1_136' title='bbox 1322 1794 1708 1859; x_wconf 86' lang='lat' dir='ltr'><strong>Lithostrotos,</strong></span> <span class='ocrx_word' id='word_1_137' title='bbox 1747 1798 1854 1853; x_wconf 76' lang='lat' dir='ltr'><strong>He-</strong></span> 
     </span>
    </p>
   </div>
   <div class='ocr_carea' id='block_1_18' title="bbox 266 1882 1855 1953">
    <p class='ocr_par' dir='ltr' id='par_1_18' title="bbox 266 1882 1855 1953">
     <span class='ocr_line' id='line_1_18' title="bbox 266 1882 1855 1953; baseline 0.003 -15"><span class='ocrx_word' id='word_1_138' title='bbox 266 1882 452 1938; x_wconf 88' lang='lat' dir='ltr'><strong>braice</strong></span> <span class='ocrx_word' id='word_1_139' title='bbox 477 1892 651 1936; x_wconf 89' lang='lat' dir='ltr'><strong>autem</strong></span> <span class='ocrx_word' id='word_1_140' title='bbox 674 1882 966 1938; x_wconf 84' lang='lat' dir='ltr'><strong>Cabhatha.</strong></span> <span class='ocrx_word' id='word_1_141' title='bbox 993 1882 1117 1936; x_wconf 80' lang='lat' dir='ltr'><strong>Erat</strong></span> <span class='ocrx_word' id='word_1_142' title='bbox 1137 1893 1310 1937; x_wconf 88' lang='lat' dir='ltr'><strong>autem</strong></span> <span class='ocrx_word' id='word_1_143' title='bbox 1333 1900 1614 1953; x_wconf 84' lang='lat' dir='ltr'><strong>paraseeve</strong></span> <span class='ocrx_word' id='word_1_144' title='bbox 1637 1886 1855 1943; x_wconf 66' lang='lat' dir='ltr'><strong>Pascha</strong></span> 
     </span>
    </p>
   </div>
   <div class='ocr_carea' id='block_1_19' title="bbox 267 1973 1848 2045">
    <p class='ocr_par' dir='ltr' id='par_1_19' title="bbox 267 1973 1848 2045">
     <span class='ocr_line' id='line_1_19' title="bbox 267 1973 1848 2045; baseline 0.001 -15"><span class='ocrx_word' id='word_1_145' title='bbox 267 1974 404 2030; x_wconf 90' lang='lat' dir='ltr'><strong>hora</strong></span> <span class='ocrx_word' id='word_1_146' title='bbox 442 1974 591 2045; x_wconf 86' lang='lat' dir='ltr'><strong>quasi</strong></span> <span class='ocrx_word' id='word_1_147' title='bbox 628 1982 808 2037; x_wconf 90' lang='lat' dir='ltr'><strong>sexta,</strong></span> <span class='ocrx_word' id='word_1_148' title='bbox 852 1983 902 2028; x_wconf 92' lang='lat' dir='ltr'><strong>ct</strong></span> <span class='ocrx_word' id='word_1_149' title='bbox 929 1974 1057 2028; x_wconf 88' lang='lat' dir='ltr'><strong>dicit</strong></span> <span class='ocrx_word' id='word_1_150' title='bbox 1089 1973 1287 2029; x_wconf 71' lang='lat' dir='ltr'><strong>Judazis</strong></span> <span class='ocrx_word' id='word_1_151' title='bbox 1320 1994 1333 2030; x_wconf 90' lang='lat'><strong>:</strong></span> <span class='ocrx_word' id='word_1_152' title='bbox 1366 1976 1501 2032; x_wconf 86' lang='lat' dir='ltr'><strong>Ecce</strong></span> <span class='ocrx_word' id='word_1_153' title='bbox 1536 1993 1629 2032; x_wconf 82' lang='lat' dir='ltr'><strong>rex</strong></span> <span class='ocrx_word' id='word_1_154' title='bbox 1655 1986 1848 2035; x_wconf 79' lang='lat' dir='ltr'><strong>vester.</strong></span> 
     </span>
    </p>
   </div>
   <div class='ocr_carea' id='block_1_20' title="bbox 267 2066 1850 2140">
    <p class='ocr_par' dir='ltr' id='par_1_20' title="bbox 267 2066 1850 2140">
     <span class='ocr_line' id='line_1_20' title="bbox 267 2066 1850 2140; baseline 0.004 -18"><span class='ocrx_word' id='word_1_155' title='bbox 267 2066 355 2122; x_wconf 83' lang='lat' dir='ltr'><strong>illi</strong></span> <span class='ocrx_word' id='word_1_156' title='bbox 393 2075 567 2120; x_wconf 86' lang='lat' dir='ltr'><strong>autem</strong></span> <span class='ocrx_word' id='word_1_157' title='bbox 608 2066 949 2121; x_wconf 85' lang='lat' dir='ltr'><strong>clamabant:</strong></span> <span class='ocrx_word' id='word_1_158' title='bbox 989 2066 1175 2130; x_wconf 83' lang='lat' dir='ltr'><strong>Tolle,</strong></span> <span class='ocrx_word' id='word_1_159' title='bbox 1219 2067 1378 2133; x_wconf 90' lang='lat' dir='ltr'><strong>tolle,</strong></span> <span class='ocrx_word' id='word_1_160' title='bbox 1418 2070 1667 2140; x_wconf 75' lang='lat' dir='ltr'><strong>crucifige</strong></span> <span class='ocrx_word' id='word_1_161' title='bbox 1706 2088 1850 2128; x_wconf 85' lang='lat' dir='ltr'><strong>eum.</strong></span> 
     </span>
    </p>
   </div>
   <div class='ocr_carea' id='block_1_21' title="bbox 269 2157 1854 2230">
    <p class='ocr_par' dir='ltr' id='par_1_21' title="bbox 269 2157 1854 2230">
     <span class='ocr_line' id='line_1_21' title="bbox 269 2157 1854 2230; baseline 0.003 -17"><span class='ocrx_word' id='word_1_162' title='bbox 269 2158 413 2213; x_wconf 85' lang='lat' dir='ltr'><strong>Dicit</strong></span> <span class='ocrx_word' id='word_1_163' title='bbox 456 2158 534 2213; x_wconf 86' lang='lat' dir='ltr'><strong>eis</strong></span> <span class='ocrx_word' id='word_1_164' title='bbox 580 2157 777 2212; x_wconf 84' lang='lat' dir='ltr'><strong>Pilatus</strong></span> <span class='ocrx_word' id='word_1_165' title='bbox 810 2176 822 2211; x_wconf 90' lang='lat'><strong>:</strong></span> <span class='ocrx_word' id='word_1_166' title='bbox 854 2158 1054 2228; x_wconf 82' lang='lat' dir='ltr'><strong>Regem</strong></span> <span class='ocrx_word' id='word_1_167' title='bbox 1096 2168 1327 2213; x_wconf 83' lang='lat' dir='ltr'><strong>vestrum</strong></span> <span class='ocrx_word' id='word_1_168' title='bbox 1368 2162 1703 2230; x_wconf 64' lang='grc' dir='ltr'><strong>(εί-ιιοίιίεωῖ</strong></span> <span class='ocrx_word' id='word_1_169' title='bbox 1746 2164 1854 2218; x_wconf 53' lang='lat' dir='ltr'><strong>Rob</strong></span> 
     </span>
    </p>
   </div>
   <div class='ocr_carea' id='block_1_22' title="bbox 268 2248 1857 2319">
    <p class='ocr_par' dir='ltr' id='par_1_22' title="bbox 268 2248 1857 2319">
     <span class='ocr_line' id='line_1_22' title="bbox 268 2248 1857 2319; baseline 0.004 -17"><span class='ocrx_word' id='word_1_170' title='bbox 268 2248 603 2318; x_wconf 84' lang='lat' dir='ltr'><strong>sponderunt</strong></span> <span class='ocrx_word' id='word_1_171' title='bbox 630 2249 904 2316; x_wconf 79' lang='lat' dir='ltr'><strong>pontifices</strong></span> <span class='ocrx_word' id='word_1_172' title='bbox 929 2266 939 2300; x_wconf 91' lang='lat'>:</span> <span class='ocrx_word' id='word_1_173' title='bbox 968 2248 1082 2302; x_wconf 86' lang='lat' dir='ltr'><strong>Non</strong></span> <span class='ocrx_word' id='word_1_174' title='bbox 1112 2248 1365 2304; x_wconf 84' lang='lat' dir='ltr'><strong>habemus</strong></span> <span class='ocrx_word' id='word_1_175' title='bbox 1394 2266 1593 2319; x_wconf 76' lang='lat' dir='ltr'><strong>regem,</strong></span> <span class='ocrx_word' id='word_1_176' title='bbox 1616 2254 1717 2307; x_wconf 73' lang='lat' dir='ltr'><strong>nisi</strong></span> <span class='ocrx_word' id='word_1_177' title='bbox 1740 2254 1857 2308; x_wconf 57' lang='lat' dir='ltr'><strong>Cena</strong></span> 
     </span>
    </p>
   </div>
   <div class='ocr_carea' id='block_1_23' title="bbox 268 2338 1857 2411">
    <p class='ocr_par' dir='ltr' id='par_1_23' title="bbox 268 2338 1857 2411">
     <span class='ocr_line' id='line_1_23' title="bbox 268 2338 1857 2411; baseline 0.003 -18"><span class='ocrx_word' id='word_1_178' title='bbox 268 2346 470 2393; x_wconf 88' lang='lat' dir='ltr'><strong>sarem.</strong></span> <span class='ocrx_word' id='word_1_179' title='bbox 491 2338 638 2392; x_wconf 86' lang='lat' dir='ltr'><strong>Tunc.</strong></span> <span class='ocrx_word' id='word_1_180' title='bbox 656 2354 781 2408; x_wconf 80' lang='lat' dir='ltr'><strong>ergo</strong></span> <span class='ocrx_word' id='word_1_181' title='bbox 801 2339 1009 2393; x_wconf 80' lang='lat' dir='ltr'><strong>tradidit</strong></span> <span class='ocrx_word' id='word_1_182' title='bbox 1032 2340 1108 2395; x_wconf 89' lang='lat' dir='ltr'><strong>eis</strong></span> <span class='ocrx_word' id='word_1_183' title='bbox 1132 2340 1277 2393; x_wconf 90' lang='lat' dir='ltr'><strong>illum</strong></span> <span class='ocrx_word' id='word_1_184' title='bbox 1301 2349 1357 2395; x_wconf 88' lang='lat' dir='ltr'><strong>ut</strong></span> <span class='ocrx_word' id='word_1_185' title='bbox 1377 2342 1801 2411; x_wconf 79' lang='lat' dir='ltr'><strong>crucifigeretur:</strong></span> <span class='ocrx_word' id='word_1_186' title='bbox 1828 2362 1857 2398; x_wconf 75' lang='grc' dir='ltr'>ι</span> 
     </span>
    </p>
   </div>
   <div class='ocr_carea' id='block_1_24' title="bbox 268 2426 1851 2505">
    <p class='ocr_par' dir='ltr' id='par_1_24' title="bbox 268 2426 1851 2505">
     <span class='ocr_line' id='line_1_24' title="bbox 268 2426 1851 2505; baseline 0.006 -25"><span class='ocrx_word' id='word_1_187' title='bbox 268 2426 389 2480; x_wconf 73' lang='grc' dir='ltr'><strong>Ιιειιο</strong></span> <span class='ocrx_word' id='word_1_188' title='bbox 420 2428 649 2481; x_wconf 87' lang='lat' dir='ltr'><strong>narravit</strong></span> <span class='ocrx_word' id='word_1_189' title='bbox 676 2428 908 2484; x_wconf 82' lang='lat' dir='ltr'><strong>Joannes</strong></span> <span class='ocrx_word' id='word_1_190' title='bbox 936 2445 1030 2498; x_wconf 85' lang='lat' dir='ltr'><strong>per</strong></span> <span class='ocrx_word' id='word_1_191' title='bbox 1057 2430 1281 2485; x_wconf 87' lang='lat' dir='ltr'><strong>Pilatum</strong></span> <span class='ocrx_word' id='word_1_192' title='bbox 1313 2440 1459 2501; x_wconf 81' lang='lat' dir='ltr'><strong>gesta</strong></span> <span class='ocrx_word' id='word_1_193' title='bbox 1488 2432 1665 2505; x_wconf 82' lang='lat' dir='ltr'><strong>(Joan.</strong></span> <span class='ocrx_word' id='word_1_194' title='bbox 1693 2451 1851 2503; x_wconf 78' lang='lat' dir='ltr'><strong>mis,</strong></span> 
     </span>
    </p>
   </div>
   <div class='ocr_carea' id='block_1_25' title="bbox 266 2515 657 2589">
    <p class='ocr_par' dir='ltr' id='par_1_25' title="bbox 266 2515 657 2589">
     <span class='ocr_line' id='line_1_25' title="bbox 266 2515 657 2589; baseline 0.003 -18"><span class='ocrx_word' id='word_1_195' title='bbox 266 2517 341 2572; x_wconf 74' lang='lat'><strong>28</strong></span> <span class='ocrx_word' id='word_1_196' title='bbox 364 2534 377 2579; x_wconf 90' lang='lat'><strong>;</strong></span> <span class='ocrx_word' id='word_1_197' title='bbox 402 2534 514 2581; x_wconf 81' lang='lat' dir='ltr'><strong>xix,</strong></span> <span class='ocrx_word' id='word_1_198' title='bbox 547 2515 657 2589; x_wconf 81' lang='lat' dir='ltr'><strong>l6).</strong></span> 
     </span>
    </p>
   </div>
   <div class='ocr_carea' id='block_1_26' title="bbox 266 2605 1861 2681">
    <p class='ocr_par' dir='ltr' id='par_1_26' title="bbox 266 2605 1861 2681">
     <span class='ocr_line' id='line_1_26' title="bbox 266 2605 1861 2681; baseline 0.005 -18"><span class='ocrx_word' id='word_1_199' title='bbox 266 2605 499 2664; x_wconf 82' lang='lat' dir='ltr'><strong>CAPUT</strong></span> <span class='ocrx_word' id='word_1_200' title='bbox 564 2608 655 2663; x_wconf 76' lang='lat' dir='ltr'><strong>IX.</strong></span> <span class='ocrx_word' id='word_1_201' title='bbox 696 2638 769 2648; x_wconf 89' lang='lat'>-</span> <span class='ocrx_word' id='word_1_202' title='bbox 817 2608 894 2663; x_wconf 86' lang='lat' dir='ltr'><strong>De</strong></span> <span class='ocrx_word' id='word_1_203' title='bbox 944 2609 1178 2664; x_wconf 83' lang='lat' dir='ltr'><strong>illusione</strong></span> <span class='ocrx_word' id='word_1_204' title='bbox 1222 2628 1322 2681; x_wconf 80' lang='lat' dir='ltr'><strong>qua</strong></span> <span class='ocrx_word' id='word_1_205' title='bbox 1369 2612 1552 2671; x_wconf 77' lang='lat' dir='ltr'><strong>illusus</strong></span> <span class='ocrx_word' id='word_1_206' title='bbox 1596 2625 1669 2669; x_wconf 83' lang='lat' dir='ltr'><strong>est</strong></span> <span class='ocrx_word' id='word_1_207' title='bbox 1707 2632 1740 2668; x_wconf 87' lang='lat' dir='ltr'><strong>a</strong></span> <span class='ocrx_word' id='word_1_208' title='bbox 1772 2634 1861 2671; x_wconf 70' lang='lat' dir='ltr'><strong>eo—</strong></span> 
     </span>
    </p>
   </div>
   <div class='ocr_carea' id='block_1_27' title="bbox 344 2699 1850 2777">
    <p class='ocr_par' dir='ltr' id='par_1_27' title="bbox 344 2699 1850 2777">
     <span class='ocr_line' id='line_1_27' title="bbox 344 2699 1850 2777; baseline 0.007 -25"><span class='ocrx_word' id='word_1_209' title='bbox 344 2700 488 2753; x_wconf 84' lang='lat' dir='ltr'><strong>Itorte</strong></span> <span class='ocrx_word' id='word_1_210' title='bbox 515 2699 671 2753; x_wconf 82' lang='lat' dir='ltr'><strong>Pilati</strong></span> <span class='ocrx_word' id='word_1_211' title='bbox 686 2741 702 2765; x_wconf 91' lang='lat'><strong>,</strong></span> <span class='ocrx_word' id='word_1_212' title='bbox 724 2702 971 2766; x_wconf 82' lang='lat' dir='ltr'><strong>quomodo</strong></span> <span class='ocrx_word' id='word_1_213' title='bbox 1001 2719 1099 2755; x_wconf 90' lang='lat' dir='ltr'><strong>non</strong></span> <span class='ocrx_word' id='word_1_214' title='bbox 1123 2702 1378 2759; x_wconf 76' lang='lat' dir='ltr'><strong>dissonent</strong></span> <span class='ocrx_word' id='word_1_215' title='bbox 1408 2715 1508 2761; x_wconf 76' lang='lat' dir='ltr'><strong>tres</strong></span> <span class='ocrx_word' id='word_1_216' title='bbox 1532 2709 1623 2777; x_wconf 75' lang='lat' dir='ltr'><strong>qui</strong></span> <span class='ocrx_word' id='word_1_217' title='bbox 1642 2708 1738 2762; x_wconf 83' lang='lat' dir='ltr'><strong>Itoc</strong></span> <span class='ocrx_word' id='word_1_218' title='bbox 1765 2711 1850 2764; x_wconf 73' lang='lat' dir='ltr'><strong>di-</strong></span> 
     </span>
    </p>
   </div>
   <div class='ocr_carea' id='block_1_28' title="bbox 344 2789 1398 2853">
    <p class='ocr_par' dir='ltr' id='par_1_28' title="bbox 344 2789 1398 2853">
     <span class='ocr_line' id='line_1_28' title="bbox 344 2789 1398 2853; baseline 0.007 -10"><span class='ocrx_word' id='word_1_219' title='bbox 344 2798 485 2852; x_wconf 87' lang='lat' dir='ltr'><strong>cunt,</strong></span> <span class='ocrx_word' id='word_1_220' title='bbox 514 2789 805 2852; x_wconf 61' lang='lat' dir='ltr'><strong>Matt/meus,</strong></span> <span class='ocrx_word' id='word_1_221' title='bbox 840 2791 1051 2845; x_wconf 81' lang='lat' dir='ltr'><strong>Marcus</strong></span> <span class='ocrx_word' id='word_1_222' title='bbox 1079 2802 1125 2846; x_wconf 88' lang='lat' dir='ltr'><strong>et</strong></span> <span class='ocrx_word' id='word_1_223' title='bbox 1150 2792 1398 2853; x_wconf 77' lang='lat' dir='ltr'><strong>Joannes.</strong></span> 
     </span>
    </p>
   </div>
   <div class='ocr_carea' id='block_1_29' title="bbox 344 2876 1863 2956">
    <p class='ocr_par' dir='ltr' id='par_1_29' title="bbox 344 2876 1863 2956">
     <span class='ocr_line' id='line_1_29' title="bbox 344 2876 1863 2956; baseline 0.011 -24"><span class='ocrx_word' id='word_1_224' title='bbox 344 2876 433 2932; x_wconf 81' lang='lat'><strong>&#39;56.</strong></span> <span class='ocrx_word' id='word_1_225' title='bbox 455 2877 801 2948; x_wconf 91' lang='lat' dir='ltr'><strong>Consequens</strong></span> <span class='ocrx_word' id='word_1_226' title='bbox 818 2892 898 2935; x_wconf 63' lang='lat' dir='ltr'><strong>est</strong></span> <span class='ocrx_word' id='word_1_227' title='bbox 916 2882 1046 2951; x_wconf 91' lang='lat' dir='ltr'><strong>jam,</strong></span> <span class='ocrx_word' id='word_1_228' title='bbox 1063 2895 1119 2936; x_wconf 94' lang='lat' dir='ltr'><strong>ut</strong></span> <span class='ocrx_word' id='word_1_229' title='bbox 1142 2884 1305 2952; x_wconf 91' lang='lat' dir='ltr'><strong>ipsam</strong></span> <span class='ocrx_word' id='word_1_230' title='bbox 1331 2886 1536 2943; x_wconf 82' lang='lat' dir='ltr'><strong>Domini</strong></span> <span class='ocrx_word' id='word_1_231' title='bbox 1556 2891 1863 2956; x_wconf 73' lang='lat' dir='ltr'><strong>passionem,</strong></span> 
     </span>
    </p>
   </div>
   <div class='ocr_carea' id='block_1_30' title="bbox 269 2969 1855 3042">
    <p class='ocr_par' dir='ltr' id='par_1_30' title="bbox 269 2969 1855 3042">
     <span class='ocr_line' id='line_1_30' title="bbox 269 2969 1855 3042; baseline 0.009 -20"><span class='ocrx_word' id='word_1_232' title='bbox 269 2969 570 3026; x_wconf 77' lang='lat' dir='ltr'><strong>secundum</strong></span> <span class='ocrx_word' id='word_1_233' title='bbox 606 2979 834 3039; x_wconf 90' lang='lat' dir='ltr'><strong>quatuor</strong></span> <span class='ocrx_word' id='word_1_234' title='bbox 868 2973 1322 3042; x_wconf 80' lang='lat' dir='ltr'><strong>Evangelistarum</strong></span> <span class='ocrx_word' id='word_1_235' title='bbox 1351 2978 1648 3034; x_wconf 85' lang='lat' dir='ltr'><strong>testimonia</strong></span> <span class='ocrx_word' id='word_1_236' title='bbox 1673 2982 1855 3041; x_wconf 73' lang='lat' dir='ltr'><strong>videa-</strong></span> 
     </span>
    </p>
   </div>
   <div class='ocr_carea' id='block_1_31' title="bbox 270 3061 1856 3141">
    <p class='ocr_par' dir='ltr' id='par_1_31' title="bbox 270 3061 1856 3141">
     <span class='ocr_line' id='line_1_31' title="bbox 270 3061 1856 3141; baseline 0.008 -26"><span class='ocrx_word' id='word_1_237' title='bbox 270 3076 417 3126; x_wconf 90' lang='lat' dir='ltr'><strong>mus,</strong></span> <span class='ocrx_word' id='word_1_238' title='bbox 449 3076 604 3132; x_wconf 91' lang='lat' dir='ltr'><strong>quam</strong></span> <span class='ocrx_word' id='word_1_239' title='bbox 626 3061 900 3118; x_wconf 78' lang='lat' dir='ltr'><strong>Matthzeus</strong></span> <span class='ocrx_word' id='word_1_240' title='bbox 922 3064 1000 3118; x_wconf 89' lang='lat' dir='ltr'><strong>sic</strong></span> <span class='ocrx_word' id='word_1_241' title='bbox 1025 3065 1210 3135; x_wconf 83' lang='lat' dir='ltr'><strong>incipit</strong></span> <span class='ocrx_word' id='word_1_242' title='bbox 1238 3084 1252 3121; x_wconf 89' lang='lat'><strong>:</strong></span> <span class='ocrx_word' id='word_1_243' title='bbox 1286 3084 1304 3116; x_wconf 73' lang='grc' dir='ltr'><strong>ε</strong></span> <span class='ocrx_word' id='word_1_244' title='bbox 1334 3066 1482 3123; x_wconf 89' lang='lat' dir='ltr'><strong>Tunc</strong></span> <span class='ocrx_word' id='word_1_245' title='bbox 1496 3072 1692 3126; x_wconf 84' lang='lat' dir='ltr'><strong>milites</strong></span> <span class='ocrx_word' id='word_1_246' title='bbox 1722 3084 1856 3141; x_wconf 64' lang='lat' dir='ltr'><strong>prse-</strong></span> 
     </span>
    </p>
   </div>
   <div class='ocr_carea' id='block_1_32' title="bbox 269 3152 1858 3234">
    <p class='ocr_par' dir='ltr' id='par_1_32' title="bbox 269 3152 1858 3234">
     <span class='ocr_line' id='line_1_32' title="bbox 269 3152 1858 3234; baseline 0.008 -26"><span class='ocrx_word' id='word_1_247' title='bbox 269 3152 406 3208; x_wconf 88' lang='lat' dir='ltr'><strong>sidis</strong></span> <span class='ocrx_word' id='word_1_248' title='bbox 456 3152 802 3221; x_wconf 84' lang='lat' dir='ltr'><strong>suscipientes</strong></span> <span class='ocrx_word' id='word_1_249' title='bbox 828 3154 1008 3211; x_wconf 86' lang='lat' dir='ltr'><strong>Jcsum</strong></span> <span class='ocrx_word' id='word_1_250' title='bbox 1051 3156 1103 3210; x_wconf 85' lang='lat' dir='ltr'><strong>iu</strong></span> <span class='ocrx_word' id='word_1_251' title='bbox 1152 3160 1478 3226; x_wconf 64' lang='lat' dir='ltr'><strong>praetorium,</strong></span> <span class='ocrx_word' id='word_1_252' title='bbox 1502 3177 1858 3234; x_wconf 75' lang='lat' dir='ltr'><strong>congregave-</strong></span> 
     </span>
    </p>
   </div>
   <div class='ocr_carea' id='block_1_33' title="bbox 270 3243 1851 3324">
    <p class='ocr_par' dir='ltr' id='par_1_33' title="bbox 270 3243 1851 3324">
     <span class='ocr_line' id='line_1_33' title="bbox 270 3243 1851 3324; baseline 0.008 -26"><span class='ocrx_word' id='word_1_253' title='bbox 270 3250 403 3299; x_wconf 83' lang='lat' dir='ltr'><strong>runt</strong></span> <span class='ocrx_word' id='word_1_254' title='bbox 426 3243 489 3297; x_wconf 91' lang='lat' dir='ltr'><strong>ad</strong></span> <span class='ocrx_word' id='word_1_255' title='bbox 520 3258 639 3299; x_wconf 89' lang='lat' dir='ltr'><strong>eum</strong></span> <span class='ocrx_word' id='word_1_256' title='bbox 672 3244 974 3302; x_wconf 74' lang='lat' dir='ltr'><strong>universam</strong></span> <span class='ocrx_word' id='word_1_257' title='bbox 1002 3248 1308 3313; x_wconf 86' lang='lat' dir='ltr'><strong>cohortem;</strong></span> <span class='ocrx_word' id='word_1_258' title='bbox 1340 3261 1395 3304; x_wconf 86' lang='lat' dir='ltr'><strong>et</strong></span> <span class='ocrx_word' id='word_1_259' title='bbox 1427 3267 1680 3313; x_wconf 79' lang='lat' dir='ltr'><strong>exeuntes</strong></span> <span class='ocrx_word' id='word_1_260' title='bbox 1707 3272 1851 3324; x_wconf 81' lang='lat' dir='ltr'><strong>etim,</strong></span> 
     </span>
    </p>
   </div>
   <div class='ocr_carea' id='block_1_34' title="bbox 270 3328 1856 3411">
    <p class='ocr_par' dir='ltr' id='par_1_34' title="bbox 270 3328 1856 3411">
     <span class='ocr_line' id='line_1_34' title="bbox 270 3328 1856 3411; baseline 0.006 -22"><span class='ocrx_word' id='word_1_261' title='bbox 270 3328 608 3403; x_wconf 80' lang='lat' dir='ltr'><strong>chlamydem</strong></span> <span class='ocrx_word' id='word_1_262' title='bbox 638 3335 938 3389; x_wconf 76' lang='lat' dir='ltr'><strong>coccineum</strong></span> <span class='ocrx_word' id='word_1_263' title='bbox 961 3336 1425 3396; x_wconf 88' lang='lat' dir='ltr'><strong>circumdederunt</strong></span> <span class='ocrx_word' id='word_1_264' title='bbox 1442 3343 1522 3406; x_wconf 87' lang='lat' dir='ltr'><strong>ei;</strong></span> <span class='ocrx_word' id='word_1_265' title='bbox 1546 3353 1601 3397; x_wconf 88' lang='lat' dir='ltr'><strong>et</strong></span> <span class='ocrx_word' id='word_1_266' title='bbox 1623 3346 1856 3411; x_wconf 55' lang='lat' dir='ltr'><strong>plectere-</strong></span> 
     </span>
    </p>
   </div>
   <div class='ocr_carea' id='block_1_35' title="bbox 272 3423 1855 3501">
    <p class='ocr_par' dir='ltr' id='par_1_35' title="bbox 272 3423 1855 3501">
     <span class='ocr_line' id='line_1_35' title="bbox 272 3423 1855 3501; baseline 0.008 -23"><span class='ocrx_word' id='word_1_267' title='bbox 272 3431 360 3478; x_wconf 87' lang='lat' dir='ltr'><strong>tes</strong></span> <span class='ocrx_word' id='word_1_268' title='bbox 380 3438 631 3475; x_wconf 83' lang='lat' dir='ltr'><strong>coronam</strong></span> <span class='ocrx_word' id='word_1_269' title='bbox 660 3423 726 3477; x_wconf 90' lang='lat' dir='ltr'><strong>de</strong></span> <span class='ocrx_word' id='word_1_270' title='bbox 752 3423 940 3491; x_wconf 81' lang='lat' dir='ltr'><strong>spinis,</strong></span> <span class='ocrx_word' id='word_1_271' title='bbox 970 3436 1259 3493; x_wconf 88' lang='lat' dir='ltr'><strong>posuerunt</strong></span> <span class='ocrx_word' id='word_1_272' title='bbox 1286 3442 1445 3496; x_wconf 86' lang='lat' dir='ltr'><strong>super</strong></span> <span class='ocrx_word' id='word_1_273' title='bbox 1464 3441 1623 3499; x_wconf 82' lang='lat' dir='ltr'><strong>caput</strong></span> <span class='ocrx_word' id='word_1_274' title='bbox 1642 3434 1778 3501; x_wconf 86' lang='lat' dir='ltr'><strong>ejus,</strong></span> <span class='ocrx_word' id='word_1_275' title='bbox 1800 3445 1855 3491; x_wconf 81' lang='lat' dir='ltr'><strong>et</strong></span> 
     </span>
    </p>
   </div>
   <div class='ocr_carea' id='block_1_36' title="bbox 272 3511 1853 3587">
    <p class='ocr_par' dir='ltr' id='par_1_36' title="bbox 272 3511 1853 3587">
     <span class='ocr_line' id='line_1_36' title="bbox 272 3511 1853 3587; baseline 0.008 -20"><span class='ocrx_word' id='word_1_276' title='bbox 272 3511 587 3567; x_wconf 90' lang='lat' dir='ltr'><strong>arundinem</strong></span> <span class='ocrx_word' id='word_1_277' title='bbox 628 3514 679 3567; x_wconf 89' lang='lat' dir='ltr'><strong>in</strong></span> <span class='ocrx_word' id='word_1_278' title='bbox 726 3512 943 3569; x_wconf 78' lang='lat' dir='ltr'><strong>dextera</strong></span> <span class='ocrx_word' id='word_1_279' title='bbox 985 3514 1100 3585; x_wconf 83' lang='lat' dir='ltr'><strong>ejus</strong></span> <span class='ocrx_word' id='word_1_280' title='bbox 1122 3533 1139 3567; x_wconf 84' lang='lat'><strong>:</strong></span> <span class='ocrx_word' id='word_1_281' title='bbox 1161 3525 1214 3571; x_wconf 90' lang='lat' dir='ltr'><strong>et</strong></span> <span class='ocrx_word' id='word_1_282' title='bbox 1240 3532 1377 3587; x_wconf 78' lang='lat' dir='ltr'><strong>genu</strong></span> <span class='ocrx_word' id='word_1_283' title='bbox 1406 3519 1545 3575; x_wconf 83' lang='lat' dir='ltr'><strong>ﬂexo</strong></span> <span class='ocrx_word' id='word_1_284' title='bbox 1568 3532 1693 3577; x_wconf 82' lang='lat' dir='ltr'><strong>ante</strong></span> <span class='ocrx_word' id='word_1_285' title='bbox 1730 3540 1853 3580; x_wconf 85' lang='lat' dir='ltr'><strong>eum</strong></span> 
     </span>
    </p>
   </div>
   <div class='ocr_carea' id='block_1_37' title="bbox 272 3602 1852 3681">
    <p class='ocr_par' dir='ltr' id='par_1_37' title="bbox 272 3602 1852 3681">
     <span class='ocr_line' id='line_1_37' title="bbox 272 3602 1852 3681; baseline 0.008 -24"><span class='ocrx_word' id='word_1_286' title='bbox 272 3602 596 3667; x_wconf 80' lang='lat' dir='ltr'><strong>illudehant,</strong></span> <span class='ocrx_word' id='word_1_287' title='bbox 620 3602 857 3657; x_wconf 88' lang='lat' dir='ltr'><strong>dicentes</strong></span> <span class='ocrx_word' id='word_1_288' title='bbox 896 3620 907 3655; x_wconf 93' lang='lat'>:</span> <span class='ocrx_word' id='word_1_289' title='bbox 943 3604 1083 3667; x_wconf 82' lang='lat' dir='ltr'><strong>Ave,</strong></span> <span class='ocrx_word' id='word_1_290' title='bbox 1128 3622 1218 3661; x_wconf 86' lang='lat' dir='ltr'><strong>rex</strong></span> <span class='ocrx_word' id='word_1_291' title='bbox 1252 3606 1553 3664; x_wconf 77' lang='lat' dir='ltr'><strong>Judzeorum</strong></span> <span class='ocrx_word' id='word_1_292' title='bbox 1582 3631 1599 3665; x_wconf 77' lang='grc' dir='ltr'>ι</span> <span class='ocrx_word' id='word_1_293' title='bbox 1628 3613 1852 3681; x_wconf 72' lang='lat' dir='ltr'><strong>(Matth.</strong></span> 
     </span>
    </p>
   </div>
   <div class='ocr_carea' id='block_1_38' title="bbox 273 3692 1854 3762">
    <p class='ocr_par' dir='ltr' id='par_1_38' title="bbox 273 3692 1854 3762">
     <span class='ocr_line' id='line_1_38' title="bbox 273 3692 1854 3762; baseline 0.009 -15"><span class='ocrx_word' id='word_1_294' title='bbox 273 3708 441 3757; x_wconf 82' lang='lat' dir='ltr'><strong>xxvu,</strong></span> <span class='ocrx_word' id='word_1_295' title='bbox 471 3692 681 3762; x_wconf 73' lang='grc'><strong>27-51).</strong></span> <span class='ocrx_word' id='word_1_296' title='bbox 718 3694 828 3748; x_wconf 85' lang='lat' dir='ltr'><strong>iloc</strong></span> <span class='ocrx_word' id='word_1_297' title='bbox 866 3695 1070 3751; x_wconf 78' lang='lat' dir='ltr'><strong>Marcus</strong></span> <span class='ocrx_word' id='word_1_298' title='bbox 1100 3696 1150 3749; x_wconf 92' lang='lat' dir='ltr'><strong>in</strong></span> <span class='ocrx_word' id='word_1_299' title='bbox 1177 3698 1366 3753; x_wconf 90' lang='lat' dir='ltr'><strong>eodem</strong></span> <span class='ocrx_word' id='word_1_300' title='bbox 1400 3701 1514 3755; x_wconf 86' lang='lat' dir='ltr'><strong>loco</strong></span> <span class='ocrx_word' id='word_1_301' title='bbox 1538 3707 1854 3762; x_wconf 84' lang='lat' dir='ltr'><strong>narrationis</strong></span> 
     </span>
    </p>
   </div>
   <div class='ocr_carea' id='block_1_39' title="bbox 274 3782 1851 3851">
    <p class='ocr_par' dir='ltr' id='par_1_39' title="bbox 274 3782 1851 3851">
     <span class='ocr_line' id='line_1_39' title="bbox 274 3782 1851 3851; baseline 0.01 -15"><span class='ocrx_word' id='word_1_302' title='bbox 274 3782 347 3837; x_wconf 90' lang='lat' dir='ltr'><strong>ita</strong></span> <span class='ocrx_word' id='word_1_303' title='bbox 367 3782 485 3836; x_wconf 89' lang='lat' dir='ltr'><strong>dicit</strong></span> <span class='ocrx_word' id='word_1_304' title='bbox 516 3802 527 3836; x_wconf 88' lang='lat'><strong>:</strong></span> <span class='ocrx_word' id='word_1_305' title='bbox 559 3803 575 3833; x_wconf 73' lang='grc' dir='ltr'><strong>ε</strong></span> <span class='ocrx_word' id='word_1_306' title='bbox 609 3783 797 3838; x_wconf 81' lang='lat' dir='ltr'><strong>Milites</strong></span> <span class='ocrx_word' id='word_1_307' title='bbox 815 3792 988 3840; x_wconf 90' lang='lat' dir='ltr'><strong>autem</strong></span> <span class='ocrx_word' id='word_1_308' title='bbox 1012 3786 1276 3844; x_wconf 82' lang='lat' dir='ltr'><strong>duxerunt</strong></span> <span class='ocrx_word' id='word_1_309' title='bbox 1295 3806 1413 3844; x_wconf 91' lang='lat' dir='ltr'><strong>eum</strong></span> <span class='ocrx_word' id='word_1_310' title='bbox 1434 3792 1571 3847; x_wconf 90' lang='lat' dir='ltr'><strong>intro</strong></span> <span class='ocrx_word' id='word_1_311' title='bbox 1589 3795 1641 3847; x_wconf 90' lang='lat' dir='ltr'><strong>in</strong></span> <span class='ocrx_word' id='word_1_312' title='bbox 1660 3799 1851 3851; x_wconf 85' lang='lat' dir='ltr'><strong>atrium</strong></span> 
     </span>
    </p>
   </div>
   <div class='ocr_carea' id='block_1_40' title="bbox 276 3873 1854 3945">
    <p class='ocr_par' dir='ltr' id='par_1_40' title="bbox 276 3873 1854 3945">
     <span class='ocr_line' id='line_1_40' title="bbox 276 3873 1854 3945; baseline 0.011 -21"><span class='ocrx_word' id='word_1_313' title='bbox 276 3873 531 3941; x_wconf 61' lang='lat' dir='ltr'><strong>praetorii,</strong></span> <span class='ocrx_word' id='word_1_314' title='bbox 563 3882 616 3927; x_wconf 90' lang='lat' dir='ltr'><strong>et</strong></span> <span class='ocrx_word' id='word_1_315' title='bbox 653 3884 947 3928; x_wconf 87' lang='lat' dir='ltr'><strong>convocaut</strong></span> <span class='ocrx_word' id='word_1_316' title='bbox 992 3886 1154 3931; x_wconf 84' lang='lat' dir='ltr'><strong>tatam</strong></span> <span class='ocrx_word' id='word_1_317' title='bbox 1191 3879 1499 3945; x_wconf 87' lang='lat' dir='ltr'><strong>cohortem;</strong></span> <span class='ocrx_word' id='word_1_318' title='bbox 1530 3891 1585 3937; x_wconf 94' lang='lat' dir='ltr'><strong>et</strong></span> <span class='ocrx_word' id='word_1_319' title='bbox 1631 3886 1854 3941; x_wconf 89' lang='lat' dir='ltr'><strong>induunt</strong></span> 
     </span>
    </p>
   </div>
   <div class='ocr_carea' id='block_1_41' title="bbox 275 3968 1850 4044">
    <p class='ocr_par' dir='ltr' id='par_1_41' title="bbox 275 3968 1850 4044">
     <span class='ocr_line' id='line_1_41' title="bbox 275 3968 1850 4044; baseline 0.008 -25"><span class='ocrx_word' id='word_1_320' title='bbox 275 3979 397 4020; x_wconf 91' lang='lat' dir='ltr'><strong>eum</strong></span> <span class='ocrx_word' id='word_1_321' title='bbox 423 3982 728 4035; x_wconf 85' lang='lat' dir='ltr'><strong>purpuram.</strong></span> <span class='ocrx_word' id='word_1_322' title='bbox 747 3978 801 4021; x_wconf 92' lang='lat' dir='ltr'><strong>et</strong></span> <span class='ocrx_word' id='word_1_323' title='bbox 826 3968 1099 4037; x_wconf 87' lang='lat' dir='ltr'><strong>imponunt</strong></span> <span class='ocrx_word' id='word_1_324' title='bbox 1120 3970 1167 4024; x_wconf 93' lang='lat' dir='ltr'><strong>ei</strong></span> <span class='ocrx_word' id='word_1_325' title='bbox 1187 3970 1478 4039; x_wconf 86' lang='lat' dir='ltr'><strong>plectentes</strong></span> <span class='ocrx_word' id='word_1_326' title='bbox 1501 3976 1735 4044; x_wconf 86' lang='lat' dir='ltr'><strong>spineam</strong></span> <span class='ocrx_word' id='word_1_327' title='bbox 1756 3995 1850 4035; x_wconf 79' lang='lat' dir='ltr'><strong>co-</strong></span> 
     </span>
    </p>
   </div>
   <div class='ocr_carea' id='block_1_42' title="bbox 273 4060 1851 4129">
    <p class='ocr_par' dir='ltr' id='par_1_42' title="bbox 273 4060 1851 4129">
     <span class='ocr_line' id='line_1_42' title="bbox 273 4060 1851 4129; baseline 0.008 -19"><span class='ocrx_word' id='word_1_328' title='bbox 273 4071 462 4110; x_wconf 85' lang='lat' dir='ltr'><strong>ronam</strong></span> <span class='ocrx_word' id='word_1_329' title='bbox 494 4074 507 4110; x_wconf 91' lang='lat'>:</span> <span class='ocrx_word' id='word_1_330' title='bbox 533 4066 585 4112; x_wconf 88' lang='lat' dir='ltr'><strong>et</strong></span> <span class='ocrx_word' id='word_1_331' title='bbox 624 4068 899 4129; x_wconf 76' lang='lat' dir='ltr'><strong>cmperunt</strong></span> <span class='ocrx_word' id='word_1_332' title='bbox 930 4060 1159 4114; x_wconf 89' lang='lat' dir='ltr'><strong>salutare</strong></span> <span class='ocrx_word' id='word_1_333' title='bbox 1187 4076 1328 4127; x_wconf 89' lang='lat' dir='ltr'><strong>eum,</strong></span> <span class='ocrx_word' id='word_1_334' title='bbox 1355 4064 1485 4129; x_wconf 81' lang='lat' dir='ltr'><strong>Ave,</strong></span> <span class='ocrx_word' id='word_1_335' title='bbox 1520 4081 1609 4120; x_wconf 82' lang='lat' dir='ltr'><strong>rex</strong></span> <span class='ocrx_word' id='word_1_336' title='bbox 1637 4066 1851 4123; x_wconf 68' lang='lat' dir='ltr'><strong>JUdiRO-</strong></span> 
     </span>
    </p>
   </div>
   <div class='ocr_carea' id='block_1_43' title="bbox 276 4151 1853 4219">
    <p class='ocr_par' dir='ltr' id='par_1_43' title="bbox 276 4151 1853 4219">
     <span class='ocr_line' id='line_1_43' title="bbox 276 4151 1853 4219; baseline 0.003 -17"><span class='ocrx_word' id='word_1_337' title='bbox 276 4164 395 4203; x_wconf 90' lang='lat' dir='ltr'><strong>rum</strong></span> <span class='ocrx_word' id='word_1_338' title='bbox 422 4159 505 4202; x_wconf 91' lang='lat' dir='ltr'><strong>:et</strong></span> <span class='ocrx_word' id='word_1_339' title='bbox 537 4151 901 4217; x_wconf 85' lang='lat' dir='ltr'><strong>percutiebant</strong></span> <span class='ocrx_word' id='word_1_340' title='bbox 942 4159 1099 4219; x_wconf 88' lang='lat' dir='ltr'><strong>caput</strong></span> <span class='ocrx_word' id='word_1_341' title='bbox 1144 4152 1260 4219; x_wconf 87' lang='lat' dir='ltr'><strong>ejus</strong></span> <span class='ocrx_word' id='word_1_342' title='bbox 1303 4154 1578 4219; x_wconf 89' lang='lat' dir='ltr'><strong>arundine,</strong></span> <span class='ocrx_word' id='word_1_343' title='bbox 1618 4167 1673 4211; x_wconf 89' lang='lat' dir='ltr'><strong>et</strong></span> <span class='ocrx_word' id='word_1_344' title='bbox 1718 4173 1853 4213; x_wconf 68' lang='lat' dir='ltr'><strong>con.</strong></span> 
     </span>
    </p>
   </div>
   <div class='ocr_carea' id='block_1_44' title="bbox 276 4237 1846 4309">
    <p class='ocr_par' dir='ltr' id='par_1_44' title="bbox 276 4237 1846 4309">
     <span class='ocr_line' id='line_1_44' title="bbox 276 4237 1846 4309; baseline 0.008 -18"><span class='ocrx_word' id='word_1_345' title='bbox 276 4237 537 4307; x_wconf 76' lang='lat' dir='ltr'><strong>Spuebant</strong></span> <span class='ocrx_word' id='word_1_346' title='bbox 574 4254 729 4301; x_wconf 86' lang='lat' dir='ltr'><strong>cum;</strong></span> <span class='ocrx_word' id='word_1_347' title='bbox 771 4248 825 4294; x_wconf 89' lang='lat' dir='ltr'><strong>et</strong></span> <span class='ocrx_word' id='word_1_348' title='bbox 870 4249 1125 4307; x_wconf 86' lang='lat' dir='ltr'><strong>ponentes</strong></span> <span class='ocrx_word' id='word_1_349' title='bbox 1165 4256 1357 4309; x_wconf 82' lang='lat' dir='ltr'><strong>genua,</strong></span> <span class='ocrx_word' id='word_1_350' title='bbox 1385 4244 1846 4303; x_wconf 75' lang='lat' dir='ltr'><strong>adorabanteums</strong></span> 
     </span>
    </p>
   </div>
   <div class='ocr_carea' id='block_1_45' title="bbox 277 4327 1854 4403">
    <p class='ocr_par' dir='ltr' id='par_1_45' title="bbox 277 4327 1854 4403">
     <span class='ocr_line' id='line_1_45' title="bbox 277 4327 1854 4403; baseline 0.008 -21"><span class='ocrx_word' id='word_1_351' title='bbox 277 4327 467 4402; x_wconf 80' lang='lat' dir='ltr'><strong>(Marc.</strong></span> <span class='ocrx_word' id='word_1_352' title='bbox 498 4345 582 4394; x_wconf 87' lang='lat' dir='ltr'><strong>xv,</strong></span> <span class='ocrx_word' id='word_1_353' title='bbox 620 4330 819 4400; x_wconf 75' lang='lat' dir='ltr'><strong>lli-‘20).</strong></span> <span class='ocrx_word' id='word_1_354' title='bbox 851 4329 1160 4400; x_wconf 83' lang='lat' dir='ltr'><strong>lntelligitur</strong></span> <span class='ocrx_word' id='word_1_355' title='bbox 1203 4332 1379 4402; x_wconf 89' lang='lat' dir='ltr'><strong>itaque</strong></span> <span class='ocrx_word' id='word_1_356' title='bbox 1413 4334 1553 4403; x_wconf 90' lang='lat' dir='ltr'><strong>quod</strong></span> <span class='ocrx_word' id='word_1_357' title='bbox 1580 4336 1854 4395; x_wconf 65' lang='lat' dir='ltr'><strong>blatthzeus</strong></span> 
     </span>
    </p>
   </div>
   <div class='ocr_carea' id='block_1_46' title="bbox 276 4418 1853 4494">
    <p class='ocr_par' dir='ltr' id='par_1_46' title="bbox 276 4418 1853 4494">
     <span class='ocr_line' id='line_1_46' title="bbox 276 4418 1853 4494; baseline 0.01 -21"><span class='ocrx_word' id='word_1_358' title='bbox 276 4419 371 4485; x_wconf 84' lang='lat' dir='ltr'><strong>ait,</strong></span> <span class='ocrx_word' id='word_1_359' title='bbox 397 4438 415 4470; x_wconf 71' lang='grc' dir='ltr'>ι</span> <span class='ocrx_word' id='word_1_360' title='bbox 436 4418 779 4492; x_wconf 84' lang='lat' dir='ltr'><strong>Chlamydem</strong></span> <span class='ocrx_word' id='word_1_361' title='bbox 803 4423 1101 4477; x_wconf 90' lang='lat' dir='ltr'><strong>coccineam</strong></span> <span class='ocrx_word' id='word_1_362' title='bbox 1123 4424 1586 4483; x_wconf 86' lang='lat' dir='ltr'><strong>circumdederunt</strong></span> <span class='ocrx_word' id='word_1_363' title='bbox 1605 4429 1677 4494; x_wconf 87' lang='lat' dir='ltr'><strong>ei,</strong></span> <span class='ocrx_word' id='word_1_364' title='bbox 1701 4449 1721 4483; x_wconf 73' lang='grc' dir='ltr'><strong><em>ι</em></strong></span> <span class='ocrx_word' id='word_1_365' title='bbox 1749 4431 1853 4489; x_wconf 78' lang='lat' dir='ltr'><strong>hoc</strong></span> 
     </span>
    </p>
   </div>
   <div class='ocr_carea' id='block_1_47' title="bbox 276 4509 1849 4588">
    <p class='ocr_par' dir='ltr' id='par_1_47' title="bbox 276 4509 1849 4588">
     <span class='ocr_line' id='line_1_47' title="bbox 276 4509 1849 4588; baseline 0.008 -25"><span class='ocrx_word' id='word_1_366' title='bbox 276 4509 507 4564; x_wconf 79' lang='lat' dir='ltr'><strong>Marcum</strong></span> <span class='ocrx_word' id='word_1_367' title='bbox 536 4510 750 4575; x_wconf 59' lang='lat' dir='ltr'><strong>divisse,</strong></span> <span class='ocrx_word' id='word_1_368' title='bbox 781 4513 1018 4566; x_wconf 90' lang='lat' dir='ltr'><strong>indutum</strong></span> <span class='ocrx_word' id='word_1_369' title='bbox 1044 4530 1347 4582; x_wconf 87' lang='lat' dir='ltr'><strong>purpuram.</strong></span> <span class='ocrx_word' id='word_1_370' title='bbox 1382 4516 1485 4570; x_wconf 88' lang='lat' dir='ltr'><strong>Pro</strong></span> <span class='ocrx_word' id='word_1_371' title='bbox 1524 4520 1665 4588; x_wconf 77' lang='lat' dir='ltr'><strong>regia</strong></span> <span class='ocrx_word' id='word_1_372' title='bbox 1706 4523 1849 4575; x_wconf 85' lang='lat' dir='ltr'><strong>enim</strong></span> 
     </span>
    </p>
   </div>
   <div class='ocr_carea' id='block_1_48' title="bbox 278 4602 1849 4673">
    <p class='ocr_par' dir='ltr' id='par_1_48' title="bbox 278 4602 1849 4673">
     <span class='ocr_line' id='line_1_48' title="bbox 278 4602 1849 4673; baseline 0.008 -20"><span class='ocrx_word' id='word_1_373' title='bbox 278 4616 531 4670; x_wconf 87' lang='lat' dir='ltr'><strong>purpura,</strong></span> <span class='ocrx_word' id='word_1_374' title='bbox 565 4602 803 4673; x_wconf 78' lang='lat' dir='ltr'><strong>chlamys</strong></span> <span class='ocrx_word' id='word_1_375' title='bbox 844 4604 926 4658; x_wconf 84' lang='lat' dir='ltr'><strong>illa</strong></span> <span class='ocrx_word' id='word_1_376' title='bbox 968 4605 1213 4660; x_wconf 86' lang='lat' dir='ltr'><strong>eoccinea</strong></span> <span class='ocrx_word' id='word_1_377' title='bbox 1242 4604 1309 4659; x_wconf 89' lang='lat' dir='ltr'><strong>ab</strong></span> <span class='ocrx_word' id='word_1_378' title='bbox 1334 4606 1672 4665; x_wconf 85' lang='lat' dir='ltr'><strong>illudeutibus</strong></span> <span class='ocrx_word' id='word_1_379' title='bbox 1696 4612 1849 4665; x_wconf 86' lang='lat' dir='ltr'><strong>adhi-</strong></span> 
     </span>
    </p>
   </div>
   <div class='ocr_carea' id='block_1_49' title="bbox 276 4690 1849 4766">
    <p class='ocr_par' dir='ltr' id='par_1_49' title="bbox 276 4690 1849 4766">
     <span class='ocr_line' id='line_1_49' title="bbox 276 4690 1849 4766; baseline 0.008 -21"><span class='ocrx_word' id='word_1_380' title='bbox 276 4690 385 4746; x_wconf 91' lang='lat' dir='ltr'><strong>bita</strong></span> <span class='ocrx_word' id='word_1_381' title='bbox 417 4703 527 4745; x_wconf 89' lang='lat' dir='ltr'><strong>erat</strong></span> <span class='ocrx_word' id='word_1_382' title='bbox 548 4712 559 4745; x_wconf 79' lang='lat' dir='ltr'><em>z</em></span> <span class='ocrx_word' id='word_1_383' title='bbox 580 4701 633 4747; x_wconf 92' lang='lat' dir='ltr'><strong>et</strong></span> <span class='ocrx_word' id='word_1_384' title='bbox 661 4702 744 4749; x_wconf 77' lang='lat' dir='ltr'><strong>est</strong></span> <span class='ocrx_word' id='word_1_385' title='bbox 769 4695 925 4749; x_wconf 90' lang='lat' dir='ltr'><strong>rubra</strong></span> <span class='ocrx_word' id='word_1_386' title='bbox 953 4696 1192 4765; x_wconf 57' lang='lat' dir='ltr'><strong>quaedam</strong></span> <span class='ocrx_word' id='word_1_387' title='bbox 1224 4714 1448 4766; x_wconf 87' lang='lat' dir='ltr'><strong>purpura</strong></span> <span class='ocrx_word' id='word_1_388' title='bbox 1484 4715 1643 4757; x_wconf 84' lang='lat' dir='ltr'><strong>cocco</strong></span> <span class='ocrx_word' id='word_1_389' title='bbox 1681 4704 1849 4759; x_wconf 80' lang='lat' dir='ltr'><strong>simil-</strong></span> 
     </span>
    </p>
   </div>
   <div class='ocr_carea' id='block_1_50' title="bbox 279 4781 1851 4857">
    <p class='ocr_par' dir='ltr' id='par_1_50' title="bbox 279 4781 1851 4857">
     <span class='ocr_line' id='line_1_50' title="bbox 279 4781 1851 4857; baseline 0.008 -22"><span class='ocrx_word' id='word_1_390' title='bbox 279 4781 426 4837; x_wconf 90' lang='lat' dir='ltr'><strong>lima.</strong></span> <span class='ocrx_word' id='word_1_391' title='bbox 451 4782 629 4836; x_wconf 88' lang='lat' dir='ltr'><strong>Potest</strong></span> <span class='ocrx_word' id='word_1_392' title='bbox 659 4785 815 4837; x_wconf 91' lang='lat' dir='ltr'><strong>etiam</strong></span> <span class='ocrx_word' id='word_1_393' title='bbox 857 4784 993 4851; x_wconf 76' lang='lat' dir='ltr'><strong>fieri,</strong></span> <span class='ocrx_word' id='word_1_394' title='bbox 1032 4794 1088 4839; x_wconf 95' lang='lat' dir='ltr'><strong>ut</strong></span> <span class='ocrx_word' id='word_1_395' title='bbox 1129 4803 1411 4857; x_wconf 87' lang='lat' dir='ltr'><strong>purpuram</strong></span> <span class='ocrx_word' id='word_1_396' title='bbox 1456 4791 1615 4846; x_wconf 88' lang='lat' dir='ltr'><strong>etiam</strong></span> <span class='ocrx_word' id='word_1_397' title='bbox 1646 4791 1851 4848; x_wconf 82' lang='lat' dir='ltr'><strong>Marcus</strong></span> 
     </span>
    </p>
   </div>
   <div class='ocr_carea' id='block_1_51' title="bbox 278 4876 1854 4951">
    <p class='ocr_par' dir='ltr' id='par_1_51' title="bbox 278 4876 1854 4951">
     <span class='ocr_line' id='line_1_51' title="bbox 278 4876 1854 4951; baseline 0.007 -23"><span class='ocrx_word' id='word_1_398' title='bbox 278 4877 793 4937; x_wconf 87' lang='lat' dir='ltr'><strong>commemoraverit,</strong></span> <span class='ocrx_word' id='word_1_399' title='bbox 836 4892 991 4944; x_wconf 90' lang='lat' dir='ltr'><strong>quam</strong></span> <span class='ocrx_word' id='word_1_400' title='bbox 1041 4876 1277 4948; x_wconf 81' lang='lat' dir='ltr'><strong>chlamys</strong></span> <span class='ocrx_word' id='word_1_401' title='bbox 1320 4878 1567 4945; x_wconf 82' lang='lat' dir='ltr'><strong>habebat,</strong></span> <span class='ocrx_word' id='word_1_402' title='bbox 1613 4885 1854 4951; x_wconf 85' lang='lat' dir='ltr'><strong>quamvis</strong></span> 
     </span>
    </p>
   </div>
   <div class='ocr_carea' id='block_1_52' title="bbox 278 4965 1849 5036">
    <p class='ocr_par' dir='ltr' id='par_1_52' title="bbox 278 4965 1849 5036">
     <span class='ocr_line' id='line_1_52' title="bbox 278 4965 1849 5036; baseline 0.006 -17"><span class='ocrx_word' id='word_1_403' title='bbox 278 4976 421 5019; x_wconf 87' lang='lat' dir='ltr'><strong>esset</strong></span> <span class='ocrx_word' id='word_1_404' title='bbox 460 4965 725 5019; x_wconf 86' lang='lat' dir='ltr'><strong>coccinea.</strong></span> <span class='ocrx_word' id='word_1_405' title='bbox 756 4965 927 5021; x_wconf 88' lang='lat' dir='ltr'><strong>Lucas</strong></span> <span class='ocrx_word' id='word_1_406' title='bbox 974 4966 1075 5021; x_wconf 91' lang='lat' dir='ltr'><strong>hoc</strong></span> <span class='ocrx_word' id='word_1_407' title='bbox 1116 4970 1468 5036; x_wconf 76' lang='lat' dir='ltr'><strong>praetermisit.</strong></span> <span class='ocrx_word' id='word_1_408' title='bbox 1491 4970 1719 5029; x_wconf 87' lang='lat' dir='ltr'><strong>Joannes</strong></span> <span class='ocrx_word' id='word_1_409' title='bbox 1756 4990 1849 5029; x_wconf 87' lang='lat' dir='ltr'><strong>au—</strong></span> 
     </span>
    </p>
   </div>
   <div class='ocr_carea' id='block_1_53' title="bbox 279 5055 1848 5130">
    <p class='ocr_par' dir='ltr' id='par_1_53' title="bbox 279 5055 1848 5130">
     <span class='ocr_line' id='line_1_53' title="bbox 279 5055 1848 5130; baseline 0.006 -22"><span class='ocrx_word' id='word_1_410' title='bbox 279 5062 386 5109; x_wconf 91' lang='lat' dir='ltr'><strong>tem</strong></span> <span class='ocrx_word' id='word_1_411' title='bbox 410 5062 691 5123; x_wconf 89' lang='lat' dir='ltr'><strong>antequam</strong></span> <span class='ocrx_word' id='word_1_412' title='bbox 730 5055 930 5110; x_wconf 91' lang='lat' dir='ltr'><strong>diceret</strong></span> <span class='ocrx_word' id='word_1_413' title='bbox 966 5057 1107 5125; x_wconf 90' lang='lat' dir='ltr'><strong>quod</strong></span> <span class='ocrx_word' id='word_1_414' title='bbox 1153 5074 1273 5111; x_wconf 90' lang='lat' dir='ltr'><strong>eum</strong></span> <span class='ocrx_word' id='word_1_415' title='bbox 1309 5059 1509 5114; x_wconf 86' lang='lat' dir='ltr'><strong>Pilatus</strong></span> <span class='ocrx_word' id='word_1_416' title='bbox 1536 5062 1848 5130; x_wconf 72' lang='lat' dir='ltr'><strong>crucifigen-</strong></span> 
     </span>
    </p>
   </div>
   <div class='ocr_carea' id='block_1_54' title="bbox 278 5146 1852 5215">
    <p class='ocr_par' dir='ltr' id='par_1_54' title="bbox 278 5146 1852 5215">
     <span class='ocr_line' id='line_1_54' title="bbox 278 5146 1852 5215; baseline 0.004 -13"><span class='ocrx_word' id='word_1_417' title='bbox 278 5147 404 5202; x_wconf 89' lang='lat' dir='ltr'><strong>dum</strong></span> <span class='ocrx_word' id='word_1_418' title='bbox 454 5146 745 5213; x_wconf 87' lang='lat' dir='ltr'><strong>tradiderit,</strong></span> <span class='ocrx_word' id='word_1_419' title='bbox 788 5151 1221 5203; x_wconf 73' lang='lat' dir='ltr'><strong>commemoravit</strong></span> <span class='ocrx_word' id='word_1_420' title='bbox 1264 5150 1363 5204; x_wconf 89' lang='lat' dir='ltr'><strong>hoc</strong></span> <span class='ocrx_word' id='word_1_421' title='bbox 1406 5151 1619 5206; x_wconf 88' lang='lat' dir='ltr'><strong>dicens:</strong></span> <span class='ocrx_word' id='word_1_422' title='bbox 1649 5172 1670 5205; x_wconf 74' lang='grc' dir='ltr'>ι</span> <span class='ocrx_word' id='word_1_423' title='bbox 1706 5154 1852 5215; x_wconf 82' lang='lat' dir='ltr'><strong>&#39;l&#39;une</strong></span> 
     </span>
    </p>
   </div>
   <div class='ocr_carea' id='block_1_55' title="bbox 279 5236 1851 5311">
    <p class='ocr_par' dir='ltr' id='par_1_55' title="bbox 279 5236 1851 5311">
     <span class='ocr_line' id='line_1_55' title="bbox 279 5236 1851 5311; baseline 0.004 -18"><span class='ocrx_word' id='word_1_424' title='bbox 279 5251 405 5310; x_wconf 81' lang='lat' dir='ltr'><strong>ergo</strong></span> <span class='ocrx_word' id='word_1_425' title='bbox 417 5236 765 5309; x_wconf 87' lang='lat' dir='ltr'><strong>apprehendit</strong></span> <span class='ocrx_word' id='word_1_426' title='bbox 780 5238 975 5293; x_wconf 89' lang='lat' dir='ltr'><strong>Pilatus</strong></span> <span class='ocrx_word' id='word_1_427' title='bbox 995 5240 1171 5294; x_wconf 85' lang='lat' dir='ltr'><strong>Jesum</strong></span> <span class='ocrx_word' id='word_1_428' title='bbox 1191 5249 1242 5294; x_wconf 91' lang='lat' dir='ltr'><strong>et</strong></span> <span class='ocrx_word' id='word_1_429' title='bbox 1260 5239 1558 5311; x_wconf 79' lang='lat' dir='ltr'><strong>ﬂagellavit,</strong></span> <span class='ocrx_word' id='word_1_430' title='bbox 1579 5242 1851 5299; x_wconf 87' lang='lat' dir='ltr'><strong>Etmilites</strong></span> 
     </span>
    </p>
   </div>
   <div class='ocr_carea' id='block_1_56' title="bbox 280 5329 1845 5403">
    <p class='ocr_par' dir='ltr' id='par_1_56' title="bbox 280 5329 1845 5403">
     <span class='ocr_line' id='line_1_56' title="bbox 280 5329 1845 5403; baseline 0.006 -20"><span class='ocrx_word' id='word_1_431' title='bbox 280 5329 569 5398; x_wconf 87' lang='lat' dir='ltr'><strong>plectentcs</strong></span> <span class='ocrx_word' id='word_1_432' title='bbox 595 5346 845 5386; x_wconf 89' lang='lat' dir='ltr'><strong>coronam</strong></span> <span class='ocrx_word' id='word_1_433' title='bbox 864 5332 931 5387; x_wconf 92' lang='lat' dir='ltr'><strong>de</strong></span> <span class='ocrx_word' id='word_1_434' title='bbox 950 5333 1135 5402; x_wconf 90' lang='lat' dir='ltr'><strong>spinis,</strong></span> <span class='ocrx_word' id='word_1_435' title='bbox 1156 5332 1521 5402; x_wconf 86' lang='lat' dir='ltr'><strong>imposuerunt</strong></span> <span class='ocrx_word' id='word_1_436' title='bbox 1540 5335 1694 5403; x_wconf 86' lang='lat' dir='ltr'><strong>capiti</strong></span> <span class='ocrx_word' id='word_1_437' title='bbox 1712 5336 1845 5403; x_wconf 75' lang='lat' dir='ltr'><strong>ejus,</strong></span> 
     </span>
    </p>
   </div>
   <div class='ocr_carea' id='block_1_57' title="bbox 280 5420 1849 5491">
    <p class='ocr_par' dir='ltr' id='par_1_57' title="bbox 280 5420 1849 5491">
     <span class='ocr_line' id='line_1_57' title="bbox 280 5420 1849 5491; baseline 0.004 -16"><span class='ocrx_word' id='word_1_438' title='bbox 280 5426 336 5475; x_wconf 88' lang='lat' dir='ltr'><strong>et</strong></span> <span class='ocrx_word' id='word_1_439' title='bbox 361 5429 505 5477; x_wconf 82' lang='lat' dir='ltr'><strong>veste</strong></span> <span class='ocrx_word' id='word_1_440' title='bbox 533 5437 791 5491; x_wconf 86' lang='lat' dir='ltr'><strong>purpurea</strong></span> <span class='ocrx_word' id='word_1_441' title='bbox 819 5420 1283 5479; x_wconf 88' lang='lat' dir='ltr'><strong>circumdederunt</strong></span> <span class='ocrx_word' id='word_1_442' title='bbox 1307 5440 1428 5477; x_wconf 90' lang='lat' dir='ltr'><strong>eum</strong></span> <span class='ocrx_word' id='word_1_443' title='bbox 1454 5442 1466 5476; x_wconf 89' lang='lat'><strong>:</strong></span> <span class='ocrx_word' id='word_1_444' title='bbox 1491 5434 1546 5478; x_wconf 90' lang='lat' dir='ltr'><strong>et</strong></span> <span class='ocrx_word' id='word_1_445' title='bbox 1568 5425 1849 5481; x_wconf 81' lang='lat' dir='ltr'><strong>veniebant</strong></span> 
     </span>
    </p>
   </div>
   <div class='ocr_carea' id='block_1_58' title="bbox 280 5510 1848 5583">
    <p class='ocr_par' dir='ltr' id='par_1_58' title="bbox 280 5510 1848 5583">
     <span class='ocr_line' id='line_1_58' title="bbox 280 5510 1848 5583; baseline 0.006 -18"><span class='ocrx_word' id='word_1_446' title='bbox 280 5510 345 5567; x_wconf 90' lang='lat' dir='ltr'><strong>ad</strong></span> <span class='ocrx_word' id='word_1_447' title='bbox 374 5528 516 5577; x_wconf 86' lang='lat' dir='ltr'><strong>eum,</strong></span> <span class='ocrx_word' id='word_1_448' title='bbox 544 5521 598 5569; x_wconf 88' lang='lat' dir='ltr'><strong>et</strong></span> <span class='ocrx_word' id='word_1_449' title='bbox 635 5515 899 5583; x_wconf 88' lang='lat' dir='ltr'><strong>dicebant,</strong></span> <span class='ocrx_word' id='word_1_450' title='bbox 925 5517 1053 5580; x_wconf 80' lang='lat' dir='ltr'><strong>Ave,</strong></span> <span class='ocrx_word' id='word_1_451' title='bbox 1082 5530 1174 5571; x_wconf 84' lang='lat' dir='ltr'><strong>rex</strong></span> <span class='ocrx_word' id='word_1_452' title='bbox 1207 5516 1543 5582; x_wconf 78' lang='lat' dir='ltr'><strong>Judaeorum;</strong></span> <span class='ocrx_word' id='word_1_453' title='bbox 1573 5526 1627 5570; x_wconf 86' lang='lat' dir='ltr'><strong>et</strong></span> <span class='ocrx_word' id='word_1_454' title='bbox 1654 5517 1848 5575; x_wconf 87' lang='lat' dir='ltr'><strong>dabant</strong></span> 
     </span>
    </p>
   </div>
   <div class='ocr_carea' id='block_1_59' title="bbox 279 5606 1843 5681">
    <p class='ocr_par' dir='ltr' id='par_1_59' title="bbox 279 5606 1843 5681">
     <span class='ocr_line' id='line_1_59' title="bbox 279 5606 1843 5681; baseline 0.004 -20"><span class='ocrx_word' id='word_1_455' title='bbox 279 5606 327 5661; x_wconf 89' lang='lat' dir='ltr'><strong>ei</strong></span> <span class='ocrx_word' id='word_1_456' title='bbox 354 5608 531 5679; x_wconf 88' lang='lat' dir='ltr'><strong>alapas</strong></span> <span class='ocrx_word' id='word_1_457' title='bbox 566 5628 584 5661; x_wconf 73' lang='grc' dir='ltr'><strong><em>ι</em></strong></span> <span class='ocrx_word' id='word_1_458' title='bbox 621 5606 792 5678; x_wconf 85' lang='lat' dir='ltr'><strong>(Joan.</strong></span> <span class='ocrx_word' id='word_1_459' title='bbox 825 5624 942 5675; x_wconf 68' lang='grc' dir='ltr'><strong>ιιι,</strong></span> <span class='ocrx_word' id='word_1_460' title='bbox 970 5606 1105 5681; x_wconf 76' lang='grc'><strong>1-5).</strong></span> <span class='ocrx_word' id='word_1_461' title='bbox 1131 5607 1285 5665; x_wconf 90' lang='lat' dir='ltr'><strong>Unde</strong></span> <span class='ocrx_word' id='word_1_462' title='bbox 1304 5616 1525 5678; x_wconf 89' lang='lat' dir='ltr'><strong>apparet</strong></span> <span class='ocrx_word' id='word_1_463' title='bbox 1546 5607 1843 5668; x_wconf 73' lang='lat' dir='ltr'><strong>Matthaeum</strong></span> 
     </span>
    </p>
   </div>
   <div class='ocr_carea' id='block_1_60' title="bbox 280 5698 1839 5767">
    <p class='ocr_par' dir='ltr' id='par_1_60' title="bbox 280 5698 1839 5767">
     <span class='ocr_line' id='line_1_60' title="bbox 280 5698 1839 5767; baseline 0.003 -17"><span class='ocrx_word' id='word_1_464' title='bbox 280 5705 332 5750; x_wconf 87' lang='lat' dir='ltr'><strong>et</strong></span> <span class='ocrx_word' id='word_1_465' title='bbox 374 5698 601 5754; x_wconf 83' lang='lat' dir='ltr'><strong>Marcum</strong></span> <span class='ocrx_word' id='word_1_466' title='bbox 647 5698 1040 5767; x_wconf 86' lang='lat' dir='ltr'><strong>recapitulaudo</strong></span> <span class='ocrx_word' id='word_1_467' title='bbox 1068 5699 1208 5755; x_wconf 84' lang='lat' dir='ltr'><strong>istud</strong></span> <span class='ocrx_word' id='word_1_468' title='bbox 1240 5713 1707 5766; x_wconf 83' lang='lat' dir='ltr'><strong>commemorasse,</strong></span> <span class='ocrx_word' id='word_1_469' title='bbox 1734 5716 1839 5757; x_wconf 85' lang='lat' dir='ltr'><strong>non</strong></span> 
     </span>
    </p>
   </div>
   <div class='ocr_carea' id='block_1_61' title="bbox 1618 307 2165 373">
    <p class='ocr_par' dir='ltr' id='par_1_61' title="bbox 1618 307 2165 373">
     <span class='ocr_line' id='line_1_61' title="bbox 1618 307 2165 373; baseline 0.013 -7"><span class='ocrx_word' id='word_1_470' title='bbox 1618 307 1823 369; x_wconf 73' lang='lat' dir='ltr'><strong>LIBER</strong></span> <span class='ocrx_word' id='word_1_471' title='bbox 1852 309 2165 373; x_wconf 82' lang='lat' dir='ltr'><strong>TERTIUS.</strong></span> 
     </span>
    </p>
   </div>
   <div class='ocr_carea' id='block_1_62' title="bbox 3383 325 3524 384">
    <p class='ocr_par' dir='ltr' id='par_1_62' title="bbox 3383 325 3524 384">
     <span class='ocr_line' id='line_1_62' title="bbox 3383 325 3524 384; baseline 0.007 -1"><span class='ocrx_word' id='word_1_472' title='bbox 3383 325 3524 384; x_wconf 65' lang='lat' dir='ltr'><strong>&quot;Si</strong></span> 
     </span>
    </p>
   </div>
   <div class='ocr_carea' id='block_1_63' title="bbox 1954 430 3523 507">
    <p class='ocr_par' dir='ltr' id='par_1_63' title="bbox 1954 430 3523 507">
     <span class='ocr_line' id='line_1_63' title="bbox 1954 430 3523 507; baseline 0.009 -23"><span class='ocrx_word' id='word_1_473' title='bbox 1954 430 2093 499; x_wconf 85' lang='lat' dir='ltr'><strong>quod</strong></span> <span class='ocrx_word' id='word_1_474' title='bbox 2136 440 2259 487; x_wconf 83' lang='lat' dir='ltr'><strong>tunc</strong></span> <span class='ocrx_word' id='word_1_475' title='bbox 2301 430 2493 489; x_wconf 88' lang='lat' dir='ltr'><strong>factum</strong></span> <span class='ocrx_word' id='word_1_476' title='bbox 2534 435 2623 498; x_wconf 86' lang='lat' dir='ltr'><strong>sit,</strong></span> <span class='ocrx_word' id='word_1_477' title='bbox 2645 451 2771 491; x_wconf 85' lang='lat' dir='ltr'><strong>cum</strong></span> <span class='ocrx_word' id='word_1_478' title='bbox 2791 451 2914 491; x_wconf 83' lang='lat' dir='ltr'><strong>eum</strong></span> <span class='ocrx_word' id='word_1_479' title='bbox 2944 436 3138 493; x_wconf 72' lang='lat' dir='ltr'><strong>Pilatus</strong></span> <span class='ocrx_word' id='word_1_480' title='bbox 3168 440 3274 507; x_wconf 84' lang='lat' dir='ltr'><strong>jam</strong></span> <span class='ocrx_word' id='word_1_481' title='bbox 3313 444 3523 497; x_wconf 53' lang='lat' dir='ltr'><strong>crucia,</strong></span> 
     </span>
    </p>
   </div>
   <div class='ocr_carea' id='block_1_64' title="bbox 1951 520 3520 596">
    <p class='ocr_par' dir='ltr' id='par_1_64' title="bbox 1951 520 3520 596">
     <span class='ocr_line' id='line_1_64' title="bbox 1951 520 3520 596; baseline 0.011 -25"><span class='ocrx_word' id='word_1_482' title='bbox 1951 520 2177 587; x_wconf 81' lang='lat' dir='ltr'><strong>gendum</strong></span> <span class='ocrx_word' id='word_1_483' title='bbox 2202 522 2504 577; x_wconf 79' lang='lat' dir='ltr'><strong>tradidisset</strong></span> <span class='ocrx_word' id='word_1_484' title='bbox 2528 542 2538 576; x_wconf 93' lang='lat'><strong>:</strong></span> <span class='ocrx_word' id='word_1_485' title='bbox 2563 524 2799 580; x_wconf 72' lang='lat' dir='ltr'><strong>Joatmes</strong></span> <span class='ocrx_word' id='word_1_486' title='bbox 2814 528 2958 582; x_wconf 73' lang='lat' dir='ltr'><strong>enim</strong></span> <span class='ocrx_word' id='word_1_487' title='bbox 2984 529 3120 596; x_wconf 90' lang='lat' dir='ltr'><strong>apud</strong></span> <span class='ocrx_word' id='word_1_488' title='bbox 3147 530 3368 585; x_wconf 89' lang='lat' dir='ltr'><strong>Pilatum</strong></span> <span class='ocrx_word' id='word_1_489' title='bbox 3394 534 3520 589; x_wconf 90' lang='lat' dir='ltr'><strong>dicit</strong></span> 
     </span>
    </p>
   </div>
   <div class='ocr_carea' id='block_1_65' title="bbox 1952 608 3521 691">
    <p class='ocr_par' dir='ltr' id='par_1_65' title="bbox 1952 608 3521 691">
     <span class='ocr_line' id='line_1_65' title="bbox 1952 608 3521 691; baseline 0.011 -29"><span class='ocrx_word' id='word_1_490' title='bbox 1952 608 2069 666; x_wconf 60' lang='lat' dir='ltr'><strong>hare</strong></span> <span class='ocrx_word' id='word_1_491' title='bbox 2115 622 2262 679; x_wconf 72' lang='lat' dir='ltr'><strong>gesta</strong></span> <span class='ocrx_word' id='word_1_492' title='bbox 2311 613 2438 668; x_wconf 85' lang='lat' dir='ltr'><strong>satis</strong></span> <span class='ocrx_word' id='word_1_493' title='bbox 2481 615 2783 681; x_wconf 80' lang='lat' dir='ltr'><strong>evidenter;</strong></span> <span class='ocrx_word' id='word_1_494' title='bbox 2819 619 2959 673; x_wconf 87' lang='lat' dir='ltr'><strong>unde</strong></span> <span class='ocrx_word' id='word_1_495' title='bbox 2991 620 3074 673; x_wconf 82' lang='lat' dir='ltr'><strong>isti</strong></span> <span class='ocrx_word' id='word_1_496' title='bbox 3119 622 3258 690; x_wconf 80' lang='lat' dir='ltr'><strong>quod</strong></span> <span class='ocrx_word' id='word_1_497' title='bbox 3300 633 3521 691; x_wconf 72' lang='lat' dir='ltr'><strong>praeser-</strong></span> 
     </span>
    </p>
   </div>
   <div class='ocr_carea' id='block_1_66' title="bbox 1952 700 3520 782">
    <p class='ocr_par' dir='ltr' id='par_1_66' title="bbox 1952 700 3520 782">
     <span class='ocr_line' id='line_1_66' title="bbox 1952 700 3520 782; baseline 0.006 -21"><span class='ocrx_word' id='word_1_498' title='bbox 1952 700 2123 761; x_wconf 79' lang='lat' dir='ltr'><strong>ierant</strong></span> <span class='ocrx_word' id='word_1_499' title='bbox 2162 704 2517 759; x_wconf 86' lang='lat' dir='ltr'><strong>recoluerunt.</strong></span> <span class='ocrx_word' id='word_1_500' title='bbox 2560 706 2641 761; x_wconf 81' lang='lat' dir='ltr'><strong>Ad</strong></span> <span class='ocrx_word' id='word_1_501' title='bbox 2667 708 2767 762; x_wconf 84' lang='lat' dir='ltr'><strong>hoc</strong></span> <span class='ocrx_word' id='word_1_502' title='bbox 2791 710 3365 782; x_wconf 72' lang='lat' dir='ltr'><strong>pertinetetiamqmd</strong></span> <span class='ocrx_word' id='word_1_503' title='bbox 3388 727 3520 770; x_wconf 65' lang='lat' dir='ltr'><strong>cena.</strong></span> 
     </span>
    </p>
   </div>
   <div class='ocr_carea' id='block_1_67' title="bbox 1954 795 3525 869">
    <p class='ocr_par' dir='ltr' id='par_1_67' title="bbox 1954 795 3525 869">
     <span class='ocr_line' id='line_1_67' title="bbox 1954 795 3525 869; baseline 0.009 -22"><span class='ocrx_word' id='word_1_504' title='bbox 1954 802 2236 861; x_wconf 77' lang='lat' dir='ltr'><strong>sequentur</strong></span> <span class='ocrx_word' id='word_1_505' title='bbox 2260 795 2386 848; x_wconf 90' lang='lat' dir='ltr'><strong>dicit</strong></span> <span class='ocrx_word' id='word_1_506' title='bbox 2412 796 2727 853; x_wconf 71' lang='lat' dir='ltr'><strong>Mattlneus:</strong></span> <span class='ocrx_word' id='word_1_507' title='bbox 2753 817 2773 849; x_wconf 77' lang='grc' dir='ltr'>ι</span> <span class='ocrx_word' id='word_1_508' title='bbox 2802 800 2869 853; x_wconf 81' lang='lat' dir='ltr'><strong>Et</strong></span> <span class='ocrx_word' id='word_1_509' title='bbox 2889 803 3276 869; x_wconf 67' lang='lat' dir='ltr'><strong>exspuemosiu</strong></span> <span class='ocrx_word' id='word_1_510' title='bbox 3296 820 3525 861; x_wconf 63' lang='lat' dir='ltr'><strong>cuiusc-</strong></span> 
     </span>
    </p>
   </div>
   <div class='ocr_carea' id='block_1_68' title="bbox 1953 887 3526 964">
    <p class='ocr_par' dir='ltr' id='par_1_68' title="bbox 1953 887 3526 964">
     <span class='ocr_line' id='line_1_68' title="bbox 1953 887 3526 964; baseline 0.008 -23"><span class='ocrx_word' id='word_1_511' title='bbox 1953 895 2211 953; x_wconf 78' lang='lat' dir='ltr'><strong>ceperunt</strong></span> <span class='ocrx_word' id='word_1_512' title='bbox 2250 887 2583 951; x_wconf 71' lang='lat' dir='ltr'><strong>arundinem,</strong></span> <span class='ocrx_word' id='word_1_513' title='bbox 2615 900 2667 943; x_wconf 87' lang='lat' dir='ltr'><strong>ct</strong></span> <span class='ocrx_word' id='word_1_514' title='bbox 2693 892 3058 959; x_wconf 77' lang='lat' dir='ltr'><strong>pereutiebaot</strong></span> <span class='ocrx_word' id='word_1_515' title='bbox 3086 903 3249 963; x_wconf 75' lang='lat' dir='ltr'><strong>caput</strong></span> <span class='ocrx_word' id='word_1_516' title='bbox 3294 898 3444 964; x_wconf 81' lang='lat' dir='ltr'><strong>ejus:</strong></span> <span class='ocrx_word' id='word_1_517' title='bbox 3468 908 3526 953; x_wconf 70' lang='lat' dir='ltr'><strong>es</strong></span> 
     </span>
    </p>
   </div>
   <div class='ocr_carea' id='block_1_69' title="bbox 1956 979 3521 1056">
    <p class='ocr_par' dir='ltr' id='par_1_69' title="bbox 1956 979 3521 1056">
     <span class='ocr_line' id='line_1_69' title="bbox 1956 979 3521 1056; baseline 0.007 -26"><span class='ocrx_word' id='word_1_518' title='bbox 1956 988 2230 1047; x_wconf 85' lang='lat' dir='ltr'><strong>postquam</strong></span> <span class='ocrx_word' id='word_1_519' title='bbox 2278 979 2561 1035; x_wconf 84' lang='lat' dir='ltr'><strong>illuserunt</strong></span> <span class='ocrx_word' id='word_1_520' title='bbox 2602 982 2672 1042; x_wconf 84' lang='lat' dir='ltr'><strong>ei,</strong></span> <span class='ocrx_word' id='word_1_521' title='bbox 2698 992 2959 1039; x_wconf 67' lang='lat' dir='ltr'><strong>exuerunt</strong></span> <span class='ocrx_word' id='word_1_522' title='bbox 3002 998 3122 1038; x_wconf 85' lang='lat' dir='ltr'><strong>eum</strong></span> <span class='ocrx_word' id='word_1_523' title='bbox 3162 986 3521 1056; x_wconf 69' lang='lat' dir='ltr'><strong>dilamyde&#39;m,</strong></span> 
     </span>
    </p>
   </div>
   <div class='ocr_carea' id='block_1_70' title="bbox 1954 1068 3523 1142">
    <p class='ocr_par' dir='ltr' id='par_1_70' title="bbox 1954 1068 3523 1142">
     <span class='ocr_line' id='line_1_70' title="bbox 1954 1068 3523 1142; baseline 0.006 -17"><span class='ocrx_word' id='word_1_524' title='bbox 1954 1079 2007 1125; x_wconf 87' lang='lat' dir='ltr'><strong>et</strong></span> <span class='ocrx_word' id='word_1_525' title='bbox 2033 1068 2331 1124; x_wconf 87' lang='lat' dir='ltr'><strong>induerunt</strong></span> <span class='ocrx_word' id='word_1_526' title='bbox 2352 1086 2474 1125; x_wconf 88' lang='lat' dir='ltr'><strong>eum</strong></span> <span class='ocrx_word' id='word_1_527' title='bbox 2513 1073 2843 1128; x_wconf 82' lang='lat' dir='ltr'><strong>vestimentis</strong></span> <span class='ocrx_word' id='word_1_528' title='bbox 2864 1075 2999 1142; x_wconf 88' lang='lat' dir='ltr'><strong>ejus,</strong></span> <span class='ocrx_word' id='word_1_529' title='bbox 3028 1086 3080 1129; x_wconf 75' lang='lat' dir='ltr'><strong>et</strong></span> <span class='ocrx_word' id='word_1_530' title='bbox 3104 1077 3373 1132; x_wconf 72' lang='lat' dir='ltr'><strong>duxerunt</strong></span> <span class='ocrx_word' id='word_1_531' title='bbox 3402 1092 3523 1137; x_wconf 79' lang='lat' dir='ltr'><strong>cum</strong></span> 
     </span>
    </p>
   </div>
   <div class='ocr_carea' id='block_1_71' title="bbox 1954 1160 3528 1238">
    <p class='ocr_par' dir='ltr' id='par_1_71' title="bbox 1954 1160 3528 1238">
     <span class='ocr_line' id='line_1_71' title="bbox 1954 1160 3528 1238; baseline 0.004 -23"><span class='ocrx_word' id='word_1_532' title='bbox 1954 1172 2012 1215; x_wconf 91' lang='lat' dir='ltr'><strong>ut</strong></span> <span class='ocrx_word' id='word_1_533' title='bbox 2035 1160 2427 1229; x_wconf 72' lang='lat' dir='ltr'><strong>crucifigereut.</strong></span> <span class='ocrx_word' id='word_1_534' title='bbox 2459 1181 2477 1213; x_wconf 84' lang='grc'>›</span> <span class='ocrx_word' id='word_1_535' title='bbox 2505 1162 2614 1216; x_wconf 86' lang='lat' dir='ltr'><strong>lloc</strong></span> <span class='ocrx_word' id='word_1_536' title='bbox 2643 1164 2784 1233; x_wconf 87' lang='lat' dir='ltr'><strong>quod</strong></span> <span class='ocrx_word' id='word_1_537' title='bbox 2809 1175 3067 1219; x_wconf 69' lang='lat' dir='ltr'><strong>exuerunt</strong></span> <span class='ocrx_word' id='word_1_538' title='bbox 3089 1167 3444 1238; x_wconf 79' lang='lat' dir='ltr'><strong>chlamydem,</strong></span> <span class='ocrx_word' id='word_1_539' title='bbox 3466 1180 3528 1223; x_wconf 80' lang='lat' dir='ltr'><strong>et</strong></span> 
     </span>
    </p>
   </div>
   <div class='ocr_carea' id='block_1_72' title="bbox 1954 1251 3527 1325">
    <p class='ocr_par' dir='ltr' id='par_1_72' title="bbox 1954 1251 3527 1325">
     <span class='ocr_line' id='line_1_72' title="bbox 1954 1251 3527 1325; baseline 0.006 -21"><span class='ocrx_word' id='word_1_540' title='bbox 1954 1251 2237 1306; x_wconf 84' lang='lat' dir='ltr'><strong>induerunt</strong></span> <span class='ocrx_word' id='word_1_541' title='bbox 2262 1269 2383 1307; x_wconf 91' lang='lat' dir='ltr'><strong>eum</strong></span> <span class='ocrx_word' id='word_1_542' title='bbox 2410 1256 2737 1309; x_wconf 76' lang='lat' dir='ltr'><strong>vestimentis</strong></span> <span class='ocrx_word' id='word_1_543' title='bbox 2759 1256 2895 1325; x_wconf 83' lang='lat' dir='ltr'><strong>ejus,</strong></span> <span class='ocrx_word' id='word_1_544' title='bbox 2925 1257 2975 1315; x_wconf 82' lang='lat' dir='ltr'><strong>in</strong></span> <span class='ocrx_word' id='word_1_545' title='bbox 3008 1258 3108 1309; x_wconf 76' lang='lat' dir='ltr'><strong>fine</strong></span> <span class='ocrx_word' id='word_1_546' title='bbox 3145 1257 3336 1312; x_wconf 80' lang='lat' dir='ltr'><strong>factum</strong></span> <span class='ocrx_word' id='word_1_547' title='bbox 3367 1260 3527 1314; x_wconf 82' lang='lat' dir='ltr'><strong>intel-</strong></span> 
     </span>
    </p>
   </div>
   <div class='ocr_carea' id='block_1_73' title="bbox 1956 1344 3528 1414">
    <p class='ocr_par' dir='ltr' id='par_1_73' title="bbox 1956 1344 3528 1414">
     <span class='ocr_line' id='line_1_73' title="bbox 1956 1344 3528 1414; baseline 0.004 -17"><span class='ocrx_word' id='word_1_548' title='bbox 1956 1344 2150 1414; x_wconf 79' lang='lat' dir='ltr'><strong>ligitur,</strong></span> <span class='ocrx_word' id='word_1_549' title='bbox 2183 1361 2303 1400; x_wconf 90' lang='lat' dir='ltr'><strong>eum</strong></span> <span class='ocrx_word' id='word_1_550' title='bbox 2336 1347 2443 1414; x_wconf 90' lang='lat' dir='ltr'><strong>jam</strong></span> <span class='ocrx_word' id='word_1_551' title='bbox 2470 1348 2771 1403; x_wconf 80' lang='lat' dir='ltr'><strong>duceretur.</strong></span> <span class='ocrx_word' id='word_1_552' title='bbox 2802 1349 3003 1403; x_wconf 73' lang='lat' dir='ltr'><strong>Marcus</strong></span> <span class='ocrx_word' id='word_1_553' title='bbox 3030 1349 3132 1403; x_wconf 79' lang='lat' dir='ltr'><strong>hoc</strong></span> <span class='ocrx_word' id='word_1_554' title='bbox 3158 1351 3227 1404; x_wconf 81' lang='lat' dir='ltr'><strong>ita</strong></span> <span class='ocrx_word' id='word_1_555' title='bbox 3266 1350 3428 1405; x_wconf 89' lang='lat' dir='ltr'><strong>dicit:</strong></span> <span class='ocrx_word' id='word_1_556' title='bbox 3458 1350 3528 1404; x_wconf 75' lang='lat' dir='ltr'><strong>Et</strong></span> 
     </span>
    </p>
   </div>
   <div class='ocr_carea' id='block_1_74' title="bbox 1954 1438 3531 1509">
    <p class='ocr_par' dir='ltr' id='par_1_74' title="bbox 1954 1438 3531 1509">
     <span class='ocr_line' id='line_1_74' title="bbox 1954 1438 3531 1509; baseline 0.003 -21"><span class='ocrx_word' id='word_1_557' title='bbox 1954 1446 2214 1506; x_wconf 75' lang='lat' dir='ltr'><strong>postquam</strong></span> <span class='ocrx_word' id='word_1_558' title='bbox 2240 1438 2499 1491; x_wconf 84' lang='lat' dir='ltr'><strong>illuserunt</strong></span> <span class='ocrx_word' id='word_1_559' title='bbox 2526 1439 2593 1503; x_wconf 86' lang='lat' dir='ltr'><strong>ei,</strong></span> <span class='ocrx_word' id='word_1_560' title='bbox 2616 1450 2855 1492; x_wconf 68' lang='lat' dir='ltr'><strong>emerunt</strong></span> <span class='ocrx_word' id='word_1_561' title='bbox 2878 1440 3029 1493; x_wconf 79' lang='lat' dir='ltr'><strong>illum</strong></span> <span class='ocrx_word' id='word_1_562' title='bbox 3053 1454 3349 1509; x_wconf 67' lang='lat' dir='ltr'><strong>purpuram,</strong></span> <span class='ocrx_word' id='word_1_563' title='bbox 3374 1452 3422 1495; x_wconf 80' lang='lat' dir='ltr'><strong>et</strong></span> <span class='ocrx_word' id='word_1_564' title='bbox 3442 1443 3531 1494; x_wconf 58' lang='grc' dir='ltr'><strong>ἔπι</strong></span> 
     </span>
    </p>
   </div>
   <div class='ocr_carea' id='block_1_75' title="bbox 1955 1524 2765 1583">
    <p class='ocr_par' dir='ltr' id='par_1_75' title="bbox 1955 1524 2765 1583">
     <span class='ocr_line' id='line_1_75' title="bbox 1955 1524 2765 1583; baseline 0.005 -4"><span class='ocrx_word' id='word_1_565' title='bbox 1955 1524 2167 1581; x_wconf 77' lang='lat' dir='ltr'><strong>deerunt</strong></span> <span class='ocrx_word' id='word_1_566' title='bbox 2192 1544 2306 1582; x_wconf 79' lang='lat' dir='ltr'><strong>eum</strong></span> <span class='ocrx_word' id='word_1_567' title='bbox 2326 1530 2623 1583; x_wconf 76' lang='lat' dir='ltr'><strong>vestimentis</strong></span> <span class='ocrx_word' id='word_1_568' title='bbox 2642 1530 2765 1583; x_wconf 77' lang='lat' dir='ltr'><strong>suis.</strong></span> 
     </span>
    </p>
   </div>
   <div class='ocr_carea' id='block_1_76' title="bbox 1954 1656 3520 1739">
    <p class='ocr_par' dir='ltr' id='par_1_76' title="bbox 1954 1656 3520 1739">
     <span class='ocr_line' id='line_1_76' title="bbox 1954 1656 3520 1739; baseline 0.001 -26"><span class='ocrx_word' id='word_1_569' title='bbox 1954 1656 2178 1715; x_wconf 79' lang='lat' dir='ltr'><strong>CAPUT</strong></span> <span class='ocrx_word' id='word_1_570' title='bbox 2213 1658 2643 1725; x_wconf 76' lang='lat' dir='ltr'><strong>X.—Quomodo</strong></span> <span class='ocrx_word' id='word_1_571' title='bbox 2666 1679 2762 1716; x_wconf 84' lang='lat' dir='ltr'><strong>non</strong></span> <span class='ocrx_word' id='word_1_572' title='bbox 2788 1670 3027 1735; x_wconf 81' lang='lat' dir='ltr'><strong>repugnet</strong></span> <span class='ocrx_word' id='word_1_573' title='bbox 3059 1663 3193 1732; x_wconf 84' lang='lat' dir='ltr'><strong>quod</strong></span> <span class='ocrx_word' id='word_1_574' title='bbox 3228 1660 3520 1739; x_wconf 69' lang='lat' dir='ltr'><strong>Matt/imus,</strong></span> 
     </span>
    </p>
   </div>
   <div class='ocr_carea' id='block_1_77' title="bbox 2028 1750 3524 1827">
    <p class='ocr_par' dir='ltr' id='par_1_77' title="bbox 2028 1750 3524 1827">
     <span class='ocr_line' id='line_1_77' title="bbox 2028 1750 3524 1827; baseline 0.003 -24"><span class='ocrx_word' id='word_1_575' title='bbox 2028 1752 2232 1806; x_wconf 81' lang='lat' dir='ltr'><strong>Morcus</strong></span> <span class='ocrx_word' id='word_1_576' title='bbox 2264 1762 2304 1803; x_wconf 71' lang='lat' dir='ltr'><strong>et</strong></span> <span class='ocrx_word' id='word_1_577' title='bbox 2334 1750 2496 1807; x_wconf 84' lang='lat' dir='ltr'><strong>Lucas</strong></span> <span class='ocrx_word' id='word_1_578' title='bbox 2525 1754 2840 1825; x_wconf 82' lang='lat' dir='ltr'><strong>angariatum</strong></span> <span class='ocrx_word' id='word_1_579' title='bbox 2862 1755 3053 1822; x_wconf 82' lang='lat' dir='ltr'><strong>dicunt,</strong></span> <span class='ocrx_word' id='word_1_580' title='bbox 3076 1756 3160 1825; x_wconf 85' lang='lat' dir='ltr'><strong>qui</strong></span> <span class='ocrx_word' id='word_1_581' title='bbox 3183 1765 3400 1827; x_wconf 86' lang='lat' dir='ltr'><strong>portaret</strong></span> <span class='ocrx_word' id='word_1_582' title='bbox 3418 1754 3524 1825; x_wconf 68' lang='lat' dir='ltr'><strong>ejus</strong></span> 
     </span>
    </p>
   </div>
   <div class='ocr_carea' id='block_1_78' title="bbox 2026 1846 3525 1919">
    <p class='ocr_par' dir='ltr' id='par_1_78' title="bbox 2026 1846 3525 1919">
     <span class='ocr_line' id='line_1_78' title="bbox 2026 1846 3525 1919; baseline 0.001 -20"><span class='ocrx_word' id='word_1_583' title='bbox 2026 1864 2257 1913; x_wconf 82' lang='lat' dir='ltr'><strong>crucem;</strong></span> <span class='ocrx_word' id='word_1_584' title='bbox 2282 1865 2396 1901; x_wconf 86' lang='lat' dir='ltr'><strong>cum</strong></span> <span class='ocrx_word' id='word_1_585' title='bbox 2422 1846 2645 1903; x_wconf 79' lang='lat' dir='ltr'><strong>Joannes</strong></span> <span class='ocrx_word' id='word_1_586' title='bbox 2671 1848 2803 1902; x_wconf 84' lang='lat' dir='ltr'><strong>dicat</strong></span> <span class='ocrx_word' id='word_1_587' title='bbox 2826 1847 2959 1918; x_wconf 88' lang='lat' dir='ltr'><strong>quod</strong></span> <span class='ocrx_word' id='word_1_588' title='bbox 2981 1866 3093 1903; x_wconf 87' lang='lat' dir='ltr'><strong>eam</strong></span> <span class='ocrx_word' id='word_1_589' title='bbox 3116 1848 3263 1902; x_wconf 75' lang='lat' dir='ltr'><strong>Iesus</strong></span> <span class='ocrx_word' id='word_1_590' title='bbox 3286 1849 3393 1919; x_wconf 80' lang='lat' dir='ltr'><strong>ipse</strong></span> <span class='ocrx_word' id='word_1_591' title='bbox 3408 1866 3525 1919; x_wconf 80' lang='lat' dir='ltr'><strong>por-</strong></span> 
     </span>
    </p>
   </div>
   <div class='ocr_carea' id='block_1_79' title="bbox 2027 1938 2218 1992">
    <p class='ocr_par' dir='ltr' id='par_1_79' title="bbox 2027 1938 2218 1992">
     <span class='ocr_line' id='line_1_79' title="bbox 2027 1938 2218 1992; baseline 0 -2"><span class='ocrx_word' id='word_1_592' title='bbox 2027 1938 2218 1992; x_wconf 77' lang='lat' dir='ltr'><strong>laverit.</strong></span> 
     </span>
    </p>
   </div>
   <div class='ocr_carea' id='block_1_80' title="bbox 2027 2066 3524 2137">
    <p class='ocr_par' dir='ltr' id='par_1_80' title="bbox 2027 2066 3524 2137">
     <span class='ocr_line' id='line_1_80' title="bbox 2027 2066 3524 2137; baseline -0.001 -15"><span class='ocrx_word' id='word_1_593' title='bbox 2027 2068 2116 2122; x_wconf 77' lang='lat'><strong>57.</strong></span> <span class='ocrx_word' id='word_1_594' title='bbox 2147 2066 2395 2137; x_wconf 85' lang='lat' dir='ltr'><strong>Sequitur</strong></span> <span class='ocrx_word' id='word_1_595' title='bbox 2415 2083 2541 2137; x_wconf 70' lang='lat' dir='ltr'><strong>ergo</strong></span> <span class='ocrx_word' id='word_1_596' title='bbox 2562 2067 2869 2123; x_wconf 70' lang='lat' dir='ltr'><strong>Matthtnus:</strong></span> <span class='ocrx_word' id='word_1_597' title='bbox 2900 2085 2918 2120; x_wconf 74' lang='grc' dir='ltr'>ι</span> <span class='ocrx_word' id='word_1_598' title='bbox 2948 2067 3216 2122; x_wconf 75' lang='lat' dir='ltr'><strong>Exeuntes</strong></span> <span class='ocrx_word' id='word_1_599' title='bbox 3239 2075 3415 2122; x_wconf 82' lang='lat' dir='ltr'><strong>autem</strong></span> <span class='ocrx_word' id='word_1_600' title='bbox 3440 2068 3524 2121; x_wconf 69' lang='lat' dir='ltr'><strong>in»</strong></span> 
     </span>
    </p>
   </div>
   <div class='ocr_carea' id='block_1_81' title="bbox 1957 2156 3522 2228">
    <p class='ocr_par' dir='ltr' id='par_1_81' title="bbox 1957 2156 3522 2228">
     <span class='ocr_line' id='line_1_81' title="bbox 1957 2156 3522 2228; baseline -0.001 -18"><span class='ocrx_word' id='word_1_601' title='bbox 1957 2167 2217 2213; x_wconf 89' lang='lat' dir='ltr'><strong>venerunt</strong></span> <span class='ocrx_word' id='word_1_602' title='bbox 2266 2158 2531 2212; x_wconf 90' lang='lat' dir='ltr'><strong>hominem</strong></span> <span class='ocrx_word' id='word_1_603' title='bbox 2578 2156 2913 2228; x_wconf 69' lang='lat' dir='ltr'><strong>Cyrenzeum.</strong></span> <span class='ocrx_word' id='word_1_604' title='bbox 2963 2158 3179 2213; x_wconf 75' lang='lat' dir='ltr'><strong>nomine</strong></span> <span class='ocrx_word' id='word_1_605' title='bbox 3220 2157 3522 2221; x_wconf 64' lang='lat' dir='ltr'><strong>Simonem;</strong></span> 
     </span>
    </p>
   </div>
   <div class='ocr_carea' id='block_1_82' title="bbox 1959 2247 3521 2319">
    <p class='ocr_par' dir='ltr' id='par_1_82' title="bbox 1959 2247 3521 2319">
     <span class='ocr_line' id='line_1_82' title="bbox 1959 2247 3521 2319; baseline 0 -16"><span class='ocrx_word' id='word_1_606' title='bbox 1959 2250 2099 2305; x_wconf 83' lang='lat' dir='ltr'><strong>hunc</strong></span> <span class='ocrx_word' id='word_1_607' title='bbox 2125 2250 2528 2319; x_wconf 73' lang='lat' dir='ltr'><strong>angariaverunt</strong></span> <span class='ocrx_word' id='word_1_608' title='bbox 2558 2258 2617 2303; x_wconf 88' lang='lat' dir='ltr'><strong>ut.</strong></span> <span class='ocrx_word' id='word_1_609' title='bbox 2644 2249 2846 2304; x_wconf 84' lang='lat' dir='ltr'><strong>tolleret</strong></span> <span class='ocrx_word' id='word_1_610' title='bbox 2870 2262 3087 2303; x_wconf 69' lang='lat' dir='ltr'><strong>crucem</strong></span> <span class='ocrx_word' id='word_1_611' title='bbox 3102 2248 3219 2316; x_wconf 85' lang='lat' dir='ltr'><strong>ejus</strong></span> <span class='ocrx_word' id='word_1_612' title='bbox 3251 2266 3273 2302; x_wconf 76' lang='grc' dir='ltr'><strong><em>ι</em></strong></span> <span class='ocrx_word' id='word_1_613' title='bbox 3306 2247 3521 2319; x_wconf 70' lang='lat' dir='ltr'><strong>(Matth.</strong></span> 
     </span>
    </p>
   </div>
   <div class='ocr_carea' id='block_1_83' title="bbox 1961 2337 3515 2409">
    <p class='ocr_par' dir='ltr' id='par_1_83' title="bbox 1961 2337 3515 2409">
     <span class='ocr_line' id='line_1_83' title="bbox 1961 2337 3515 2409; baseline -0.003 -14"><span class='ocrx_word' id='word_1_614' title='bbox 1961 2357 2127 2406; x_wconf 79' lang='lat' dir='ltr'><strong>xxvu,</strong></span> <span class='ocrx_word' id='word_1_615' title='bbox 2160 2340 2268 2409; x_wconf 56' lang='grc' dir='ltr'><strong>δὲ).</strong></span> <span class='ocrx_word' id='word_1_616' title='bbox 2311 2340 2514 2396; x_wconf 81' lang='lat' dir='ltr'><strong>Marcus</strong></span> <span class='ocrx_word' id='word_1_617' title='bbox 2551 2355 2796 2409; x_wconf 85' lang='lat' dir='ltr'><strong>quoque:</strong></span> <span class='ocrx_word' id='word_1_618' title='bbox 2831 2358 2849 2390; x_wconf 78' lang='grc' dir='ltr'>ι</span> <span class='ocrx_word' id='word_1_619' title='bbox 2898 2339 2967 2394; x_wconf 85' lang='grc' dir='ltr'><strong>Ει</strong></span> <span class='ocrx_word' id='word_1_620' title='bbox 3006 2338 3239 2395; x_wconf 87' lang='lat' dir='ltr'><strong>educunt</strong></span> <span class='ocrx_word' id='word_1_621' title='bbox 3283 2337 3462 2402; x_wconf 89' lang='lat' dir='ltr'><strong>illum,</strong></span> <span class='ocrx_word' id='word_1_622' title='bbox 3497 2358 3515 2390; x_wconf 78' lang='grc' dir='ltr'><strong><em>ι</em></strong></span> 
     </span>
    </p>
   </div>
   <div class='ocr_carea' id='block_1_84' title="bbox 1959 2432 3523 2503">
    <p class='ocr_par' dir='ltr' id='par_1_84' title="bbox 1959 2432 3523 2503">
     <span class='ocr_line' id='line_1_84' title="bbox 1959 2432 3523 2503; baseline -0.001 -17"><span class='ocrx_word' id='word_1_623' title='bbox 1959 2433 2146 2503; x_wconf 88' lang='lat' dir='ltr'><strong>inquit,</strong></span> <span class='ocrx_word' id='word_1_624' title='bbox 2179 2452 2198 2485; x_wconf 77' lang='grc' dir='ltr'>ι</span> <span class='ocrx_word' id='word_1_625' title='bbox 2228 2441 2285 2486; x_wconf 94' lang='lat' dir='ltr'><strong>ut</strong></span> <span class='ocrx_word' id='word_1_626' title='bbox 2312 2434 2681 2501; x_wconf 82' lang='lat' dir='ltr'><strong>cruciﬁgercnt</strong></span> <span class='ocrx_word' id='word_1_627' title='bbox 2709 2448 2851 2488; x_wconf 80' lang='lat' dir='ltr'><strong>eum.</strong></span> <span class='ocrx_word' id='word_1_628' title='bbox 2869 2432 2935 2489; x_wconf 82' lang='lat' dir='ltr'><strong>Et</strong></span> <span class='ocrx_word' id='word_1_629' title='bbox 2958 2432 3365 2501; x_wconf 77' lang='lat' dir='ltr'><strong>angariaverunt</strong></span> <span class='ocrx_word' id='word_1_630' title='bbox 3386 2447 3523 2500; x_wconf 74' lang='lat' dir='ltr'><strong>pra;-</strong></span> 
     </span>
    </p>
   </div>
   <div class='ocr_carea' id='block_1_85' title="bbox 1959 2522 3525 2593">
    <p class='ocr_par' dir='ltr' id='par_1_85' title="bbox 1959 2522 3525 2593">
     <span class='ocr_line' id='line_1_85' title="bbox 1959 2522 3525 2593; baseline 0 -18"><span class='ocrx_word' id='word_1_631' title='bbox 1959 2532 2251 2579; x_wconf 87' lang='lat' dir='ltr'><strong>tereuntem</strong></span> <span class='ocrx_word' id='word_1_632' title='bbox 2280 2525 2577 2593; x_wconf 89' lang='lat' dir='ltr'><strong>quempiam</strong></span> <span class='ocrx_word' id='word_1_633' title='bbox 2604 2524 2874 2579; x_wconf 87' lang='lat' dir='ltr'><strong>Simonem</strong></span> <span class='ocrx_word' id='word_1_634' title='bbox 2894 2522 3209 2593; x_wconf 75' lang='lat' dir='ltr'><strong>Cyrenzeum</strong></span> <span class='ocrx_word' id='word_1_635' title='bbox 3230 2522 3525 2577; x_wconf 82' lang='lat' dir='ltr'><strong>venientem</strong></span> 
     </span>
    </p>
   </div>
   <div class='ocr_carea' id='block_1_86' title="bbox 1958 2611 3527 2681">
    <p class='ocr_par' dir='ltr' id='par_1_86' title="bbox 1958 2611 3527 2681">
     <span class='ocr_line' id='line_1_86' title="bbox 1958 2611 3527 2681; baseline 0 -12"><span class='ocrx_word' id='word_1_636' title='bbox 1958 2611 2024 2669; x_wconf 88' lang='lat' dir='ltr'><strong>de</strong></span> <span class='ocrx_word' id='word_1_637' title='bbox 2052 2613 2192 2678; x_wconf 81' lang='lat' dir='ltr'><strong>villa,</strong></span> <span class='ocrx_word' id='word_1_638' title='bbox 2221 2622 2422 2681; x_wconf 84' lang='lat' dir='ltr'><strong>patrem</strong></span> <span class='ocrx_word' id='word_1_639' title='bbox 2449 2612 2737 2668; x_wconf 82' lang='lat' dir='ltr'><strong>Alexandri</strong></span> <span class='ocrx_word' id='word_1_640' title='bbox 2764 2622 2817 2668; x_wconf 89' lang='lat' dir='ltr'><strong>et</strong></span> <span class='ocrx_word' id='word_1_641' title='bbox 2842 2612 2983 2677; x_wconf 80' lang='lat' dir='ltr'><strong>Ruﬁ,</strong></span> <span class='ocrx_word' id='word_1_642' title='bbox 3007 2622 3064 2665; x_wconf 91' lang='lat' dir='ltr'><strong>ut</strong></span> <span class='ocrx_word' id='word_1_643' title='bbox 3085 2612 3527 2669; x_wconf 80' lang='lat' dir='ltr'><strong>tolieretcrucem</strong></span> 
     </span>
    </p>
   </div>
   <div class='ocr_carea' id='block_1_87' title="bbox 1958 2701 3528 2774">
    <p class='ocr_par' dir='ltr' id='par_1_87' title="bbox 1958 2701 3528 2774">
     <span class='ocr_line' id='line_1_87' title="bbox 1958 2701 3528 2774; baseline -0.001 -19"><span class='ocrx_word' id='word_1_644' title='bbox 1958 2702 2072 2773; x_wconf 85' lang='lat' dir='ltr'><strong>ejus</strong></span> <span class='ocrx_word' id='word_1_645' title='bbox 2109 2723 2126 2754; x_wconf 76' lang='grc' dir='ltr'><strong><em>ι</em></strong></span> <span class='ocrx_word' id='word_1_646' title='bbox 2166 2702 2353 2773; x_wconf 83' lang='lat' dir='ltr'><strong>(Marc.</strong></span> <span class='ocrx_word' id='word_1_647' title='bbox 2388 2720 2476 2769; x_wconf 81' lang='lat' dir='ltr'><strong>xv,</strong></span> <span class='ocrx_word' id='word_1_648' title='bbox 2504 2703 2593 2769; x_wconf 76' lang='lat'><strong>20,</strong></span> <span class='ocrx_word' id='word_1_649' title='bbox 2616 2702 2730 2774; x_wconf 69' lang='grc'><strong>21).</strong></span> <span class='ocrx_word' id='word_1_650' title='bbox 2765 2703 2876 2758; x_wconf 86' lang='lat' dir='ltr'><strong>lloc</strong></span> <span class='ocrx_word' id='word_1_651' title='bbox 2896 2703 3065 2758; x_wconf 82' lang='lat' dir='ltr'><strong>Lucas</strong></span> <span class='ocrx_word' id='word_1_652' title='bbox 3094 2702 3163 2756; x_wconf 88' lang='lat' dir='ltr'><strong>ita</strong></span> <span class='ocrx_word' id='word_1_653' title='bbox 3193 2702 3319 2755; x_wconf 90' lang='lat' dir='ltr'><strong>dicit</strong></span> <span class='ocrx_word' id='word_1_654' title='bbox 3349 2718 3363 2754; x_wconf 89' lang='lat'><strong>:</strong></span> <span class='ocrx_word' id='word_1_655' title='bbox 3405 2719 3425 2751; x_wconf 73' lang='grc' dir='ltr'><strong>ε</strong></span> <span class='ocrx_word' id='word_1_656' title='bbox 3463 2701 3528 2754; x_wconf 79' lang='lat' dir='ltr'><strong>Et</strong></span> 
     </span>
    </p>
   </div>
   <div class='ocr_carea' id='block_1_88' title="bbox 1958 2793 3523 2862">
    <p class='ocr_par' dir='ltr' id='par_1_88' title="bbox 1958 2793 3523 2862">
     <span class='ocr_line' id='line_1_88' title="bbox 1958 2793 3523 2862; baseline -0.002 -15"><span class='ocrx_word' id='word_1_657' title='bbox 1958 2808 2079 2847; x_wconf 90' lang='lat' dir='ltr'><strong>cum</strong></span> <span class='ocrx_word' id='word_1_658' title='bbox 2100 2794 2350 2849; x_wconf 87' lang='lat' dir='ltr'><strong>ducerent</strong></span> <span class='ocrx_word' id='word_1_659' title='bbox 2377 2808 2519 2859; x_wconf 90' lang='lat' dir='ltr'><strong>eum,</strong></span> <span class='ocrx_word' id='word_1_660' title='bbox 2547 2793 3011 2862; x_wconf 84' lang='lat' dir='ltr'><strong>apprehenderunt</strong></span> <span class='ocrx_word' id='word_1_661' title='bbox 3035 2793 3307 2849; x_wconf 86' lang='lat' dir='ltr'><strong>Simonem</strong></span> <span class='ocrx_word' id='word_1_662' title='bbox 3336 2806 3523 2861; x_wconf 79' lang='lat' dir='ltr'><strong>quem-</strong></span> 
     </span>
    </p>
   </div>
   <div class='ocr_carea' id='block_1_89' title="bbox 1958 2882 3530 2955">
    <p class='ocr_par' dir='ltr' id='par_1_89' title="bbox 1958 2882 3530 2955">
     <span class='ocr_line' id='line_1_89' title="bbox 1958 2882 3530 2955; baseline -0.003 -18"><span class='ocrx_word' id='word_1_663' title='bbox 1958 2882 2078 2937; x_wconf 91' lang='lat' dir='ltr'><strong>dam</strong></span> <span class='ocrx_word' id='word_1_664' title='bbox 2104 2886 2459 2955; x_wconf 83' lang='lat' dir='ltr'><strong>Cyrenensem</strong></span> <span class='ocrx_word' id='word_1_665' title='bbox 2486 2885 2783 2939; x_wconf 85' lang='lat' dir='ltr'><strong>venientem</strong></span> <span class='ocrx_word' id='word_1_666' title='bbox 2812 2884 2879 2939; x_wconf 84' lang='lat' dir='ltr'><strong>de</strong></span> <span class='ocrx_word' id='word_1_667' title='bbox 2904 2884 3050 2947; x_wconf 82' lang='lat' dir='ltr'><strong>villa,</strong></span> <span class='ocrx_word' id='word_1_668' title='bbox 3074 2891 3129 2937; x_wconf 90' lang='lat' dir='ltr'><strong>et</strong></span> <span class='ocrx_word' id='word_1_669' title='bbox 3166 2884 3530 2949; x_wconf 83' lang='lat' dir='ltr'><strong>imposuerunt</strong></span> 
     </span>
    </p>
   </div>
   <div class='ocr_carea' id='block_1_90' title="bbox 1960 2970 3524 3044">
    <p class='ocr_par' dir='ltr' id='par_1_90' title="bbox 1960 2970 3524 3044">
     <span class='ocr_line' id='line_1_90' title="bbox 1960 2970 3524 3044; baseline -0.003 -16"><span class='ocrx_word' id='word_1_670' title='bbox 1960 2975 2029 3028; x_wconf 90' lang='lat' dir='ltr'><strong>illi</strong></span> <span class='ocrx_word' id='word_1_671' title='bbox 2069 2990 2280 3029; x_wconf 89' lang='lat' dir='ltr'><strong>erucem</strong></span> <span class='ocrx_word' id='word_1_672' title='bbox 2319 2984 2525 3043; x_wconf 88' lang='lat' dir='ltr'><strong>portare</strong></span> <span class='ocrx_word' id='word_1_673' title='bbox 2564 2984 2684 3044; x_wconf 89' lang='lat' dir='ltr'><strong>post</strong></span> <span class='ocrx_word' id='word_1_674' title='bbox 2726 2973 2907 3029; x_wconf 85' lang='lat' dir='ltr'><strong>Jesum</strong></span> <span class='ocrx_word' id='word_1_675' title='bbox 2946 2991 2967 3024; x_wconf 74' lang='grc' dir='ltr'><strong><em>ι</em></strong></span> <span class='ocrx_word' id='word_1_676' title='bbox 3016 2971 3165 3043; x_wconf 83' lang='lat' dir='ltr'><strong>(Luc.</strong></span> <span class='ocrx_word' id='word_1_677' title='bbox 3215 2987 3362 3035; x_wconf 83' lang='lat' dir='ltr'><strong>xxm,</strong></span> <span class='ocrx_word' id='word_1_678' title='bbox 3411 2970 3524 3040; x_wconf 72' lang='grc'><strong>26).</strong></span> 
     </span>
    </p>
   </div>
   <div class='ocr_carea' id='block_1_91' title="bbox 1958 3060 3525 3130">
    <p class='ocr_par' dir='ltr' id='par_1_91' title="bbox 1958 3060 3525 3130">
     <span class='ocr_line' id='line_1_91' title="bbox 1958 3060 3525 3130; baseline -0.003 -11"><span class='ocrx_word' id='word_1_679' title='bbox 1958 3065 2187 3119; x_wconf 86' lang='lat' dir='ltr'><strong>Joannes</strong></span> <span class='ocrx_word' id='word_1_680' title='bbox 2211 3075 2386 3118; x_wconf 91' lang='lat' dir='ltr'><strong>autem</strong></span> <span class='ocrx_word' id='word_1_681' title='bbox 2415 3065 2491 3118; x_wconf 90' lang='lat' dir='ltr'><strong>sic</strong></span> <span class='ocrx_word' id='word_1_682' title='bbox 2519 3072 2699 3117; x_wconf 86' lang='lat' dir='ltr'><strong>narrat</strong></span> <span class='ocrx_word' id='word_1_683' title='bbox 2728 3080 2741 3117; x_wconf 84' lang='lat'><strong>:</strong></span> <span class='ocrx_word' id='word_1_684' title='bbox 2789 3082 2809 3116; x_wconf 72' lang='grc' dir='ltr'>ι</span> <span class='ocrx_word' id='word_1_685' title='bbox 2848 3063 3203 3130; x_wconf 86' lang='lat' dir='ltr'><strong>Susceperunt</strong></span> <span class='ocrx_word' id='word_1_686' title='bbox 3235 3072 3408 3117; x_wconf 89' lang='lat' dir='ltr'><strong>autem</strong></span> <span class='ocrx_word' id='word_1_687' title='bbox 3438 3060 3525 3115; x_wconf 82' lang='lat' dir='ltr'><strong>Je—</strong></span> 
     </span>
    </p>
   </div>
   <div class='ocr_carea' id='block_1_92' title="bbox 1958 3152 3529 3223">
    <p class='ocr_par' dir='ltr' id='par_1_92' title="bbox 1958 3152 3529 3223">
     <span class='ocr_line' id='line_1_92' title="bbox 1958 3152 3529 3223; baseline -0.001 -14"><span class='ocrx_word' id='word_1_688' title='bbox 1958 3172 2097 3223; x_wconf 91' lang='lat' dir='ltr'><strong>sum,</strong></span> <span class='ocrx_word' id='word_1_689' title='bbox 2128 3165 2179 3209; x_wconf 91' lang='lat' dir='ltr'><strong>et</strong></span> <span class='ocrx_word' id='word_1_690' title='bbox 2208 3155 2540 3210; x_wconf 77' lang='lat' dir='ltr'><strong>eduxerunt:</strong></span> <span class='ocrx_word' id='word_1_691' title='bbox 2566 3162 2620 3210; x_wconf 91' lang='lat' dir='ltr'><strong>et</strong></span> <span class='ocrx_word' id='word_1_692' title='bbox 2659 3153 2900 3222; x_wconf 89' lang='lat' dir='ltr'><strong>bajulans</strong></span> <span class='ocrx_word' id='word_1_693' title='bbox 2939 3152 3038 3207; x_wconf 89' lang='lat' dir='ltr'><strong>sibi</strong></span> <span class='ocrx_word' id='word_1_694' title='bbox 3072 3167 3281 3206; x_wconf 88' lang='lat' dir='ltr'><strong>crucem</strong></span> <span class='ocrx_word' id='word_1_695' title='bbox 3321 3152 3449 3206; x_wconf 80' lang='lat' dir='ltr'><strong>exiit</strong></span> <span class='ocrx_word' id='word_1_696' title='bbox 3477 3152 3529 3207; x_wconf 89' lang='lat' dir='ltr'><strong>in</strong></span> 
     </span>
    </p>
   </div>
   <div class='ocr_carea' id='block_1_93' title="bbox 1958 3242 3524 3312">
    <p class='ocr_par' dir='ltr' id='par_1_93' title="bbox 1958 3242 3524 3312">
     <span class='ocr_line' id='line_1_93' title="bbox 1958 3242 3524 3312; baseline -0.003 -12"><span class='ocrx_word' id='word_1_697' title='bbox 1958 3262 2078 3300; x_wconf 88' lang='lat' dir='ltr'><strong>eum</strong></span> <span class='ocrx_word' id='word_1_698' title='bbox 2108 3246 2198 3312; x_wconf 86' lang='lat' dir='ltr'><strong>qui</strong></span> <span class='ocrx_word' id='word_1_699' title='bbox 2230 3245 2422 3298; x_wconf 91' lang='lat' dir='ltr'><strong>dicitur</strong></span> <span class='ocrx_word' id='word_1_700' title='bbox 2451 3244 2703 3299; x_wconf 71' lang='lat' dir='ltr'><strong>Calvarite</strong></span> <span class='ocrx_word' id='word_1_701' title='bbox 2734 3245 2938 3308; x_wconf 88' lang='lat' dir='ltr'><strong>locum,</strong></span> <span class='ocrx_word' id='word_1_702' title='bbox 2970 3242 3217 3299; x_wconf 85' lang='lat' dir='ltr'><strong>hebraice</strong></span> <span class='ocrx_word' id='word_1_703' title='bbox 3245 3243 3524 3311; x_wconf 80' lang='lat' dir='ltr'><strong>Golgotba,</strong></span> 
     </span>
    </p>
   </div>
   <div class='ocr_carea' id='block_1_94' title="bbox 1957 3333 3530 3406">
    <p class='ocr_par' dir='ltr' id='par_1_94' title="bbox 1957 3333 3530 3406">
     <span class='ocr_line' id='line_1_94' title="bbox 1957 3333 3530 3406; baseline -0.003 -14"><span class='ocrx_word' id='word_1_704' title='bbox 1957 3338 2045 3392; x_wconf 86' lang='lat' dir='ltr'><strong>ubi</strong></span> <span class='ocrx_word' id='word_1_705' title='bbox 2074 3350 2193 3391; x_wconf 87' lang='lat' dir='ltr'><strong>eum</strong></span> <span class='ocrx_word' id='word_1_706' title='bbox 2210 3336 2586 3392; x_wconf 73' lang='lat' dir='ltr'><strong>cruciiixerunt</strong></span> <span class='ocrx_word' id='word_1_707' title='bbox 2610 3334 2816 3406; x_wconf 76' lang='grc' dir='ltr'><strong>»(1οαη.</strong></span> <span class='ocrx_word' id='word_1_708' title='bbox 2842 3351 2952 3398; x_wconf 83' lang='lat' dir='ltr'><strong>xix,</strong></span> <span class='ocrx_word' id='word_1_709' title='bbox 2980 3336 3182 3403; x_wconf 42' lang='lat'><strong>£6-18).</strong></span> <span class='ocrx_word' id='word_1_710' title='bbox 3205 3333 3353 3389; x_wconf 88' lang='lat' dir='ltr'><strong>Unde</strong></span> <span class='ocrx_word' id='word_1_711' title='bbox 3376 3335 3530 3389; x_wconf 83' lang='lat' dir='ltr'><strong>inteL-</strong></span> 
     </span>
    </p>
   </div>
   <div class='ocr_carea' id='block_1_95' title="bbox 1957 3425 3523 3497">
    <p class='ocr_par' dir='ltr' id='par_1_95' title="bbox 1957 3425 3523 3497">
     <span class='ocr_line' id='line_1_95' title="bbox 1957 3425 3523 3497; baseline -0.003 -15"><span class='ocrx_word' id='word_1_712' title='bbox 1957 3429 2133 3497; x_wconf 81' lang='lat' dir='ltr'><strong>ligitur</strong></span> <span class='ocrx_word' id='word_1_713' title='bbox 2158 3427 2297 3497; x_wconf 91' lang='lat' dir='ltr'><strong>quod</strong></span> <span class='ocrx_word' id='word_1_714' title='bbox 2330 3427 2439 3495; x_wconf 90' lang='lat' dir='ltr'><strong>ipse</strong></span> <span class='ocrx_word' id='word_1_715' title='bbox 2470 3426 2568 3480; x_wconf 72' lang='lat' dir='ltr'><strong>sibi</strong></span> <span class='ocrx_word' id='word_1_716' title='bbox 2594 3426 2835 3495; x_wconf 86' lang='lat' dir='ltr'><strong>portabat</strong></span> <span class='ocrx_word' id='word_1_717' title='bbox 2857 3440 3090 3489; x_wconf 86' lang='lat' dir='ltr'><strong>crucem,</strong></span> <span class='ocrx_word' id='word_1_718' title='bbox 3111 3440 3233 3478; x_wconf 87' lang='lat' dir='ltr'><strong>cum</strong></span> <span class='ocrx_word' id='word_1_719' title='bbox 3263 3428 3436 3479; x_wconf 82' lang='lat' dir='ltr'><strong>exiret</strong></span> <span class='ocrx_word' id='word_1_720' title='bbox 3469 3425 3523 3480; x_wconf 88' lang='lat' dir='ltr'><strong>in</strong></span> 
     </span>
    </p>
   </div>
   <div class='ocr_carea' id='block_1_96' title="bbox 1958 3515 3526 3583">
    <p class='ocr_par' dir='ltr' id='par_1_96' title="bbox 1958 3515 3526 3583">
     <span class='ocr_line' id='line_1_96' title="bbox 1958 3515 3526 3583; baseline -0.003 -11"><span class='ocrx_word' id='word_1_721' title='bbox 1958 3519 2130 3574; x_wconf 90' lang='lat' dir='ltr'><strong>locum</strong></span> <span class='ocrx_word' id='word_1_722' title='bbox 2160 3526 2528 3572; x_wconf 89' lang='lat' dir='ltr'><strong>memoratum.</strong></span> <span class='ocrx_word' id='word_1_723' title='bbox 2559 3516 2739 3571; x_wconf 90' lang='lat' dir='ltr'><strong>Simon</strong></span> <span class='ocrx_word' id='word_1_724' title='bbox 2771 3524 2946 3569; x_wconf 82' lang='lat' dir='ltr'><strong>autem</strong></span> <span class='ocrx_word' id='word_1_725' title='bbox 2973 3516 3060 3570; x_wconf 83' lang='lat' dir='ltr'><strong>ille</strong></span> <span class='ocrx_word' id='word_1_726' title='bbox 3086 3517 3141 3569; x_wconf 87' lang='lat' dir='ltr'><strong>in</strong></span> <span class='ocrx_word' id='word_1_727' title='bbox 3157 3515 3345 3569; x_wconf 87' lang='lat' dir='ltr'><strong>itinere</strong></span> <span class='ocrx_word' id='word_1_728' title='bbox 3364 3529 3526 3583; x_wconf 74' lang='lat' dir='ltr'><strong>anga-</strong></span> 
     </span>
    </p>
   </div>
   <div class='ocr_carea' id='block_1_97' title="bbox 1956 3604 3523 3675">
    <p class='ocr_par' dir='ltr' id='par_1_97' title="bbox 1956 3604 3523 3675">
     <span class='ocr_line' id='line_1_97' title="bbox 1956 3604 3523 3675; baseline -0.003 -13"><span class='ocrx_word' id='word_1_729' title='bbox 1956 3610 2119 3663; x_wconf 90' lang='lat' dir='ltr'><strong>riatus</strong></span> <span class='ocrx_word' id='word_1_730' title='bbox 2146 3616 2248 3673; x_wconf 85' lang='lat' dir='ltr'><strong>est,</strong></span> <span class='ocrx_word' id='word_1_731' title='bbox 2279 3608 2343 3661; x_wconf 90' lang='lat' dir='ltr'><strong>de</strong></span> <span class='ocrx_word' id='word_1_732' title='bbox 2364 3623 2466 3675; x_wconf 89' lang='lat' dir='ltr'><strong>quo</strong></span> <span class='ocrx_word' id='word_1_733' title='bbox 2496 3614 2601 3659; x_wconf 90' lang='lat' dir='ltr'><strong>tres</strong></span> <span class='ocrx_word' id='word_1_734' title='bbox 2628 3613 3065 3668; x_wconf 84' lang='lat' dir='ltr'><strong>commemorant,</strong></span> <span class='ocrx_word' id='word_1_735' title='bbox 3090 3606 3169 3660; x_wconf 87' lang='lat' dir='ltr'><strong>cui</strong></span> <span class='ocrx_word' id='word_1_736' title='bbox 3195 3612 3375 3673; x_wconf 78' lang='lat' dir='ltr'><strong>postea</strong></span> <span class='ocrx_word' id='word_1_737' title='bbox 3401 3604 3523 3658; x_wconf 74' lang='lat' dir='ltr'><strong>data</strong></span> 
     </span>
    </p>
   </div>
   <div class='ocr_carea' id='block_1_98' title="bbox 1955 3693 3526 3769">
    <p class='ocr_par' dir='ltr' id='par_1_98' title="bbox 1955 3693 3526 3769">
     <span class='ocr_line' id='line_1_98' title="bbox 1955 3693 3526 3769; baseline -0.005 -15"><span class='ocrx_word' id='word_1_738' title='bbox 1955 3710 2037 3755; x_wconf 92' lang='lat' dir='ltr'><strong>est</strong></span> <span class='ocrx_word' id='word_1_739' title='bbox 2067 3716 2197 3752; x_wconf 87' lang='lat' dir='ltr'><strong>crux</strong></span> <span class='ocrx_word' id='word_1_740' title='bbox 2225 3699 2480 3769; x_wconf 84' lang='lat' dir='ltr'><strong>portanda</strong></span> <span class='ocrx_word' id='word_1_741' title='bbox 2508 3712 2676 3765; x_wconf 87' lang='lat' dir='ltr'><strong>usque</strong></span> <span class='ocrx_word' id='word_1_742' title='bbox 2698 3696 2765 3750; x_wconf 90' lang='lat' dir='ltr'><strong>ad</strong></span> <span class='ocrx_word' id='word_1_743' title='bbox 2797 3696 2991 3750; x_wconf 90' lang='lat' dir='ltr'><strong>locum.</strong></span> <span class='ocrx_word' id='word_1_744' title='bbox 3023 3695 3099 3749; x_wconf 73' lang='grc' dir='ltr'><strong>ιω</strong></span> <span class='ocrx_word' id='word_1_745' title='bbox 3137 3703 3419 3763; x_wconf 85' lang='lat' dir='ltr'><strong>utrumque</strong></span> <span class='ocrx_word' id='word_1_746' title='bbox 3447 3693 3526 3748; x_wconf 85' lang='lat' dir='ltr'><strong>fa-</strong></span> 
     </span>
    </p>
   </div>
   <div class='ocr_carea' id='block_1_99' title="bbox 1955 3784 3528 3857">
    <p class='ocr_par' dir='ltr' id='par_1_99' title="bbox 1955 3784 3528 3857">
     <span class='ocr_line' id='line_1_99' title="bbox 1955 3784 3528 3857; baseline -0.005 -11"><span class='ocrx_word' id='word_1_747' title='bbox 1955 3802 2097 3846; x_wconf 89' lang='lat' dir='ltr'><strong>ctum</strong></span> <span class='ocrx_word' id='word_1_748' title='bbox 2127 3792 2451 3854; x_wconf 80' lang='lat' dir='ltr'><strong>invenimus;</strong></span> <span class='ocrx_word' id='word_1_749' title='bbox 2483 3790 2655 3857; x_wconf 90' lang='lat' dir='ltr'><strong>primo</strong></span> <span class='ocrx_word' id='word_1_750' title='bbox 2670 3787 2721 3842; x_wconf 91' lang='lat' dir='ltr'><strong>id</strong></span> <span class='ocrx_word' id='word_1_751' title='bbox 2742 3787 2883 3857; x_wconf 86' lang='lat' dir='ltr'><strong>quod</strong></span> <span class='ocrx_word' id='word_1_752' title='bbox 2909 3787 3141 3845; x_wconf 79' lang='lat' dir='ltr'><strong>Joannes</strong></span> <span class='ocrx_word' id='word_1_753' title='bbox 3163 3785 3318 3845; x_wconf 70' lang='lat' dir='ltr'><strong>dixit.</strong></span> <span class='ocrx_word' id='word_1_754' title='bbox 3335 3784 3528 3841; x_wconf 86' lang='lat' dir='ltr'><strong>deinde</strong></span> 
     </span>
    </p>
   </div>
   <div class='ocr_carea' id='block_1_100' title="bbox 1956 3883 2456 3952">
    <p class='ocr_par' dir='ltr' id='par_1_100' title="bbox 1956 3883 2456 3952">
     <span class='ocr_line' id='line_1_100' title="bbox 1956 3883 2456 3952; baseline -0.008 -15"><span class='ocrx_word' id='word_1_755' title='bbox 1956 3883 2094 3952; x_wconf 81' lang='lat' dir='ltr'><strong>quod</strong></span> <span class='ocrx_word' id='word_1_756' title='bbox 2121 3883 2298 3936; x_wconf 83' lang='lat' dir='ltr'><strong>caeteri</strong></span> <span class='ocrx_word' id='word_1_757' title='bbox 2331 3890 2456 3935; x_wconf 87' lang='lat' dir='ltr'><strong>tres.</strong></span> 
     </span>
    </p>
   </div>
   <div class='ocr_carea' id='block_1_101' title="bbox 1956 4002 3525 4081">
    <p class='ocr_par' dir='ltr' id='par_1_101' title="bbox 1956 4002 3525 4081">
     <span class='ocr_line' id='line_1_101' title="bbox 1956 4002 3525 4081; baseline -0.005 -13"><span class='ocrx_word' id='word_1_758' title='bbox 1956 4011 2177 4068; x_wconf 71' lang='lat' dir='ltr'><strong>CAPUT</strong></span> <span class='ocrx_word' id='word_1_759' title='bbox 2214 4010 2306 4065; x_wconf 77' lang='lat' dir='ltr'><strong>XI.</strong></span> <span class='ocrx_word' id='word_1_760' title='bbox 2346 4042 2411 4051; x_wconf 87' lang='lat'><strong>—</strong></span> <span class='ocrx_word' id='word_1_761' title='bbox 2443 4009 2523 4065; x_wconf 82' lang='lat' dir='ltr'><strong>De</strong></span> <span class='ocrx_word' id='word_1_762' title='bbox 2546 4018 2664 4081; x_wconf 75' lang='lat' dir='ltr'><strong>potu</strong></span> <span class='ocrx_word' id='word_1_763' title='bbox 2690 4022 2835 4081; x_wconf 72' lang='lat' dir='ltr'><strong>quem</strong></span> <span class='ocrx_word' id='word_1_764' title='bbox 2873 4006 3117 4064; x_wconf 75' lang='lat' dir='ltr'><strong>dederunt</strong></span> <span class='ocrx_word' id='word_1_765' title='bbox 3157 4002 3205 4064; x_wconf 74' lang='lat' dir='ltr'><strong>et</strong></span> <span class='ocrx_word' id='word_1_766' title='bbox 3237 4009 3525 4081; x_wconf 57' lang='lat' dir='ltr'><strong>priuiquam</strong></span> 
     </span>
    </p>
   </div>
   <div class='ocr_carea' id='block_1_102' title="bbox 2025 4098 3525 4171">
    <p class='ocr_par' dir='ltr' id='par_1_102' title="bbox 2025 4098 3525 4171">
     <span class='ocr_line' id='line_1_102' title="bbox 2025 4098 3525 4171; baseline -0.001 -17"><span class='ocrx_word' id='word_1_767' title='bbox 2025 4111 2407 4156; x_wconf 83' lang='lat' dir='ltr'><strong>commemorata</strong></span> <span class='ocrx_word' id='word_1_768' title='bbox 2422 4110 2547 4155; x_wconf 83' lang='lat' dir='ltr'><strong>esset</strong></span> <span class='ocrx_word' id='word_1_769' title='bbox 2564 4103 2670 4171; x_wconf 85' lang='lat' dir='ltr'><strong>ejus</strong></span> <span class='ocrx_word' id='word_1_770' title='bbox 2689 4098 2972 4171; x_wconf 73' lang='lat' dir='ltr'><strong>crucifixio,</strong></span> <span class='ocrx_word' id='word_1_771' title='bbox 3001 4100 3248 4171; x_wconf 80' lang='lat' dir='ltr'><strong>quomodo</strong></span> <span class='ocrx_word' id='word_1_772' title='bbox 3269 4102 3525 4154; x_wconf 76' lang='lat' dir='ltr'><strong>conventa!</strong></span> 
     </span>
    </p>
   </div>
   <div class='ocr_carea' id='block_1_103' title="bbox 2020 4191 2828 4247">
    <p class='ocr_par' dir='ltr' id='par_1_103' title="bbox 2020 4191 2828 4247">
     <span class='ocr_line' id='line_1_103' title="bbox 2020 4191 2828 4247; baseline -0.002 0"><span class='ocrx_word' id='word_1_773' title='bbox 2020 4194 2152 4247; x_wconf 74' lang='lat' dir='ltr'><strong>inter</strong></span> <span class='ocrx_word' id='word_1_774' title='bbox 2180 4192 2475 4247; x_wconf 72' lang='lat' dir='ltr'><strong>Matt/neum</strong></span> <span class='ocrx_word' id='word_1_775' title='bbox 2505 4202 2548 4245; x_wconf 86' lang='lat' dir='ltr'><strong>et</strong></span> <span class='ocrx_word' id='word_1_776' title='bbox 2578 4191 2828 4245; x_wconf 79' lang='lat' dir='ltr'><strong>Marcum.</strong></span> 
     </span>
    </p>
   </div>
   <div class='ocr_carea' id='block_1_104' title="bbox 2025 4323 3524 4397">
    <p class='ocr_par' dir='ltr' id='par_1_104' title="bbox 2025 4323 3524 4397">
     <span class='ocr_line' id='line_1_104' title="bbox 2025 4323 3524 4397; baseline 0.002 -18"><span class='ocrx_word' id='word_1_777' title='bbox 2025 4330 2113 4384; x_wconf 75' lang='lat'><strong>58.</strong></span> <span class='ocrx_word' id='word_1_778' title='bbox 2141 4329 2388 4397; x_wconf 90' lang='lat' dir='ltr'><strong>Sequitur</strong></span> <span class='ocrx_word' id='word_1_779' title='bbox 2414 4327 2588 4395; x_wconf 88' lang='lat' dir='ltr'><strong>itaque</strong></span> <span class='ocrx_word' id='word_1_780' title='bbox 2614 4324 2889 4379; x_wconf 69' lang='lat' dir='ltr'><strong>Matthmtts</strong></span> <span class='ocrx_word' id='word_1_781' title='bbox 2922 4343 2935 4379; x_wconf 85' lang='lat'><strong>:</strong></span> <span class='ocrx_word' id='word_1_782' title='bbox 2967 4323 3032 4377; x_wconf 84' lang='lat' dir='ltr'><strong>Et</strong></span> <span class='ocrx_word' id='word_1_783' title='bbox 3057 4332 3312 4389; x_wconf 80' lang='lat' dir='ltr'><strong>uenerunt,</strong></span> <span class='ocrx_word' id='word_1_784' title='bbox 3336 4324 3524 4393; x_wconf 62' lang='lat' dir='ltr'><strong>inquit.</strong></span> 
     </span>
    </p>
   </div>
   <div class='ocr_carea' id='block_1_105' title="bbox 1954 4412 3523 4488">
    <p class='ocr_par' dir='ltr' id='par_1_105' title="bbox 1954 4412 3523 4488">
     <span class='ocr_line' id='line_1_105' title="bbox 1954 4412 3523 4488; baseline -0.004 -14"><span class='ocrx_word' id='word_1_785' title='bbox 1954 4420 2006 4474; x_wconf 87' lang='lat' dir='ltr'><strong>in</strong></span> <span class='ocrx_word' id='word_1_786' title='bbox 2032 4420 2196 4474; x_wconf 86' lang='lat' dir='ltr'><strong>locum</strong></span> <span class='ocrx_word' id='word_1_787' title='bbox 2224 4419 2308 4488; x_wconf 87' lang='lat' dir='ltr'><strong>qui</strong></span> <span class='ocrx_word' id='word_1_788' title='bbox 2337 4418 2521 4471; x_wconf 86' lang='lat' dir='ltr'><strong>dicitur</strong></span> <span class='ocrx_word' id='word_1_789' title='bbox 2539 4415 2811 4487; x_wconf 79' lang='lat' dir='ltr'><strong>Golgotlta,</strong></span> <span class='ocrx_word' id='word_1_790' title='bbox 2830 4414 2964 4485; x_wconf 83' lang='lat' dir='ltr'><strong>quod</strong></span> <span class='ocrx_word' id='word_1_791' title='bbox 2984 4425 3055 4469; x_wconf 76' lang='lat' dir='ltr'><strong>est</strong></span> <span class='ocrx_word' id='word_1_792' title='bbox 3075 4412 3318 4469; x_wconf 78' lang='lat' dir='ltr'><strong>Caluaria:</strong></span> <span class='ocrx_word' id='word_1_793' title='bbox 3346 4414 3484 4469; x_wconf 79' lang='lat' dir='ltr'><strong>locus</strong></span> <span class='ocrx_word' id='word_1_794' title='bbox 3507 4432 3523 4468; x_wconf 93' lang='lat'><em>:</em></span> 
     </span>
    </p>
   </div>
   <div class='ocr_carea' id='block_1_106' title="bbox 1954 4492 3527 4581">
    <p class='ocr_par' dir='ltr' id='par_1_106' title="bbox 1954 4492 3527 4581">
     <span class='ocr_line' id='line_1_106' title="bbox 1954 4492 3527 4581; baseline -0.006 -11"><span class='ocrx_word' id='word_1_795' title='bbox 1954 4514 2021 4570; x_wconf 90' lang='lat' dir='ltr'><strong>de</strong></span> <span class='ocrx_word' id='word_1_796' title='bbox 2053 4514 2151 4567; x_wconf 90' lang='lat' dir='ltr'><strong>hoc</strong></span> <span class='ocrx_word' id='word_1_797' title='bbox 2178 4514 2294 4567; x_wconf 89' lang='lat' dir='ltr'><strong>loco</strong></span> <span class='ocrx_word' id='word_1_798' title='bbox 2320 4512 2652 4581; x_wconf 85' lang='lat' dir='ltr'><strong>apertissime</strong></span> <span class='ocrx_word' id='word_1_799' title='bbox 2679 4508 3039 4565; x_wconf 87' lang='lat' dir='ltr'><strong>consentiunt.</strong></span> <span class='ocrx_word' id='word_1_800' title='bbox 3068 4507 3263 4563; x_wconf 87' lang='lat' dir='ltr'><strong>Deinde</strong></span> <span class='ocrx_word' id='word_1_801' title='bbox 3291 4492 3527 4575; x_wconf 73' lang='lat' dir='ltr'><strong>adjuugit</strong></span> 
     </span>
    </p>
   </div>
   <div class='ocr_carea' id='block_1_107' title="bbox 1955 4596 3525 4663">
    <p class='ocr_par' dir='ltr' id='par_1_107' title="bbox 1955 4596 3525 4663">
     <span class='ocr_line' id='line_1_107' title="bbox 1955 4596 3525 4663; baseline -0.004 -6"><span class='ocrx_word' id='word_1_802' title='bbox 1955 4604 2092 4659; x_wconf 88' lang='lat' dir='ltr'><strong>idem</strong></span> <span class='ocrx_word' id='word_1_803' title='bbox 2123 4604 2401 4657; x_wconf 73' lang='lat' dir='ltr'><strong>Matthmus</strong></span> <span class='ocrx_word' id='word_1_804' title='bbox 2424 4616 2438 4653; x_wconf 85' lang='lat'><strong><em>:</em></strong></span> <span class='ocrx_word' id='word_1_805' title='bbox 2465 4598 2534 4654; x_wconf 88' lang='lat' dir='ltr'><strong>Et</strong></span> <span class='ocrx_word' id='word_1_806' title='bbox 2562 4599 2805 4652; x_wconf 81' lang='lat' dir='ltr'><strong>dederunt</strong></span> <span class='ocrx_word' id='word_1_807' title='bbox 2834 4598 2879 4651; x_wconf 78' lang='lat' dir='ltr'><strong>ei</strong></span> <span class='ocrx_word' id='word_1_808' title='bbox 2900 4598 3065 4650; x_wconf 84' lang='lat' dir='ltr'><strong>vinum</strong></span> <span class='ocrx_word' id='word_1_809' title='bbox 3091 4596 3253 4656; x_wconf 80' lang='lat' dir='ltr'><strong>bibere</strong></span> <span class='ocrx_word' id='word_1_810' title='bbox 3281 4612 3394 4655; x_wconf 74' lang='lat' dir='ltr'><strong>cum</strong></span> <span class='ocrx_word' id='word_1_811' title='bbox 3410 4596 3525 4663; x_wconf 79' lang='lat' dir='ltr'><strong>felle</strong></span> 
     </span>
    </p>
   </div>
   <div class='ocr_carea' id='block_1_108' title="bbox 1954 4686 3525 4764">
    <p class='ocr_par' dir='ltr' id='par_1_108' title="bbox 1954 4686 3525 4764">
     <span class='ocr_line' id='line_1_108' title="bbox 1954 4686 3525 4764; baseline -0.006 -14"><span class='ocrx_word' id='word_1_812' title='bbox 1954 4698 2185 4760; x_wconf 74' lang='lat' dir='ltr'><strong>mixtum,</strong></span> <span class='ocrx_word' id='word_1_813' title='bbox 2210 4704 2255 4749; x_wconf 88' lang='lat' dir='ltr'><strong>et</strong></span> <span class='ocrx_word' id='word_1_814' title='bbox 2297 4710 2412 4747; x_wconf 85' lang='lat' dir='ltr'><strong>cum</strong></span> <span class='ocrx_word' id='word_1_815' title='bbox 2437 4701 2706 4764; x_wconf 75' lang='lat' dir='ltr'><strong>gustasset,</strong></span> <span class='ocrx_word' id='word_1_816' title='bbox 2738 4688 2895 4744; x_wconf 79' lang='lat' dir='ltr'><strong>noluit</strong></span> <span class='ocrx_word' id='word_1_817' title='bbox 2931 4688 3093 4741; x_wconf 81' lang='lat' dir='ltr'><strong>bibere</strong></span> <span class='ocrx_word' id='word_1_818' title='bbox 3118 4686 3330 4756; x_wconf 72' lang='lat' dir='ltr'><strong>(Matth.</strong></span> <span class='ocrx_word' id='word_1_819' title='bbox 3362 4704 3525 4751; x_wconf 79' lang='lat' dir='ltr'><strong>xxvu,</strong></span> 
     </span>
    </p>
   </div>
   <div class='ocr_carea' id='block_1_109' title="bbox 1956 4779 3526 4850">
    <p class='ocr_par' dir='ltr' id='par_1_109' title="bbox 1956 4779 3526 4850">
     <span class='ocr_line' id='line_1_109' title="bbox 1956 4779 3526 4850; baseline -0.007 -10"><span class='ocrx_word' id='word_1_820' title='bbox 1956 4786 2163 4850; x_wconf 65' lang='lat'><strong>55.5.5).</strong></span> <span class='ocrx_word' id='word_1_821' title='bbox 2184 4785 2291 4838; x_wconf 90' lang='lat' dir='ltr'><strong>lloc</strong></span> <span class='ocrx_word' id='word_1_822' title='bbox 2308 4784 2514 4838; x_wconf 80' lang='lat' dir='ltr'><strong>Marcus</strong></span> <span class='ocrx_word' id='word_1_823' title='bbox 2538 4784 2606 4837; x_wconf 87' lang='lat' dir='ltr'><strong>ita</strong></span> <span class='ocrx_word' id='word_1_824' title='bbox 2627 4790 2833 4835; x_wconf 83' lang='lat' dir='ltr'><strong>narrat:</strong></span> <span class='ocrx_word' id='word_1_825' title='bbox 2851 4779 2915 4833; x_wconf 81' lang='lat' dir='ltr'><strong>Et</strong></span> <span class='ocrx_word' id='word_1_826' title='bbox 2928 4779 3165 4833; x_wconf 76' lang='lat' dir='ltr'><strong>dabnntei</strong></span> <span class='ocrx_word' id='word_1_827' title='bbox 3183 4779 3341 4833; x_wconf 84' lang='lat' dir='ltr'><strong>bibere</strong></span> <span class='ocrx_word' id='word_1_828' title='bbox 3357 4780 3526 4831; x_wconf 87' lang='lat' dir='ltr'><strong>vinum</strong></span> 
     </span>
    </p>
   </div>
   <div class='ocr_carea' id='block_1_110' title="bbox 1956 4870 3525 4949">
    <p class='ocr_par' dir='ltr' id='par_1_110' title="bbox 1956 4870 3525 4949">
     <span class='ocr_line' id='line_1_110' title="bbox 1956 4870 3525 4949; baseline -0.002 -20"><span class='ocrx_word' id='word_1_829' title='bbox 1956 4878 2303 4949; x_wconf 73' lang='lat' dir='ltr'><strong>myrrlzatum;</strong></span> <span class='ocrx_word' id='word_1_830' title='bbox 2356 4884 2402 4929; x_wconf 86' lang='lat' dir='ltr'><strong>et</strong></span> <span class='ocrx_word' id='word_1_831' title='bbox 2467 4892 2568 4929; x_wconf 86' lang='lat' dir='ltr'><strong>non</strong></span> <span class='ocrx_word' id='word_1_832' title='bbox 2625 4875 2817 4945; x_wconf 83' lang='lat' dir='ltr'><strong>accepit</strong></span> <span class='ocrx_word' id='word_1_833' title='bbox 2867 4872 3059 4943; x_wconf 83' lang='lat' dir='ltr'><strong>(Marc.</strong></span> <span class='ocrx_word' id='word_1_834' title='bbox 3115 4888 3200 4935; x_wconf 79' lang='lat' dir='ltr'><strong>xv,</strong></span> <span class='ocrx_word' id='word_1_835' title='bbox 3241 4870 3357 4940; x_wconf 75' lang='lat'><strong>25).</strong></span> <span class='ocrx_word' id='word_1_836' title='bbox 3413 4872 3525 4926; x_wconf 86' lang='lat' dir='ltr'><strong>Hoc</strong></span> 
     </span>
    </p>
   </div>
   <div class='ocr_carea' id='block_1_111' title="bbox 1956 4963 3523 5039">
    <p class='ocr_par' dir='ltr' id='par_1_111' title="bbox 1956 4963 3523 5039">
     <span class='ocr_line' id='line_1_111' title="bbox 1956 4963 3523 5039; baseline -0.001 -16"><span class='ocrx_word' id='word_1_837' title='bbox 1956 4969 2348 5039; x_wconf 80' lang='lat' dir='ltr'><strong>intelligendum</strong></span> <span class='ocrx_word' id='word_1_838' title='bbox 2388 4976 2468 5023; x_wconf 85' lang='lat' dir='ltr'><strong>est</strong></span> <span class='ocrx_word' id='word_1_839' title='bbox 2515 4967 2818 5024; x_wconf 69' lang='lat' dir='ltr'><strong>blaltlimum</strong></span> <span class='ocrx_word' id='word_1_840' title='bbox 2868 4966 3084 5027; x_wconf 78' lang='lat' dir='ltr'><strong>dixisse,</strong></span> <span class='ocrx_word' id='word_1_841' title='bbox 3118 4981 3231 5017; x_wconf 79' lang='lat' dir='ltr'><strong>cum</strong></span> <span class='ocrx_word' id='word_1_842' title='bbox 3258 4963 3375 5034; x_wconf 78' lang='lat' dir='ltr'><strong>felle</strong></span> <span class='ocrx_word' id='word_1_843' title='bbox 3394 4966 3523 5021; x_wconf 51' lang='lat' dir='ltr'><strong>mis-</strong></span> 
     </span>
    </p>
   </div>
   <div class='ocr_carea' id='block_1_112' title="bbox 1957 5056 3520 5132">
    <p class='ocr_par' dir='ltr' id='par_1_112' title="bbox 1957 5056 3520 5132">
     <span class='ocr_line' id='line_1_112' title="bbox 1957 5056 3520 5132; baseline -0.002 -18"><span class='ocrx_word' id='word_1_844' title='bbox 1957 5072 2096 5123; x_wconf 83' lang='lat' dir='ltr'><strong>tum:</strong></span> <span class='ocrx_word' id='word_1_845' title='bbox 2120 5062 2184 5115; x_wconf 88' lang='lat' dir='ltr'><strong>fel</strong></span> <span class='ocrx_word' id='word_1_846' title='bbox 2212 5062 2405 5132; x_wconf 89' lang='lat' dir='ltr'><strong>quippe</strong></span> <span class='ocrx_word' id='word_1_847' title='bbox 2440 5076 2534 5131; x_wconf 91' lang='lat' dir='ltr'><strong>pro</strong></span> <span class='ocrx_word' id='word_1_848' title='bbox 2570 5059 2919 5114; x_wconf 85' lang='lat' dir='ltr'><strong>amaritudine</strong></span> <span class='ocrx_word' id='word_1_849' title='bbox 2958 5056 3165 5125; x_wconf 88' lang='lat' dir='ltr'><strong>posuit;</strong></span> <span class='ocrx_word' id='word_1_850' title='bbox 3193 5057 3520 5127; x_wconf 82' lang='lat' dir='ltr'><strong>myrrliatum</strong></span> 
     </span>
    </p>
   </div>
   <div class='ocr_carea' id='block_1_113' title="bbox 1955 5146 3524 5217">
    <p class='ocr_par' dir='ltr' id='par_1_113' title="bbox 1955 5146 3524 5217">
     <span class='ocr_line' id='line_1_113' title="bbox 1955 5146 3524 5217; baseline -0.002 -11"><span class='ocrx_word' id='word_1_851' title='bbox 1955 5152 2093 5206; x_wconf 90' lang='lat' dir='ltr'><strong>enim</strong></span> <span class='ocrx_word' id='word_1_852' title='bbox 2123 5153 2297 5206; x_wconf 89' lang='lat' dir='ltr'><strong>viuum</strong></span> <span class='ocrx_word' id='word_1_853' title='bbox 2326 5153 2713 5207; x_wconf 82' lang='lat' dir='ltr'><strong>amarissimum</strong></span> <span class='ocrx_word' id='word_1_854' title='bbox 2752 5158 2866 5203; x_wconf 89' lang='lat' dir='ltr'><strong>est:</strong></span> <span class='ocrx_word' id='word_1_855' title='bbox 2889 5162 3191 5216; x_wconf 83' lang='lat' dir='ltr'><strong>quanquam</strong></span> <span class='ocrx_word' id='word_1_856' title='bbox 3215 5146 3328 5207; x_wconf 73' lang='lat' dir='ltr'><strong>ﬁeri</strong></span> <span class='ocrx_word' id='word_1_857' title='bbox 3356 5149 3524 5217; x_wconf 82' lang='lat' dir='ltr'><strong>possit</strong></span> 
     </span>
    </p>
   </div>
   <div class='ocr_carea' id='block_1_114' title="bbox 1956 5238 3520 5312">
    <p class='ocr_par' dir='ltr' id='par_1_114' title="bbox 1956 5238 3520 5312">
     <span class='ocr_line' id='line_1_114' title="bbox 1956 5238 3520 5312; baseline -0.003 -16"><span class='ocrx_word' id='word_1_858' title='bbox 1956 5253 2014 5297; x_wconf 93' lang='lat' dir='ltr'><strong>ut</strong></span> <span class='ocrx_word' id='word_1_859' title='bbox 2051 5252 2104 5299; x_wconf 89' lang='lat' dir='ltr'><strong>et</strong></span> <span class='ocrx_word' id='word_1_860' title='bbox 2146 5244 2211 5297; x_wconf 88' lang='lat' dir='ltr'><strong>fel</strong></span> <span class='ocrx_word' id='word_1_861' title='bbox 2256 5253 2310 5299; x_wconf 90' lang='lat' dir='ltr'><strong>et</strong></span> <span class='ocrx_word' id='word_1_862' title='bbox 2356 5242 2568 5312; x_wconf 76' lang='lat' dir='ltr'><strong>myrrha</strong></span> <span class='ocrx_word' id='word_1_863' title='bbox 2597 5241 2774 5295; x_wconf 89' lang='lat' dir='ltr'><strong>vinum</strong></span> <span class='ocrx_word' id='word_1_864' title='bbox 2805 5239 3189 5295; x_wconf 82' lang='lat' dir='ltr'><strong>amarissimum</strong></span> <span class='ocrx_word' id='word_1_865' title='bbox 3217 5238 3520 5295; x_wconf 85' lang='lat' dir='ltr'><strong>redderent.</strong></span> 
     </span>
    </p>
   </div>
   <div class='ocr_carea' id='block_1_115' title="bbox 1953 5326 3519 5402">
    <p class='ocr_par' dir='ltr' id='par_1_115' title="bbox 1953 5326 3519 5402">
     <span class='ocr_line' id='line_1_115' title="bbox 1953 5326 3519 5402; baseline -0.004 -15"><span class='ocrx_word' id='word_1_866' title='bbox 1953 5332 2102 5399; x_wconf 88' lang='lat' dir='ltr'><strong>Quod</strong></span> <span class='ocrx_word' id='word_1_867' title='bbox 2133 5348 2259 5402; x_wconf 82' lang='lat' dir='ltr'><strong>ergo</strong></span> <span class='ocrx_word' id='word_1_868' title='bbox 2295 5333 2367 5385; x_wconf 90' lang='lat' dir='ltr'><strong>ait</strong></span> <span class='ocrx_word' id='word_1_869' title='bbox 2404 5331 2639 5395; x_wconf 84' lang='lat' dir='ltr'><strong>Marcus,</strong></span> <span class='ocrx_word' id='word_1_870' title='bbox 2666 5344 2764 5381; x_wconf 89' lang='lat' dir='ltr'><strong>non</strong></span> <span class='ocrx_word' id='word_1_871' title='bbox 2796 5328 3021 5397; x_wconf 87' lang='lat' dir='ltr'><strong>accepit;</strong></span> <span class='ocrx_word' id='word_1_872' title='bbox 3055 5326 3382 5397; x_wconf 78' lang='lat' dir='ltr'><strong>intelligitur,</strong></span> <span class='ocrx_word' id='word_1_873' title='bbox 3416 5342 3519 5381; x_wconf 90' lang='lat' dir='ltr'><strong>non</strong></span> 
     </span>
    </p>
   </div>
   <div class='ocr_carea' id='block_1_116' title="bbox 1954 5417 3521 5492">
    <p class='ocr_par' dir='ltr' id='par_1_116' title="bbox 1954 5417 3521 5492">
     <span class='ocr_line' id='line_1_116' title="bbox 1954 5417 3521 5492; baseline -0.005 -14"><span class='ocrx_word' id='word_1_874' title='bbox 1954 5425 2153 5492; x_wconf 86' lang='lat' dir='ltr'><strong>accepit</strong></span> <span class='ocrx_word' id='word_1_875' title='bbox 2196 5432 2253 5475; x_wconf 86' lang='lat' dir='ltr'><strong>ut</strong></span> <span class='ocrx_word' id='word_1_876' title='bbox 2298 5421 2519 5477; x_wconf 79' lang='lat' dir='ltr'><strong>biberet.</strong></span> <span class='ocrx_word' id='word_1_877' title='bbox 2551 5419 2791 5475; x_wconf 72' lang='lat' dir='ltr'><strong>Gestavit</strong></span> <span class='ocrx_word' id='word_1_878' title='bbox 2828 5426 3026 5481; x_wconf 85' lang='lat' dir='ltr'><strong>autem,</strong></span> <span class='ocrx_word' id='word_1_879' title='bbox 3070 5418 3205 5475; x_wconf 65' lang='lat' dir='ltr'><strong>Sicut</strong></span> <span class='ocrx_word' id='word_1_880' title='bbox 3249 5417 3521 5475; x_wconf 70' lang='lat' dir='ltr'><strong>Matthrcus</strong></span> 
     </span>
    </p>
   </div>
   <div class='ocr_carea' id='block_1_117' title="bbox 1956 5504 3515 5585">
    <p class='ocr_par' dir='ltr' id='par_1_117' title="bbox 1956 5504 3515 5585">
     <span class='ocr_line' id='line_1_117' title="bbox 1956 5504 3515 5585; baseline -0.005 -14"><span class='ocrx_word' id='word_1_881' title='bbox 1956 5518 2107 5571; x_wconf 86' lang='lat' dir='ltr'><strong>testis</strong></span> <span class='ocrx_word' id='word_1_882' title='bbox 2130 5523 2209 5569; x_wconf 92' lang='lat' dir='ltr'><strong>est</strong></span> <span class='ocrx_word' id='word_1_883' title='bbox 2236 5532 2250 5579; x_wconf 88' lang='lat'><strong>;</strong></span> <span class='ocrx_word' id='word_1_884' title='bbox 2280 5525 2335 5569; x_wconf 90' lang='lat' dir='ltr'><strong>ut</strong></span> <span class='ocrx_word' id='word_1_885' title='bbox 2364 5514 2501 5585; x_wconf 89' lang='lat' dir='ltr'><strong>quod</strong></span> <span class='ocrx_word' id='word_1_886' title='bbox 2536 5513 2671 5567; x_wconf 87' lang='lat' dir='ltr'><strong>idem</strong></span> <span class='ocrx_word' id='word_1_887' title='bbox 2708 5511 2981 5567; x_wconf 69' lang='lat' dir='ltr'><strong>Matutinus</strong></span> <span class='ocrx_word' id='word_1_888' title='bbox 3022 5511 3114 5575; x_wconf 90' lang='lat' dir='ltr'><strong>ait,</strong></span> <span class='ocrx_word' id='word_1_889' title='bbox 3143 5508 3301 5565; x_wconf 85' lang='lat' dir='ltr'><strong>noluit</strong></span> <span class='ocrx_word' id='word_1_890' title='bbox 3334 5504 3515 5575; x_wconf 77' lang='lat' dir='ltr'><strong>bibere,</strong></span> 
     </span>
    </p>
   </div>
   <div class='ocr_carea' id='block_1_118' title="bbox 1953 5600 3517 5673">
    <p class='ocr_par' dir='ltr' id='par_1_118' title="bbox 1953 5600 3517 5673">
     <span class='ocr_line' id='line_1_118' title="bbox 1953 5600 3517 5673; baseline -0.004 -12"><span class='ocrx_word' id='word_1_891' title='bbox 1953 5608 2055 5661; x_wconf 89' lang='lat' dir='ltr'><strong>hoc</strong></span> <span class='ocrx_word' id='word_1_892' title='bbox 2075 5607 2279 5663; x_wconf 84' lang='lat' dir='ltr'><strong>Marcus</strong></span> <span class='ocrx_word' id='word_1_893' title='bbox 2300 5607 2510 5673; x_wconf 85' lang='lat' dir='ltr'><strong>dixerit,</strong></span> <span class='ocrx_word' id='word_1_894' title='bbox 2541 5614 2643 5659; x_wconf 82' lang='lat' dir='ltr'><strong>non</strong></span> <span class='ocrx_word' id='word_1_895' title='bbox 2665 5604 2894 5673; x_wconf 74' lang='lat' dir='ltr'><strong>accepit;</strong></span> <span class='ocrx_word' id='word_1_896' title='bbox 2925 5602 3147 5659; x_wconf 76' lang='lat' dir='ltr'><strong>tacuerit</strong></span> <span class='ocrx_word' id='word_1_897' title='bbox 3171 5606 3348 5657; x_wconf 76' lang='lat' dir='ltr'><strong>autem</strong></span> <span class='ocrx_word' id='word_1_898' title='bbox 3375 5600 3517 5672; x_wconf 77' lang='lat' dir='ltr'><strong>quod</strong></span> 
     </span>
    </p>
   </div>
   <div class='ocr_carea' id='block_1_119' title="bbox 1948 5700 2257 5771">
    <p class='ocr_par' dir='ltr' id='par_1_119' title="bbox 1948 5700 2257 5771">
     <span class='ocr_line' id='line_1_119' title="bbox 1948 5700 2257 5771; baseline 0 -16"><span class='ocrx_word' id='word_1_899' title='bbox 1948 5700 2257 5771; x_wconf 74' lang='lat' dir='ltr'><strong>gustaverit.</strong></span> 
     </span>
    </p>
   </div>
  </div>
