3888 6336
409 419 638 481 CAPUT
664 419 779 478 XII.
800 445 874 462 --
891 415 969 471 De
999 415 1242 470 divisione
1269 415 1671 470 uestimentorum
1707 413 1840 482 ejus,
1867 424 1992 480 quo-

765 507 914 562 modo
936 507 1067 561 inter
1102 523 1155 560 se
1177 522 1348 560 omnes
1369 506 1684 559 conveniant.

477 601 566 657 39.
591 599 842 669 Sequitur
865 595 1142 651 Matthteus
1171 611 1183 647 :
1215 613 1234 647 ι
1269 595 1550 665 Postquam
1577 602 1754 648 autem
1781 591 1989 647 cruciﬁ-

411 701 604 747 xerunt
632 705 778 754 eum,
805 687 1099 743 diviserunt
1141 687 1456 741 vestimenta
1498 685 1612 754 ejus
1639 691 1839 738 sortem
1863 684 1989 735 mit-

407 791 580 836 tentes
597 781 697 850 (a);
720 788 774 834 et
787 777 1056 840 sedentes,
1076 775 1362 830 servabant
1399 790 1519 830 eum
1547 794 1566 827 ι
1589 773 1799 842 (Matth.
1822 787 1984 837 xxvn,

406 874 497 937 35,
520 872 631 938 36).
657 870 769 924 Hoc
790 869 928 922 idem
959 868 1163 922 Marcus
1189 868 1265 922 sic
1289 884 1301 918 :
1333 885 1351 918 ι
1384 867 1450 921 Et
1473 865 1841 935 cruciﬁgentes
1864 879 1986 918 eum

405 963 698 1018 diviserunt
717 960 1030 1014 vestimenta
1051 959 1186 1028 ejus,
1200 959 1472 1014 mittentes
1493 966 1690 1012 sortem
1708 971 1869 1025 super
1883 956 1982 1023 eis,

401 1053 523 1122 quis
544 1050 668 1120 quid
700 1050 906 1106 tolleret
927 1069 946 1102 ι
976 1048 1164 1122 (Marc.
1195 1065 1284 1115 xv,
1302 1047 1415 1122 24).
1439 1049 1551 1103 Hoc
1576 1049 1744 1103 Lucas
1763 1048 1842 1102 sic
1867 1048 1973 1102 ait:

407 1159 428 1194 ι
462 1141 766 1196 Dividentes
809 1154 939 1195 vero
987 1141 1303 1195 vestimenta
1346 1139 1461 1209 ejus
1492 1139 1752 1192 miserunt
1780 1147 1981 1202 sortes;

406 1241 462 1287 et
491 1233 661 1287 stabat
690 1231 915 1302 populus
935 1240 1180 1302 spectans
1205 1250 1223 1282 ι
1242 1229 1391 1299 (Luc.
1421 1246 1566 1291 χχιιι,
1597 1231 1684 1292 54,
1718 1229 1831 1299 55).
1857 1229 1984 1284 Bre-

401 1324 535 1378 viter
570 1339 599 1375 a
641 1324 808 1378 tribus
831 1323 1030 1378 dictum
1060 1332 1167 1385 est;
1197 1322 1428 1377 Joannes
1465 1332 1644 1377 autem
1687 1321 1986 1376 distinctius

405 1414 506 1468 hoc
551 1415 779 1484 explicat
825 1414 1270 1484 quemadmodum
1314 1425 1518 1484 gestum
1567 1415 1638 1468 sit
1683 1432 1694 1466 :
1735 1433 1754 1465 ‹
1793 1414 1984 1469 Milites

398 1519 546 1576 ergo,
589 1526 605 1558 ι
641 1506 864 1575 inquit,t
891 1520 1012 1561 cum
1048 1507 1436 1560 crucilixissent
1476 1521 1619 1571 eum,
1665 1513 1985 1574 acceperunt

398 1598 714 1652 vestimenta
761 1597 897 1665 ejus,
941 1606 998 1651 et
1032 1596 1271 1651 fecerunt
1299 1606 1524 1666 quatuor
1557 1605 1753 1665 partes,
1787 1594 1985 1649 unicui-

401 1702 506 1757 que
534 1687 685 1740 militi
719 1695 946 1755 partem,
978 1696 1030 1742 et
1062 1688 1311 1741 tunicam.
1349 1687 1474 1741 Erat
1499 1697 1676 1741 autem
1703 1688 1878 1741 tunica
1904 1687 1985 1740 in-

399 1776 677 1831 consutilis
701 1776 934 1847 desuper
959 1787 1210 1832 contexta
1241 1794 1334 1848 per
1349 1786 1538 1832 totum.
1573 1779 1830 1833 Dixerunt
1857 1793 1983 1847 ergo

396 1866 463 1920 ad
491 1866 740 1930 invicem,
778 1867 892 1922 Non
937 1868 1242 1922 scmdamus
1288 1884 1428 1932 eam,
1465 1869 1558 1923 sed
1601 1870 1889 1923 sortiamur
1917 1870 1983 1924 de

406 1957 496 2011 illa
524 1956 675 2025 cujus
705 1956 773 2012 sit
805 1974 817 2008 :
845 1966 900 2011 ut
925 1958 1198 2027 Scriptura
1231 1958 1541 2028 impleretur
1564 1958 1767 2025 dicens,
1801 1958 1983 2014 Partiti

397 2057 522 2103 sunt
538 2050 850 2104 vestimenta
878 2065 997 2106 mea
1018 2051 1138 2114 sibi,
1157 2061 1210 2106 et
1230 2051 1283 2105 in
1309 2061 1510 2106 vestem
1531 2066 1704 2106 meam
1726 2053 1984 2107 miserunt

397 2153 594 2199 sortem
625 2164 642 2196 ι
676 2143 852 2214 (Ιοιιιι.
884 2161 997 2207 xix,
1022 2145 1110 2209 25,
1136 2145 1249 2215 24).

398 2235 625 2292 CAPUT
653 2235 793 2291 XIII.
819 2266 891 2277 —
921 2236 998 2292 De
1037 2238 1162 2291 hora
1206 2239 1470 2292 dominica:
1502 2239 1769 2308 passionis,
1809 2255 1983 2308 quem-

469 2325 746 2379 admodum
770 2343 872 2380 non
899 2327 1029 2380 inter
1042 2344 1096 2380 se
1120 2328 1416 2382 dissentiant
1434 2326 1642 2381 Marcus
1669 2337 1716 2382 et
1735 2327 1978 2394 Joannes,

467 2425 673 2485 propter
700 2417 894 2472 tertiam
917 2427 962 2470 et
989 2427 1206 2472 sextam.

466 2504 556 2560 40.
587 2505 839 2575 Sequitur
866 2506 1142 2564 Matthteus
1172 2526 1184 2560 :
1217 2508 1282 2562 Et
1300 2510 1644 2578 imposuerunt
1669 2525 1818 2580 super
1831 2519 1982 2580 caput

398 2597 508 2667 ejus
531 2613 737 2652 causam
765 2600 923 2667 ipsius
947 2601 1222 2667 scriptam:
1252 2600 1350 2654 Hic
1388 2613 1458 2655 est
1484 2601 1633 2656 Iesus
1657 2619 1746 2656 rex
1771 2602 1983 2657 Judteo-

395 2703 508 2740 rum
539 2685 750 2758 (Matth.
781 2705 946 2756 xxvn,
981 2691 1090 2760 57).
1111 2691 1317 2746 Marcus
1342 2703 1516 2748 autem
1543 2695 1846 2763 priusquam
1879 2694 1981 2748 hoc

393 2776 635 2844 dixisset,
669 2779 796 2833 Erat
834 2790 1024 2845 autem,
1064 2781 1255 2851 inquit,
1292 2783 1418 2836 hora
1455 2784 1618 2847 tertia,
1647 2793 1693 2837 et
1717 2783 1980 2850 cruci/iae-

394 2879 511 2921 runt
538 2885 650 2922 eum
680 2869 870 2939 (Marc.
900 2887 993 2938 xv,
1023 2869 1137 2942 25);
1172 2873 1271 2927 hoc
1296 2873 1438 2928 enim
1465 2873 1734 2942 subjungit
1767 2889 1886 2928 cum
1912 2873 1980 2928 de

393 2962 618 3015 vestium
667 2961 927 3017 divisione
982 2963 1240 3018 dixisset:
1271 2979 1389 3033 qua:
1443 2979 1528 3019 res
1579 2964 1980 3033 diligentissime

392 3053 775 3106 consideranda
808 3063 910 3116 est,
942 3070 1009 3106 ne
1051 3069 1299 3122 magnum
1347 3056 1500 3108 faciat
1544 3071 1803 3109 errorem.
1844 3055 1980 3110 Sunt

393 3139 534 3194 enim
581 3140 670 3208 qui
714 3140 1038 3196 arbitrentur
1079 3141 1207 3195 hora
1257 3143 1468 3212 quidem
1512 3146 1664 3198 tertia
1696 3125 1976 3200 Dominum

395 3231 740 3297 cruciﬁxum;
772 3247 803 3285 a
831 3243 978 3286 sexta
1005 3242 1178 3288 autem
1207 3233 1334 3287 hora
1359 3234 1605 3290 tenebras
1629 3236 1790 3291 iactas
1813 3253 1977 3307 usque

402 3321 469 3376 ad
495 3336 708 3386 nonam,
741 3331 796 3375 ut
819 3334 1148 3392 consumpta:
1189 3325 1546 3395 intelligantur
1584 3337 1693 3383 tres
1727 3323 1872 3383 ho'rac
1911 3345 1978 3385 ex

401 3427 507 3482 quo
523 3413 807 3468 cruciﬁxus
827 3422 928 3479 est,
955 3430 1123 3485 usque
1137 3416 1201 3469 ad
1230 3417 1475 3472 tenebras
1499 3418 1678 3474 factas.
1712 3420 1778 3474 Et
1798 3431 1978 3489 posset

392 3503 609 3572 quidem
643 3503 743 3558 hoc
768 3505 1062 3561 rectissime
1091 3507 1340 3578 intelligi,
1371 3509 1468 3563 nisi
1497 3509 1727 3564 Joannes
1754 3511 1974 3578 diceret,

391 3593 522 3647 hora
551 3597 698 3662 quasi
724 3603 872 3650 sexta
903 3595 1127 3651 Pilatum
1157 3598 1360 3654 sedisse
1381 3615 1476 3669 pro
1496 3601 1744 3656 tribunali
1778 3603 1828 3656 in
1859 3603 1977 3659 loco

392 3686 480 3755 qui
505 3685 697 3741 dicitur
717 3687 1090 3752 Lithostrotos,
1113 3689 1356 3746 hebraice
1370 3701 1546 3746 autem
1569 3694 1861 3749 Gabbatba.
1881 3696 1976 3752 Se‘

391 3776 572 3845 quitur
599 3777 740 3832 enim
771 3797 785 3832 :
811 3776 938 3832 Erat
959 3789 1126 3834 autem
1147 3797 1412 3850 parasceve
1440 3780 1670 3848 Paschte,
1690 3785 1814 3838 hora
1833 3788 1977 3855 quasi

390 3879 554 3934 sexta,
585 3879 630 3921 et
649 3869 767 3922 dicit
786 3870 980 3924 Iudaeis
1003 3887 1021 3924 :
1038 3870 1171 3925 Ecce
1193 3889 1282 3926 rea:
1300 3883 1475 3927 vester.
1501 3873 1590 3928 Illi
1612 3885 1776 3930 autem
1797 3877 1977 3931 clama-

391 3957 510 4010 bant
533 3973 550 4009 :
576 3957 736 4021 Tolle,
757 3959 894 4024 tolle,
910 3961 1147 4031 cruciﬁge
1160 3978 1289 4014 eum.
1311 3961 1531 4017 Dixiteis
1546 3962 1745 4020 Pilatus
1759 3983 1776 4019 :
1790 3967 1977 4037 Regem

391 4056 608 4101 vestrum
625 4049 917 4120 cruciﬁgam
933 4050 958 4104 ?
973 4048 1358 4119 Responderunt
1379 4054 1638 4122 pontiﬁces
1655 4071 1672 4108 :
1692 4055 1811 4109 Non
1827 4058 1978 4112 Imbe-

395 4154 506 4192 mus
524 4155 689 4209 regem
711 4139 806 4193 nisi
823 4138 1091 4194 thsarem.
1123 4140 1261 4196 Tunc
1287 4159 1404 4213 ergo
1431 4144 1637 4198 tradidit
1663 4147 1732 4200 eis
1757 4147 1900 4200 illum
1921 4157 1976 4202 ut

390 4231 767 4310 cruciﬁgeretur
793 4229 971 4299 (Joan.
1012 4249 1129 4298 xix,
1162 4234 1369 4304 15ο16).
1403 4234 1458 4289 Si
1486 4235 1642 4304 igitur
1665 4236 1794 4290 hora
1825 4239 1975 4306 quasi

390 4329 537 4375 sexta
568 4320 737 4374 Pilato
765 4320 985 4376 sedente
1010 4337 1106 4391 pro
1132 4323 1376 4376 tribunali
1407 4323 1626 4379 traditus
1655 4335 1737 4380 est
1763 4326 1975 4382 cruciﬁ-

389 4411 592 4481 gendus
626 4411 861 4481 Judaeis,
893 4413 1160 4482 quomodo
1200 4413 1328 4468 hora
1364 4416 1514 4470 tertia
1543 4417 1829 4472 cruciﬁxus
1855 4427 1971 4483 est,

389 4503 526 4557 sicut
541 4504 699 4558 verba
719 4503 878 4558 Marci
899 4519 1004 4558 non
1024 4504 1376 4574 intelligentes
1391 4506 1603 4575 quidam
1622 4513 1974 4578 putaverunt?

459 4594 546 4648 Ill.
577 4594 729 4648 Prius
745 4595 884 4648 enim
905 4610 1008 4664 qua
1023 4594 1151 4649 hora
1172 4597 1407 4666 cruciligi
1427 4599 1656 4666 potuerit
1674 4599 1968 4666 videamus;

389 4685 580 4740 deinde
611 4684 906 4739 videbimus
943 4701 1038 4739 cur
1083 4687 1209 4741 hora
1253 4689 1406 4742 tertia
1447 4690 1750 4744 cruciﬁxum
1779 4692 1974 4748 dixerit

389 4777 612 4832 Marcus.
655 4776 793 4830 llora
821 4785 936 4830 erat
959 4778 1106 4844 quasi
1133 4787 1279 4833 sexta
1311 4795 1431 4833 cum
1455 4781 1673 4836 traditus
1698 4792 1778 4838 est
1797 4786 1972 4838 cruci-

389 4869 626 4940 ﬁgendus
655 4884 686 4924 a
707 4868 874 4923 Pilato
900 4867 1136 4934 sedente,
1163 4878 1220 4922 ut
1243 4870 1439 4925 dictum
1466 4881 1566 4936 est,
1583 4890 1680 4944 pro
1703 4874 1968 4931 tribunali.

385 4960 501 5016 Non
547 4951 692 5016 enini
727 4960 835 5031 jam
868 4961 1021 5030 plena
1048 4969 1195 5016 sexta
1224 4971 1357 5025 erat,
1389 4964 1481 5018 sed
1506 4967 1654 5033 quasi
1703 4976 1872 5034 sexta,
1916 4969 1970 5023 id

385 5063 486 5118 est,
525 5062 731 5120 peracta
766 5054 946 5122 quinta
975 5054 1169 5124 aliquid
1197 5055 1353 5108 etiam
1382 5055 1447 5109 de
1477 5065 1624 5111 sexta
1647 5071 1764 5113 esse
1792 5075 1972 5129 ccepc-

386 5153 488 5200 rat.
511 5143 786 5212 Nunquam
807 5154 983 5199 autem
1005 5145 1089 5199 isti
1115 5145 1374 5210 dicerent,
1405 5146 1596 5213 Quinta
1610 5157 1659 5202 et
1678 5149 1965 5220 quadrans,

385 5246 477 5292 aut
499 5237 681 5304 quinta
706 5245 761 5292 et
787 5237 973 5305 triens,
995 5248 1086 5293 aut
1105 5239 1286 5309 quinta
1324 5248 1378 5296 et
1415 5241 1591 5306 semis,
1636 5251 1724 5297 aut
1769 5244 1966 5314 aliquid

1229 5394 1413 5443 rieterit
1449 5395 1600 5446 verba
1630 5395 1709 5444 illa
1733 5398 1967 5447 versionis

385 5450 629 5513 vulgatae,
653 5456 704 5520 nt
722 5450 1009 5520 impleretur
1024 5453 1151 5520 quod
1174 5450 1354 5504 dictum
1374 5460 1446 5505 est
1466 5469 1552 5519 per
1585 5457 1863 5520 prophetam
1895 5457 1966 5507 di-

384 5511 567 5581 ealtth
585 5552 614 5581 ,_
631 5511 896 5562 Dirisci'unt
919 5513 1009 5564 sibi
1030 5511 1300 5581 uestimenta
1320 5529 1452 5581 mea,
1467 5511 1610 5577 'etc.',
1635 5511 1744 5581 qua:
1767 5521 1815 5568 in
1839 5522 1963 5568 anti-

385 5586 496 5636 quis
510 5573 645 5624 libris
661 5588 756 5624 non
770 5582 985 5634 exstare,
1003 5584 1053 5626 et
1067 5577 1329 5626 secundum
1343 5573 1674 5636 Hieronymum
1689 5580 1752 5629 de
1764 5581 1965 5630 mattbtei

386 5632 529 5700 textu
551 5649 647 5684 non
668 5648 785 5700 esse
796 5632 1070 5687 observavit
1086 5639 1185 5700 jam
1208 5638 1394 5700 pridem
1413 5632 1626 5693 Nicolaus
1643 5641 1709 5694 de
1729 5641 1860 5695 Lira:
1881 5643 1966 5695 ha-

386 5697 566 5746 bentur
589 5703 752 5746 tamen
773 5698 823 5747 in
847 5707 1010 5750 vetust
1049 5697 1185 5767 (Ὧι-1).

469 5389 522 5452 a)
539 5390 623 5439 Hic
656 5389 946 5452 Augustinus
965 5389 1161 5442 silentio

1219 299 1306 358 DE
1343 297 1693 358 CONSENSU
1732 293 2374 366 EVANGELISTARUM,
2414 298 2472 355 S.
2512 298 2872 357 AUGUSTINI

3541 307 3652 368 1181

2098 408 2418 478 hujusmodi.
2437 411 2639 466 Habent
2658 413 2798 467 enim
2826 413 2984 469 istum
3013 428 3227 470 morem
3260 416 3650 488 Scriptum,uta

2094 509 2245 568 parte
2270 509 2435 556 totum
2465 517 2680 573 ponant,
2712 504 2942 558 maxime
2970 504 3020 558 in
3044 505 3384 573 temporibus
3413 527 3426 560 :
3456 510 3580 565 sicut
3600 513 3650 568 de

2093 600 2214 644 octo
2248 591 2349 646 illis
2369 593 2572 659 diebus,
2597 604 2713 664 post
2742 609 2875 663 quos
2907 609 3026 650 eum
3075 595 3268 651 dicunt
3304 597 3589 654 ascendisse
3610 603 3650 657 ia

2093 691 2326 736 montem
2356 681 2502 753 (Luc.
2536 700 2606 748 Ix,
2638 685 2750 754 28),
2778 699 3004 754 quorum
3033 686 3246 742 medios
3273 688 3528 746 intuentes
3546 691 3650 748 Mat-

2093 771 2264 826 tharus
2288 782 2343 828 et
2377 774 2584 830 Marcus
2625 775 2892 840 dixerunt,
2917 774 3042 832 Post
3067 778 3182 832 dies
3206 795 3298 832 sea:
3318 778 3520 851 (Matth.
3544 799 3645 848 xvu,

2093 860 2146 926 1,
2177 869 2224 914 et
2253 860 2419 916 Marc.
2450 879 2524 928 Ix,
2546 863 2620 935 1).
2653 865 2952 920 Praesertim
2973 867 3096 938 quia
3117 876 3232 922 tam
3259 868 3648 929 moderateidem

2090 949 2320 1008 Joannes
2342 953 2546 1008 locutus
2568 964 2668 1018 est,
2700 963 2759 1008 ut
2784 970 2888 1010 non
2913 955 3138 1024 diceret,
3176 969 3363 1024 sexta;
3403 961 3510 1027 sed,
3533 966 3648 1030 quasi

2090 1051 2241 1096 sexta
2262 1058 2282 1097 :
2306 1045 2446 1112 quod
2482 1047 2524 1099 si
2562 1047 2632 1099 ita
2663 1062 2769 1101 non
2798 1046 3018 1112 diceret,
3049 1049 3150 1104 sed
3179 1053 3535 1107 tantummodo
3552 1069 3646 1110 sex-

2092 1139 2199 1185 tam
2224 1132 2448 1201 diceret,
2475 1149 2753 1204 possemus
2779 1150 2878 1191 nos
2905 1138 2976 1192 ita
2992 1137 3319 1208 intelligere,
3336 1144 3644 1210 quemadmo-

2089 1222 2215 1277 dum
2243 1223 2386 1294 loqui
2412 1226 2584 1280 solent
2611 1227 2916 1297 Scripturaz,
2938 1229 3077 1284 sicut
3105 1229 3241 1294 dixi,
3270 1246 3301 1284 a
3327 1242 3470 1301 parte
3488 1244 3640 1304 totum,

2089 1323 2149 1368 ut
2175 1325 2384 1384 peracta
2423 1318 2603 1386 quinta
2644 1327 2698 1374 et
2725 1319 2971 1374 inchoata
3015 1329 3169 1375 sexta
3210 1334 3512 1392 genrentur
3553 1325 3643 1381 haec

2089 1421 2206 1475 quas
2231 1415 2443 1463 narrata
2469 1419 2593 1464 sunt
2616 1411 2666 1465 in
2694 1411 3035 1466 cruciﬁxione
3055 1413 3275 1468 Domini
3302 1417 3483 1484 nostri,
3503 1416 3642 1474 donec

2089 1497 2353 1566 completa
2401 1509 2550 1553 sexta
2577 1500 2668 1556 illo
2694 1501 2956 1570 pendente
2985 1502 3181 1558 ﬁerent
3217 1505 3466 1571 tenebrae,
3489 1509 3640 1577 quibus

2091 1593 2197 1640 tres
2221 1586 2570 1656 Evangelistae
2596 1599 2929 1657 attestantur,
2955 1591 3263 1658 Matthaeus,
3281 1595 3479 1652 Marcus
3495 1605 3542 1652 et
3558 1597 3641 1652 Lu-

2089 1691 2178 1732 cas
2211 1676 2418 1749 (Matth.
2448 1697 2617 1749 xxvu,
2644 1683 2748 1749 45;
2777 1681 2940 1738 Marc.
2961 1701 3048 1751 xv,
3068 1687 3161 1752 '53,
3191 1695 3238 1741 et
3257 1687 3383 1742 Luc.
3401 1691 3636 1763 xxxix“).

2157 1770 2247 1824 42.
2285 1771 2594 1838 Qumramus
2619 1774 2729 1844 jam
2758 1788 3171 1848 consequenter,
3192 1797 3290 1836 cur
3327 1783 3504 1838 dixerit
3527 1785 3638 1839 lar-

2087 1875 2202 1926 ens,
2230 1875 2349 1916 cum
2375 1877 2845 1923 commemorasset
2883 1870 3027 1939 quod
3055 1873 3427 1942 cruciﬁgentes
3451 1890 3554 1929 eum
3573 1877 3635 1929 di.

2087 1951 2327 2007 viserunt
2349 1955 2662 2011 vestimenta
2691 1957 2826 2027 ejus,
2858 1959 3134 2017 mittentes
3172 1972 3345 2017 sortes
3413 1979 3554 2033 super
3577 1965 3637 2019 eis

2087 2045 2205 2112 quis
2230 2045 2358 2114 quid
2384 2047 2609 2112 tolleret,
2642 2059 2694 2104 et
2723 2059 2937 2106 secutus
2977 2053 3320 2122 adjunxerit,
3344 2054 3464 2110 Erat
3502 2067 3635 2110 autem

2087 2133 2212 2188 hora
2232 2136 2396 2200 tertia,
2428 2146 2474 2190 et
2500 2139 2859 2206 cruci/icerant
2879 2157 3011 2195 eum.
3042 2140 3165 2197 Jam
3189 2153 3334 2200 certe
3361 2145 3563 2210 dixerat,
3583 2145 3635 2199 Et

2086 2224 2431 2295 crucifigentes
2454 2242 2566 2282 eum
2607 2229 2878 2286 diviserunt
2901 2233 3196 2287 vestimenta
3219 2236 3329 2305 ejus
3357 2233 3526 2303 (Marc.
3554 2252 3630 2300 xv,

2085 2311 2176 2384 24)
2204 2332 2217 2368 :
2244 2316 2322 2370 sic
2348 2317 2507 2372 etiam
2531 2321 2708 2374 caueri
2751 2330 3100 2386 attestantur,
3147 2325 3289 2394 quod
3323 2340 3386 2381 eo
3427 2326 3632 2380 crucilixo

2086 2405 2399 2462 vestimenta
2429 2407 2596 2464 divisa
2626 2421 2766 2467 sunt.
2797 2413 2856 2468 Si
2882 2414 3000 2483 ejus
3043 2415 3126 2469 rei
3153 2425 3318 2486 gestae
3346 2427 3531 2485 tempus
3553 2432 3626 2470 vo-

2085 2496 2180 2550 luit
2201 2512 2620 2556 commemorare
2655 2502 2883 2572 Marcus,
2907 2504 3185 2562 sufﬁceret
3206 2506 3398 2571 dicere,
3427 2506 3538 2560 Erat
3559 2523 3630 2558 aa-

2086 2595 2185 2640 tem
2212 2587 2337 2641 hora
2363 2591 2510 2644 tertia
2535 2607 2553 2644 :
2578 2593 2760 2663 utquid
2789 2595 3051 2664 adjunxit,
3089 2605 3138 2650 et
3173 2597 3624 2665 cruci/immania,

2085 2677 2186 2731 nisi
2218 2679 2341 2747 quia
2365 2681 2531 2735 voluit
2559 2682 2756 2753 aliquid
2781 2685 3186 2756 recapitulando
3207 2685 3504 2756 signiﬁcare,
3518 2682 3627 2753 quod

2083 2769 2362 2836 quaesitum
2402 2770 2748 2838 inveniretur,
2793 2790 2912 2830 cum
2949 2774 3232 2850 Scriptura
3258 2777 3366 2851 ipsa
3403 2775 3492 2834 illis
3524 2782 3625 2834 tem:

2084 2857 2298 2926 poribus
2337 2859 2622 2930 legeretur,
2671 2863 2861 2932 quibus
2890 2869 3161 2925 universae
3205 2870 3442 2926 Ecclesiae
3480 2880 3623 2923 natum

2083 2956 2198 3003 erat
2215 2964 2317 3017 qua
2346 2950 2475 3005 hora
2497 2952 2752 3008 Dominus
2778 2954 2922 3025 ligno
2947 2974 3245 3030 suspensus
3271 2963 3355 3027 sit,
3385 2959 3507 3016 unde
3528 2973 3622 3028 pos-

2083 3046 2166 3092 set
2204 3038 2360 3110 hujus
2386 3042 2471 3096 vel
2496 3058 2649 3098 error
2671 3045 2886 3116 corrigi,
2917 3052 3004 3106 vel
3042 3053 3370 3109 mendacium
3407 3049 3621 3106 refutari?

2085 3127 2189 3183 Sed
2214 3134 2335 3198 quia
2361 3133 2562 3188 sciebat
2581 3151 2612 3189 a
2629 3135 3225 3211 militibus'suSpensum
3242 3142 3511 3206 Dominum,
3538 3152 3618 3192 non

2082 3235 2112 3272 a
2136 3219 2354 3290 Judmis,
2380 3224 2518 3279 sicut
2543 3226 2772 3284 Joannes
2799 3233 3144 3298 apertissime
3167 3235 3291 3290 dicit
3319 3232 3487 3306 (Joan.
3524 3245 3617 3293 xix,

2082 3309 2196 3380 25),
2224 3314 2430 3369 occulte
2474 3317 2755 3373 ostendere
2793 3319 2962 3377 voluit
2999 3337 3100 3379 eos
3142 3324 3308 3394 magis
3348 3319 3618 3378 cruciﬁxisse

2082 3403 2171 3470 qui
2200 3404 2564 3462 clamaverunt
2588 3418 2646 3464 ut
2679 3411 3103 3484 cruciﬁgeretur,
3127 3431 3282 3487 quam
3312 3415 3420 3469 illos
3439 3412 3515 3482 qui
3538 3408 3618 3464 mi-

2083 3492 2359 3548 nisterium
2385 3497 2605 3566 principi
2635 3512 2732 3553 suo
2751 3504 3043 3558 secundum
3080 3521 3236 3561 suum
3267 3504 3477 3560 ofﬁcium
3499 3514 3612 3570 prfe-

2083 3585 2330 3642 buerunt.
2357 3588 2667 3660 lntelligitur
2683 3607 2807 3663 ergo
2824 3596 2995 3652 fuisse
3021 3598 3156 3655 hora
3179 3597 3324 3654 tertia
3339 3611 3445 3651 cum
3460 3593 3614 3647 clama-

2083 3687 2270 3731 verunt
2295 3678 2465 3734 Judmi
2499 3690 2555 3734 ut
2585 3669 2842 3740 Dominus
2866 3688 3284 3760 cruciﬁgeretur,
3312 3697 3360 3742 et
3385 3681 3613 3740 veracissi-

2083 3783 2170 3823 me
2192 3768 2592 3826 demonstratur
2620 3781 2744 3828 tunc
2766 3789 2860 3831 eos
2885 3779 3213 3834 cruciﬁxisse
3247 3775 3441 3848 quando
3461 3773 3613 3828 clama-

2082 3869 2306 3914 verunt:
2343 3863 2572 3918 maxime
2597 3865 2719 3934 quia
2755 3868 3006 3924 nolebant
3033 3871 3205 3927 videri
3232 3885 3290 3926 se
3317 3868 3408 3923 hoc
3444 3863 3609 3921 fecisse,

2082 3957 2136 4004 εί
2171 3960 2389 4019 propter
2429 3967 2493 4007 ea
2541 3969 2661 4015 eum
2707 3955 2877 4013 Pilato
2916 3959 3261 4027 tradiderant,
3305 3955 3432 4029 quod
3465 3963 3610 4010 eorum

2081 4042 2239 4096 verba
2270 4043 2399 4097 satis
2427 4045 2680 4112 indicant,
2713 4049 3000 4104 secundum
3027 4051 3303 4106 Joannem.
3350 4046 3466 4102 Cum
3499 4040 3608 4097 enim

2082 4132 2303 4188 dixisset
2322 4135 2400 4190 eis
2439 4136 2659 4203 Pilatus,
2692 4157 2710 4190 ι
2747 4138 2916 4208 Quam
2941 4143 3325 4198 accusationem
3344 4133 3516 4192 aﬁ‘ertis
3537 4127 3607 4183 ad-

2081 4238 2267 4279 versus
2291 4225 2558 4282 hominem
2588 4228 2764 4283 hunc?
2792 4232 3203 4301 responderunt,
3233 4238 3285 4286 et
3302 4228 3517 4283 dixerunt
3537 4218 3602 4274 ei:

2082 4313 2139 4369 Si
2167 4331 2272 4369 non
2298 4325 2442 4372 esset
2488 4318 2574 4373 hic
2620 4319 2945 4389 malefactor,
2996 4338 3103 4379 non
3145 4324 3236 4378 tibi
3264 4317 3604 4377 tradidissemus

2081 4421 2223 4461 eum.
2255 4407 2393 4462 Dixit
2411 4423 2537 4478 ergo
2565 4409 2642 4464 eis
2669 4411 2870 4468 Pilatus
2899 4432 2912 4466 :
2943 4414 3178 4486 Accipite
3205 4429 3320 4469 eum
3349 4423 3450 4472 vos,
3475 4412 3602 4459 0‘59'

2079 4496 2311 4552 cundum
2342 4497 2508 4568 legem
2536 4509 2764 4555 vestram
2789 4501 3019 4572 judicate
3052 4520 3193 4560 eum.
3238 4503 3467 4557 Dixerunt
3501 4499 3601 4557 ergo

2078 4586 2126 4640 ei
2141 4586 2307 4640 Judazi
2345 4604 2358 4653 ;
2393 4589 2542 4645 nobis
2566 4606 2671 4645 non
2693 4592 2818 4647 licet
2836 4593 3133 4650 interﬁcere
3159 4601 3449 4664 quemquam
3474 4600 3489 4634 ι
3512 4577 3597 4650 (Μ-

2078 4691 2239 4744 xvut,
2279 4677 2488 4748 29-51).
2541 4680 2692 4747 Quod
2730 4698 2857 4753 ergo
2886 4686 3116 4740 maxime
3146 4682 3301 4737 videri
3330 4677 3495 4733 fecisse
3523 4681 3598 4722 n0-

2079 4767 2257 4822 lebant
2279 4812 2293 4837 ,
2341 4769 2441 4825 hoc
2473 4787 2566 4828 eos
2597 4773 2723 4827 hora
2748 4772 2938 4830 fecisse
2977 4777 3128 4831 tertia
3154 4774 3348 4829 Marcus
3380 4759 3594 4822 osmadit;

2077 4861 2349 4917 verissime
2378 4863 2621 4932 judicans
2668 4867 2834 4937 magis
2879 4866 3038 4924 fuisse
3083 4865 3280 4923 Domini
3325 4853 3590 4915 necatricem

2077 4954 2304 5024 linguam
2332 4957 2655 5025 Judaeorum,
2688 4975 2844 5031 quam
2862 4962 3089 5018 militum
3117 4971 3314 5016 manus.

2144 5047 2231 5101 45.
2273 5048 2520 5118 Quisquis
2547 5060 2722 5106 autem
2748 5053 2940 5107 dixerit
2964 5070 3068 5108 non
3111 5054 3264 5106 fuisse
3300 5047 3463 5100 horam
3498 5043 3588 5133 μετ’

2077 5139 2222 5205 tiam.
2246 5156 2364 5195 cum
2393 5141 2494 5198 hoc
2522 5143 2689 5198 Judtei
2711 5145 2954 5214 primitus
2969 5148 3335 5200 clamaverunt.
3363 5128 3590 5226 insanissi-

2072 5245 2160 5284 me
2197 5246 2256 5286 se
2283 5233 2516 5287 ostendit
2561 5234 2827 5289 inimicum
2855 5236 3153 5306 Evangelii;
3185 5231 3280 5287 nisi
3320 5227 3441 5282 forte
3465 5217 3588 5312 aliter

2072 5322 2303 5390 potuerit
2348 5322 2589 5377 eamdem
2634 5324 2924 5381 dissolvere
2957 5326 3288 5397 quaestionem
3319 5337 3331 5372 :
3360 5327 3449 5404 non
3471 5315 3585 5404 ξεηιω

2071 5410 2229 5466 habet
2258 5413 2397 5467 unde
2419 5415 2698 5470 convincat
2721 5433 2825 5471 non
2856 5416 3018 5474 fuisse
3050 5427 3167 5472 tunc
3194 5398 3580 5467 boram'tertiami

2069 5511 2122 5556 et
2143 5502 2262 5558 ideo
2288 5505 2522 5559 veridico
2551 5505 2896 5576 Evang‘elista:
2921 5509 3091 5578 potius
3111 5498 3424 5562 credendum,
3456 5492 3586 5556 quam

2067 5598 2409 5652 contentiosis
2423 5601 2808 5668 suspicionibus
2821 5601 3105 5655 hominum.
3127 5594 3281 5655 Unde,
3298 5582 3466 5653 ίηαυίει
3483 5584 3583 5668 Ρ¹Ϋ⁹

2065 5691 2162 5751 bas
2209 5696 2392 5752 horam
2437 5659 2642 5750 teriiam
2695 5691 2892 5750 fuisse?
2917 5688 3241 5765 Respondeo,
3292 5674 3408 5746 Quia
3447 5659 3578 5724 “edo
