3888 6330
283 348 460 415 “85

286 462 673 537 Evangeiistis
698 480 713 517 :
738 456 931 533 quibus
957 467 1010 516 et
1029 468 1083 514 tu
1108 457 1154 514 si
1180 455 1375 519 credis,
1403 453 1625 511 ostende
1653 454 1908 526 quemad-

283 559 535 613 modum
560 566 614 611 et
641 554 768 609 hora
799 562 947 609 sexta
975 560 1029 608 et
1052 551 1183 606 hora
1214 550 1366 605 tertia
1397 548 1628 618 potuerit
1654 548 1905 602 Dominus

283 648 586 720 crucifigi?
638 648 710 702 De
763 654 911 701 sexta
954 645 1127 709 enim,
1173 653 1231 697 ut
1274 643 1550 707 fateamur,
1602 641 1904 695 narratione

283 740 534 797 Joannis
554 754 832 810 urgemur;
864 738 1076 792 tertiam
1100 736 1304 789 Marcus
1329 742 1714 791 commemorat
1742 751 1755 787 :
1780 733 1902 804 qui-

284 831 413 887 bus
445 831 489 885 si
522 840 742 900 uterque
765 838 1001 884 nostrum
1028 827 1213 891 credit,
1232 826 1453 883 ostende
1475 836 1529 881 tu
1552 827 1705 881 aliter
1718 842 1905 896 quem-

285 922 601 977 admodum
634 920 745 976 ﬁeri
787 928 1068 988 utrumque
1108 918 1375 989 potuerit;
1420 917 1770 971 libentissime
1818 932 1907 972 re-

287 1015 604 1084 quiescam.
632 1011 745 1067 Non
773 1011 915 1067 enim
943 1009 1257 1064 sententiam
1286 1023 1481 1072 meam,
1511 1008 1602 1062 sed
1631 1007 1907 1078 Evangelii

290 1103 479 1175 diligo
526 1104 824 1159 veritatem.
858 1105 1029 1171 Atque
1058 1101 1255 1154 utinam
1287 1100 1446 1153 etiam
1472 1097 1655 1167 plures
1694 1099 1762 1152 ab
1788 1098 1908 1153 aliis

290 1193 657 1249 inveniantur
683 1192 839 1262 hujus
859 1191 1033 1246 exitus
1058 1189 1366 1259 quaestionis
1390 1206 1401 1240 :
1426 1188 1566 1257 quod
1596 1188 1770 1243 donec
1794 1188 1906 1254 liat,

289 1295 464 1342 utere
485 1300 690 1340 meeum
710 1285 811 1337 isto
828 1284 870 1337 si
903 1282 1093 1351 placet.
1120 1281 1175 1336 Si
1206 1278 1350 1335 enlim
1372 1281 1547 1333 nullus
1568 1280 1703 1335 alius
1732 1280 1908 1335 exitus

288 1375 547 1445 potuerit
575 1373 821 1438 inveniri,
845 1371 992 1425 solus
1014 1371 1111 1424 iste
1137 1367 1367 1423 sufficiet
1395 1387 1408 1421 :
1442 1370 1675 1423 siautem
1714 1378 1902 1438 potue-

290 1467 400 1531 rit,
437 1479 557 1519 cum
597 1463 992 1517 demonstratus
1026 1460 1201 1525 luerit,
1230 1460 1507 1530 eligemus.
1549 1461 1771 1514 Tantum
1799 1476 1903 1516 non

288 1566 472 1628 putes
496 1567 829 1623 consequens
870 1567 989 1606 esse
1036 1558 1093 1605 ut
1122 1548 1347 1623 quilibet
1395 1550 1632 1605 onmium
1683 1560 1909 1621 quatuor

291 1648 773 1719 Evangelistarum
803 1646 1058 1701 mentitus
1082 1646 1171 1711 sit,
1197 1652 1287 1698 aut
1313 1645 1364 1698 in
1400 1652 1546 1699 tanto
1566 1652 1619 1699 et
1649 1652 1754 1699 tam
1784 1659 1911 1697 san-

291 1751 397 1796 cto
426 1741 659 1796 culmine
682 1738 1010 1794 auctoritatis
1031 1736 1307 1791 erraverit.

377 1834 475 1888 44.
508 1833 566 1887 Si
594 1839 769 1885 autem
805 1830 924 1900 quis
952 1830 1145 1883 dixerit
1171 1843 1230 1882 se
1272 1827 1395 1883 inde
1437 1829 1756 1883 convincere
1805 1843 1908 1883 non

294 1924 477 1978 fuisse
508 1922 693 1977 horam
729 1922 957 1986 tertiam,
994 1934 1114 1973 cum
1154 1918 1279 1973 illud
1319 1918 1485 1972 Judaei
1524 1919 1907 1986 clamaverunt,

294 2016 434 2083 quia
468 2016 812 2083 posteaquam
858 2011 992 2065 dixit
1024 2010 1164 2064 idem
1215 2010 1444 2073 Marcus,
1493 2009 1695 2063 Pilatus
1745 2019 1911 2064 autem

296 2109 496 2161 iterum
548 2104 850 2174 respondens
902 2104 972 2156 ait
1006 2102 1110 2156 illis
1146 2117 1165 2155 :
1199 2102 1333 2167 Quid
1371 2117 1489 2171 ergo
1543 2102 1690 2155 vultis
1728 2102 1911 2170 faciam

296 2200 419 2270 regi
466 2195 798 2250 Iudaeorum?
840 2196 904 2248 At
942 2194 1019 2248 illi
1045 2194 1225 2247 iterum
1270 2191 1915 2264 clamaverunt:Cmci/igc

300 2304 462 2351 eum;
498 2302 603 2342 non
652 2285 1003 2355 interponitur
1046 2283 1241 2353 aliquid
1295 2298 1559 2337 morarum
1608 2284 1676 2337 ab
1720 2284 1910 2339 eodem

301 2381 494 2434 Marco
522 2378 572 2431 in
592 2377 707 2447 ejus
725 2376 1050 2441 narratione,
1075 2383 1129 2428 et
1154 2376 1406 2429 continuo
1424 2374 1489 2427 ad
1506 2373 1556 2427 id
1579 2376 1908 2443 pervenitur,

305 2479 371 2524 ut
401 2467 699 2523 traderetur
722 2466 788 2520 ad
810 2481 1025 2520 crucem
1046 2465 1300 2519 Dominus
1321 2480 1351 2518 a
1376 2465 1565 2531 Pilato,
1590 2465 1729 2534 quod
1751 2466 1913 2520 Joan-

303 2576 412 2617 nes
444 2560 572 2612 hora
600 2558 747 2628 quasi
771 2566 919 2611 sexta
944 2556 1140 2610 factum
1161 2570 1282 2610 esse
1308 2566 1690 2609 commemorat
1722 2573 1735 2609 :
1762 2556 1917 2611 intel-

304 2657 447 2725 ligat
491 2653 579 2722 qui
608 2652 709 2707 hoc
744 2651 893 2715 dicit,
932 2650 1095 2704 multa
1138 2649 1493 2719 praetermissa
1536 2663 1689 2715 esse,
1717 2664 1835 2718 qua:
1861 2650 1915 2703 in

305 2749 495 2805 medio
523 2756 671 2817 gesta
699 2756 842 2812 sunt,
869 2760 989 2800 cum
1010 2746 1208 2799 Pilatus
1230 2755 1409 2815 ageret
1428 2760 1670 2813 qumrens
1691 2759 1913 2816 quomo-

306 2840 383 2895 do
413 2854 535 2893 eum
566 2853 594 2891 a
620 2836 816 2891 Judaeis
842 2836 1091 2905 eriperet,
1123 2845 1175 2890 et
1202 2835 1458 2891 adversus
1484 2851 1668 2889 eorum
1700 2835 1917 2889 insanis-

306 2932 509 2986 simam
553 2930 878 2983 voluntatem
930 2928 1349 2996 quibuscumque
1392 2926 1563 2980 modis
1604 2925 1792 2996 potuit,
1836 2926 1916 2979 in-

308 3021 644 3077 stantissime
688 3022 964 3073 niteretur.
1019 3017 1296 3071 Matthaeus
1342 3017 1481 3071 enim
1517 3016 1609 3079 ait,
1646 3016 1777 3069 Dicit
1813 3015 1916 3070 illis

310 3112 522 3166 Pilatus
548 3128 566 3164 :
596 3109 730 3175 Quid
755 3110 909 3179 igitur
941 3109 1127 3178 faciam
1151 3107 1214 3159 de
1240 3106 1383 3170 Jesu,
1412 3106 1497 3177 qui
1542 3106 1725 3159 dicitur
1771 3104 1918 3159 Chri-

310 3214 424 3258 stus
444 3203 469 3255 ?
492 3200 677 3254 Dicunt
704 3216 912 3254 omnes:
943 3199 1279 3269 Cruciﬁgatur
1308 3215 1326 3253 :
1355 3209 1478 3253 tunc
1503 3197 1663 3253 fuisse
1691 3198 1915 3253 dicimus

312 3297 506 3352 horam
536 3295 764 3348 tertiam.
812 3291 964 3358 Quod
1006 3300 1183 3344 autem
1227 3290 1503 3343 Mattltreus
1544 3289 1816 3358 sequitur,
1864 3298 1919 3344 et

313 3396 525 3451 narrat,
596 3383 777 3437 Videns
806 3391 974 3435 autem
1004 3380 1206 3434 Pilatus
1229 3381 1345 3448 quia
1369 3380 1495 3431 nihil
1518 3380 1799 3447 proﬁceret,
1829 3380 1918 3431 sed

314 3477 485 3548 magis
527 3474 771 3529 tumultus
799 3473 974 3542 ﬁeret;
1011 3478 1067 3525 et
1103 3471 1156 3523 in
1187 3469 1462 3524 conatibus
1506 3468 1664 3523 Pilati
1704 3469 1770 3523 ad
1809 3470 1918 3523 eri-

316 3566 573 3641 piendum
603 3564 904 3629 Dominum,
943 3562 1072 3617 etin
1104 3561 1331 3615 tumultu
1376 3559 1684 3614 Jndzeorum
1733 3567 1917 3615 contra

317 3659 624 3723 nitentium,
660 3661 1037 3722 consumptum
1074 3660 1283 3721 tempus
1303 3650 1524 3705 duarum
1554 3651 1802 3705 horarum
1835 3651 1918 3704 in-

319 3750 631 3820 telligimus,
665 3756 719 3803 et
742 3753 969 3815 emptam
1000 3742 1163 3797 fuisse
1190 3751 1415 3807 sextam,
1436 3757 1535 3812 qua
1564 3743 1795 3796 nondum
1814 3751 1920 3797 ter-

319 3843 519 3897 minata
549 3848 698 3910 gesta
726 3846 848 3892 sunt
875 3852 993 3906 quae
1023 3836 1089 3891 ab
1114 3851 1179 3890 eo
1204 3846 1438 3906 tempore
1460 3850 1561 3905 quo
1590 3835 1787 3889 Pilatus
1811 3836 1917 3889 Do-

319 3934 525 3989 minum
558 3932 789 3995 tradidit,
820 3946 987 4000 usque
1011 3929 1075 3983 ad
1114 3929 1359 3983 tenebras
1399 3928 1563 3982 laetas
1614 3936 1913 3983 narrantur.

322 4025 476 4095 Quod
505 4035 679 4079 autem
707 4022 987 4077 Mattltteus
1026 4036 1185 4090 supra
1230 4030 1613 4074 commemorat
1636 4062 1650 4087 ,
1703 4020 1919 4075 Sedente

321 4130 491 4173 autem
512 4119 602 4172 illo
626 4133 718 4187 pro
749 4116 1003 4178 tribunali,
1024 4114 1156 4167 misit
1185 4114 1253 4166 ad
1281 4114 1423 4167 illum
1437 4130 1565 4167 uxor
1584 4116 1693 4184 ejus
1708 4113 1916 4168 dicens:

326 4210 477 4265 Nihil
504 4209 592 4263 tibi
616 4217 661 4261 et
679 4210 821 4277 justo
846 4208 958 4272 illi;
988 4204 1146 4259 multa
1175 4205 1304 4257 enim
1330 4222 1481 4273 passa
1504 4222 1612 4258 sum
1653 4204 1800 4257 hodie
1833 4220 1921 4273 per

324 4301 484 4353 visum
501 4306 705 4368 propter
722 4314 832 4350 eum
851 4295 1058 4368 (Matth.
1083 4309 1246 4356 xxvu,
1265 4293 1355 4360 22,
1372 4293 1463 4357 25,
1479 4293 1514 4347 2
1526 4295 1569 4357 l,
1590 4291 1678 4362 l9)
1696 4311 1709 4359 ;
1739 4303 1919 4362 postea

323 4389 534 4445 sederat
559 4402 654 4457 pro
683 4385 930 4441 tribunali
972 4385 1190 4449 Pilatus,
1220 4383 1313 4439 sed
1345 4384 1480 4438 inter
1515 4384 1601 4437 illa
1629 4398 1745 4451 qua:
1775 4383 1920 4451 prius

323 4488 469 4551 gesta
516 4478 782 4541 narrabat,
836 4474 1144 4531 recordatus
1188 4473 1463 4528 Mattltmus
1490 4473 1630 4543 quod
1655 4473 1721 4528 de
1766 4473 1919 4527 Pilati

327 4586 491 4627 uxore
516 4570 668 4637 dixit,
698 4569 861 4624 voluit
881 4568 981 4622 hoc
1003 4568 1071 4621 ibi
1097 4567 1454 4635 interponere,
1487 4574 1545 4620 ut
1576 4575 1917 4635 prmstrueret

325 4680 428 4735 qua
446 4663 675 4717 maxime
699 4675 857 4716 causa
884 4659 1081 4714 Pilatus
1121 4672 1219 4712 nec
1244 4657 1529 4712 novissime
1554 4657 1763 4711 volebat
1792 4672 1914 4711 eum

330 4757 537 4811 tradere
558 4754 777 4808 Judaeis.

394 4848 483 4902 45.
502 4845 672 4900 Lucas
692 4853 868 4897 autem
886 4850 1085 4907 narrat,
1109 4856 1229 4895 cum
1255 4839 1475 4895 dixisset
1490 4839 1705 4906 Pilatus,
1730 4837 1920 4894 Emen-

327 4938 499 4989 datum
528 4951 644 5004 ergo
668 4934 816 4987 illum
840 4932 1111 4996 dimittant,
1139 4931 1467 4986 exclamasse
1486 4930 1784 4984 universam
1801 4938 1917 4984 tur-

328 5032 468 5093 bam,
497 5025 641 5080 Tolle
682 5026 831 5089 hunc,
862 5034 906 5078 et
936 5024 1128 5078 dimitte
1167 5024 1307 5078 nobis
1333 5022 1615 5077 Barabbam
1638 5041 1656 5077 :
1683 5024 1773 5077 sed
1805 5022 1917 5077 for-

327 5130 465 5175 tasse
482 5117 715 5172 nondum
734 5116 995 5181 dixerant,
1019 5114 1285 5186 Cruciﬁge.
1308 5114 1337 5167 Ι
1342 5125 1500 5168 terum
1516 5124 1678 5169 autem
1698 5115 1914 5181 Pilatus,

328 5210 615 5266 secundum
649 5207 893 5262 eumdem
919 5207 1134 5272 Lucam,
1168 5207 1357 5261 locutus
1387 5215 1458 5261 est
1490 5208 1558 5260 ad
1594 5208 1708 5261 illos
1748 5207 1916 5262 volens

332 5303 570 5355 dimittere
584 5298 762 5353 Iesum
784 5315 802 5352 :
824 5308 875 5351 at
900 5297 978 5351 illi
997 5296 1369 5351 succlamabant
1390 5297 1624 5358 dicentes,
1646 5296 1791 5349 Cruci
1796 5297 1914 5367 ﬁge,

334 5395 565 5462 cruci/iga
584 5393 729 5447 illum
746 5408 766 5446 :
786 5399 909 5445 tunc
926 5390 1236 5461 intelligitur
1250 5390 1408 5444 fuisse
1428 5389 1556 5442 hora
1573 5389 1744 5443 tertia.
1765 5386 1917 5453 Quod

336 5500 457 5556 ergo
473 5484 708 5554 sequitur
720 5483 911 5548 Lucas,
935 5493 988 5538 et
1006 5482 1155 5545 dicit,
1172 5480 1270 5534 Ille
1288 5489 1452 5534 autem
1469 5480 1610 5533 tertio
1626 5479 1749 5533 dixit
1770 5478 1837 5531 ad
1862 5478 1918 5532 il-

337 5578 408 5632 los
431 5593 449 5631 :
472 5575 606 5639 Quid
621 5575 752 5628 enim
766 5577 890 5629 mali
909 5576 1024 5646 fecit
1038 5574 1132 5627 iste
1142 5573 1168 5627 ?
1182 5574 1373 5627 nullam
1385 5588 1590 5626 causam
1602 5571 1772 5626 mortis
1784 5571 1920 5625 inve-

339 5673 416 5722 nio
426 5670 477 5721 in
488 5684 545 5721 eo
558 5683 577 5721 :
590 5667 719 5719 carri
723 5667 857 5735 piam
868 5684 983 5737 ergo
994 5667 1157 5733 illum,
1171 5675 1216 5720 et
1227 5666 1494 5719 dimittam.
1508 5664 1571 5718 At
1585 5664 1660 5718 illi
1670 5664 1920 5719 instabant

340 5758 532 5817 vocibus
544 5758 759 5831 magnis,
780 5758 1084 5829 postulantes
1098 5766 1149 5811 ut
1161 5758 1565 5830 cruciﬁgeretur;
1584 5764 1629 5811 et
1654 5757 1921 5811 invalesce-

1699 334 1899 397 I.IBER
1938 330 2251 401 TERTIUS.

3461 352 3603 415 H86

2016 457 2134 511 bant
2156 473 2296 512 voces
2332 445 2674 531 ceratinae.
2710 479 2856 529 xxm,
2884 461 3101 535 16-25);
3134 470 3259 525 satis
3292 473 3452 527 etiam
3481 474 3596 544 ipse

2014 549 2275 618 signiﬁcat
2286 564 2531 619 magnum
2546 553 2825 609 tumultum
2839 555 3020 623 fuisse;
3034 566 3086 612 et
3097 568 3216 627 post
3227 573 3477 630 quantum
3494 579 3607 620 mo-

2013 653 2192 692 rarum
2208 639 2310 693 illis
2322 640 2477 695 tertio
2487 640 2699 709 dixerit,
2717 644 2851 709 Quid
2861 648 2991 700 enim
3006 650 3127 703 mali
3141 652 3293 720 fecit?
3310 651 3430 707 licet
3443 654 3607 709 intel-

2014 731 2178 800 ligere
2200 741 2452 801 quantum
2484 733 2791 805 indaganda:
2814 739 3020 793 veritati
3038 743 3165 796 satis
3190 752 3311 799 est:
3340 753 3393 800 et
3418 756 3600 815 postea

2015 820 2156 890 quod
2177 822 2269 885 ait,
2288 820 2555 877 Instabam
2569 824 2769 880 vocibus
2784 829 3000 897 magnis,
3023 839 3070 882 et
3091 832 3452 889 invalescebant
3464 852 3607 891 voces

2015 929 2207 979 eorum,
2240 914 2358 982 quis
2379 930 2485 969 non
2507 915 2681 971 videat
2712 918 2832 973 ideo
2861 922 3075 985 faetum,
3096 922 3215 991 quia
3246 923 3494 982 videbant
3516 929 3607 983 Pi-

2016 1006 2179 1060 latum
2203 1006 2345 1061 nolle
2374 1009 2453 1062 eis
2475 1008 2683 1064 tradere
2703 1010 3019 1065 Dominum?
3039 1014 3104 1067 Et
3119 1016 3239 1084 quia
3263 1014 3365 1071 hoc
3391 1031 3610 1087 magno-

2016 1111 2145 1165 pere
2175 1096 2405 1164 nolebat,
2439 1113 2547 1153 non
2577 1100 2755 1170 utique
2776 1102 2829 1155 in
2844 1114 3117 1159 momento
3139 1108 3392 1177 temporis
3424 1110 3608 1177 cessit,

2016 1186 2112 1241 sed
2137 1188 2352 1242 veldua:
2368 1189 2514 1244 horae
2528 1198 2583 1244 et
2601 1191 2797 1262 aliquid
2825 1193 3053 1263 amplius
3081 1195 3132 1249 in
3158 1195 3248 1251 illa
3274 1199 3609 1255 cunctatione

2019 1277 2359 1331 transierunt.

2087 1367 2176 1422 46.
2208 1368 2468 1425 Joannem
2497 1386 2708 1442 quoque
2728 1373 3014 1445 interroga,
3042 1384 3097 1432 et
3127 1376 3248 1432 vide
3271 1386 3466 1449 quanta
3499 1378 3611 1437 lue-

2017 1457 2087 1511 rit
2113 1457 2265 1511 Pilati
2294 1459 2382 1514 illa
2412 1462 2679 1516 cunctatio
2705 1472 2759 1518 et
2783 1466 3043 1519 recusatio
3073 1474 3177 1520 tam
3204 1466 3331 1522 ltedi
3376 1469 3611 1525 ministe-

2019 1547 2081 1599 rii
2129 1566 2141 1601 :
2185 1547 2328 1603 idem
2381 1566 2613 1621 namque
2667 1553 2834 1607 multo
2885 1555 3197 1624 explicatius
3247 1573 3308 1612 ea
3354 1563 3610 1627 narrat’,

2018 1641 2259 1709 quamvis
2284 1658 2383 1698 nec
2418 1644 2529 1713 ipse
2560 1646 2741 1715 utique
2765 1646 2905 1700 dicat
2931 1647 3127 1713 omnia,
3175 1649 3227 1702 in
3268 1650 3459 1719 quibus
3493 1651 3613 1707 duae

2018 1733 2163 1787 hora:
2191 1742 2244 1789 et
2271 1735 2338 1789 de
2366 1745 2517 1791 sexta
2559 1737 2754 1807 aliquid
2797 1738 3160 1810 praeterﬂuxit.
3191 1740 3340 1796 Tune
3362 1756 3482 1796 cum
3512 1742 3611 1797 lla-

2018 1825 2266 1895 gellasset
2289 1827 2493 1896 Jesum,
2516 1838 2571 1883 et
2594 1844 2625 1883 a
2654 1830 2912 1884 militibus
2932 1840 3080 1886 veste
3117 1832 3369 1900 illusoria,
3402 1834 3613 1888 multis-

2018 1932 2122 1986 que
2150 1918 2485 1975 illusionibus
2525 1921 2663 1976 male
2694 1924 2903 1977 tractari
2944 1924 3271 1992 permisisset
3314 1924 3508 1993 (credo
3554 1935 3615 1983 ut

2020 2007 2123 2062 hoc
2151 2008 2310 2063 modo
2341 2011 2528 2065 saltem
2560 2026 2744 2066 eorum
2775 2011 3007 2067 furorem
3039 2013 3324 2082 mitigaret,
3355 2031 3420 2069 ne
3445 2031 3613 2086 usque

2020 2101 2085 2155 ad
2104 2110 2326 2156 mortem
2358 2103 2551 2157 saevire
2573 2103 2992 2173 pertenderent),
3026 2121 3046 2154 ‹
3083 2105 3222 2158 Exiit
3250 2104 3441 2159 iterum
3469 2107 3610 2161 Pila-

2024 2202 2104 2247 tus
2130 2192 2291 2258 foras,
2324 2202 2377 2249 et
2401 2194 2527 2249 dicit
2547 2195 2625 2249 eis
2655 2211 2668 2248 ε
2696 2196 2835 2249 Ecce
2858 2194 3063 2249 adduco
3090 2211 3211 2249 eum
3252 2196 3403 2251 vobis
3446 2196 3613 2263 foras,

2022 2293 2079 2338 ut
2103 2286 2433 2355 cognoscatis
2461 2284 2583 2355 quia
2601 2286 2651 2339 in
2677 2301 2742 2341 eo
2763 2286 2959 2339 nullam
2981 2300 3195 2340 causam
3218 2286 3447 2340 invenio.
3474 2287 3616 2341 Exiit

2022 2391 2150 2446 ergo
2177 2376 2333 2431 Jesus
2374 2385 2591 2446 portans
2620 2376 2856 2446 spineam
2900 2390 3154 2431 coronam
3199 2386 3254 2432 et
3292 2392 3617 2447 purpureum

2021 2468 2416 2523 vestimentum.
2451 2467 2518 2521 Et
2546 2467 2673 2522 dicit
2693 2467 2771 2521 eis
2797 2484 2809 2523 :
2840 2468 2977 2522 Ecce
3008 2468 3200 2533 homo;
3235 2488 3253 2520 ι
3281 2477 3339 2523 ut
3367 2469 3454 2522 illa
3477 2469 3618 2524 velut

2024 2558 2376 2628 ignominiosa
2407 2559 2585 2627 specie
2617 2559 2729 2613 visa
2757 2559 3112 2627 placarentur.
3143 2558 3248 2615 Sed
3278 2560 3533 2630 adjungit,
3564 2570 3618 2615 et

2023 2649 2189 2703 dicit:
2220 2668 2240 2700 ‹
2270 2648 2407 2703 Cum
2427 2664 2555 2717 ergo
2574 2649 2833 2713 vidissent
2856 2665 2976 2704 eum
3004 2650 3282 2719 pontifices
3298 2659 3351 2704 et
3367 2652 3615 2716 ministri,

2022 2742 2322 2797 clamabant
2350 2740 2589 2796 dicentes
2622 2759 2635 2794 :
2665 2740 2947 2811 Crucilige,
2990 2741 3236 2811 crucifige
3270 2760 3283 2796 :
3324 2760 3342 2794 ›
3373 2750 3499 2796 tunc
3528 2742 3617 2797 ho-

2022 2849 2136 2889 ram
2170 2835 2374 2888 tertiam
2404 2832 2567 2889 l‘uisse
2592 2834 2837 2888 dicimus.
2876 2833 3104 2888 Attende
3130 2849 3249 2903 quae
3277 2843 3568 2903 sequantur
3600 2853 3615 2890 :

2030 2944 2047 2976 ι
2085 2925 2221 2979 Dicit
2238 2927 2315 2979 eis
2342 2924 2544 2979 Pilatus
2573 2942 2586 2977 :
2618 2926 2857 2994 Accipite
2895 2940 3015 2979 eum
3058 2934 3171 2988 vos,
3202 2934 3256 2979 et
3283 2925 3571 2996 cruciligite
3599 2943 3614 2990 ;

2023 3032 2121 3087 ego
2147 3016 2290 3071 enim
2317 3031 2421 3071 non
2454 3017 2665 3071 invenio
2687 3018 2737 3071 in
2760 3033 2826 3071 eo
2850 3030 3086 3072 causam.
3134 3017 3541 3085 ReSponderunt
3567 3017 3617 3073 ei

2021 3110 2189 3165 Judaei
2218 3128 2232 3165 :
2261 3108 2368 3164 Nos
2400 3110 2571 3181 legem
2610 3109 2887 3173 habemus,
2922 3120 2974 3164 et
3000 3109 3289 3163 secundum
3321 3109 3485 3179 legem
3520 3111 3618 3165 de-

2022 3201 2114 3257 bet
2144 3202 2313 3265 mori;
2344 3202 2465 3271 quia
2488 3200 2677 3255 Filium
2708 3200 2801 3254 Dei
2830 3214 2889 3255 se
2920 3198 3063 3253 fecit.
3083 3199 3216 3254 Cum
3243 3215 3370 3269 ergo
3385 3199 3619 3254 audisset

2025 3297 2223 3350 Pilatus
2272 3295 2414 3348 hunc
2457 3308 2783 3355 sermonem,
2818 3294 2985 3361 magis
3015 3293 3193 3347 timuit
3226 3311 3239 3346 :
3269 3302 3317 3347 et
3348 3293 3619 3363 ingressus

2024 3396 2105 3440 est
2130 3386 2435 3455 prcetorium
2466 3383 2675 3447 iterum,
2705 3381 2899 3435 etdicit
2921 3379 2987 3434 ad
3014 3380 3195 3434 Jesum
3222 3402 3234 3433 :
3268 3380 3419 3435 Unde
3443 3397 3501 3436 es
3523 3383 3616 3435 tu?

2023 3478 2178 3535 Jesus
2207 3487 2382 3534 autem
2403 3490 2717 3545 responsum
2741 3489 2843 3529 non
2874 3473 3020 3528 dedit
3047 3474 3116 3528 ei.
3151 3473 3288 3527 Dicit
3313 3489 3439 3542 ergo
3459 3476 3506 3528 ei
3534 3474 3619 3527 Pi-

2024 3570 2160 3625 latus
2186 3586 2199 3622 :
2233 3568 2356 3623 Mihi
2386 3582 2492 3621 non
2522 3566 2789 3636 loqueris?
2816 3563 3002 3620 Nescis
3027 3564 3147 3633 quia
3179 3570 3491 3631 potestatem
3519 3563 3617 3616 ha-

2025 3662 2126 3717 beo
2169 3660 2480 3730 crueiligere
2511 3668 2581 3723 te,
2609 3666 2663 3713 et
2692 3665 3004 3728 potestatem
3046 3656 3218 3709 habeo
3243 3655 3511 3728 dimittere
3530 3658 3620 3712 te?

2024 3753 2321 3824 Respondit
2349 3753 2503 3807 Jesus
2536 3768 2548 3804 :
2579 3750 2694 3805 Non
2740 3750 2965 3803 haberes
2997 3754 3315 3818 potestatem
3363 3747 3619 3803 adversus

2025 3863 2111 3903 me
2150 3846 2332 3911 ullam,
2361 3845 2461 3899 nisi
2508 3844 2601 3899 tibi
2646 3842 2824 3896 datum
2859 3851 3001 3896 esset
3049 3840 3296 3910 desuper.
3330 3839 3618 3909 Propterea

2026 3940 2115 4010 qui
2145 3937 2359 3992 tradidit
2392 3952 2478 3989 me
2507 3934 2621 4001 tibi,
2656 3934 2825 4004 majus
2868 3940 3142 4002 peccatum
3176 3931 3352 3986 habet.
3410 3930 3615 3986 Exinde

2026 4032 2228 4086 Pilatus
2253 4028 2524 4099 qumrebat
2551 4026 2818 4081 dimittere
2844 4039 2988 4078 eum.
3031 4043 3048 4075 ι
3081 4022 3136 4076 1η
3162 4022 3263 4077 hoc
3291 4022 3447 4093 igitur
3474 4020 3617 4091 quod

2026 4119 2299 4193 quazrebat
2344 4118 2544 4172 Pilatus
2574 4116 2842 4169 dimittere
2887 4129 3026 4177 eum,
3057 4122 3310 4183 quantum
3366 4112 3619 4181 temporis

2028 4225 2271 4286 putamus
2302 4211 2464 4265 fuisse
2484 4216 2878 4277 consumptum,
2901 4214 3094 4275 quanta
3118 4205 3469 4273 praetermissa
3501 4218 3619 4272 qua:

2027 4308 2111 4362 vel
2146 4322 2177 4361 a
2206 4305 2377 4359 Pilato
2408 4299 2739 4362 dicebantur,
2772 4296 2853 4349 vel
2883 4310 2914 4348 a
2940 4292 3140 4349 Judzeis
3182 4291 3619 4346 contradieeban-

2028 4411 2132 4463 tur,
2154 4407 2428 4466 quousque
2444 4391 2680 4445 dicerent
2697 4386 2865 4441 Judaei
2893 4384 3031 4438 unde
3058 4384 3145 4437 ille
3166 4392 3613 4450 commoveretur,

2027 4499 2081 4545 et
2116 4485 2363 4543 cederet?
2410 4482 2483 4537 Ita
2515 4480 2654 4536 enim
2686 4477 2967 4547 sequitur:
3016 4492 3033 4526 ι
3071 4474 3239 4529 Judaei
3290 4484 3464 4527 autem
3508 4473 3619 4527 cla-

2027 4584 2243 4638 mabant
2294 4579 2571 4634 dicentes:
2602 4575 2659 4630 Si
2696 4574 2837 4627 hunc
2879 4571 3123 4638 dimittis,
3166 4585 3269 4625 non
3312 4585 3369 4624 es
3413 4570 3616 4625 amicus

2026 4674 2280 4737 Caesaris;
2311 4671 2484 4726 omnis
2513 4668 2600 4738 qui
2626 4682 2684 4720 se
2709 4679 2887 4735 regem
2922 4662 3063 4730 facit,
3096 4662 3412 4717 contradicit
3438 4663 3614 4716 (laesa-

2026 4769 2091 4824 ri.
2132 4766 2331 4822 Pilatus
2360 4777 2487 4832 ergo
2522 4775 2642 4814 eum
2679 4757 2913 4811 audisset
2943 4754 3040 4808 hos
3070 4768 3367 4819 sermones,
3399 4753 3620 4807 adduxit

2026 4859 2169 4914 foras
2198 4857 2402 4918 Jesum,
2430 4861 2479 4908 et
2505 4850 2646 4905 sedit
2674 4864 2769 4919 pro
2799 4846 3044 4902 tribunali
3070 4847 3118 4899 in
3148 4846 3268 4899 loco
3308 4845 3395 4911 qui
3427 4844 3619 4897 dicitur

2026 4949 2401 5011 Lithostrotos,
2436 4942 2684 4997 hebraice
2733 4946 2908 4993 autem
2935 4934 3229 4991 Gabbatlta.
3264 4932 3394 4986 Erat
3434 4944 3613 4986 autem

2030 5052 2310 5098 oarasceve
2332 5032 2567 5097 Paschze,
2587 5031 2715 5085 hora
2736 5027 2887 5099 quasi
2908 5033 3077 5079 sexta.
3100 5042 3117 5073 ι
3145 5023 3226 5076 Ab
3242 5022 3329 5075 illa
3344 5036 3471 5091 ergo
3488 5037 3616 5076 voce

2025 5099 2325 5190 ludteorum
2351 5144 2451 5199 qua
2480 5126 2650 5196 primo
2679 5122 2945 5183 dixerunt,
2977 5114 3227 5185 Cruciﬁge
3246 5156 3260 5177 ,
3314 5128 3433 5167 eum
3473 5126 3616 5168 esset

2026 5227 2153 5281 hora
2182 5224 2355 5287 tertia,
2380 5234 2544 5289 usque
2571 5216 2634 5269 ad
2662 5216 2763 5268 hoc
2789 5226 2895 5280 quo
2924 5208 3058 5263 sedit
3090 5223 3185 5278 pro
3219 5206 3487 5269 tribunali,
3523 5222 3617 5275 per

2025 5317 2227 5373 medias
2271 5326 2447 5367 moras
2486 5303 2837 5363 cunctationis
2887 5300 3038 5355 Pilati
3083 5307 3137 5353 et
3183 5297 3615 5352 tumultuantium

2024 5408 2348 5468 Judteorum,
2377 5400 2494 5454 dum
2523 5398 2667 5451 home
2692 5392 3084 5465 prmterierant,
3121 5398 3172 5443 et
3200 5397 3409 5460 peracta
3432 5387 3614 5457 quinta

2019 5504 2129 5575 jam
2155 5502 2222 5557 de
2250 5507 2396 5555 sexta
2421 5493 2619 5565 aliquid
2645 5499 2896 5561 cmperat.
2925 5488 3063 5543 Dicit
3082 5503 3206 5558 ergo
3220 5484 3421 5539 Iudaeis
3448 5480 3617 5536 :Eccc

2089 5659 2105 5689 ι
2131 5654 2330 5704 Codices
2363 5650 2546 5714 plures,
2592 5645 2877 5714 explicatius
2897 5650 3112 5702 enarrat,
3136 5639 3368 5705 gummis.
3395 5635 3611 5714 tltinl‘ra,

2024 5732 2113 5783 pro
2129 5702 2153 5767 :7
2171 5702 2295 5767 tunc
2318 5702 2429 5783 etim
2458 5702 2761 5783 flagellasset,
2790 5719 2893 5759 MSS.
2942 5720 3114 5771 magno
3136 5702 3376 5756 consensu
3399 5702 3611 5754 habent:

2030 5774 2202 5834 "Tm
2223 5790 2334 5830 cum
2357 5774 2650 5829 metuisset.
