3888 6344
355 414 445 455 rex
468 404 643 449 vester.
672 389 767 446 Illi
792 398 955 443 autent
981 379 1302 435 clamabant:
1334 376 1493 440 Tolle,
1525 376 1664 442 tolle,
1697 374 1937 446 cruci/iga

355 500 488 541 eunt.
511 483 615 539 Sed
639 478 920 544 nequejam
933 479 1229 527 commotus
1242 467 1440 522 Pilatus
1456 465 1645 521 timore
1657 464 1943 519 calumnia:

356 572 507 633 l'acile
535 570 774 627 cedebat.
804 565 950 619 'l‘unc
978 562 1118 617 enim
1149 572 1281 613 uxor
1307 556 1423 627 ejus
1451 556 1518 611 ad
1558 570 1678 610 eam
1726 555 1947 610 miserat

357 668 631 726 sedentem
650 677 746 737 pro
764 654 1011 714 tribunali
1034 671 1046 703 .-
1066 651 1205 722 quod
1235 648 1620 721 prmoccupavit
1645 646 1942 713 Mattiacas,

356 742 573 841 qnihoc
613 754 759 810 solus
803 742 1239 805 commemoravit
1285 751 1566 810 antequam
1603 738 1669 795 ad
1699 755 1819 794 eum
1863 739 1945 794 lo-

357 832 478 917 cum
515 842 832 904 narrationis
856 839 1079 901 veniret,
1120 845 1175 891 ut
1204 834 1274 890 ibi
1306 834 1405 889 hoc
1433 843 1674 904 puneret,
1720 832 1809 887 ubi
1846 846 1945 903 op-

356 952 640 1012 portunum
666 931 938 1004 judicavit.
969 926 1205 984 Tentans
1232 926 1408 997 itaque
1429 924 1604 979 adhuc
1629 922 1851 989 Pilatus,
1880 938 1949 978 ne

358 1022 487 1111 Quid
516 1026 815 1099 proliceret,
856 1021 989 1077 dixit
1015 1019 1095 1076 eis
1116 1018 1342 1111 allegent
1370 1025 1589 1070 vestrum
1617 1014 1950 1111 nuciﬁpam?

363 1101 749 1193 ﬁerpoaderunt
777 1114 1039 1187 pontiﬁces
1059 1126 1082 1168 :
1107 1109 1229 1166 Non
1249 1108 1488 1163 habemus
1521 1121 1686 1179 regem
1711 1101 1948 1193 uiritim-

359 1190 541 1268 iarem.
566 1207 704 1264 Tunc
715 1212 831 1278 ergo
852 1200 1058 1259 tradidit
1075 1202 1144 1256 eis
1158 1200 1301 1255 illum
1315 1206 1367 1252 ut
1380 1195 1756 1268 cruciﬁgeretur
1771 1190 1947 1265 (Joan.

359 1321 470 1370 ιιι,
496 1300 697 1373 H6).
743 1298 813 1355 Et
844 1298 969 1352 dmn
1000 1293 1187 1369 pergit,
1230 1302 1285 1346 et
1319 1290 1445 1345 dum
1474 1285 1801 1357 cruciﬁgitur
1830 1299 1952 1339 cum

360 1380 569 1458 duobus
592 1390 907 1456 latronibus,
954 1387 1079 1442 dum
1105 1392 1283 1439 vestes
1312 1381 1429 1455 ejus
1472 1378 1795 1443 dividuntur,
1819 1385 1875 1431 et
1900 1377 1952 1431 in

362 1466 567 1547 sortem
616 1485 703 1541 illa
750 1482 927 1541 tunica
979 1475 1268 1542 mittitur‘,
1298 1481 1455 1544 atque
1483 1474 1622 1527 inter
1662 1469 1776 1527 bare
1796 1468 1954 1523 variis

368 1577 620 1638 conviciis
648 1574 881 1630 iiiuditur
925 1566 1105 1644 (simul
1148 1564 1292 1622 enim
1331 1577 1453 1621 eum
1502 1558 1591 1617 illa
1620 1566 1950 1631 gererentur,

366 1650 523 1733 etiam
547 1664 784 1722 convicia
804 1658 1158 1732 iaciebantur)
1183 1698 1199 1722 ,
1230 1653 1493 1727 completa
1519 1660 1602 1708 est
1626 1649 1756 1705 hora
1782 1658 1952 1717 sexta,

370 1758 424 1814 et
447 1758 596 1812 factae
620 1761 744 1808 sunt
769 1750 1026 1818 tenebrat,
1052 1760 1183 1819 quas
1204 1744 1504 1811 Matthaeus,
1532 1738 1743 1798 Marcus
1762 1748 1817 1796 et
1847 1739 1955 1794 Lu-

370 1828 460 1905 ὣς
485 1849 924 1902 commemorant.

443 1936 533 1993 Π.
564 1934 680 1991 Jam
711 1931 889 2002 itaque
912 1928 1125 1983 corruat
1152 1922 1311 1995 impia
1340 1916 1661 1993 pertinacia,
1700 1927 1755 1976 et
1778 1917 1958 1975 credat

377 2016 657 2083 Dominum
686 2022 865 2078 Jesutn
903 2014 1196 2084 Christum,
1218 2023 1273 2069 et
1302 2013 1452 2069 tertia
1492 2010 1621 2066 hora
1647 2010 1959 2066 crucifixum

374 2120 551 2191 lingua
579 2114 907 2179 Iudaeorum,
936 2119 992 2166 et
1014 2118 1161 2165 sexta
1186 2107 1428 2162 manibus
1456 2105 1680 2160 militum
1712 2121 1726 2158 :
1758 2106 1880 2177 quia
1906 2104 1956 2158 in

375 2207 603 2264 tumultu
630 2204 957 2267 Judasorum,
985 2208 1039 2255 et
1067 2199 1221 2255 Pilati
1240 2198 1477 2264 testibus,
1499 2196 1618 2252 dua:
1642 2205 1800 2268 atque
1842 2211 1960 2250 am-

378 2300 514 2371 plius
547 2299 692 2354 hora:
719 2294 1088 2369 praeterierunt
1115 2306 1147 2346 a
1180 2304 1311 2346 voce
1336 2303 1438 2359 qua
1467 2289 1748 2358 dixerunt,
1782 2287 1959 2344 Cruci-

383 2382 501 2468 ﬁge.
528 2389 634 2448 Sed
656 2390 770 2461 ipse
797 2387 1024 2451 Marcus,
1055 2383 1142 2456 qui
1172 2386 1404 2439 maxime
1430 2381 1703 2436 brevitatis
1731 2387 1964 2437 sectator

381 2496 496 2552 est,
530 2481 761 2539 breviter
792 2479 956 2534 voluit
982 2477 1226 2532 intimare
1250 2470 1405 2529 Pilati
1434 2474 1758 2528 voluntatem
1792 2481 1847 2526 ct
1868 2486 1962 2527 co-

380 2584 559 2633 natum
586 2588 681 2643 pro
709 2569 918 2625 Domini
944 2566 1068 2622 vita.
1100 2566 1232 2621 Cum
1253 2565 1393 2619 enim
1422 2561 1662 2628 dixisset,
1688 2563 1751 2616 At
1771 2561 1848 2617 illi
1874 2563 1967 2616 ito-

376 2662 489 2722 i‘um
530 2665 909 2726 clamauerunt,
941 2657 1192 2729 Cruciﬁge
1230 2671 1380 2723 eum,
1430 2655 1517 2709 ubi
1551 2653 1781 2709 ostendit
1823 2652 1965 2723 quod

374 2756 481 2831 jam
504 2757 883 2821 clantavcrant,
910 2764 1031 2808 cum
1056 2750 1255 2807 vellent
1279 2748 1379 2804 sibi
1407 2747 1600 2802 dimitti
1633 2745 1923 2800 Barabbam
1947 2762 1962 2799 :

379 2840 640 2918 adjnnxit,
681 2843 879 2917 Pilatus
899 2852 1013 2897 vero
1036 2840 1226 2895 diccbat
1251 2839 1342 2905 eis,
1380 2837 1519 2904 Quid
1543 2837 1675 2891 enim
1704 2836 1825 2889 mali
1850 2835 1967 2907 fecit

378 2936 586 3011 (ﬂare.
618 2953 717 3007 διν,
763 2938 865 3004 15,
898 2932 1034 3006 il)?
1069 2932 1180 2987 lloc
1219 2930 1379 2987 modo
1422 2928 1659 2985 breviter
1684 2928 1969 2983 insinuavit

381 3030 509 3101 Quid
546 3030 635 3085 diu
675 3035 880 3099 geStum
910 3036 1011 3081 est.
1053 3016 1253 3079 Memor
1281 3030 1457 3077 tamen
1497 3023 1656 3076 etiam
1688 3021 1802 3090 ipse
1825 3018 1968 3089 quod

380 3121 543 3176 vellet
585 3118 849 3187 intelligi,
889 3130 999 3171 non
1044 3114 1152 3181 ait,
1184 3108 1384 3168 Pilatus
1418 3124 1547 3165 vero
1574 3110 1708 3164 dixit
1732 3110 1844 3173 eis;
1874 3109 1969 3165 sed

382 3210 477 3277 ait,
508 3206 711 3263 Pilatus
736 3222 848 3261 vero
876 3202 1068 3259 dicebat
1092 3203 1183 3270 eis,
1214 3201 1352 3267 Quid
1368 3202 1501 3255 enim
1519 3195 1641 3254 mali
1666 3200 1819 3270 fecit?
1837 3199 1968 3268 Quia

382 3299 427 3355 si
456 3298 679 3365 diceret,
710 3296 883 3360 dixit;
910 3288 1060 3371 quasi
1083 3292 1247 3347 semei
1276 3288 1476 3346 dictum
1504 3289 1921 3360 intelligeremus
1950 3306 1965 3344 :

381 3391 506 3462 Quia
530 3398 657 3445 vero
687 3389 761 3442 ait
779 3429 793 3453 ,
821 3384 1055 3449 dicebat;
1080 3384 1209 3438 satis
1234 3382 1495 3437 intimavit
1520 3380 1932 3451 intelligentibus
1950 3421 1966 3447 ,

384 3482 565 3539 multis
592 3478 765 3536 modis
793 3485 849 3535 et
872 3484 1017 3551 Smpe
1051 3476 1248 3531 dictum
1275 3488 1395 3530 esse
1416 3513 1430 3539 ,
1462 3487 1737 3545 quousque
1764 3472 1968 3544 incipe-

388 3567 470 3630 ret
489 3572 619 3629 hora
648 3582 818 3629 sexta.
844 3566 1147 3640 Cogitemus
1169 3581 1297 3638 ergo
1324 3568 1483 3637 quam
1503 3565 1737 3621 breviter
1760 3565 1862 3620 hoc
1889 3565 1969 3620 di-

388 3667 531 3722 xerit
554 3666 759 3721 Marcus
781 3664 837 3719 in
859 3662 1259 3733 Comparationc
1286 3652 1537 3726 llatthmi,
1560 3673 1717 3729 quam
1740 3656 1971 3712 breviter

380 3746 659 3815 Mattiacas
689 3757 741 3811 in
766 3752 1165 3825 comparatione
1201 3750 1359 3807 Luca:
1380 3790 1397 3818 ,
1427 3765 1584 3820 quam
1607 3747 1843 3805 breviter
1864 3747 1972 3803 Lu-

382 3850 474 3919 cas
506 3848 561 3905 in
589 3846 984 3919 comparatione
1023 3840 1244 3900 Joannis
1265 3884 1282 3910 ,
1313 3855 1434 3896 cum
1476 3848 1649 3895 tamen
1678 3839 1782 3894 alia
1811 3845 1971 3910 atque

384 3938 485 3997 alia
512 3942 737 4011 quiSque
778 3943 1255 3999 commemoraret;
1286 3946 1444 4003 quam
1469 3930 1700 4001 denique
1736 3930 1972 3986 breviter

388 4019 506 4103 ipse
530 4031 764 4085 Joannes
791 4027 848 4084 in
878 4023 1275 4096 comparatione
1295 4038 1472 4077 rerum
1499 4036 1616 4093 qua:
1636 4030 1800 4092 gesta:
1824 4030 1968 4089 sunt,

384 4122 445 4180 et
472 4138 740 4178 morarum
776 4135 898 4176 cum
928 4119 1017 4174 illa
1045 4125 1395 4189 gererentur:
1420 4122 1474 4169 et
1500 4114 1615 4169 sine
1649 4114 1852 4168 insania
1879 4129 1970 4170 re—

386 4208 603 4277 sistendi
631 4213 910 4269 credamus
929 4209 1063 4265 duas
1080 4208 1240 4264 horas
1264 4215 1315 4263 et
1341 4204 1592 4279 quiddam
1615 4204 1670 4260 in
1690 4205 1781 4260 illo
1805 4205 1968 4260 inter-

391 4308 525 4362 vallo
554 4303 778 4361 transire
806 4302 1064 4377 potuisse.

457 4398 545 4454 48.
571 4398 820 4466 Quisquis
848 4396 1024 4450 autem
1050 4388 1244 4449 dixerit
1270 4391 1505 4462 potuisse
1530 4387 1787 4458 Marcum,
1819 4390 1864 4444 si
1898 4389 1970 4445 ita

389 4474 532 4548 esset
555 4532 569 4557 ,
613 4506 679 4545 eo
723 4499 963 4559 tempore
995 4484 1172 4542 dicere
1202 4485 1363 4539 fuisse
1391 4480 1578 4538 horam
1609 4482 1837 4549 tertiam,
1865 4496 1971 4551 quo

392 4574 505 4636 erat
536 4581 664 4634 hora
695 4579 868 4641 tertia,
895 4586 1016 4633 cum
1058 4588 1163 4631 vox
1187 4573 1490 4630 Jndmorum
1520 4572 1589 4628 de
1613 4572 1971 4643 crnciiigcndo

395 4671 618 4726 Domino
658 4668 955 4733 sonuissct,
996 4667 1172 4722 dicere
1197 4667 1359 4723 etiam
1388 4664 1529 4735 quod
1567 4678 1688 4720 cum
1721 4672 1845 4720 tunc
1870 4664 1972 4734 ipsi

392 4758 789 4825 cruciiixerint;
820 4756 979 4812 nimis
1006 4756 1234 4829 superbe
1261 4758 1404 4828 leges
1442 4757 1803 4812 narratoribns
1832 4757 1973 4812 veri-

392 4854 514 4909 tatis
541 4848 780 4922 imponit.
814 4846 904 4902 Sic
924 4847 1064 4903 enim
1096 4856 1267 4917 potest
1288 4848 1487 4912 dicere,
1516 4848 1561 4903 si
1591 4847 1836 4918 haecipse
1852 4862 1977 4902 nar-

390 4948 555 5007 raret,
584 4948 655 4996 eo‘
670 4937 827 4993 modo
846 4934 1140 5006 eodemque
1160 4938 1345 4991 ordine
1369 4938 1437 4991 ab
1457 4937 1701 4991 omnibus
1726 4936 1974 4994 debuisse

392 5022 636 5098 narrari,
680 5045 785 5101 quo
833 5030 946 5099 ipse
993 5027 1241 5082 narravit.
1292 5026 1545 5097 Dignetur
1582 5041 1710 5097 ergo
1749 5027 1974 5084 consilio

397 5120 556 5176 Marci
598 5118 937 5192 evangelista:
966 5118 1205 5189 superari
1237 5118 1517 5174 consilium
1560 5131 1744 5185 suum,
1787 5118 1974 5188 quieo

394 5208 516 5267 loco
552 5211 602 5267 id
633 5209 936 5282 ponendum
962 5209 1233 5281 judicavit,
1274 5224 1378 5280 quo
1404 5209 1523 5264 loco
1543 5207 1719 5263 divina
1745 5208 1973 5279 inspira-

392 5300 537 5359 ῆι)ηο
565 5312 869 5373 suggestum
898 5309 999 5355 eSt.
1036 5300 1449 5355 Recordationes
1477 5300 1620 5354 enim
1652 5313 1834 5353 eorum
1858 5300 1973 5369 ejus

394 5388 555 5455 manu
576 5396 878 5467 gubernatur
898 5402 1039 5456 sunt,
1063 5392 1153 5462 qui
1171 5393 1427 5462 gubernat
1450 5404 1656 5462 aquam,
1687 5392 1823 5446 sicut
1844 5391 1976 5445 seri-

395 5479 543 5560 p‘tum
570 5498 672 5555 est,
699 5487 927 5561 qualiter
955 5486 1027 5542 illi
1057 5486 1332 5558 placuerit.
1363 5485 1723 5539 Fluiuitenim
1747 5483 1973 5540 humana

398 5582 653 5639 memoria
684 5595 779 5652 per
818 5580 990 5635 varias
1029 5578 1411 5650 cogitationes,
1453 5592 1550 5632 nec
1581 5576 1633 5631 in
1662 5576 1975 5650 cujusquam

344 5692 361 5705 ’
460 5690 483 5724 ⁸
504 5684 1393 5754 Μωέωωῦιὶαωηεωήεωη
1415 5689 1638 5742 eum.

1169 265 1259 322 DE
1294 259 1643 321 CONSENSU
1678 255 2337 325 EVANGELISTARUH,
2373 254 2435 314 S.
2475 256 2847 318 AUGUSTINI

3513 263 3670 323 1188

2047 381 2309 446 potestate
2327 380 2409 428 est
2429 372 2554 443 quid
2576 380 2632 428 et
2649 371 2862 443 quando
2885 373 2935 428 ei
2957 374 3133 430 veniat
3151 374 3206 431 in
3221 384 3497 433 mentem.
3526 374 3672 439 Cum

2047 479 2174 537 ergo
2196 464 2272 520 illi
2302 464 2471 520 sancti
2494 475 2548 519 et
2578 470 2796 521 veraces
2824 466 2924 521 viri
2952 466 3104 539 quasi
3135 466 3349 529 fortuita
3377 471 3671 527 recorda-

2048 559 2249 614 tioumn
2280 573 2495 613 suarum
2525 568 2743 630 propter
2782 560 3102 616 narrationis
3131 561 3372 618 ordinem
3420 564 3672 621 occulta

2050 646 2144 713 Dei
2176 648 2442 719 potestati,
2486 648 2570 703 cui
2617 649 2750 705 nihil
2778 650 3051 705 fortuitum
3081 658 3189 718 est,
3216 652 3669 722 Commisissent,

2050 750 2157 794 non
2186 748 2394 810 oportet
2422 753 2742 811 quemquam
2782 738 3055 795 hominum
3086 740 3269 798 dicere
3296 743 3469 815 loiige
3510 743 3669 814 obje-

2050 838 2194 886 Ctum
2217 832 2284 886 ab
2308 830 2477 886 oculis
2507 831 2599 886 Dei
2629 839 2683 886 et
2711 832 2868 905 longe
2904 834 3356 907 peregrinantem,
3385 836 3521 891 Hoc
3552 838 3673 892 loco

2051 922 2173 995 poni
2196 920 2399 989 debuit,
2430 921 2572 992 quod
2601 921 2754 978 valde
2780 922 2986 995 ignorat
3005 938 3102 985 cur
3125 940 3193 981 eo
3210 925 3331 983 loco
3354 925 3515 982 Deus
3541 931 3671 998 poni

2050 1014 2297 1068 Voluerit.
2330 1013 2463 1079 Quia
2486 1023 2534 1069 et
2554 1014 2603 1070 si
2625 1013 2908 1070 obvolutum
2945 1024 3022 1072 est
3047 1010 3359 1092 evangelium
3384 1032 3637 1074 nostrum
3655 1064 3669 1086 ,

2052 1102 2127 1160 ait
2152 1107 2457 1175 Apostolus,
2497 1107 2551 1162 in
2586 1108 2651 1163 iis
2670 1109 2759 1183 qui
2784 1120 2990 1181 pereant
3018 1110 3301 1167 obvolutum
3322 1123 3397 1167 est
3421 1112 3517 1187 (ιι
3547 1110 3665 1168 Cor.

2052 1204 2126 1262 tif,
2164 1197 2252 1271 5).
2282 1198 2349 1257 Ει
2378 1216 2498 1256 cum
2526 1200 2776 1265 dixisset,
2796 1199 2926 1256 Aliis
2960 1202 3162 1276 quiden't
3188 1220 3360 1258 sumus
3386 1206 3532 1258 odor
3558 1206 3673 1259 rita

2052 1285 2106 1342 in
2135 1290 2309 1354 vitam,
2352 1290 2467 1345 aliis
2491 1291 2618 1345 odor
2648 1291 2823 1347 mortis
2846 1290 2899 1345 in
2925 1303 3171 1357 mortem;
3194 1293 3423 1365 subjecit
3454 1295 3666 1356 statim.

2055 1376 2125 1435 Et
2158 1382 2226 1435 ad
2264 1382 2370 1439 luco
2419 1383 2531 1451 quia
2595 1376 2807 1438 idoneus
2847 1376 2968 1455 (Id.
3003 1401 3058 1449 ιι,
3098 1383 3325 1456 16)ἳίίί
3375 1395 3492 1451 est,
3551 1388 3671 1457 quis

2057 1469 2277 1527 idoneus
2306 1472 2601 1544 intelligere
2621 1490 2781 1545 quam
2801 1474 2946 1544 justo
2971 1473 3097 1528 fiat?
3116 1475 3267 1545 Quod
3301 1475 3451 1532 idem
3487 1476 3670 1533 Domi-

2060 1579 2161 1619 nus
2190 1563 2320 1618 dicit
2344 1582 2355 1616 :
2387 1562 2501 1637 Ego
2520 1563 2651 1631 ueni,
2678 1574 2733 1618 ut
2762 1565 2850 1636 qui
2877 1582 2977 1621 non
3004 1564 3191 1628 vident,
3224 1565 3431 1625 rideant
3454 1584 3479 1633 ;
3505 1580 3557 1621 et
3586 1570 3670 1639 qui

2056 1654 2245 1719 vident,
2273 1654 2393 1708 ι·ωεὶ
2410 1654 2537 1723 ﬁant
2578 1653 2766 1727 (Joan.
2798 1672 2871 1722 ιχ,
2894 1653 3023 1726 39).
3054 1653 3165 1727 Ipsa
3193 1666 3274 1711 est
3304 1655 3454 1711 enim
3487 1656 3669 1712 altitu-

2058 1744 2128 1800 do
2158 1745 2459 1800 divitiarum
2483 1745 2721 1799 scientia:
2748 1754 2803 1800 ct
2822 1745 3094 1815 sapie’ntite
3119 1744 3233 1811 Dei,
3259 1761 3361 1816 qua
3396 1746 3461 1800 lit
3487 1760 3560 1801 ex
3582 1761 3669 1803 ea-

2059 1834 2178 1890 dem
2205 1850 2380 1890 massa
2406 1835 2549 1890 aliud
2572 1851 2665 1891 vas
2690 1837 2741 1890 in
2770 1835 3067 1904 honorem,
3095 1835 3241 1892 aliud
3281 1837 3333 1891 in
3364 1844 3664 1894 centumc-

2061 1920 2221 1993 liam;
2261 1933 2316 1981 et
2351 1925 2548 1981 dicitur
2571 1926 2715 1980 carni
2746 1934 2800 1981 et
2824 1926 3087 2003 sanguini,
3121 1924 3166 1980 0
3195 1927 3345 1981 homo
3368 1938 3426 1982 tu
3449 1928 3569 1997 quis
3598 1919 3667 1983 es‘

2060 2019 2146 2089 qui
2182 2019 2486 2089 respondeas
2524 2016 2632 2073 Deo
2660 2021 2676 2089 (
2700 2019 2845 2073 liam.
2884 2034 2959 2086 ιχ,
3001 2018 3093 2086 ‘21,
3119 2017 3189 2074 20
3209 2018 3262 2091 )3
3290 2021 3426 2087 Quis
3455 2035 3593 2091 ergo
3616 2030 3667 2076 et

2063 2110 2114 2166 in
2141 2110 2238 2168 hac
2264 2127 2323 2166 re
2353 2113 2624 2181 cognoscit
2655 2112 2982 2166 intellectmn
3013 2110 3243 2179 Domini,
3272 2122 3366 2169 aut
3388 2113 3517 2184 quis
3541 2128 3666 2167 con-

2062 2202 2293 2261 siliarius
2322 2202 2396 2257 illi
2431 2202 2525 2257 fuit
2552 2200 2673 2273 (Id.
2708 2219 2799 2268 XI,
2840 2202 2930 2269 5'5,
2964 2198 3094 2272 35),
3123 2202 3212 2258 ubi
3242 2205 3318 2260 sic
3344 2205 3666 2275 gubernavit

2063 2293 2220 2349 cerda
2252 2292 2703 2348 reminisccntium
2743 2294 3203 2363 Evangelistarnm
3230 2335 3246 2361 ,
3279 2304 3333 2350 et
3379 2295 3439 2349 in
3486 2294 3664 2350 Eccle-

2063 2384 2156 2439 sia:
2189 2383 2395 2454 fastigio
2428 2392 2575 2437 tanto
2615 2383 2946 2437 auctoritatis
2974 2383 3208 2439 culmine
3246 2383 3582 2446 sublimavit,
3611 2392 3665 2441 ut

2066 2489 2163 2544 per
2184 2475 2298 2528 haec
2320 2474 2428 2543 ipsa
2453 2488 2571 2545 quae
2591 2474 2642 2527 in
2664 2474 2743 2528 eis
2763 2473 3028 2529 contraria
3053 2473 3221 2527 videri
3246 2483 3494 2544 possunt,
3518 2474 3660 2529 multi

2066 2575 2486 2630 exetecarcntur,
2519 2563 2677 2635 digne
2704 2564 2884 2618 traditi
2923 2564 2974 2617 in
3003 2564 3467 2633 concupiscentias
3491 2563 3663 2620 cordis

2067 2658 2167 2722 sui,
2196 2667 2247 2714 et
2275 2657 2327 2711 in
2362 2655 2643 2727 reprobnm
2678 2671 2893 2711 sensum
2928 2652 3050 2729 (Id.
3083 2671 3121 2724 t,
3151 2654 3241 2721 24,
3269 2656 3415 2727 9.8);
3440 2669 3497 2713 et
3518 2656 3659 2712 multi

2068 2755 2443 2803 exercerentur
2467 2745 2534 2800 ad
2574 2745 2899 2801 elimandum
2931 2747 3069 2816 piunt
3108 2746 3437 2801 intellectum
3475 2762 3659 2803 secun-

2066 2835 2191 2891 dum
2214 2836 2478 2891 occultam
2498 2834 2888 2906 Omnipotentis
2906 2836 3200 2907 justitiam?
3223 2836 3359 2892 Dicit
3377 2838 3523 2895 enim
3548 2853 3658 2908 pro-

2068 2927 2224 3001 pheta
2248 2926 2473 2981 Domino
2502 2943 2518 2982 :
2546 2925 2717 2981 Nimis
2740 2926 3009 2997 profunda:
3032 2931 3180 2999 facta:
3202 2937 3319 2981 sunt
3337 2929 3659 3000 cogitationes

2072 3024 2211 3085 tute;
2233 3018 2309 3071 vir
2334 3019 2626 3088 imprudens
2645 3034 2745 3072 non
2773 3030 3052 3089 cognoscet,
3084 3028 3131 3073 et
3155 3020 3337 3075 stultus
3358 3038 3465 3076 non
3489 3021 3654 3077 intelli—

2067 3112 2149 3186 get
2177 3112 2284 3165 [uec
2311 3108 2493 3185 (Psal.
2524 3123 2635 3179 XCI,
2664 3111 2718 3177 o,
2750 3111 2782 3165 7
2798 3096 2867 3182 ).‘

2139 3200 2226 3257 49.
2266 3202 2397 3257 Peto
2429 3211 2607 3257 autem
2628 3244 2643 3270 ,
2675 3210 2730 3258 et
2755 3203 3019 3259 admoneo
3045 3218 3138 3259 eos
3171 3206 3262 3276 qui
3291 3203 3407 3261 haec
3445 3207 3649 3278 legunt,

2073 3305 2168 3364 per
2196 3307 2295 3347 nos
2314 3290 2597 3363 adjuvante
2620 3292 2844 3348 Domino
2865 3294 3154 3364 elaborata,
3184 3305 3242 3350 ut
3270 3296 3430 3367 hujus
3457 3313 3652 3354 senue-

2068 3385 2154 3440 nis
2173 3398 2331 3455 quem
2361 3383 2463 3441 hoc
2499 3384 2617 3441 loco
2652 3385 3093 3457 interponendum
3127 3388 3415 3444 arbitratus
3440 3406 3576 3457 sum,
3604 3391 3651 3444 in

2070 3476 2216 3530 omni
2251 3474 2412 3530 Simili
2444 3477 2799 3547 qumstionum
2830 3478 3136 3534 ditlieultate
3177 3481 3552 3548 meminerint,
3592 3494 3652 3535 ne

2069 3565 2267 3638 strpius
2304 3566 2493 3624 eadem
2535 3568 2825 3640 repetenda
2861 3570 2987 3624 sint.
3025 3570 3205 3627 Facile
3250 3582 3427 3628 autem
3472 3571 3650 3629 videbit

2070 3660 2161 3735 qui
2191 3661 2307 3717 sine
2336 3660 2621 3731 impietatis
2649 3661 2842 3718 duritia
2888 3664 3115 3719 voluerit
3150 3664 3430 3721 attendere
3452 3710 3470 3734 ,
3508 3680 3648 3737 quam

2072 3759 2372 3821 Opportuno
2396 3751 2517 3807 loco
2538 3751 2742 3807 Marcus
2764 3751 2866 3807 hoc
2891 3751 2958 3807 de
2980 3754 3133 3808 tertia
3161 3755 3287 3809 hora
3318 3756 3576 3825 posuerit,
3600 3764 3648 3809 ut

2071 3839 2144 3898 ibi
2185 3844 2409 3915 quisque
2452 3844 2763 3900 recordetur
2791 3860 2893 3916 qua
2931 3844 3062 3899 hora
3090 3845 3260 3901 Judmi
3304 3849 3647 3904 crueiﬂxermt

2070 3926 2373 4000 Dominum,
2404 3932 2495 4003 qui
2522 3934 2771 3989 volebant
2799 3934 2852 3989 in
2878 3934 3149 3991 Romanos
3171 3936 3258 3992 vel
3287 3940 3550 4011 principes
3575 3938 3645 3993 vel

2070 4023 2266 4078 milites
2282 4022 2578 4080 transferre
2603 4024 2774 4095 ipsum
2799 4026 3021 4093 facinus,
3051 4024 3136 4082 ubi
3159 4026 3355 4083 factum
3384 4019 3645 4085 ministro-

2070 4126 2190 4169 rum
2214 4112 2439 4169 militum
2465 4125 2936 4171 commemoratum
2967 4124 3069 4173 est.
3096 4118 3186 4173 Ait
3210 4119 3375 4187 enim,
3402 4116 3478 4176 Et
3500 4120 3641 4176 cruci-

2072 4205 2277 4275 ﬁgentes
2302 4221 2414 4259 eum
2438 4202 2711 4261 diviserunt
2739 4208 3029 4262 vestimenta
3049 4209 3178 4281 ejus,
3204 4210 3456 4267 mittentes
3483 4219 3643 4266 sortem

2071 4298 2223 4365 super
2262 4298 2374 4362 eis,
2419 4298 2533 4367 quis
2567 4298 2689 4368 quid
2719 4298 2956 4353 tolleret:
2984 4300 3071 4369 qui
3101 4300 3200 4355 hoc
3223 4298 3261 4366 ί,
3302 4302 3409 4356 nisi
3446 4301 3639 4366 milites,

2071 4385 2208 4441 sicut
2241 4384 2474 4443 Joannes
2515 4386 2853 4443 manifestat?
2881 4389 3017 4459 Ergo
3043 4404 3111 4444 ne
3149 4394 3431 4462 quisquam
3460 4392 3639 4462 cogita-

2072 4478 2273 4533 tionem
2298 4479 2428 4533 tanti
2457 4478 2716 4545 criminis,
2748 4494 2967 4535 aversus
2994 4495 3024 4534 a
3051 4478 3269 4547 Judans,
3301 4478 3354 4537 in
3382 4483 3569 4538 milites
3588 4479 3643 4535 il.

2072 4570 2154 4626 los
2172 4580 2529 4637 converteret,
2555 4566 2684 4625 Erat
2702 4579 2889 4638 autem,
2924 4571 3113 4640 inquit,
3140 4570 3271 4625 liora
3291 4566 3439 4626 tertia
3471 4582 3516 4627 et
3537 4585 3637 4624 m-

2073 4665 2343 4735 ci/ixerunt
2384 4679 2497 4718 eum
2518 4680 2540 4732 ,°
2571 4673 2628 4718 ut
2669 4662 2744 4719 illi
2772 4676 2896 4720 eum
2938 4664 3111 4734 potius
3147 4660 3477 4721 cruclﬁvisse
3508 4664 3638 4720 inve.

2074 4756 2326 4822 niantur,
2371 4768 2505 4825 quos
2545 4753 2677 4809 hora
2718 4755 2875 4809 tertia
2920 4763 2975 4808 ut
2998 4755 3397 4825 cruciﬁgeretur
3433 4756 3638 4812 clamare

2075 4845 2313 4916 potuisse
2342 4885 2357 4909 ,
2382 4844 2606 4916 diligens
2633 4844 2908 4914 inquisitor
2931 4842 3196 4911 inveniet,
3227 4860 3347 4901 cum
3375 4839 3637 4901 adverterit

2075 4936 2176 5011 hoc
2191 4938 2331 5008 quod
2351 4952 2380 4991 a
2397 4938 2649 4993 militibus
2664 4936 2858 4994 factum
2878 4950 2978 5006 est,
3000 4936 3125 4994 hora
3143 4944 3291 4995 sexta
3312 4938 3503 4997 factum
3515 4952 3631 4996 esse.

2145 5030 2233 5087 50.
2278 5029 2589 5101 QuanQuam
2626 5046 2735 5086 non
2772 5031 2947 5087 desint
2986 5033 3076 5104 qui
3121 5048 3453 5103 parasceves,
3499 5044 3631 5105 quam

2074 5116 2766 5191 Joannescommcmoravit
2789 5121 2974 5179 dicens
2992 5165 3009 5191 ,
3038 5120 3173 5178 Erat
3203 5134 3370 5179 autem
3397 5134 3629 5194 pararem

2081 5208 2313 5275 Paro/ue,
2336 5212 2461 5266 liora
2490 5211 2597 5284 fere
2621 5221 2782 5280 sexta,
2804 5212 2990 5268 horam
3022 5213 3126 5268 diei
3155 5216 3365 5280 tertiam
3393 5215 3548 5271 velint
3568 5211 3628 5264 in-

2075 5301 2260 5373 telligi,
2293 5317 2393 5374 qua
2424 5303 2564 5359 sedit
2591 5303 2789 5360 Pilatus
2812 5318 2912 5375 pro
2951 5303 3195 5359 tribUnaii
3225 5320 3240 5360 :
3268 5310 3325 5360 u't
3344 5305 3521 5361 eadem
3549 5312 3627 5355 ter

2078 5395 2147 5451 tia
2186 5396 2449 5466 completa
2492 5395 2763 5467 videatur,
2795 5396 3005 5468 quando
3031 5388 3316 5455 crucifixus
3343 5409 3463 5468 est;
3496 5405 3627 5466 atque

2078 5485 2170 5544 illo
2202 5489 2310 5560 jam
2340 5488 2607 5559 pendente
2635 5488 2689 5545 in
2731 5488 2911 5565 ligno,
2956 5488 3075 5546 alia:
3104 5490 3213 5547 tres
3243 5478 3388 5548 horae
3426 5494 3629 5566 pensata

2078 5581 2222 5649 sint,
2262 5588 2320 5637 et
2351 5580 2640 5638 reddiderit
2667 5572 2913 5653 spiritum
2939 5598 2955 5636 :
2987 5586 3045 5638 ut
3081 5571 3149 5637 ab
3174 5586 3241 5637 ea‘
3274 5576 3406 5638 uera
3432 5568 3632 5656 quatior
