3888 6318
195 297 371 356 1189

194 410 442 465 [tinctus
466 414 565 470 est,
602 405 657 461 id
695 414 778 462 est
810 404 915 458 diei
953 410 1128 466 sexta,
1171 398 1411 455 tenebrre
1437 398 1630 455 fierent
1652 411 1825 468 usque

194 500 281 555 ad
314 512 537 552 nonam.
568 495 761 550 Dicunt
784 494 927 549 enim
952 534 968 559 ,
1015 492 1104 547 die
1145 490 1358 560 quidem
1389 492 1478 545 illo
1511 500 1668 560 quem
1710 488 1824 544 dies

196 592 434 647 sabbati
466 589 805 658 sequebatur,
836 599 1155 655 parasceven
1183 582 1349 637 fuisse
1370 582 1589 636 Pascha:
1612 579 1823 635 iud-.20-

197 697 371 741 rum,
400 678 539 749 quod
560 679 625 730 ab
647 678 834 732 eodem
861 676 1082 730 sabbato
1107 673 1218 742 jam
1244 673 1543 741 inciperent
1576 674 1774 742 Aeyma
1805 685 1820 724 :

197 771 313 826 sed
350 780 528 824 tamen
566 784 752 824 verum
782 768 1016 833 Pascha,
1046 765 1191 837 quod
1224 764 1413 835 jamiu
1443 766 1693 835 pttSSiOne
1726 763 1825 818 Do-

196 862 359 916 mini
398 860 706 932 gerebatur,
737 874 848 915 non
875 858 1215 924 Judzeorum,
1245 856 1340 912 sed
1368 854 1819 923 Christianorum,

198 956 459 1025 coepisse
481 954 787 1024 prteparari,
817 951 871 1006 id
892 956 992 1012 est,
1024 962 1344 1021 paraseeven
1365 948 1581 1003 habere.
1603 950 1671 1003 ab
1693 949 1821 1003 hora

196 1048 405 1102 noctis
432 1062 571 1101 noua
591 1084 608 1113 ,
641 1048 695 1100 in
727 1059 792 1098 eo
815 1042 959 1113 quod
998 1042 1251 1097 Dominus
1278 1056 1310 1097 a
1348 1040 1547 1095 Judacis
1570 1040 1820 1094 occiden-

199 1140 321 1195 dus
379 1140 797 1209 pravparabatur.
857 1136 1157 1190 Parasceve
1198 1133 1396 1204 quippe
1441 1133 1823 1201 interpretatur

200 1233 569 1302 praeparatio.
602 1230 686 1283 Ab
726 1226 811 1282 illa
841 1242 969 1295 ergo
1006 1240 1145 1281 nona
1174 1226 1347 1279 noctis
1388 1224 1518 1279 hora
1557 1238 1725 1291 usque
1754 1222 1819 1276 a'd

198 1325 337 1395 eius
371 1322 769 1377 erucilixionem
798 1319 1029 1374 occurrit
1060 1320 1533 1387 heraparasoeves
1559 1316 1708 1371 Sexta
1736 1330 1823 1370 se.

208 1414 468 1470 modum
499 1408 782 1476 Joannem,
814 1418 875 1464 et
894 1409 1023 1463 hora
1050 1408 1156 1463 diei
1190 1408 1343 1463 tertia
1366 1406 1657 1462 secundum
1679 1406 1820 1460 Mar-

206 1521 351 1562 cum
392 1525 403 1559 :
436 1514 493 1559 ut
520 1520 625 1559 non
646 1503 851 1557 Marcus
883 1502 1068 1555 horam
1095 1498 1247 1555 Illam.
1266 1500 1594 1553 recordatam
1617 1498 1822 1567 recapi-

199 1598 447 1655 ttJInndo
488 1594 1017 1660 commcmoraverit,
1066 1608 1167 1663 qua
1205 1592 1569 1645 clamaverunt
1616 1590 1818 1654 Judmi,

198 1688 481 1757 Cruci/ige
505 1731 519 1754 ,
553 1687 825 1757 cruci/ige;
855 1684 948 1739 Sed
976 1699 1093 1739 eam
1126 1696 1343 1753 prorsus
1383 1683 1566 1736 horam
1610 1683 1818 1735 tertiam

202 1781 461 1845 dixerit,
503 1794 606 1848 qua
649 1777 904 1830 Dominus
929 1784 1012 1830 est
1040 1775 1176 1828 fixus
1207 1776 1257 1827 In
1295 1775 1455 1844 ligno.
1484 1772 1615 1839 Quis
1650 1772 1821 1827 ﬁdelis

198 1887 325 1927 non
357 1871 485 1925 huic
522 1869 694 1923 faveat
722 1868 973 1923 solutioni
1014 1867 1359 1937 qu.esti0nls,
1392 1860 1435 1919 si
1466 1866 1622 1919 modo
1652 1867 1821 1935 possit

208 1965 427 2035 aliquis
456 1963 715 2017 articulus
749 1962 941 2031 conjici
979 1961 1047 2014 ab
1091 1952 1223 2013 hora’
1266 1970 1402 2012 nona
1431 1962 1637 2026 noctis,
1681 1960 1819 2014 unde

200 2057 451 2123 empisse
470 2067 785 2123 parasceven
816 2052 1035 2107 Pascha:
1063 2051 1253 2117 nostri,
1287 2051 1337 2104 id
1363 2060 1441 2104 est
1465 2052 1816 2119 przrparatio-

202 2158 344 2201 nem
375 2145 562 2198 mortis
581 2143 799 2209 Christi,
820 2148 1176 2212 congruentur
1196 2140 1584 2211 intelligamus?
1603 2144 1655 2196 Si
1678 2142 1817 2195 enim

206 2235 469 2291 dicamus
500 2242 615 2287 eam
657 2234 884 2303 coepisse
909 2233 1121 2303 quando
1160 2248 1188 2286 a
1222 2230 1420 2287 ,ιιιώυἱε
1458 2234 1819 2303 apprehensus

204 2334 299 2380 est
355 2324 653 2388 Dominus;
697 2325 871 2378 adhuc
912 2324 1084 2378 noctis
1113 2324 1297 2392 prima:
1324 2332 1499 2392 partes
1543 2333 1733 2378 erant:
1774 2324 1818 2378 si

202 2416 439 2487 quando
465 2415 528 2469 ad
552 2415 766 2468 domum
796 2414 1083 2484 perductus
1107 2422 1189 2468 est
1215 2414 1385 2469 soceri
1408 2411 1641 2484 Caiphtc,
1664 2416 1747 2468 ubi
1768 2424 1821 2470 et

205 2507 442 2561 auditus
482 2514 563 2559 est
608 2521 635 2558 a
682 2505 1006 2575 principibus
1049 2505 1413 2568 sacerdotum;
1441 2506 1614 2560 adhuc
1652 2506 1819 2575 gallus

204 2610 324 2654 non
369 2605 696 2663 cantaverat,
728 2595 870 2666 quod
899 2610 963 2649 ex
992 2595 1136 2649 Petri
1178 2598 1459 2665 negatione
1484 2598 1816 2667 colligimus,

205 2695 359 2761 quae,
394 2704 517 2743 cum
542 2688 649 2757 jam
677 2688 974 2753 audiretur,
1008 2686 1143 2740 facta
1172 2696 1252 2741 est
1281 2705 1294 2739 :
1328 2688 1371 2741 si
1402 2698 1575 2742 autem
1607 2689 1819 2759 quando

204 2776 394 2839 Pilato
424 2781 651 2833 traditus
681 2787 797 2843 est;
825 2781 934 2848 jam
962 2794 1119 2833 mane
1146 2780 1312 2833 fuisse
1338 2780 1668 2849 apertiSSime
1691 2783 1821 2835 seri-

204 2882 369 2945 ptum
422 2881 523 2925 est.
563 2871 749 2925 Restat
785 2886 912 2941 ergo
951 2879 1012 2925 ut
1048 2871 1400 2940 intelligamus
1433 2882 1556 2927 tunc
1594 2874 1820 2942 coepisse

203 2964 381 3019 istam
411 2977 730 3031 parasceven
762 2962 1001 3027 Paschzn,
1032 2962 1081 3015 id
1107 2973 1187 3016 est
1214 2964 1649 3032 prteparationem
1678 2979 1822 3018 mor-

209 3051 553 3117 frs-Domini,
582 3053 792 3123 quando
822 3054 1207 3123 responderunt
1236 3062 1423 3109 omnes
1454 3057 1715 3126 principes
1736 3071 1821 3110 sa-

203 3144 496 3202 cerdotum
525 3146 663 3215 apud
704 3162 837 3216 quos
873 3148 1042 3216 primo
1084 3147 1429 3213 audiebatur,
1460 3157 1511 3202 et
1538 3150 1814 3218 dixerunt,

207 3235 361 3292 Reus
389 3246 461 3290 est
488 3238 662 3289 mortis
685 3254 703 3300 ;
734 3237 874 3306 quod
902 3238 1039 3305 apud
1063 3236 1363 3291 Muttinrum
1391 3249 1442 3292 et
1470 3240 1704 3294 Marcum
1733 3243 1818 3294 in-

208 3329 438 3382 venitur
469 3324 690 3395 (Mattlz.
722 3342 864 3389 xxvi,
892 3328 982 3391 66,
1017 3338 1061 3379 et
1089 3326 1251 3378 Marc.
1282 3343 1395 3391 xw,
1421 3330 1521 3397 64)
1549 3348 1561 3382 :
1587 3339 1641 3381 ut
1667 3346 1818 3383 reca-

207 3417 501 3490 pitulando
534 3418 894 3486 intelligantur
934 3418 997 3470 tle
1034 3418 1173 3471 Petri
1208 3421 1483 3487 negatione
1514 3430 1693 3488 postea
1741 3422 1819 3474 di-

208 3512 366 3567 iisse
390 3510 525 3579 quod
559 3520 710 3563 antea
737 3510 927 3563 factum
959 3518 1092 3564 erat.
1122 3510 1232 3563 Non
1262 3511 1412 3564 enim
1430 3512 1657 3568 absurde
1685 3528 1817 3567 con-

208 3602 433 3672 jicitur,
482 3610 723 3668 tempore
751 3610 846 3662 co,
882 3598 1129 3668 quando,
1161 3608 1217 3653 ut
1246 3601 1356 3653 dixi
1378 3642 1392 3667 ,
1441 3617 1587 3655 reum
1632 3605 1818 3659 mortis

209 3691 724 3762 pronuntiaverunt,
760 3690 943 3742 horam
975 3705 1165 3742 nonam
1194 3692 1362 3744 noctis
1393 3707 1510 3745 esse
1536 3695 1769 3761 potuisse
1800 3713 1813 3747 :

214 3796 286 3839 ex
320 3798 426 3851 qua
473 3783 601 3835 liora
635 3796 802 3851 usque
847 3780 913 3835 ad
948 3780 1131 3835 horam
1175 3792 1275 3852 qua
1319 3785 1453 3837 sedit
1485 3784 1683 3840 Pilatus
1721 3802 1817 3855 pro

211 3875 511 3939 tribunali,
541 3875 691 3943 quasi
724 3876 851 3927 hera
891 3882 1035 3929 sexta
1072 3874 1200 3941 luit,
1236 3890 1337 3928 non
1379 3876 1505 3940 dici,
1545 3879 1634 3932 sed
1666 3895 1815 3948 para-

212 3980 415 4023 sceves
440 4008 454 4032 ,
504 3966 552 4018 id
597 3974 678 4020 est
717 3969 1117 4037 praeparationis
1158 3968 1534 4022 immolationis
1566 3971 1811 4039 Domini,

206 4059 361 4129 quod
399 4072 577 4112 verum
614 4058 813 4113 ['aseha
844 4068 927 4114 est
959 4079 972 4113 :
1003 4070 1057 4113 ut
1081 4059 1231 4129 plena
1274 4073 1419 4116 sexta
1447 4065 1685 4131 ejusdem
1724 4083 1815 4135 pa-

209 4154 473 4205 rasccves
494 4193 507 4215 ,
538 4166 654 4218 qua:
686 4153 839 4219 plena
868 4152 969 4204 diei
1011 4152 1159 4205 tertia
1191 4155 1525 4221 occurrebat,
1560 4158 1812 4212 Dominus

210 4240 640 4308 suspenderctur
667 4241 719 4293 in
758 4240 917 4309 ligno.
961 4242 1083 4296 Sive
1110 4258 1236 4312 ergo
1283 4245 1383 4299 hoc
1414 4246 1587 4313 potius
1616 4248 1783 4301 intelli

213 4332 456 4402 gendum
490 4331 733 4401 eligatur,
765 4331 876 4386 sive
900 4331 1107 4387 Marcus
1138 4336 1344 4388 tertiam
1378 4334 1565 4391 horam
1587 4339 1799 4393 recidito

212 4416 306 4487 rit,
355 4436 580 4492 emnque
618 4425 846 4478 maxime
876 4424 943 4478 ad
980 4424 1471 4482 cendcmnationem
1510 4420 1809 4485 Judarornm

214 4504 273 4569 in
306 4514 533 4581 lDomini
569 4516 907 4570 crucifixione
941 4530 1360 4573 commemorare
1403 4520 1626 4575 voluerit
1649 4564 1663 4588 ,
1710 4540 1810 4592 qua

218 4603 595 4673 intelliguntur
638 4606 867 4661 clamare
910 4608 1142 4676 pomisse
1182 4618 1237 4663 ut
1277 4612 1710 4681 cruciﬁgeretur,
1757 4625 1811 4668 ut

217 4690 371 4764 ipsos
402 4696 580 4764 potius
604 4697 928 4753 crucilixisse
953 4700 1335 4769 acciperemus,
1368 4718 1522 4777 quam
1560 4718 1652 4757 eos
1681 4720 1810 4774 quo-

216 4784 341 4853 rum
367 4787 611 4840 manibus
638 4787 689 4840 in
714 4788 854 4857 ligno
884 4800 1171 4858 suspensus
1200 4802 1313 4858 est;
1346 4795 1481 4848 sicut
1504 4794 1588 4847 ille
1616 4796 1811 4849 Centu-

214 4876 301 4930 rio
328 4878 496 4945 magis
517 4879 741 4931 accessit
768 4880 833 4933 ad
873 4880 1172 4949 Dominum,
1201 4900 1355 4953 quam
1396 4886 1468 4939 illi
1498 4890 1649 4941 amici
1680 4904 1811 4958 quos

216 4966 371 5021 misit
415 4967 489 5038 (rt)
530 4986 542 5020 :
578 4970 762 5036 procul
796 4971 957 5026 dubio
995 4975 1217 5042 qua-stic
1256 4978 1425 5031 soluta
1457 4990 1537 5033 est
1572 4981 1638 5035 de
1683 4982 1807 5037 hora

217 5058 516 5115 Dominicze
542 5062 833 5130 passionis,
872 5078 988 5134 qua:
1018 5067 1243 5122 maxime
1272 5070 1405 5123 solet
1434 5080 1485 5125 et
1514 5075 1810 5126 centeutio-

221 5165 404 5206 sorom
434 5156 703 5210 concitare
728 5156 1128 5227 impudentiam,
1160 5171 1214 5214 et
1238 5160 1565 5217 infirmorum
1598 5166 1811 5235 imperi-

219 5242 349 5297 tiam
381 5248 711 5315 perturbare.

218 5329 449 5390 CAPUT
492 5336 630 5390 XIV.
660 5367 732 5378 —
768 5337 841 5391 De
873 5336 1063 5394 duobus
1090 5342 1363 5398 latronibus
1386 5362 1497 5400 cum
1523 5348 1614 5404 illo
1639 5352 1807 5405 cruci-

528 5408 645 5476 ﬁxis
667 5450 680 5471 ,
709 5412 959 5481 quomodo
992 5429 1161 5467 onmes
1186 5419 1501 5471 concordent.

294 5496 380 5551 5i.
409 5498 657 5568 Sequitur
676 5502 974 5572 Matth-mus,
998 5514 1050 5557 et
1079 5506 1203 5561 dicit
1233 5525 1245 5561 :
1279 5508 1418 5563 Tun‘c
1442 5513 1678 5582 cruri/iri
1693 5526 1808 5569 sunt

222 5594 337 5641 cum
360 5605 417 5642 eo
447 5590 547 5643 duo
572 5591 791 5646 latrones
806 5636 821 5659 ,
852 5598 983 5651 unus
1003 5613 1034 5650 a
1059 5599 1249 5653 dextris
1268 5640 1284 5669 ,
1311 5609 1359 5655 et
1385 5618 1515 5657 unus
1536 5622 1567 5658 a
1591 5607 1805 5663 sinistris

223 5812 233 5820 .
282 5753 1079 5853 (αὶνωσωρηνιίιιθηωρση

1601 283 1813 345 LIBER
1847 282 2162 343 TERTIUS.

3377 289 3517 349 H90

1932 394 2142 466 (Matth.
2175 410 2338 463 xxvn,
2366 395 2483 469 38).
2505 396 2579 454 Et
2592 396 2803 457 ﬂoreus
2815 399 3306 474 similiterpetLueas
3322 404 3513 481 (Marc.

1930 502 2037 553 xv,
2066 488 2134 545 27
2152 528 2166 551 ,
2194 498 2242 543 et
2262 487 2388 544 Luc.
2419 505 2567 554 mu,
2600 491 2714 558 35).
2744 491 2854 547 Nec.
2880 492 3112 547 Joannes
3135 494 3369 562 aliquam
3392 498 3519 555 facit

1928 580 2312 650 qumstionem,
2350 582 2591 650 quamvis
2632 582 2866 641 latrones
2904 599 3000 639 eos
3036 601 3143 655 non
3184 584 3414 643 dixerit:
3445 591 3518 644 ait

1928 671 2110 738 enim,
2157 670 2226 731 Et
2265 688 2380 727 cum
2416 688 2474 731 eo
2513 673 2642 729 alios
2681 674 2843 738 duos,
2882 674 3001 749 hinc
3042 685 3086 728 et
3114 676 3265 741 hinc,
3298 678 3513 747 medium

1927 770 2099 816 autem
2143 760 2323 818 losum
2367 762 2547 835 (Joan.
2589 780 2684 819 XIX
2706 805 2737 833 ,_
2772 764 2881 835 l8).
2914 765 3064 820 Esset
3094 776 3270 821 autem
3300 778 3514 825 contra-

1928 853 2088 917 rium,
2121 854 2168 911 si
2193 870 2316 912 eum
2343 855 2420 915 illi
2444 855 2706 913 dixissent
2729 856 2986 925 latrones,
3012 856 3113 912 iste
3136 860 3335 920 diceret
3364 865 3515 923 inno-

1924 962 2023 1006 080
2030 958 2129 1006 ωε.

1926 1040 2152 1095 CAPUT
2175 1040 2290 1095 XV.
2318 1070 2390 1082 --
2411 1038 2492 1094 De
2515 1042 2593 1095 bis
2618 1040 2702 1107 qui
2728 1039 2949 1096 Domino
2977 1041 3363 1113 insultaverunt,
3385 1062 3517 1117 quo-

1999 1132 2149 1185 modo
2214 1132 2348 1186 inter
2402 1148 2458 1188 se
2504 1140 2779 1187 consonent
2832 1131 3107 1188 Mattluctts
3130 1175 3144 1197 ,
3202 1133 3415 1191 Herc“
3460 1149 3511 1193 et

1999 1224 2185 1279 Lucas.

1997 1317 2087 1372 52.
2131 1316 2380 1387 Sequitur
2414 1318 2712 1380 "animus,
2729 1325 2783 1373 et
2812 1316 2939 1371 dicit
2968 1336 2981 1371 :
3021 1316 3387 1381 Praetereunt“
3414 1337 3512 1373 au-

1932 1415 2031 1461 tem
2076 1407 2491 1477 blaspltemnbant
2524 1424 2664 1467 eum.
2708 1417 2955 1471 moventes
2994 1408 3164 1476 capita
3202 1426 3330 1473 sua,
3361 1419 3407 1467 et
3430 1412 3514 1467 (Β-

1927 1508 2089 1555 cetttes
2130 1516 2147 1553 :
2192 1499 2291 1565 Qui
2321 1500 2338 1531 ¹
2380 1501 2593 1559 damnis
2638 1500 2910 1568 templum,
2936 1508 2985 1552 et
3008 1500 3059 1552 in
3086 1500 3250 1554 triduo
3277 1502 3406 1555 illud
3430 1519 3515 1565 re-

1926 1590 2182 1659 tediﬁcas,
2226 1591 2365 1644 salva
2394 1591 2709 1660 temetipsum
2731 1608 2746 1653 ,'
2768 1590 2812 1644 si
2840 1585 2885 1642 F
2888 1590 3006 1645 ilius
3036 1588 3129 1644 Dei
3157 1608 3209 1645 es
3233 1632 3247 1657 ,
3276 1592 3517 1648 descende

1924 1678 1991 1733 de
2023 1692 2188 1733 cruce.
2229 1680 2363 1737 lluic
2400 1681 2604 1737 lit-treus
2658 1696 2791 1750 pono
2825 1680 2890 1737 ad
2916 1681 3106 1735 eadem
3137 1684 3295 1737 verba
3326 1699 3517 1739 conisa-

1925 1782 2035 1827 nat.
2074 1773 2324 1843 Sequitur
2353 1773 2547 1829 deinde
2572 1774 2876 1838 Mattiacas,
2907 1783 2963 1832 et
2989 1773 3123 1830 dicit
3154 1792 3167 1827 :
3198 1775 3445 1845 Similiter
3471 1788 3517 1830 et

1925 1864 2177 1934 principes
2204 1865 2520 1919 sacerdotum
2547 1866 2810 1918 illudeutes
2829 1881 2945 1921 cum
2965 1865 3159 1920 Scribis
3174 1875 3221 1919 et
3238 1867 3515 1921 senioribus

1924 1954 2155 2009 dicebant
2187 1970 2207 2009 :
2238 1956 2379 2009 Alios
2401 1954 2569 2009 βαίνοι
2588 1957 2700 2025 fecit
2721 1996 2733 2017 ,
2767 1956 2987 2023 seigrsunt
3008 1971 3110 2008 non
3143 1966 3298 2024 potest
3324 1958 3517 2012 salvum

1925 2049 2109 2116 facere.
2154 2045 2216 2102 Si
2259 2063 2348 2101 rex
2384 2045 2550 2100 Israel
2574 2057 2647 2101 est
2666 2087 2679 2111 ,
2712 2047 2979 2103 descendat
3008 2061 3142 2099 nunc
3171 2045 3234 2103 de
3260 2064 3404 2101 cruce
3425 2090 3441 2113 ,
3472 2060 3518 2105 et

1922 2137 2175 2191 eredinms
2214 2138 2261 2192 ei
2301 2153 2322 2192 :
2357 2138 2566 2206 conlidit
2609 2139 2659 2191 in
2711 2136 2896 2204 Dium,
2944 2137 3118 2192 liberet
3157 2154 3289 2195 nunc
3326 2156 3437 2192 eum
3475 2140 3519 2195 si

1921 2228 2068 2291 vult;
2108 2229 2238 2287 dixit
2270 2230 2403 2282 enim
2427 2270 2442 2295 ,
2478 2228 2608 2292 Quia
2635 2227 2801 2282 Filius
2832 2228 2922 2284 Dei
2951 2246 3063 2284 sunt
3094 2229 3305 2303 (Matth.
3338 2248 3478 2286 xxvn
3500 2274 3514 2298 ,

1923 2318 2137 2390 39-45).
2167 2320 2373 2374 Marcus
2401 2330 2455 2375 et
2479 2320 2647 2375 Lucas
2666 2361 2682 2384 ,
2712 2322 2957 2389 quamvis
2982 2321 3083 2376 alia
3113 2322 3273 2379 verba
3304 2323 3515 2389 dicant,

1922 2411 1989 2466 ad
2032 2413 2275 2467 eamdem
2323 2422 2497 2467 tamen
2537 2414 2851 2469 sententiam
2882 2416 3167 2477 concinunt
3188 2458 3201 2479 ,
3231 2431 3352 2471 eum
3383 2419 3517 2473 alius

1924 2504 2309 2572 pnetermittit,
2340 2505 2481 2575 quod
2510 2505 2645 2560 alius
2669 2518 3053 2561 commemorat
3080 2507 3272 2573 (Marc.
3306 2526 3390 2574 xv,
3417 2510 3517 2565 “29-

1922 2596 2026 2661 52,
2059 2606 2105 2650 et
2128 2596 2255 2650 Luc.
2283 2613 2409 2651 xxut
2430 2638 2446 2663 ,
2478 2598 2683 2667 55—57).
2717 2599 2788 2651 De
2820 2600 3146 2669 principibus
3168 2603 3307 2655 enim
3336 2618 3515 2656 sacer-

1921 2688 2105 2743 dotum
2149 2688 2292 2757 quod
2337 2689 2703 2743 insultaverint
2750 2689 2976 2743 Domino
3020 2692 3273 2745 crueiﬁxo
3319 2695 3516 2761 pariter

1924 2795 2031 2835 non
2069 2788 2280 2844 tacent;
2318 2780 2559 2849 quamvis
2599 2781 2836 2836 seniores
2876 2780 3038 2835 tacuit
3062 2780 3268 2837 Marcus
3300 2800 3315 2835 ;
3347 2784 3517 2838 Lucas

1923 2882 2100 2928 autem
2138 2873 2261 2943 quia
2305 2874 2570 2943 principes
2597 2873 2760 2937 dixit,
2792 2887 2890 2927 nec
2916 2873 3117 2927 addidit
3144 2875 3478 2931 sacerdotum
3497 2919 3512 2943 ,

1922 2964 2092 3033 magis
2114 2966 2329 3018 nomine
2349 2964 2580 3033 generali
2604 2978 2792 3018 omnes
2812 2965 3062 3033 primates
3077 2965 3388 3034 complexus
3406 2976 3509 3033 est,

1924 3063 1981 3107 ut
2010 3054 2079 3106 ibi
2113 3055 2315 3123 possint
2340 3054 2557 3121 intelligi
2584 3064 2638 3108 et
2664 3055 2867 3109 Scriba:
2892 3064 2946 3109 et
2973 3056 3233 3111 seniores.

1920 3143 2147 3201 CAPUT
2190 3146 2328 3199 XVI.
2372 3174 2447 3187 --
2491 3145 2565 3200 De
2596 3146 2846 3200 latronum
2877 3147 3201 3202 insultatione
3221 3189 3235 3216 ,
3266 3151 3515 3219 quonde

1993 3252 2095 3288 non
2135 3246 2411 3306 repugnent
2450 3237 2723 3292 Matt/tants
2751 3246 2795 3291 et
2826 3237 3033 3292 Morcus
3060 3237 3243 3307 Lucat,
3272 3242 3358 3310 qui
3387 3242 3515 3296 dixit

1992 3344 2148 3379 unum
2171 3344 2341 3379 eorum
2367 3329 2635 3381 insultasse
2656 3368 2671 3393 ,
2702 3330 2855 3381 alium
2882 3331 3168 3386 credidisse.

1992 3417 2082 3472 53.
2114 3418 2363 3487 Sequitur
2390 3418 2663 3471 Matthaeus
2683 3460 2698 3484 ,
2732 3426 2785 3471 et
2812 3419 2939 3472 dicit
2970 3459 2982 3472 .
3022 3438 3041 3473 ι
3079 3404 3309 3488 ldipsnm
3333 3433 3509 3477 autem

1926 3516 1980 3562 et
2001 3509 2229 3561 latrones
2258 3507 2346 3577 qui
2370 3507 2603 3561 cruciﬁxi
2633 3518 2781 3561 erant
2809 3522 2927 3562 cum
2956 3523 3058 3574 eo,
3085 3509 3515 3577 impmperabant

1920 3598 1969 3653 ei
2002 3616 2024 3650 ι
2073 3597 2282 3671 (Matth.
2330 3613 2469 3652 xxvn
2497 3636 2510 3661 ,
2558 3597 2670 3670 44).
2714 3597 2824 3652 Nec
2871 3598 3384 3670 Marcusdiscrepat,
3413 3601 3514 3659 hoc

1922 3689 2065 3745 idem
2094 3690 2276 3743 dicens
2300 3688 2419 3743 aliis
2442 3689 2616 3743 verbis
2643 3688 2833 3759 (illam.
2866 3706 2935 3744 xzv
2952 3731 2973 3756 ,
2994 3690 3109 3761 59‘).
3143 3692 3314 3747 Lucas
3334 3703 3511 3752 autem

1918 3791 2095 3853 potest
2146 3782 2319 3851 putari
2366 3796 2695 3851 repugnare,
2740 3782 2841 3837 nisi
2877 3798 3046 3852 genus
3074 3784 3355 3841 locutionis
3384 3789 3513 3843 satis

1926 3874 2178 3928 usitatum
2226 3890 2328 3927 non
2357 3874 2752 3928 obliviscamur.
2790 3875 2875 3929 Ait
2900 3876 3039 3930 enim
3069 3877 3239 3932 Lucas
3269 3898 3279 3932 :
3317 3898 3336 3933 ι
3366 3879 3512 3937 Unus

1917 3974 2094 4019 autem
2138 3965 2205 4020 de
2244 3965 2312 4019 iis
2351 3966 2438 4035 qui
2469 3967 2766 4035 pendebant
2794 3967 3087 4024 latronibus
3115 3970 3513 4039 blasphetnabat

1918 4069 2039 4110 eum
2062 4097 2077 4122 ,
2117 4054 2302 4109 dicens
2347 4074 2361 4109 :
2407 4055 2460 4111 Si
2503 4063 2557 4109 tu
2582 4074 2639 4111 es
2668 4056 2948 4123 Christus,
2974 4060 3175 4115 salvum
3204 4060 3286 4117 lae
3312 4072 3508 4118 temet-

1918 4144 2089 4214 ipsum
2121 4155 2175 4200 et
2202 4162 2320 4200 nos.
2346 4165 2365 4199 ι
2401 4146 2466 4200 Et
2488 4147 2729 4216 sequitur
2759 4148 2895 4203 idem
2925 4148 3059 4218 ipse,
3092 4157 3251 4219 atque
3280 4156 3347 4207 ita
3377 4169 3505 4207 con-

1916 4239 2085 4293 texit:
2126 4256 2142 4289 t
2187 4240 2537 4307 Respondens
2576 4253 2753 4294 autem
2791 4242 2956 4303 alter,
3000 4241 3300 4312 increpabat
3327 4245 3501 4310 illum,

1916 4328 2102 4383 dicens
2135 4346 2148 4380 :
2177 4329 2355 4398 Neque
2387 4337 2442 4382 tu
2474 4330 2627 4385 times
2647 4332 2828 4391 Deum,
2851 4317 3267 4400 quodin'eadem
3288 4333 3509 4389 damna-

1917 4421 2061 4475 tione
2088 4435 2163 4473 cs.
2196 4421 2263 4473 Et
2291 4434 2388 4475 nos
2414 4421 2625 4490 Quidem
2653 4422 2794 4491 justo
2812 4462 2826 4485 ,
2859 4440 2978 4477 nam
3011 4424 3167 4493 digna
3190 4423 3340 4480 faelis
3367 4427 3505 4481 reci-

1916 4514 2127 4582 pimus;
2172 4508 2255 4566 hic
2296 4528 2420 4567 vero
2460 4513 2591 4567 nihil
2623 4515 2742 4567 mali
2770 4516 2954 4584 gessit.
2990 4517 3054 4569 Et
3082 4517 3293 4570 dicebat
3319 4519 3382 4570 ad
3410 4518 3504 4573 Je-

1916 4616 2031 4656 sn'm
2066 4623 2078 4658 :
2110 4605 2329 4658 Domine
2349 4647 2362 4666 ,
2396 4604 2664 4658 momento
2696 4607 2797 4659 mei
2822 4614 2943 4660 eum
2965 4608 3176 4661 veneris
3207 4609 3256 4660 in
3281 4626 3497 4679 regnum

1917 4702 2082 4749 tuum.
2119 4698 2181 4750 Et
2209 4698 2342 4750 dixit
2366 4696 2445 4750 illi
2474 4694 2626 4751 Jcsus
2658 4716 2670 4751 :
2705 4700 2873 4752 Amen
2899 4700 3018 4752 dico
3046 4702 3135 4755 tibi
3158 4743 3170 4763 ,
3203 4702 3357 4757 hodie
3388 4718 3501 4758 me-

1914 4798 2036 4839 cum
2080 4788 2183 4840 eris
2210 4794 2261 4840 in
2295 4789 2537 4856 paradiso
2566 4807 2585 4839 ι
2619 4788 2772 4861 (Luc.
2803 4804 2926 4843 xum
2948 4834 2967 4855 ,
2993 4792 3199 4859 59-45).
3227 4794 3503 4858 Quomodo

1914 4890 2046 4945 ergo
2066 4920 2079 4942 ,
2132 4879 2269 4931 sicut
2310 4878 2587 4939 Matthmns
2612 4881 2769 4946 dicit,
2807 4900 2835 4931 ι
2856 4881 3116 4935 Latrones
3147 4882 3234 4950 qui
3265 4885 3502 4940 cruciﬁxi

1910 4974 2067 5021 crant
2097 4982 2223 5022 eum
2249 4985 2332 5031 eo,
2358 4972 2790 5041 improperabant
2817 4975 2863 5026 ci
2903 4992 2920 5025 ι
2950 4991 2962 5034 ;
2997 4974 3102 5037 vel,
3129 4974 3270 5027 sicut
3296 4975 3501 5032 Marcus

1914 5060 2076 5128 dicit,
2097 5071 2133 5114 ’ς
2164 5065 2222 5117 Et
2250 5065 2340 5133 qui
2367 5080 2486 5119 cum
2514 5080 2580 5118 eo
2608 5066 2842 5120 cruciﬁxi
2871 5072 3042 5131 erant,
3075 5070 3502 5125 conviciabontur

1914 5152 1962 5206 ei
1991 5171 2003 5205 :
2046 5172 2065 5206 ι
2109 5156 2539 5226 quandoquidem
2571 5171 2708 5211 unus
2738 5172 2923 5211 eorum
2945 5160 3271 5215 conviciatds
3292 5173 3390 5225 est,
3414 5179 3500 5220 se-

1914 5245 2142 5298 eundum
2160 5246 2314 5299 Lucae
2332 5247 2711 5310 testimonium,
2734 5249 2871 5301 alter
2906 5256 2963 5302 et
2997 5253 3325 5319 compescuit
3352 5269 3496 5321 eum,

1913 5347 1968 5394 et
2006 5339 2055 5391 in
2090 5339 2365 5391 Dominum
2399 5338 2665 5392 credidit?
2690 5341 2787 5393 nisi
2821 5341 3175 5411 intelligamus
3194 5344 3495 5400 Mattha'um

1912 5431 1966 5486 ει
2003 5431 2233 5484 Marcum
2276 5430 2505 5482 breviter
2531 5432 2942 5499 perstringamus
2974 5433 3113 5487 hunc
3139 5435 3347 5498 locum,
3378 5437 3496 5504 plu-

1910 5520 2077 5574 ralem
2106 5532 2384 5571 numerum
2414 5534 2508 5587 pro
2536 5521 2784 5589 singulari
2816 5523 3057 5591 posuisse
3086 5542 3098 5577 :
3130 5526 3266 5579 sicut
3291 5527 3496 5596 επὶ-15βί-

1912 5610 2046 5665 Stola
2091 5610 2154 5663 ad
2195 5609 2447 5665 Hebraeos
2476 5612 2694 5681 legimus
2722 5613 2997 5684 pluraliter
3018 5615 3219 5670 dictum
3238 5657 3256 5683 ,
3281 5616 3495 5674 Classe.

1976 5718 2306 5835 mirati:
2326 5716 2426 5787 qui.
2441 5729 2498 5775 At
2516 5718 2841 5777 veteresit's.
2859 5732 2913 5778 ct
2932 5722 3102 5780 textius
3331 5722 3501 5785 eavea

1908 5782 2175 5849 »παίδων
