3888 6312
468 252 603 312 1191

472 380 593 429 runt
629 386 720 427 ora
752 369 979 427 leonum.
1007 375 1128 420 cum
1158 360 1303 416 solus
1326 356 1508 418 Daniel
1536 363 1819 433 significari
1843 364 2040 419 intelli-

468 473 657 533 gatur;
682 467 735 513 et
760 456 1033 527 pluraliter
1054 456 1251 508 dictum
1271 494 1285 517 ,
1313 453 1451 509 Secti
1475 465 1590 508 sunt
1617 454 1796 523 (Hebr.
1823 472 1871 509 xi
1893 496 1908 521 ,
1943 458 2041 511 5‘5-

458 553 584 621 37),
631 566 751 607 cum
794 550 861 605 de
896 549 1012 605 solo
1053 546 1185 603 Isaia
1229 547 1486 603 tradatur.
1532 548 1586 602 In
1635 548 1847 603 Psalmo
1881 549 2040 603 etiam

457 646 598 716 quod
638 644 834 700 dictum
873 652 953 698 est
972 662 1007 708 ,'
1028 641 1305 695 Astiterunt
1338 657 1476 711 reges
1506 650 1651 695 teme
1674 681 1690 706 ,
1718 650 1764 694 et
1791 641 2041 711 principes

455 747 792 793 convenerunt
811 737 865 790 in
902 750 1093 799 unum,
1135 741 1238 788 etc.
1265 774 1281 798 ,
1324 732 1578 802 pluralem
1616 748 1893 787 numerum
1945 747 2041 802 pro

456 830 704 899 singulari
750 826 976 895 positum
1000 866 1015 889 ,
1058 825 1111 878 in
1155 824 1373 879 Actibus
1411 826 1782 895 Apostolorum
1815 826 2039 895 exponi-

457 927 540 970 tur
572 933 584 969 :
619 930 741 969 nam
783 928 935 985 reges
964 923 1179 984 propter
1205 914 1464 969 Herodem
1491 956 1503 979 ,
1532 915 1797 986 principes
1822 927 2037 986 propter

455 1006 684 1061 Pilatum
702 1006 1093 1069 intellexerunt,
1112 1003 1201 1075 qui
1223 1005 1578 1059 testimouimn
1596 1006 1831 1075 ejusdem
1851 1007 2035 1074 psalmi

454 1097 809 1153 adhibuerunt
836 1095 1008 1168 (Psal.
1038 1112 1093 1161 ιι,
1120 1096 1192 1161 2;
1222 1096 1332 1149 Act.
1366 1112 1441 1163 Iv,
1468 1096 1558 1160 26,
1580 1098 1691 1168 27).
1718 1098 1821 1152 Sed
1840 1099 1959 1168 quia
1982 1108 2037 1153 et

455 1189 651 1259 Pagani
692 1189 866 1243 solent
910 1187 1218 1241 calumniari
1260 1186 1545 1257 Evangelio
1570 1228 1584 1250 ,
1611 1188 1824 1243 videant
1852 1204 2038 1257 quem—

452 1281 738 1337 admodum
805 1278 967 1333 locuti
1026 1279 1131 1333 sint
1185 1289 1429 1333 auctores
1475 1293 1691 1344 eorum,
1748 1279 2033 1346 Phardras,

453 1369 666 1427 Medeas
707 1378 762 1425 et
790 1369 1233 1439 Clytemnestras,
1264 1384 1384 1423 cum
1412 1370 1631 1439 singulae
1660 1369 1870 1425 fuerint.
1900 1372 2037 1437 Quid

457 1472 633 1518 autem
670 1462 911 1516 usitatius
931 1502 947 1527 ,
976 1462 1121 1515 verbi
1150 1462 1315 1531 gratia
1337 1504 1350 1525 ,
1376 1477 1530 1532 quam
1562 1472 1618 1517 ut
1646 1463 1786 1517 dicat
1810 1464 2000 1534 aliquis
2019 1506 2034 1529 ,

451 1553 521 1607 Et
540 1554 724 1607 rustici
751 1551 882 1606 mihi
907 1553 1179 1618 insultant;
1202 1554 1359 1607 etiam
1382 1555 1427 1607 si
1452 1570 1587 1608 unus
1613 1554 1869 1609 insultet?
1888 1556 2037 1610 Tunc

453 1643 595 1695 enim
620 1650 766 1696 esset
791 1643 1114 1695 contrarium
1142 1643 1284 1711 quod
1308 1644 1475 1698 Lucas
1496 1644 1563 1699 de
1590 1660 1696 1698 uno
1726 1645 2034 1701 manifesta-

449 1734 559 1798 vit,
601 1734 645 1787 si
684 1732 759 1786 illi
801 1733 1059 1786 dixissent
1095 1732 1277 1787 ambos
1314 1736 1545 1789 latrones
1578 1736 1900 1791 conviciatos
1932 1738 2034 1791 Do-

451 1824 633 1885 mino;
679 1824 750 1877 ita
788 1823 928 1877 enim
960 1838 1064 1877 non
1098 1834 1277 1893 posset
1302 1823 1401 1879 sub
1429 1841 1653 1881 numero
1680 1826 1867 1895 plurali
1898 1844 2032 1883 unus

450 1912 675 1982 intelligi
723 1929 737 1966 :
782 1928 902 1966 cum
942 1928 1070 1966 vero
1108 1913 1303 1968 dictum
1342 1924 1424 1968 est
1450 1955 1464 1979 ,
1517 1916 1769 1982 latrones,
1798 1918 1916 1982 vel,
1946 1919 2032 1988 qui

449 2021 564 2059 cum
601 2022 657 2058 eo
691 2004 921 2074 cruci/iri
960 2015 1131 2071 erant,
1172 2021 1270 2061 nec
1293 2006 1525 2060 additum
1553 2017 1634 2061 est
1654 2050 1669 2074 ,
1697 2010 1894 2075 ambo;
1924 2027 2030 2067 non

448 2098 621 2151 solum
662 2098 703 2152 si
736 2097 893 2151 ambo
924 2097 1172 2153 iecissent
1191 2141 1205 2164 ,
1239 2108 1417 2168 posset
1447 2100 1544 2154 hoc
1574 2100 1675 2155 dici
1696 2142 1711 2166 ,
1746 2103 1839 2157 sed
1870 2105 2027 2159 etiam

446 2190 570 2259 quia
596 2204 731 2243 unus
752 2188 851 2243 hoc
876 2190 1016 2255 fecit,
1045 2191 1213 2260 potuit
1234 2192 1426 2245 usitato
1448 2191 1729 2247 locutionis
1749 2194 1909 2250 modo
1936 2210 2030 2265 per

448 2279 706 2349 pluralem
736 2294 1011 2333 numerum
1031 2280 1334 2349 signiﬁcari.

446 2369 672 2425 CAPUT
714 2370 874 2425 XVII.
920 2401 991 2411 —
1034 2370 1113 2425 De
1160 2382 1278 2442 potu
1321 2374 1484 2439 aceti,
1525 2375 1772 2443 quomodo
1811 2376 1940 2429 inter
1977 2393 2029 2430 se

974 2479 1142 2516 omnes
1166 2464 1494 2518 consentiant.

518 2553 607 2608 54.
640 2552 1173 2623 δεαυίιυνΜαιιΙιιευδ
1194 2564 1247 2608 ει
1269 2555 1396 2609 dicit
1426 2573 1437 2607 :
1468 2556 1513 2608 Α
1540 2565 1682 2610 sexta
1710 2567 1875 2610 autem
1900 2559 2024 2611 hora

445 2646 657 2699 tenebrae
671 2649 820 2715 facta
845 2655 961 2699 sunt
984 2662 1133 2716 super
1156 2648 1437 2701 universam
1466 2658 1653 2702 terram
1670 2666 1826 2719 usque
1840 2651 1906 2703 ad
1928 2652 2021 2704 ho—

441 2752 549 2788 ram
578 2752 763 2789 nonam
791 2734 1003 2805 (Matth.
1036 2753 1173 2790 xxvn
1192 2779 1205 2800 ,
1234 2737 1443 2809 45-49).
1473 2739 1581 2794 Hoc
1603 2740 1776 2794 etduo
1794 2741 1879 2794 alii
1898 2757 2023 2795 cnn-

444 2824 905 2896 testanturUIarc.
923 2841 1012 2891 xv,
1039 2826 1223 2891 33-36,
1252 2838 1297 2881 et
1326 2827 1451 2881 Luc.
1478 2844 1622 2895 χχιιι,
1650 2831 1752 2896 46,
1782 2831 1870 2900 45)
1892 2848 1903 2883 :
1929 2831 2022 2884 ad-

441 2915 576 2971 didit
603 2926 778 2971 autem
807 2916 975 2971 Lucas
1004 2918 1163 2972 etiam
1195 2918 1333 2972 unde
1362 2918 1511 2973 facta:
1539 2921 1643 2973 sint
1674 2921 1903 2973 tenelmc
1924 2961 1939 2985 ,
1969 2921 2020 2974 id

438 3016 519 3060 est
560 3008 727 3061 solem
772 3007 1129 3061 obscuratum.
1171 3009 1418 3077 Sequitur
1453 3010 1727 3064 Mattiacas
1756 3029 1768 3063 :
1797 3010 1861 3063 Et
1886 3012 2020 3065 circa

440 3099 614 3151 horam
644 3115 829 3152 nonam
848 3100 1078 3152 clamavit
1107 3098 1255 3153 Iesus
1274 3115 1391 3152 voce
1415 3116 1598 3170 magna
1617 3142 1631 3164 ,
1659 3102 1828 3155 dicens
1856 3101 1981 3155 :Eli
1999 3143 2014 3169 ,

449 3189 556 3253 Eli,
575 3192 761 3244 lamma
790 3190 1078 3244 sabacthani
1097 3191 1123 3244 7
1142 3189 1236 3243 hoc
1261 3200 1352 3255 est,
1374 3188 1509 3244 Deus
1525 3207 1680 3257 meus,
1697 3190 1831 3246 Deus
1855 3210 2013 3260 meus,

436 3283 613 3353 utquid
669 3281 975 3353 dereliquisti
1028 3283 1149 3338 me?
1209 3282 1428 3347 Quidam
1480 3292 1648 3335 autem
1687 3283 1795 3337 illic
1828 3294 2015 3338 stantes

437 3383 484 3427 et
536 3373 791 3426 audientes
820 3414 835 3439 ,
893 3373 1120 3428 dicebant
1165 3388 1183 3426 :
1231 3372 1400 3427 Eliam
1447 3383 1589 3427 vocat
1642 3375 1751 3428 iste.
1810 3374 2016 3429 Marcus

436 3482 569 3535 pene
606 3467 672 3519 ad
713 3466 897 3520 eadem
940 3466 1137 3532 verba,
1193 3465 1257 3518 ad
1302 3466 1543 3520 eamdem
1590 3476 1762 3521 tamen
1790 3478 2009 3522 senten-

434 3558 562 3610 tiam
611 3572 715 3610 non
769 3570 900 3626 pene
933 3597 947 3621 ,
1002 3556 1096 3610 sed
1150 3555 1367 3609 omnino
1418 3558 1698 3610 consentit.
1763 3555 2015 3627 Sequitur

432 3648 708 3703 Matthmus
754 3666 766 3701 :
811 3647 876 3700 Et
915 3650 1150 3701 continuo
1190 3664 1395 3701 currens
1428 3663 1556 3700 unus
1581 3664 1643 3700 ea:
1667 3648 1736 3701 eis
1760 3658 2013 3718 acceptam

429 3741 693 3810 spongiam
718 3738 938 3808 implevit
966 3748 1103 3792 aceto
1123 3780 1137 3804 ,
1163 3749 1207 3791 et
1234 3738 1472 3808 imposuit
1498 3738 1735 3791 arundini
1752 3778 1768 3805 ,
1795 3747 1840 3792 et
1862 3739 2013 3792 dabat

428 3832 473 3883 ei
502 3831 680 3883 bibere.
708 3829 795 3884 Sic
820 3839 873 3883 et
898 3828 1103 3883 Marcus
1131 3828 1259 3882 dicit
1290 3846 1302 3881 :
1335 3827 1553 3883 Currens
1580 3838 1745 3882 autem
1774 3845 1935 3894 unus,
1963 3839 2012 3883 et

427 3919 642 3988 impleas
665 3920 927 3989 spongiam
952 3929 1089 3971 aceto
1114 3960 1129 3983 ,
1154 3919 1629 3991 circumponensque
1652 3920 1848 3973 calamo
1872 3961 1885 3984 ,
1916 3937 2009 3989 po-

428 4017 535 4061 tum
575 4008 725 4061 dabat
763 4009 808 4062 ei
850 4008 1017 4061 dicens
1044 4024 1062 4062 :
1097 4006 1291 4071 Sinite,
1322 4009 1575 4061 videamus
1602 4010 1647 4061 si
1674 4011 1837 4063 veniat
1867 4009 2010 4062 Elias

425 4100 493 4153 ad
520 4099 872 4171 deponendum
897 4114 1029 4152 eum.
1064 4099 1216 4165 Quod
1237 4099 1449 4169 quidem
1470 4099 1539 4153 de
1558 4100 1691 4163 Elia,
1712 4115 1818 4153 non
1838 4102 2007 4168 ipsum

420 4192 511 4262 qui
555 4190 743 4246 obtulit
782 4191 1053 4261 spongiam
1083 4206 1202 4244 cum
1234 4200 1412 4255 aceto,
1444 4190 1536 4245 sed
1562 4199 1783 4245 caeteros
1812 4191 2008 4245 dixisse

422 4282 699 4336 Matthreus
744 4282 976 4335 narravit
1016 4299 1028 4333 :
1076 4281 1150 4335 ait
1176 4280 1347 4345 enim,
1380 4278 1555 4335 Crateri
1583 4296 1697 4333 vero
1726 4278 1955 4333 dicebant
1985 4296 2005 4335 :

421 4372 546 4426 Sine
571 4414 587 4440 ,
617 4372 872 4427 videamus
897 4388 964 4425 an
991 4372 1154 4426 veniat
1180 4371 1323 4426 Elius
1348 4371 1564 4426 liberans
1588 4388 1700 4425 eum
1724 4388 1743 4435 ;
1766 4371 1905 4426 unde
1927 4373 2006 4425 in-

418 4464 702 4534 telligimus
735 4474 789 4520 et
826 4464 971 4519 illum
1010 4473 1063 4518 et
1086 4473 1309 4520 cteteros
1338 4464 1439 4518 hoc
1464 4463 1679 4519 dixisse.
1710 4464 1878 4518 Lucas
1906 4478 2003 4517 au-

416 4563 525 4608 tem
566 4564 846 4625 antequam
883 4555 949 4610 de
979 4555 1201 4610 latronis
1230 4554 1570 4610 insultatione
1598 4563 1867 4619 narraret,
1900 4553 2002 4608 hoc

417 4644 485 4699 de
533 4655 684 4699 aceto
722 4647 790 4700 ita
835 4648 1269 4701 commemoravit
1315 4665 1327 4700 :
1370 4645 1661 4701 Illudebant
1690 4656 1855 4700 autem
1884 4647 1929 4699 ei
1956 4656 2003 4701 et

418 4736 601 4789 milites
636 4736 1010 4801 accedentes,et
1042 4748 1233 4791 acetum
1261 4738 1521 4803 offerentes
1544 4736 1640 4802 illi,
1673 4746 1719 4791 et
1743 4737 1961 4791 dicentes
1982 4753 2001 4792 :

419 4827 483 4884 Si
510 4840 562 4883 tu
588 4846 639 4882 es
665 4846 755 4883 rea:
782 4826 1107 4894 Iudteorum,
1138 4830 1331 4883 salvum
1361 4840 1407 4883 te
1430 4830 1511 4899 fac
1541 4828 1689 4901 (Luc.
1722 4846 1878 4894 χχιιι,
1909 4830 1997 4897 56,

412 4922 526 4995 37).
556 4921 733 4977 Semel
757 4919 1038 4989 complecti
1064 4920 1226 4975 voluit
1249 4920 1387 4987 quod
1410 4934 1439 4973 a
1462 4921 1713 4974 militibus
1734 4919 1927 4975 factum
1944 4930 1999 4976 et

411 5013 612 5069 dictum
656 5021 758 5068 est.
800 5010 902 5068 Ubi
928 5026 1143 5066 movere
1172 5025 1278 5065 non
1307 5010 1502 5077 debet,
1532 5011 1671 5081 quod
1703 5026 1805 5065 non
1837 5027 1998 5065 unum

412 5120 599 5159 eorum
633 5103 767 5157 dixit
793 5114 1002 5159 acetum
1028 5102 1283 5157 obtulisse
1310 5119 1321 5154 :
1351 5116 1515 5171 genus
1545 5102 1689 5156 enim
1718 5102 1999 5155 locutionis

410 5196 596 5261 enuit,
638 5192 707 5249 de
746 5209 850 5264 quo
876 5208 1035 5264 supra
1067 5194 1412 5249 tractavimus
1432 5233 1447 5258 ,
1482 5192 1734 5261 pluralem
1766 5208 1862 5261 pro
1885 5192 1995 5245 sin-

408 5286 578 5358 gulari
605 5300 809 5356 ponens
836 5285 1123 5357 (Superiori
1148 5302 1263 5355 cap.
1293 5286 1401 5355 16).
1430 5284 1539 5339 Hoc
1558 5293 1734 5338 autem
1760 5284 1827 5338 de
1846 5293 1997 5338 aceto

407 5377 569 5433 etiam
594 5375 827 5431 Joannes
855 5375 1333 5439 commemoravit,
1363 5375 1449 5429 ubi
1479 5375 1550 5428 ait
1582 5392 1594 5425 :
1626 5371 1813 5427 Postea
1837 5374 1996 5428 sciens

405 5466 556 5523 Iesus
589 5468 707 5538 quia
732 5469 844 5537 jam
872 5468 1039 5521 omnia
1068 5475 1409 5521 consummata
1434 5476 1567 5532 sunt,
1596 5475 1648 5518 ut
1675 5482 1994 5520 consumma-

406 5570 542 5612 retur
576 5557 848 5629 Scriptura
866 5600 880 5621 ,
907 5558 1034 5611 dixit
1077 5573 1097 5612 :
1136 5557 1287 5612 Sitio.
1328 5555 1427 5611 Vas
1456 5568 1622 5610 autem
1648 5559 1865 5627 positum
1890 5566 1996 5610 erat

404 5657 546 5705 aceto
587 5648 790 5721 plenum
832 5664 852 5707 :
891 5648 970 5705 illi
995 5659 1159 5706 autem
1182 5650 1447 5724 spongiam
1474 5650 1673 5721 plenam
1716 5658 1854 5705 aceto
1870 5649 1992 5721 hys-

1318 242 1406 299 DE
1442 243 1797 304 CONSENSU
1836 242 2473 319 EVANGELIS’I‘ARUM,
2504 252 2563 309 S.
2587 251 2953 313 AUGUSTINI

3610 266 3760 326 H99.

2147 382 2271 432 sopo
2310 367 2732 437 circumponcntes
2758 372 3040 423 obtulerunt
3067 376 3145 425 ori
3173 375 3280 443 ejus
3307 377 3466 447 (Iona
3488 380 3582 435 xix
3598 424 3618 447 ,
3643 382 3721 438 28
3738 429 3751 447 ,

2146 455 2260 525 29).
2318 455 2420 510 Sed
2478 459 2616 525 quod
2669 458 2809 528 apud
2856 460 3101 515 eumdem
3156 462 3413 521 Joannem
3468 470 3751 527 invenitur

2148 545 2367 614 dixisse,
2414 547 2566 615 Sitio,
2597 559 2651 604 et
2674 550 2794 620 quia
2821 566 2915 606 vas
2944 553 3013 607 ibi
3042 562 3158 609 erat
3183 566 3335 613 aceto
3356 558 3609 629 chnum,
3640 578 3749 619 non

2147 638 2340 692 mirum
2370 648 2453 694 est
2482 641 2525 694 si
2556 644 2733 698 cmteri
2760 652 3060 701 tacuerunt.

2145 727 2369 787 CAPUT
2389 731 2652 787 XVIII.—
2673 734 2749 790 De
2767 739 2965 792 vocibus
2986 738 3192 797 Domini
3214 760 3340 813 quas
3358 749 3607 803 continuo
3636 768 3746 805 rno-

2217 823 2405 877 riturus
2447 825 2643 892 emisit,
2677 829 2925 897 quomodo
2950 847 3048 885 non
3073 847 3349 906 repugnent
3376 837 3671 896 Matt/meus
3703 857 3747 897 e:

2216 912 2422 969 Marcus
2446 915 2600 971 Luca:
2616 959 2630 982 ,
2661 930 2708 971 et
2735 920 2834 987 ipsi
2864 932 2960 975 tres
2984 922 3195 980 Ioanni.

2214 1004 2301 1059 55.
2344 1004 2595 1075 Sequimr
2626 1008 2901 1065 Matthzens
2941 1028 2953 1064 :
3004 1012 3153 1068 Iesus
3201 1028 3370 1072 autem
3407 1030 3595 1076 iterum
3637 1025 3743 1077 cla-

2143 1109 2288 1147 mans
2324 1111 2441 1149 voce
2477 1114 2694 1168 magna,
2734 1101 2897 1155 emisit
2932 1104 3161 1173 spiritum
3187 1108 3401 1175 (Matth.
3427 1129 3595 1171 xxvn.
3624 1116 3737 1175 50).

2144 1184 2349 1239 Marcus
2392 1188 2635 1243 similiter
2676 1207 2691 1243 :
2731 1190 2881 1245 Iesus
2918 1204 3082 1247 autem
3120 1198 3300 1251 emissa
3342 1217 3462 1256 voce
3498 1174 3737 1276 magna,

2143 1276 2413 1344 exspiravit
2451 1276 2640 1349 (Marc.
2676 1295 2765 1348 xv,
2794 1284 2905 1352 57).
2933 1283 3101 1340 Lucas
3125 1297 3302 1342 autem
3321 1292 3444 1357 quid
3464 1293 3579 1361 ipsa
3604 1313 3739 1353 voce

2143 1381 2331 1436 magna
2370 1368 2597 1437 dixerit,
2643 1372 2969 1439 declaravit;
3014 1377 3145 1431 dixit
3183 1382 3324 1435 enim
3353 1401 3366 1433 :
3400 1383 3465 1436 Et
3502 1386 3741 1442 clamans

2142 1472 2259 1509 voce
2305 1475 2486 1528 magna
2532 1460 2718 1527 Iesus,
2757 1465 2862 1518 ait:
2904 1464 3091 1531 Pater,
3132 1470 3185 1522 in
3224 1488 3402 1526 manus
3440 1483 3556 1528 tuas
3595 1494 3735 1531 cont-

2141 1549 2321 1601 mendo
2358 1553 2591 1620 spiritum
2628 1571 2838 1621 mcum;
2877 1566 2923 1610 et
2961 1562 3067 1612 lucc
3087 1561 3255 1616 dicens
3280 1567 3729 1639 exspiravit(Luc.

2140 1654 2300 1704 χχιιι,
2329 1641 2442 1709 46).
2469 1642 2702 1699 Ioannes
2731 1662 2858 1699 vero
2885 1648 3021 1701 sicut
3048 1653 3208 1705 tacuit
3241 1654 3381 1708 illam
3405 1672 3598 1714 vocem
3627 1663 3731 1728 pri-

2138 1746 2302 1796 mam,
2328 1730 2445 1799 Eli,
2478 1734 2581 1798 Eli,
2611 1752 2765 1805 quam
2791 1737 3067 1794 Matthmus
3087 1751 3140 1795 et
3160 1743 3367 1800 Marcus
3394 1752 3729 1819 retulerunt;

2139 1822 2301 1875 tacuit
2327 1823 2484 1876 etiam
2514 1820 2667 1878 Istam
2690 1842 2843 1895 quam
2866 1828 3037 1884 Lucas
3057 1832 3201 1886 solus
3230 1835 3507 1901 indicavit,
3536 1843 3613 1894 illi
3637 1859 3731 1896 au-

2139 1918 2242 1965 tem
2268 1912 2374 1967 duo
2398 1916 2613 1970 nomine
2640 1918 2785 1971 vocis
2812 1934 3016 1989 magna:
3043 1922 3471 1990 signiﬁcaverunt
3489 1971 3506 1993 ,
3533 1932 3587 1983 id
3610 1942 3691 1986 est
3710 1974 3725 1997 ,

2137 2001 2325 2069 Pater,
2380 2006 2432 2058 iu
2482 2023 2660 2061 manus
2715 2018 2827 2063 tuas
2882 2014 3171 2067 commendo
3216 2018 3447 2084 spiritum
3496 2038 3669 2075 meum
3706 2039 3727 2077 :

2134 2097 2274 2165 quod
2307 2113 2427 2151 eum
2465 2114 2594 2154 voce
2626 2116 2809 2170 magna
2839 2102 3032 2158 dixisse
3059 2116 3111 2159 et
3138 2106 3251 2175 ipse
3281 2108 3450 2164 Lucas
3474 2115 3725 2169 similiter

2134 2198 2411 2244 attestatus
2449 2199 2562 2255 est,
2609 2201 2668 2245 ut
2702 2194 3109 2263 intelligerenms
3150 2197 3288 2252 hanc
3330 2198 3495 2256 fuisse
3536 2220 3721 2259 vocem

2132 2295 2411 2350 magnam,
2451 2298 2608 2352 quam
2651 2284 2927 2341 Matthaeus
2951 2297 3005 2341 et
3029 2289 3234 2345 Marcus
3264 2308 3721 2353 commemorave-

2131 2382 2273 2425 runt.
2317 2371 2421 2427 Sed
2468 2373 2601 2427 dixit
2639 2374 2871 2431 Ioannes
2906 2379 3044 2447 quod
3074 2381 3248 2434 nullus
3278 2383 3488 2437 illorum
3525 2388 3717 2454 trium,

2132 2474 2254 2515 eum
2296 2462 2526 2527 dixisse,
2574 2463 2981 2520 Consummatum
3018 2478 3120 2533 est,
3163 2486 3283 2525 cum
3325 2483 3537 2529 acetum
3564 2494 3717 2533 acce-

2129 2551 2297 2619 pisset
2326 2570 2337 2605 :
2371 2554 2509 2622 quod
2535 2570 2655 2608 eum
2686 2566 2807 2609 ante
2837 2558 3001 2626 ipsam
3030 2574 3212 2615 vocem
3246 2578 3489 2633 magnam
3519 2568 3717 2624 dixisse

2131 2640 2492 2711 intelligimus.
2519 2644 2643 2698 Ilaec
2661 2655 2785 2699 sunt
2810 2648 2950 2700 enim
2977 2650 3133 2702 verba
3163 2650 3381 2705 Ioannis
3408 2673 3421 2706 :
3447 2653 3577 2709 Cum
3598 2675 3711 2727 ergo

2127 2735 2393 2802 accepisset
2428 2734 2577 2790 Iesus
2615 2746 2837 2801 acetunt,
2878 2739 3025 2805 dixit,
3069 2740 3481 2796 Consummatum
3518 2758 3633 2810 est;
3665 2760 3711 2801 et

2126 2824 2365 2878 inclinato
2394 2827 2559 2895 capite
2586 2826 2791 2879 tradidit
2828 2830 3061 2897 spiritum
3098 2828 3273 2900 (Ioan.
3299 2848 3407 2897 xix,
3432 2835 3545 2904 30).
3575 2837 3711 2891 Inter

2126 2914 2256 2969 illud
2304 2916 2443 2985 quod
2480 2918 2553 2970 ait
2572 2959 2586 2983 ,
2630 2918 3038 2973 Consummatum
3070 2931 3173 2987 est,
3203 2933 3257 2977 et
3284 2925 3412 2978 illud
3440 2928 3583 2995 quod
3605 2932 3707 2994 ait,

2126 3018 2172 3061 et
2192 3007 2431 3060 inclinato
2460 3008 2623 3077 capite
2658 3008 2865 3062 tradidit
2895 3012 3125 3077 spiritum
3144 3053 3159 3075 ,
3182 3014 3374 3069 emissa
3393 3028 3473 3069 est
3496 3018 3589 3070 illa
3611 3033 3705 3073 vox

2125 3112 2309 3165 magna
2332 3112 2487 3166 quam
2513 3098 2673 3151 tacuit
2702 3099 2819 3164 iste,
2847 3100 3023 3154 exeteri
3044 3110 3219 3155 autem
3249 3113 3351 3157 tres
3380 3120 3706 3163 commemo-

2124 3196 2392 3240 raverunt.
2426 3188 2535 3241 Iloc
2562 3188 2702 3241 enim
2729 3199 2951 3259 apparet
2977 3207 3094 3244 esse
3123 3192 3323 3246 ordinis
3342 3236 3356 3258 ,
3394 3205 3449 3247 ut
3479 3206 3607 3252 ante
3628 3199 3704 3253 di-

2122 3288 2267 3333 ceret
2287 3319 2299 3336 .
2328 3277 2735 3333 Consummatum
2766 3292 2867 3344 est,
2892 3297 3011 3335 eum
3036 3283 3327 3351 perfectum
3352 3287 3402 3339 in
3426 3287 3519 3341 illo
3564 3299 3704 3345 esset

2122 3368 2263 3437 quod
2285 3367 2351 3422 de
2371 3368 2462 3422 illo
2490 3368 2863 3439 prolihetatum
2885 3382 3020 3437 erat,
3046 3383 3100 3426 et
3128 3382 3375 3443 tanquam
3397 3377 3462 3431 ad
3488 3377 3591 3433 hoc
3610 3396 3698 3435 cx-

2120 3469 2413 3527 spectaret,
2454 3462 2542 3530 qui
2581 3463 2759 3531 utique
2802 3478 2921 3517 cum
2967 3465 3122 3519 vellet
3150 3477 3476 3534 moreretur,
3507 3471 3695 3527 deinde

2119 3551 2497 3605 commendans
2520 3552 2731 3606 tradidit
2749 3554 3146 3622 spiritum.,Sed
3167 3558 3354 3625 quovis
3377 3560 3569 3615 ordine
3590 3563 3696 3631 qui.

2117 3641 2245 3696 libet
2281 3642 2565 3695 arbitretur
2604 3642 2705 3696 dici
2737 3645 2970 3711 potuisse
2991 3685 3005 3708 ,
3036 3645 3135 3699 hoc
3162 3662 3484 3717 magnopere
3507 3665 3690 3707 caven-

2116 3732 2242 3787 dum
2284 3743 2397 3799 est,
2444 3749 2510 3788 ne
2547 3735 2631 3788 cui
2668 3733 2908 3789 videatur
2946 3738 3219 3806 quisquam
3249 3739 3691 3810 Evangelistarum

2116 3824 2266 3876 alteri
2314 3840 2628 3893 repugnare,
2648 3825 2691 3879 si
2718 3826 2801 3880 vel
2830 3828 2991 3881 tacuit
3014 3827 3153 3898 quod
3180 3830 3315 3883 alius
3340 3831 3495 3899 dixit,
3520 3836 3602 3888 vel
3620 3834 3693 3888 di-

2116 3914 2191 3966 xit
2215 3914 2354 3982 quod
2382 3914 2517 3967 alius
2540 3918 2717 3969 tacuit.

2114 4001 2339 4058 CAPUT
2370 4002 2509 4057 XIX.
2538 4034 2606 4043 —
2632 4004 2709 4059 De
2736 4007 2973 4062 scissione
2996 4010 3090 4063 veli
3107 4014 3356 4080 quomodo
3381 4030 3483 4068 non
3506 4016 3688 4070 dissen-

2186 4094 2310 4145 tiant
2357 4094 2627 4148 Matthceus
2673 4106 2719 4149 et
2750 4095 2953 4150 Marcus
2986 4114 3017 4151 a
3066 4098 3225 4164 Luca,
3273 4119 3371 4171 quo
3407 4107 3589 4160 ordine
3609 4110 3684 4178 fa-

2184 4195 2315 4237 ctum
2339 4187 2422 4239 sit.

2183 4276 2269 4330 56.
2315 4277 2563 4346 Sequitur
2603 4277 2881 4333 Matthaaus
2910 4298 2921 4334 :
2952 4281 3018 4334 Et
3046 4298 3154 4336 ecce
3182 4286 3341 4337 velum
3369 4290 3546 4357 templi
3575 4306 3683 4344 sas-

2110 4383 2222 4421 sum
2250 4378 2320 4421 est
2347 4368 2398 4420 in
2424 4368 2551 4421 duas
2572 4380 2757 4438 partes,
2788 4388 2820 4423 a
2835 4388 3027 4425 summo
3047 4390 3201 4443 usque
3220 4375 3451 4430 deorsum
3474 4382 3491 4444 (
3505 4380 3678 4433 Matth.

2109 4475 2249 4514 xxvu
2273 4500 2287 4523 ,
2335 4459 2447 4531 5i).
2491 4461 2556 4515 Et
2593 4461 2797 4517 Marcus
2843 4463 2920 4517 sic
2952 4482 2965 4517 :
2996 4463 3062 4517 Et
3090 4467 3249 4518 velum
3273 4471 3445 4537 templi
3484 4473 3680 4525 scissum

2108 4560 2179 4605 est
2222 4552 2273 4605 in
2314 4552 2415 4605 duo
2435 4594 2449 4617 ,
2496 4569 2527 4605 a
2568 4570 2765 4607 sursum
2794 4570 2948 4622 usque
2981 4555 3211 4609 deorsum
3240 4557 3427 4629 (Marc.
3459 4577 3550 4625 xv,
3579 4561 3675 4631 58).

2107 4642 2277 4700 Lucas
2298 4654 2476 4699 autem
2497 4645 2740 4701 similiter
2762 4645 2863 4700 hoc
2883 4647 2957 4699 ait
2981 4665 2992 4698 :
3022 4644 3090 4699 Et
3111 4649 3271 4701 velum
3290 4651 3464 4719 templi
3484 4656 3677 4707 scissum

2106 4747 2179 4791 est
2216 4738 2433 4790 medium
2475 4735 2621 4810 (Luc.
2667 4752 2793 4790 χχιιι
2813 4777 2827 4803 ,
2858 4736 2983 4808 45);
3012 4738 3104 4792 sed
3133 4754 3235 4792 non
3266 4740 3452 4795 eodem
3482 4744 3672 4797 ordine.

2106 4828 2303 4885 Volens
2330 4831 2471 4885 enim
2501 4829 2813 4883 miraculum
2838 4829 3095 4884 miraculo
3119 4831 3406 4902 adjungere
3423 4874 3438 4899 ,
3463 4849 3584 4888 cum
3608 4834 3677 4887 di-

2104 4922 2303 4988 xisset,
2349 4921 2442 4974 Sol
2484 4920 2775 4992 ﬁscuratus
2822 4930 2922 4983 est,
2970 4922 3220 4976 continuo
3264 4924 3669 4995 subjungendum

2102 5013 2456 5079 existimavit,
2514 5012 2575 5065 Et
2618 5014 2779 5066 velum
2825 5013 2997 5084 templi
3038 5014 3247 5067 scissum
3293 5024 3363 5068 est
3410 5020 3672 5069 medium:

2102 5119 2476 5174 praeoccupans
2500 5104 2745 5159 videlicet
2769 5105 2906 5173 quod
2924 5105 3223 5174 exspirante
3246 5106 3467 5160 Domino
3490 5109 3667 5163 factum

2101 5204 2183 5248 est
2205 5237 2219 5259 ,
2264 5203 2321 5248 ut
2358 5193 2547 5249 deinde
2583 5195 2936 5263 recapitulans
2973 5207 3351 5264 exsequeretur
3385 5198 3531 5253 etde
3556 5208 3666 5269 potu

2101 5286 2265 5350 aceti,
2311 5294 2365 5338 et
2405 5284 2471 5338 de
2508 5285 2595 5339 illa
2621 5300 2747 5339 voce
2772 5302 2988 5355 magna,
3017 5297 3071 5340 et
3094 5286 3160 5341 de
3190 5288 3299 5355 ipsa
3329 5302 3500 5343 morte
3521 5333 3535 5355 ,
3562 5303 3666 5358 qua:

2100 5384 2223 5429 ante
2251 5375 2561 5429 scissionem
2585 5375 2684 5429 veli
2714 5386 2831 5444 post
2858 5376 3101 5430 tenebras
3127 5376 3263 5431 facta
3288 5379 3661 5449 intelliguntur.

2099 5464 2375 5520 Matthmus
2400 5467 2541 5521 enim
2566 5507 2580 5531 ,
2606 5465 2697 5536 qui
2721 5481 2837 5519 cum
2859 5465 3110 5533 dixisset,
3138 5466 3289 5522 Iesus
3312 5479 3478 5522 autem
3499 5472 3661 5524 iterum

2100 5559 2323 5611 clamans
2350 5574 2467 5611 voce
2489 5574 2671 5628 magna
2690 5599 2705 5623 ,
2736 5558 2898 5611 emisit
2920 5558 3153 5628 spiritum
3172 5600 3187 5624 ,
3218 5561 3471 5614 continuo
3494 5560 3663 5627 subje-

2099 5650 2201 5717 cit,
2248 5648 2313 5705 Et
2349 5664 2460 5705 ecce
2495 5649 2658 5705 velum
2691 5650 2863 5719 templi
2888 5650 3093 5705 scissum
3120 5659 3193 5705 est
3213 5690 3229 5719 ,
3259 5652 3387 5706 satis
3411 5646 3662 5723 expressit
