3888 6338
247 311 426 370 1193

233 881 432 940 ιςιςειιι
452 887 595 957 quod
620 888 692 942 illi
715 891 902 945 ordine
924 894 1240 962 [uisuissenb

229 972 496 1034 CAPUT
536 979 652 1035 XX.
697 1011 772 1023 —
797 983 873 1038 De
895 987 1230 1044 admiratione
1257 989 1572 1050 Centuriouis
1608 1005 1655 1050 et
1691 1014 1864 1054 eorum

326 1068 429 1138 qui
465 1085 582 1123 eum
623 1071 714 1126 illo
753 1085 897 1129 erant
912 1117 928 1142 ,
985 1080 1237 1150 quomodo
1291 1082 1422 1138 inter
1456 1100 1512 1144 se
1550 1090 1862 1145 consentiant

327 1159 630 1228 Muttinem,
664 1164 871 1223 Marcus
892 1180 940 1223 et
961 1169 1146 1228 Lucas.

320 1251 423 1307 57.
463 1254 716 1325 Sequitur
741 1258 1022 1317 Malunt-us
1049 1281 1063 1316 :
1101 1282 1120 1316 ε
1147 1265 1211 1320 Ει
1231 1277 1372 1322 terra
1403 1280 1545 1326 mota
1570 1283 1674 1338 est,
1697 1284 1753 1330 et
1773 1291 1860 1348 pe-

229 1349 357 1396 tra:
387 1345 570 1398 scisse
599 1358 744 1413 sunt,
777 1359 831 1403 et
862 1367 1202 1410 monunu-nta
1229 1369 1413 1429 aperta
1440 1372 1584 1429 sunt,
1607 1373 1662 1419 et
1693 1368 1856 1424 multa

227 1445 487 1503 corpora
535 1451 842 1497 smteturum
871 1447 960 1514 qui
988 1447 1353 1518 dnrttticraut,
1399 1469 1772 1528 surrexerunt;
1801 1471 1858 1518 ct

223 1538 520 1582 cacantes
531 1529 598 1583 de
615 1537 971 1592 monumentis
1001 1549 1118 1608 post
1137 1546 1580 1603 resurrectionem
1597 1550 1733 1620 ejus,
1758 1567 1852 1609 vc-

225 1629 453 1672 nerunt
479 1619 532 1674 in
557 1634 795 1680 sant-tam
823 1626 1113 1696 civitatem,
1140 1642 1192 1688 et
1217 1649 1576 1705 :qqutrneruut
1606 1643 1803 1699 multis.
1824 1663 1846 1698 ι

221 1705 381 1765 llaec
406 1725 526 1781 qua:
549 1715 697 1771 solus
713 1715 867 1784 dixit,
901 1737 1005 1776 tum
1026 1733 1109 1778 est
1138 1728 1480 1785 ιιιυιειιιηιιιιηι
1509 1749 1576 1790 ne
1602 1735 1848 1808 cuiquam

219 1809 569 1858 cancrorum
602 1821 898 1880 repugnare
919 1813 1218 1871 videantur.
1243 1819 1498 1891 Sequitur
1523 1823 1662 1881 idettt
1695 1825 1844 1898 ipse:

229 1908 258 1944 α
291 1891 563 1949 Centurio
601 1909 778 1956 autem
815 1911 869 1957 ct
910 1904 1003 1973 qui
1045 1923 1167 1962 cum
1197 1924 1265 1966 eo
1291 1922 1446 1968 erant
1483 1916 1847 1976 custodientes

219 1979 457 2049 Jesum,
489 1985 604 2041 viso
633 1994 790 2046 terra:
820 2002 968 2048 motu
993 2004 1044 2049 et
1074 1997 1139 2052 tis
1159 2015 1279 2069 qua.
1306 2005 1526 2069 uelauit,
1558 2006 1846 2067 timuerunt

225 2074 443 2140 valde,
471 2075 711 2136 dicentes
749 2098 764 2136 :
811 2081 944 2141 Vere
973 2084 1140 2143 Filius
1179 2092 1269 2146 Dei
1295 2104 1410 2148 erat
1453 2095 1551 2152 iste
1575 2116 1595 2151 ι
1628 2099 1840 2167 (.llattlt.

229 2182 436 2234 xxvii,
473 2170 690 2244 5L5”.
746 2174 954 2233 Marcus
981 2180 1094 2235 sic:
1124 2199 1142 2233 ι
1180 2182 1373 2240 \‘nlens
1412 2200 1590 2245 autem
1643 2192 1842 2251 Centu-

225 2258 346 2318 rin.
382 2261 474 2330 qui
505 2278 569 2317 ex
597 2264 827 2321 adterso
873 2271 1048 2324 stabat
1068 2312 1086 2333 ,
1116 2290 1237 2330 uiua
1278 2293 1356 2330 sic
1393 2279 1634 2337 clamans
1661 2284 1842 2356 exspi-

225 2362 444 2411 rasset.
471 2355 544 2408 ait
570 2371 582 2407 ι
623 2354 927 2413 Verebamur
955 2362 1036 2416 ltlt.
1059 2362 1222 2418 Filius
1243 2367 1333 2421 Ιιυι
1355 2382 1467 2424 erat
1488 2389 1506 2422 s
1537 2373 1728 2440 (Μαίη.
1750 2354 1838 2446 xv,

231 2440 364 2512 39).
433 2444 604 2500 Lucas
629 2448 746 2502 sic:
777 2469 796 2502 ο
829 2451 1024 2507 Videtis
1062 2468 1240 2510 autem
1279 2458 1533 2516 tientmtn
1570 2467 1710 2535 quod
1760 2440 1840 2524 fa;

222 2544 392 2590 ctum
419 2536 611 2603 fuerat,
637 2540 958 2610 gluriltcavtt
980 2545 1144 2601 lletun
1163 2551 1349 2607 dicetis
1371 2595 1386 2608 .
1415 2554 1546 2611 \ete
1574 2557 1656 2614 Inc
1681 2560 1842 2618 ltotno

221 2625 424 2698 justus
470 2641 625 2686 erat:
674 2635 825 2701 (Lar.
872 2652 1037 2698 xxtu.
1074 2640 1188 2708 47).
1231 2642 1345 2700 Non
1391 2660 1472 2702 est
1514 2655 1838 2710 cmuratiuut

223 2719 388 2790 quod
417 2719 695 2779 Maltlueus
718 2725 831 2780 viso
854 2739 1013 2785 terra-
1033 2744 1180 2786 tttnltt
1205 2735 1274 2788 du
1295 2749 1332 2790 tt
1356 2741 1676 2798 .‘ulnuratum
1700 2746 1840 2802 Cen-

228 2809 510 2866 turiouem
532 2853 549 2877 ,
570 2829 622 2869 et
648 2832 743 2870 eos
765 2832 856 2888 qut
881 2837 1003 2875 cum
1033 2824 1125 2877 illo
1143 2840 1293 2881 erant
1318 2869 1334 2890 ,
1356 2848 1374 2882 ι
1391 2846 1478 2885 Itin
1507 2833 1674 2890 Lucas
1697 2837 1838 2892 dicat

225 2900 345 2959 hoc
375 2918 498 2958 eum
518 2904 858 2976 admiratum,
888 2915 1029 2982 quod
1059 2916 1252 2973 emissa
1284 2922 1370 2975 illa
1408 2938 1540 2980 \uce
1572 2929 1838 2998 exspiras-

225 3003 363 3059 set,
401 2998 692 3056 ostendens
729 3018 889 3073 quam
932 3008 985 3060 in
1031 3021 1291 3076 juotestate
1335 3018 1576 3075 baluu-rtt
1623 3023 1838 3090 quando

228 3090 658 3146 suorcretttrzin
687 3095 976 3166 coquippe
1017 3103 1160 3170 quod
1224 3107 1363 3160 nium
1409 3108 1686 3168 .‘Ialllu'tts
1728 3132 1834 3170 non

228 3178 417 3234 solum
445 3180 598 3239 dixit.
624 3185 727 3238 viso
753 3197 888 3242 terra
929 3203 1066 3244 motu
1087 3232 1104 3253 ,
1127 3194 1218 3248 sed
1248 3199 1410 3253 etiam
1440 3203 1640 3259 addultt
1657 3247 1670 3270 ,
1700 3218 1747 3261 et
1771 3208 1837 3264 iis

228 3287 356 3342 qua
381 3275 517 3344 facta
544 3287 724 3339 erant;
746 3280 1009 3350 integrant
1052 3285 1226 3340 locum
1256 3291 1419 3347 luisse
1450 3295 1837 3356 denu-intravit

232 3361 422 3427 laser,
453 3374 511 3420 ut
536 3364 738 3422 dieetet
764 3370 1140 3430 Centurionem
1172 3376 1338 3446 ipsam
1372 3385 1577 3438 ltuunni
1606 3400 1832 3446 mortem

234 3453 410 3509 fuiSs'e
440 3455 726 3519 miratum;
760 3475 881 3530 quia
907 3473 960 3517 ct
1003 3463 1114 3519 Ita-c
1154 3478 1280 3523 tutct
1315 3472 1399 3526 illa
1424 3487 1540 3538 est,
1567 3493 1685 3548 qtae
1710 3490 1835 3540 tunc

233 3546 558 3600 mirabiliter
579 3550 712 3604 laeta
740 3567 911 3607 erant.
936 3556 1248 3628 Quanquam
1278 3563 1379 3620 etsi
1404 3564 1678 3626 \lattba-us
1703 3574 1832 3632 illud

233 3651 350 3691 non
374 3636 688 3704 addidisset,
721 3644 1120 3716 intelligendum
1149 3663 1284 3718 erat,
1305 3671 1428 3712 cum
1455 3661 1616 3718 multa
1645 3665 1834 3723 miran-

231 3728 303 3783 da
347 3731 484 3786 facta
525 3733 757 3803 iuerint,
797 3747 854 3793 et
894 3741 1074 3798 omnia
1118 3743 1375 3806 Centurio
1398 3764 1453 3807 et
1480 3755 1570 3825 qui
1603 3773 1726 3813 cum
1763 3774 1834 3816 eo

232 3832 430 3888 erant,
457 3825 635 3882 tuimri
677 3833 978 3902 potuerint,
1023 3836 1250 3895 liberum
1292 3843 1454 3902 fuisse
1493 3853 1832 3912 narrantibus

234 3914 368 3986 quid
395 3917 619 3988 quisque
646 3922 793 3978 illum
815 3926 1062 3984 miratum
1082 3947 1510 3996 commemorare
1537 3943 1826 4003 voluisset:

233 4019 340 4062 nec
369 4022 464 4064 eos
507 4009 576 4064 ibi
627 4027 953 4086 repugnare,
985 4034 1106 4077 cum
1150 4025 1288 4082 alius
1331 4029 1496 4097 illud,
1522 4033 1658 4089 alius
1699 4037 1827 4095 illud

230 4097 442 4156 diceret
468 4102 630 4160 fuisse
660 4107 944 4176 miratum;
967 4115 1182 4183 quando
1206 4121 1384 4176 omnia
1417 4123 1588 4182 luerat
1609 4129 1698 4186 ille
1723 4133 1826 4188 nti-

231 4199 404 4246 ratus.
453 4192 604 4260 Quod
649 4208 827 4254 autent
871 4202 1010 4258 alius
1051 4206 1124 4261 ait
1161 4208 1539 4272 Centuriouem
1580 4219 1778 4278 dixisse
1805 4265 1821 4290 ,

242 4282 374 4339 Vere
402 4283 568 4343 Filius
592 4287 689 4344 Dei
714 4303 820 4347 erat
853 4294 974 4363 iste,
1007 4297 1144 4356 alius
1169 4311 1381 4371 autent,
1417 4307 1542 4365 Vere
1567 4313 1717 4369 homo
1742 4317 1824 4374 hic

233 4374 407 4431 Filius
435 4376 528 4433 Dei
555 4391 696 4447 erat;
728 4399 832 4441 non
864 4390 1100 4446 movebit
1118 4409 1240 4448 etnu
1268 4399 1352 4452 ctti
1385 4417 1490 4456 nott
1511 4405 1824 4466 exciderunt

232 4475 341 4523 tam
389 4473 549 4526 nmlta
598 4477 844 4545 superius
883 4481 1134 4539 similiter
1171 4487 1310 4543 dicta
1353 4501 1409 4547 et
1449 4499 1688 4568 exposita
1715 4504 1820 4559 :ad

232 4573 390 4613 unam
419 4562 617 4633 quippe
644 4569 962 4625 sententiam
1006 4585 1232 4647 utraque
1259 4581 1418 4637 verba
1455 4562 1814 4662 concurrunt;

232 4668 334 4710 nec
359 4655 498 4724 qtnui
522 4658 659 4714 alius
685 4663 880 4729 tacuit,
912 4665 1064 4721 homo
1084 4710 1099 4732 ,
1137 4671 1274 4728 alius
1308 4673 1480 4742 dixit,
1519 4680 1627 4739 ullo
1660 4655 1819 4744 modo

230 4750 554 4803 contrarium
583 4760 685 4806 est.
717 4753 882 4827 Magis
907 4761 1046 4830 quod
1077 4761 1249 4820 Lucas
1291 4783 1396 4822 non
1436 4772 1510 4826 ait
1541 4774 1818 4838 Centurio-

229 4857 350 4898 ncm
375 4842 604 4906 dixisse,
636 4843 800 4902 Filius
827 4846 920 4906 Dei
951 4865 1093 4921 erat,
1123 4856 1219 4913 sed
1238 4899 1253 4916 .
1273 4861 1449 4933 justus
1470 4876 1610 4930 erat,
1643 4881 1818 4941 potest

231 4937 400 5006 putari
434 4936 706 4994 diversum
736 4959 750 4996 :
778 4944 872 4998 sed
904 4947 984 5002 vel
1010 4957 1298 5024 utrumqtte
1319 4954 1520 5014 dictum
1551 4977 1580 5015 a
1610 4936 1813 5023 domu-

229 5028 376 5084 rioue
403 5029 700 5102 intelligere
727 5035 1014 5104 debemus,
1041 5053 1096 5098 et
1117 5044 1258 5101 aliud
1288 5048 1440 5119 illos,
1469 5055 1611 5112 aliud
1653 5059 1810 5118 istum

230 5134 707 5190 commemorasse;
741 5127 822 5181 vel
870 5128 1094 5188 inruisse
1141 5135 1333 5193 Lucam
1372 5144 1674 5213 exprimere
1715 5167 1812 5207 vo-

231 5209 389 5268 luisse
417 5216 737 5273 sententiam
755 5219 1111 5291 Centurionis,
1134 5230 1402 5295 quomodo
1421 5209 1613 5293 dixerit
1626 5239 1808 5300 Jesum

229 5301 410 5360 Filium
459 5307 572 5363 llei.
617 5309 775 5368 Forte
811 5314 953 5371 enim
984 5334 1088 5374 non
1116 5337 1237 5377 eum
1268 5323 1602 5397 Cuigenitum
1629 5350 1806 5406 :equa-

230 5393 325 5450 lem
365 5396 506 5453 Patri
545 5399 801 5459 Centurio
829 5407 1191 5478 intellexerat;
1221 5415 1314 5470 sed
1346 5393 1465 5475 ideo
1495 5393 1806 5486 Filium-Dei

227 5485 448 5556 dixerat,
475 5493 595 5561 quia
623 5495 823 5560 justqu
847 5503 1169 5572 crediderat,
1193 5507 1328 5563 sicut
1354 5513 1649 5584 utultijusti
1679 5519 1805 5578 dicti

227 5591 339 5634 sunt
379 5582 470 5636 lilii
505 5583 616 5639 Dei.
645 5588 796 5654 Quod
839 5603 1014 5648 autem
1056 5597 1215 5652 etiam
1267 5601 1378 5670 ipse
1425 5582 1592 5662 Lucas
1636 5609 1799 5682 dixit,

236 5665 410 5724 haens
435 5684 601 5728 autem
626 5674 864 5734 Centurio
887 5686 1023 5753 quod
1045 5691 1237 5756 factum
1273 5703 1414 5758 erat,
1440 5694 1492 5750 in
1518 5713 1583 5752 eo
1604 5715 1802 5770 genere

226 5759 424 5820 inclusit
449 5766 628 5822 outnia
653 5784 772 5840 quze
795 5772 846 5826 iu
873 5774 956 5829 illa
981 5776 1110 5836 liora
1129 5782 1446 5844 mirabiliter
1460 5759 1794 5863 Iactat-rant,

407 5857 636 5924 Sacr.
681 5865 964 5931 Aecusr.
993 5869 1104 5936 ιιι.

1643 317 1848 391 LIBER
1885 325 2205 398 TERTIUS.

240 433 409 482 tunc
442 439 563 482 esse
601 427 856 496 scissum,
890 445 1011 487 cum
1047 418 1203 492 Jcsus
1230 422 1496 496 emisisset
1521 443 1786 512 spiritum.
1816 445 1874 504 Si

239 526 456 572 autem
502 534 608 573 non
639 521 956 590 addidisset,
989 524 1053 580 Et
1081 544 1216 594 ecce,
1247 531 1341 586 sed
1369 532 1685 605 simpliciter
1709 539 1875 596 dixis-

236 619 380 671 set.
407 607 477 663 Et
502 612 664 666 velum
682 615 856 686 templi
881 616 1090 673 scissum
1110 630 1213 686 est;
1243 622 1502 682 incertum
1526 637 1671 684 esset
1695 640 1870 687 utrum

235 699 391 771 ipse
433 711 487 757 ct
526 701 731 761 Marcus
773 705 873 762 ltoc
901 711 1297 781 recapitulando
1321 729 1866 793 commemorassent,

235 789 444 849 Lucas
479 808 654 852 autem
701 797 943 855 ordinent
987 805 1278 872 tenuisset;
1313 823 1382 863 au
1408 807 1580 867 Lucas
1605 815 1869 886 recapitu-

1989 457 2238 522 tanquam
2269 469 2432 511 unum
2459 458 2702 518 mirabile
2727 462 2924 523 factum
2952 482 3399 550 commemorans,
3423 489 3576 560 cujus
3641 468 3646 473 ’

1983 544 2132 612 quasi
2180 547 2418 602 membra
2456 559 2511 604 ct
2555 563 2733 621 partes
2759 570 2916 613 erant
2942 566 3118 618 omnia
3164 570 3247 624 illa
3295 544 3568 635 :ttiracrila.

1978 630 2094 687 Jam
2120 651 2247 692 vero
2271 640 2413 709 quod
2454 640 2729 700 Mattltarus
2760 648 2962 707 addidit
2993 669 3088 709 eos
3111 660 3197 728 qui
3226 678 3345 719 cum
3373 665 3571 726 Centu-

1978 722 2130 782 rione
2158 740 2331 796 erant,
2354 731 2442 785 alii
2472 743 2649 791 autent
2685 737 2786 795 ltoc
2815 751 3120 812 tacuerunt;
3153 753 3238 806 cui
3269 771 3374 811 non
3402 777 3565 831 appa-

1976 827 2094 872 reat
2129 834 2194 874 ex
2235 823 2513 880 notissima
2543 829 2721 898 regula
2765 848 2870 886 non
2896 849 3016 892 esse
3058 823 3566 912 contrarium,

1973 912 2112 968 alius
2134 914 2262 970 dicit
2284 918 2424 987 quod
2449 919 2588 976 alius
2615 926 2789 980 tacet?
2823 927 2888 982 Et
2912 931 3053 1000 quod
3094 933 3374 995 Mattbzeus
3399 943 3562 1014 dixit,

1972 1006 2241 1062 timuerunt
2261 1011 2440 1076 ualde;
2465 1013 2633 1070 Lucas
2657 1028 2834 1074 autem
2867 1038 2970 1076 non
3002 1025 3164 1091 dixit,
3203 1031 3409 1101 timuit,
3433 1039 3558 1106 sed,

1969 1098 2269 1168 gloriﬁeaoit
2308 1100 2504 1171 Deum;
2539 1107 2659 1178 quis
2703 1125 2808 1166 non
2857 1127 2979 1168 eum
3022 1116 3276 1192 intelligat
3325 1098 3564 1188 timendo

1965 1189 2329 1261 glorilieassc?
3196 1189 3216 1192 θ
3558 1246 3565 1259 ι

1966 1282 2193 1342 CAPUT
2220 1287 2361 1343 XXI.
2379 1317 2453 1332 σι-
2468 1289 2544 1346 De
2568 1295 2860 1352 mulieribus
2883 1317 2997 1370 qua:
3019 1302 3088 1358 ibi
3105 1307 3324 1372 stabant.
3346 1329 3558 1384 quomo-

2035 1375 2102 1430 do
2136 1375 2412 1434 Muttinem
2429 1423 2446 1447 ,
2477 1381 2687 1440 Marcus
2718 1397 2764 1440 et
2793 1387 2986 1458 Lucas,
3029 1397 3116 1462 qui
3150 1375 3386 1458 dixerunt
3411 1423 3499 1462 eas
3522 1426 3559 1465 α

2035 1467 2182 1539 longe
2217 1472 2441 1538 stetisse,
2474 1491 2573 1529 non
2613 1491 2888 1550 repugnent
2914 1481 3107 1540 lumini
3123 1531 3138 1554 ,
3170 1492 3256 1558 qui
3281 1497 3559 1554 nominauit

2031 1575 2187 1615 uuam
2211 1578 2385 1616 earnm
2400 1566 2555 1633 juxta
2581 1583 2783 1624 erucem
2805 1574 3016 1630 stetisse.

2029 1651 2118 1708 58.
2147 1652 2399 1724 Sequitur
2418 1655 2730 1716 “attinens:
2759 1681 2778 1713 ι
2803 1663 2964 1720 Erant
2992 1678 3168 1726 autem
3203 1673 3272 1730 ibi
3301 1679 3554 1741 mulieres

1957 1745 2140 1801 mitlue
2157 1746 2380 1818 alonge,
2395 1766 2514 1820 qute
2536 1763 2734 1809 secutae
2752 1768 2906 1813 crant
2921 1759 3102 1816 Jesum
3129 1780 3158 1817 a
3188 1765 3428 1839 Galilaea,
3452 1776 3554 1832 mi-

1956 1833 2242 1892 nistrantes
2253 1837 2326 1903 ei;
2345 1838 2625 1912 interquas
2636 1855 2751 1900 erat
2776 1847 2937 1904 Maria
2956 1851 3284 1924 Magdalene,
3300 1871 3355 1915 et
3386 1863 3550 1923 Maria

1953 1925 2138 1982 Jacobi
2168 1938 2224 1984 et
2253 1928 2451 2002 Joscplt
2481 1945 2672 2003 mater,
2716 1945 2772 1992 et
2798 1949 2970 1996 mater
2996 1945 3224 2002 liliorum
3254 1949 3498 2012 Zebcdtei
3523 1977 3545 2011 s

1955 2019 2424 2092 (illattlt.xxvtt,55
2437 2036 2483 2080 et
2497 2025 2822 2100 56).!larcus
2834 2032 2911 2087 sic
2930 2051 2942 2087 :
2970 2054 2988 2087 α
3004 2035 3163 2094 Erant
3176 2052 3355 2099 autent
3372 2055 3423 2102 et
3439 2063 3551 2106 mtt-

1953 2113 2114 2170 lieres
2127 2115 2196 2171 de
2210 2116 2364 2188 longe
2384 2121 2721 2188 aspicientes;
2738 2125 2878 2182 inter
2888 2143 3019 2197 quas
3032 2145 3146 2186 erat
3165 2135 3323 2190 Maria
3341 2139 3547 2212 Magdao

1951 2205 2092 2272 lene,
2107 2219 2155 2261 et
2170 2206 2327 2264 Maria
2341 2209 2521 2266 Jacobi
2535 2214 2755 2270 minoris
2766 2228 2816 2271 et
2831 2217 3030 2290 Joseplt
3047 2234 3292 2293 mater,et
3306 2227 3545 2303 Salome;

1951 2308 2004 2352 et
2024 2315 2146 2353 cum
2166 2311 2310 2355 esset
2325 2303 2376 2355 iu
2399 2302 2637 2370 Galila'a,
2655 2309 3014 2377 scquelututur
3032 2330 3177 2381 cum,
3199 2329 3255 2374 et
3271 2322 3546 2381 ministra.

1950 2387 2079 2444 bant
2107 2391 2179 2456 ei,
2198 2402 2252 2447 et
2272 2392 2392 2447 alia:
2419 2395 2599 2450 multze
2619 2413 2738 2467 qme
2769 2401 2924 2457 simul
2948 2421 3067 2457 eum
3096 2423 3162 2461 eo
3191 2414 3546 2476 ascenderant

1947 2479 2336 2553 Jcrosolymam
2363 2502 2383 2534 ι
2419 2484 2608 2556 (.llare.
2659 2504 2748 2554 xv,
2795 2490 2886 2556 40,
2920 2494 3034 2562 ιι).
3081 2497 3223 2552 Inter
3268 2504 3365 2557 bos
3412 2506 3542 2564 niltil

1947 2573 2104 2630 video
2133 2575 2272 2645 quod
2301 2580 2623 2632 contrarium
2661 2583 2832 2651 possit
2867 2589 3034 2654 putari
3062 2608 3074 2641 :
3104 2593 3230 2660 qttid
3268 2598 3410 2651 enim
3457 2599 3544 2656 itt-

1949 2675 2108 2720 tcrcst
2138 2666 2203 2720 ad
2233 2669 2508 2724 veritatem
2528 2711 2544 2736 ,
2575 2673 2716 2742 quod
2756 2676 3010 2744 quasdam
3041 2683 3292 2738 mulieres
3320 2689 3540 2758 pariter,

1945 2755 2200 2824 quasdam
2251 2758 2444 2829 singuli
2494 2763 2951 2821 nomitutveruut?
2999 2771 3169 2827 Lucas
3213 2791 3422 2848 quoque
3470 2781 3543 2840 ita

1945 2847 2306 2904 narrationem
2335 2852 2605 2906 contexit:
2633 2851 2699 2906 Et
2725 2857 2888 2911 omnis
2918 2863 3066 2914 turba
3085 2880 3258 2917 eormn
3279 2847 3361 2937 qui
3387 2871 3544 2928 simul

1943 2936 2156 2992 aderant
2182 2938 2253 2992 ad
2279 2944 2620 3008 spectaculum
2649 2944 2784 2998 istud
2804 2988 2820 3012 ,
2848 2959 2894 3002 et
2926 2950 3156 3005 ridebant
3179 2936 3297 3024 qtae
3315 2960 3540 3031 ﬁebant,

1945 3031 2274 3100 pereutieules
2315 3044 2516 3102 pectora
2563 3052 2657 3090 sua
2693 3044 3080 3097 revertebantur.
3117 3045 3335 3102 Stabant
3372 3061 3542 3109 autem

1943 3137 2116 3176 omnes
2137 3124 2244 3176 noti
2267 3124 2377 3192 ejus
2400 3142 2432 3178 a
2459 3127 2626 3198 longe,
2653 3141 2700 3183 et
2729 3132 2962 3190 mulieres
2985 3152 3099 3203 qum
3125 3152 3311 3194 seratas
3334 3147 3541 3214 [iterant

1943 3228 2056 3266 enm
2083 3230 2115 3265 a
2138 3211 2374 3280 Galiltvu,
2404 3215 2512 3270 [nec
2539 3217 2759 3273 videntes
2781 3220 2932 3293 (Luc.
2962 3240 3114 3290 xxm,
3132 3230 3220 3292 48,
3248 3211 3360 3304 Mli.
3385 3233 3537 3294 Unde

1942 3303 2307 3373 superioribus
2360 3305 2568 3361 duobus
2622 3309 2690 3362 de
2739 3313 3016 3366 mulierum
3067 3303 3348 3384 praesentia
3402 3326 3537 3384 satis

1941 3395 2238 3460 consentit,
2271 3397 2512 3465 quamvis
2543 3398 2740 3453 ttullam
2777 3415 2962 3456 earum
3009 3409 3318 3467 nominatim
3348 3418 3539 3487 expri-

1943 3495 2086 3553 mat;
2124 3485 2192 3542 de
2236 3488 2387 3541 turba
2431 3489 2592 3543 etiam
2633 3506 2752 3561 quae
2793 3493 2949 3548 simul
2980 3497 3185 3567 aderat,
3211 3512 3262 3556 et
3295 3485 3539 3568 videntes

1940 3595 2058 3650 qua:
2085 3579 2274 3634 ﬂelutnt
2305 3581 2599 3638 tundcbant
2624 3595 2838 3654 pectora
2864 3604 2958 3642 sua
2977 3632 2993 3654 ,
3023 3600 3079 3645 ct
3106 3597 3530 3672 revertebantur,

1938 3673 2203 3728 consentit
2229 3673 2498 3739 Mattlueo,
2519 3678 2762 3747 quamvis
2785 3695 3026 3738 seorsqu
3048 3693 3381 3760 atmexuerit,
3405 3694 3540 3752 Cen-

1939 3765 2073 3819 turio
2098 3775 2268 3820 autem
2302 3776 2350 3820 et
2385 3769 2472 3839 qui
2511 3785 2625 3822 cum
2648 3787 2710 3824 eo
2735 3783 2878 3826 erant
2897 3791 2917 3826 :
2938 3789 3265 3849 quapropter
3295 3793 3533 3844 tantum-

1936 3856 2099 3913 modo
2123 3857 2193 3914 de
2217 3859 2357 3915 uotis
2375 3859 2494 3931 ejus
2510 3862 2599 3932 qui
2625 3863 2837 3920 stabant
2861 3881 2892 3920 a
2920 3868 3076 3939 longe
3096 3872 3245 3929 solus
3267 3875 3535 3938 invenitur

1936 3951 2155 4008 dixisse.
2184 3951 2316 4009 Nam
2351 3963 2403 4010 et
2429 3954 2661 4012 Joannes
2688 3965 3124 4019 commemoravit
3147 3966 3216 4022 de
3248 3977 3533 4039 pra-Seutia

1935 4043 2253 4101 feminarum
2296 4055 2580 4118 antequam
2624 4049 2882 4108 Dominus
2926 4055 3195 4115 emisisset
3239 4064 3528 4140 spiritum,

1934 4135 2006 4190 ita
2036 4151 2296 4192 narrans:
2320 4137 2534 4193 Stabant
2572 4151 2740 4197 autem
2759 4144 2915 4211 juxta
2960 4164 3159 4205 crucem
3199 4151 3325 4209 Jesu
3369 4135 3534 4218 mter

1932 4228 2073 4298 ejus,
2099 4236 2145 4283 et
2180 4243 2326 4283 soror
2365 4229 2540 4284 matris
2582 4231 2695 4302 eius
2739 4232 2911 4288 Maria
2952 4238 3222 4310 Cleoplta',
3265 4255 3311 4299 et
3352 4246 3530 4307 Maria

1933 4316 2264 4391 Magdaleue.
2297 4319 2423 4375 Cum
2447 4321 2647 4376 uidisset
2673 4339 2794 4396 ergo
2810 4325 2962 4380 Iesus
2988 4341 3198 4386 matrem
3225 4345 3272 4388 et
3298 4337 3530 4409 discipu-

1931 4410 2039 4465 lum
2060 4421 2274 4466 stantem
2301 4429 2450 4478 quem
2473 4413 2742 4486 diligebat,
2784 4416 2904 4469 dirit
2947 4423 3095 4475 matri
3133 4440 3240 4478 suc
3264 4443 3286 4480 :
3309 4429 3522 4505 Mulier,

1928 4517 2042 4557 ecce
2066 4503 2206 4571 [ilius
2226 4513 2358 4559 tuus.
2393 4503 2589 4560 Deinde
2610 4507 2731 4560 dicit
2754 4507 3008 4580 discipulo
3028 4529 3046 4566 :
3075 4512 3206 4570 Ecce
3225 4531 3385 4577 mater
3408 4503 3519 4584 tuas

1928 4592 1997 4648 Et
2017 4594 2183 4649 exilia
2203 4595 2328 4650 liora
2354 4597 2544 4668 accepit
2567 4613 2676 4652 eam
2699 4597 2977 4670 discipulus
3003 4603 3054 4656 iu
3081 4622 3174 4661 sua
3194 4607 3373 4679 (Joan.
3393 4631 3520 4687 xxx,

1926 4684 2136 4758 25.27).
2167 4686 2278 4754 Qua
2310 4688 2361 4742 in
2391 4703 2448 4743 re
2478 4687 2577 4742 nisi
2606 4689 2942 4758 apertissime
2977 4693 3260 4755 blattltzeus
3301 4684 3519 4780 quoque

1923 4788 1978 4834 et
2006 4778 2212 4834 Marcus
2246 4779 2462 4834 Mariam
2503 4780 2844 4852 Magdalenen
2891 4786 3293 4861 nominassent,
3324 4778 3517 4865 posse-

1924 4885 2042 4925 mus
2066 4869 2262 4937 dicere,
2293 4871 2427 4927 alias
2453 4888 2483 4926 a
2510 4871 2682 4943 longe,
2714 4873 2846 4930 aliae
2870 4875 3020 4946 juxta
3048 4896 3262 4938 crucem
3302 4885 3467 4947 fuisse
3491 4908 3513 4960 ;

1921 4962 2102 5019 nullus
2141 4964 2284 5019 enitn
2328 4980 2542 5031 eorum,
2574 4976 2770 5037 praeter
2803 4968 3096 5039 Joannem,
3135 4988 3357 5035 matrem
3403 4984 3514 5042 Do-

1921 5059 2050 5114 mini
2087 5063 2525 5118 commemoravit
2549 5081 2561 5118 :
2586 5080 2726 5121 nunc
2750 5081 2878 5136 ergo
2904 5071 3172 5137 quomodo
3197 5074 3520 5150 intelligitur

1918 5150 2106 5206 eadem
2137 5151 2298 5208 Maria
2326 5153 2654 5225 Magdalene,
2680 5165 2735 5211 et
2762 5173 2791 5210 a
2821 5158 2976 5229 longe
3001 5163 3214 5221 stetisse
3243 5182 3366 5226 cum
3394 5174 3514 5233 aliis

1919 5243 2250 5314 mulieribus,
2278 5246 2417 5302 sicut
2447 5246 2724 5302 Mattltmus
2743 5257 2797 5304 ct
2812 5248 3020 5306 Marcus
3046 5252 3249 5323 dicunt,
3279 5269 3334 5317 et
3355 5263 3512 5334 juxta

1915 5351 2128 5392 crucem
2156 5337 2340 5404 fuisse,
2366 5337 2503 5394 sicut
2525 5338 2757 5396 Joannes
2781 5341 2941 5408 dicit;
2980 5344 3080 5399 nisi
3109 5350 3232 5418 quia
3265 5353 3316 5408 iu
3363 5365 3514 5416 tanto

1917 5428 2195 5483 intervallo
2219 5439 2394 5493 erant,
2419 5441 2470 5485 ut
2499 5440 2554 5486 ct
2575 5431 2722 5501 juxta
2744 5431 2847 5490 dici
2877 5447 3115 5504 possent,
3145 5442 3265 5510 quia
3293 5445 3345 5500 in
3375 5463 3511 5506 cou-
3598 5472 3612 5486 ο

1913 5535 2099 5592 Spectu
2139 5521 2255 5591 ejus
2298 5534 2492 5592 pnesto
2533 5523 2781 5588 aderant,
2807 5535 2860 5581 et
2884 5542 2914 5580 a
2953 5529 3108 5598 longe
3140 5531 3190 5586 in
3221 5549 3510 5608 compara-

1915 5613 2060 5670 tione
2109 5614 2275 5669 turbze
2322 5615 2669 5686 propinquius
2711 5617 3106 5674 circumstantis
3155 5638 3276 5682 cum
3306 5627 3502 5690 Centu-

1911 5706 2062 5762 rione
2088 5716 2143 5762 ct
2185 5707 2459 5764 militibus.
2500 5710 2792 5767 Possumus
2814 5712 2972 5766 etiam
3001 5714 3298 5788 intelligere
3315 5764 3329 5786 ,
3354 5726 3500 5796 quod

1908 5795 2014 5854 illa:
2037 5812 2156 5872 qua:
2178 5799 2336 5858 simul
2361 5801 2583 5863 aderant
2600 5819 2723 5862 cum
2747 5815 2918 5863 matre
2949 5807 3184 5874 Domini,
3214 5795 3494 5890 postquam

2835 5898 3330 5990 {Tremo-ltuit.)
