3888 6416
391 350 423 405 4
435 348 535 406 I95

394 491 509 529 eam
541 475 800 544 discipulo
823 471 1241 535 commendavit,
1275 471 1420 525 abire
1441 472 1550 542 jam
1576 481 1884 541 coeperant,
1909 481 1966 526 ut

1200 348 1288 404 DE
1325 349 1672 407 consensu
1716 337 2356 424 tavancwsranw,
2399 357 2455 412 s.
2499 357 2861 415 AUGUSTlNl

3519 368 3670 424 U98

2075 473 2127 526 in
2146 491 2248 544 quo
2279 475 2509 528 nondum
2537 477 2811 546 quisquam
2837 477 3037 545 positus
3066 477 3274 543 fuerat:
3306 478 3458 550 (Luc.
3491 497 3663 550 xm],

393 581 418 618 a
444 567 704 620 densitate
749 565 914 618 turba:
959 580 1015 617 se
1055 571 1341 629 exuerent,
1375 571 1427 616 et
1465 573 1654 617 czetera
1683 577 1800 631 qua:
1830 561 1966 617 facta
2072 565 2183 634 55).
2224 565 2302 619 Ex
2349 565 2430 618 his
2477 568 2641 620 tribus
2690 568 2834 620 nulla
2870 570 3093 637 qua-stic
3131 569 3490 624 dissensionis
3526 573 3666 627 oriri

396 669 517 711 sunt
557 659 762 727 longius
796 658 1157 718 intuerentur;
1189 665 1244 710 ut
1271 657 1446 710 casteri
1488 654 1839 723 Evzmgelista:
1874 656 1962 724 qui

392 762 508 819 post
555 759 778 803 mortem
835 750 1038 801 Domini
1086 765 1177 802 eas
1222 756 1809 813 commemoraverunt,
1853 744 1960 815 jam

391 841 544 907 longe
574 851 770 894 stantes
796 850 1292 896 commemorarent.

383 935 610 989 CAPUT
650 925 812 988 XX“.
836 933 1003 986 —De
1039 932 1228 1002 Ioseph
1264 933 1345 1001 qui
1370 947 1549 999 corpus
1577 929 1780 984 Domini
1822 929 1961 1000 petiit

459 1044 488 1077 α
516 1025 683 1077 Pilato
705 1067 718 1089 ,
772 1025 1017 1092 quomodo
1047 1042 1216 1076 ontnes
1242 1023 1547 1076 consentiant
1573 1064 1586 1087 ,
1629 1030 1674 1074 et
1711 1019 1958 1090 quomodo

460 1135 490 1168 α
520 1123 680 1186 διν-ιρδο
706 1115 931 1170 Joannes
963 1133 1060 1170 non
1092 1117 1370 1168 diss‘entiat.

455 1208 542 1262 51).
583 1208 826 1275 Sequitur
855 1206 1164 1258 Mallha'usz
1200 1223 1216 1254 ι
1248 1207 1376 1257 Cum
1407 1218 1528 1258 sero
1558 1212 1731 1255 autem
1761 1205 1954 1253 factum

381 1308 542 1363 esset,
571 1301 712 1350 venit
735 1297 943 1364 quidam
975 1295 1131 1348 homo
1153 1297 1297 1348 dives
1321 1297 1386 1346 ab
1405 1294 1712 1357 Arimathia,
1741 1293 1955 1346 nemine

379 1387 574 1456 Joseph
596 1429 608 1449 ,
635 1389 722 1456 qui
752 1395 805 1440 et
832 1388 944 1454 ipse
973 1387 1262 1453 discipulus
1295 1395 1408 1438 erat
1431 1385 1554 1438 Jesu
1577 1400 1591 1447 ;
1618 1385 1701 1437 hic
1729 1383 1956 1436 accessit

377 1481 445 1536 ad
479 1481 702 1536 Pilatum
724 1522 737 1542 ,
761 1487 814 1533 et
839 1480 986 1547 petiit
1020 1492 1212 1546 corpus
1236 1477 1360 1531 Jesu
1386 1495 1397 1529 :
1424 1488 1546 1529 tunc
1573 1475 1773 1528 Pilatus
1797 1474 1956 1543 jussit

376 1571 526 1627 reddi
564 1585 755 1638 corpus
782 1588 801 1619 ι
847 1568 1059 1639 (Matth.
1103 1583 1290 1632 xxvii,
1320 1569 1407 1633 57,
1447 1567 1556 1638 :38).
1590 1567 1794 1620 Marcus
1837 1565 1949 1620 sic:

383 1684 401 1716 ι
431 1665 496 1718 Et
523 1679 642 1716 cum
667 1663 774 1730 jam
803 1676 920 1714 sero
948 1669 1089 1714 esset
1117 1659 1330 1720 factum,
1358 1659 1477 1727 quia
1505 1665 1617 1711 erat
1646 1672 1947 1724 parasceve,

375 1755 515 1825 quod
547 1761 626 1808 est
650 1761 772 1805 ante
803 1751 1106 1813 sabbatum,
1141 1751 1282 1803 venit
1309 1749 1502 1818 Joseph
1533 1750 1599 1802 ab
1628 1748 1947 1815 Arimathia,

376 1845 565 1902 nobilis
595 1843 830 1907 decurio,
860 1842 946 1910 qui
990 1853 1042 1895 et
1082 1841 1192 1908 ipse
1224 1851 1338 1894 erat
1379 1851 1692 1910 exspectans
1731 1855 1948 1908 regnum

375 1938 503 2002 Dei;
528 1944 580 1990 et
604 1936 854 1990 audacter
884 1935 1083 1987 introiit
1111 1933 1174 1986 ad
1205 1933 1455 1996 Pilatum,
1495 1943 1547 1985 et
1586 1933 1732 2000 petiit
1755 1945 1947 1999 corpus

371 2027 525 2083 Jesu.
550 2026 746 2080 Pilatus
775 2035 948 2077 autem
982 2023 1271 2076 mirabatur
1296 2023 1334 2074 si
1363 2024 1468 2090 jam
1496 2021 1713 2075 obiisset
1738 2038 1752 2074 :
1778 2029 1829 2074 et
1855 2036 1946 2074 ac-

372 2119 567 2172 cersito
604 2117 921 2170 Centurioue
950 2114 1284 2182 interrogavit
1312 2128 1431 2166 eum
1469 2114 1515 2168 si
1553 2113 1660 2180 jam
1706 2122 1946 2168 mortuus

369 2217 546 2273 esset;
575 2219 628 2262 et
655 2223 773 2262 cum
801 2208 1131 2276 cognovisset
1160 2222 1189 2258 a
1215 2206 1554 2271 Centurione,
1582 2207 1796 2260 donavit
1823 2221 1947 2260 cor-

372 2316 471 2369 pus
499 2298 696 2366 Joseph
715 2316 734 2349 ι
769 2296 955 2368 (Marc.
989 2313 1076 2362 xv,
1105 2297 1309 2365 42-45).
1339 2297 1506 2350 Lucas
1535 2298 1608 2350 sic
1634 2315 1646 2349 :
1679 2316 1696 2348 ι
1729 2298 1791 2350 Et
1817 2311 1942 2352 ecce

367 2390 454 2443 vir
494 2390 708 2443 "Omine
734 2386 966 2456 Joseph,
996 2387 1084 2454 qui
1114 2397 1225 2439 erat
1267 2386 1513 2449 decurio,
1557 2387 1634 2439 vir
1679 2389 1847 2441 bonus
1889 2397 1942 2442 et

365 2480 537 2550 justus
559 2477 667 2550 (hic
688 2493 789 2532 non
813 2478 1384 2533 Consuliscralconsilio
1404 2487 1457 2530 ct
1477 2479 1678 2530 actibus
1704 2481 1934 2548 eorum),

365 2569 433 2624 ab
453 2569 748 2623 Arimathia
771 2569 982 2622 civitate
1010 2567 1239 2632 JUdilSill,
1268 2569 1352 2636 qui
1383 2567 1720 2636 CXSchlailttl
1743 2580 1796 2623 et
1827 2571 1938 2638 ipse

363 2677 583 2731 regnum
609 2662 735 2725 Dei;
765 2661 849 2714 hic
877 2661 1097 2714 acceSsit
1122 2662 1185 2713 ad
1211 2662 1454 2726 Pilatum,
1487 2673 1538 2714 et
1571 2663 1720 2730 petiit
1745 2679 1938 2732 corpus

362 2752 488 2808 Jesu
514 2773 532 2804 ι
560 2752 706 2822 (Luc.
738 2768 884 2816 xxiii,
911 2752 1122 2824 50-59.).
1146 2753 1375 2807 Joannes
1397 2763 1570 2808 autem
1600 2766 1936 2824 posteaquam

364 2845 599 2899 narravit
623 2846 688 2899 de
713 2847 956 2899 cruribus
998 2846 1171 2898 fractis
1213 2860 1395 2899 eorum
1440 2847 1527 2916 qui
1570 2864 1687 2902 cum
1718 2849 1937 2901 Domino

361 2935 596 2990 cruciﬁxi
625 2944 797 3000 erant,
828 2942 883 2988 et
919 2935 985 2988 de
1022 2935 1184 2988 latere
1216 2936 1420 2990 Domini
1451 2938 1628 2990 lancea
1659 2953 1930 3007 percusso,

361 3029 500 3099 quod
530 3038 693 3081 totum
725 3028 868 3080 solus
891 3027 1020 3079 leil
1041 3068 1054 3092 ,
1084 3027 1351 3095 sulijuogit
1389 3030 1727 3082 consentiens
1771 3039 1934 3083 (nete-

360 3119 464 3182 ris,
503 3119 572 3171 ita
614 3131 836 3171 narrans
861 3133 874 3168 :
902 3116 1025 3170 Post
1055 3117 1159 3169 lucc
1187 3128 1349 3169 autem
1379 3119 1567 3186 rogavit
1598 3119 1818 3172 Pilatum
1842 3120 1934 3173 Jo-

359 3210 480 3280 seph
507 3208 569 3261 ab
594 3207 894 3271 Arimathia,
921 3222 976 3258 eo
999 3205 1131 3275 quod
1161 3216 1281 3259 esset
1307 3207 1579 3278 discipulus
1603 3208 1746 3274 Iesu,
1773 3214 1938 3266 occul-

361 3308 442 3354 tus
467 3309 632 3351 autem
661 3308 863 3367 propter
893 3306 1074 3349 metum
1095 3295 1392 3349 Jndworum
1409 3337 1425 3363 ,
1455 3309 1508 3351 ut
1535 3298 1726 3353 tolleret
1753 3317 1933 3373 corpus

358 3389 519 3444 διευς
546 3398 593 3442 et
627 3387 849 3457 permisit
891 3385 1107 3440 Pilatus.
1153 3385 1291 3440 Venit
1325 3403 1478 3458 ergo,
1519 3398 1565 3443 et
1604 3391 1714 3444 tulit
1751 3409 1933 3460 corpus

357 3479 480 3534 Jesu
500 3479 676 3549 (Joan.
703 3493 815 3541 XIX,
846 3475 954 3546 58).
977 3478 1030 3530 In
1062 3477 1163 3530 hoc
1189 3477 1314 3529 nihil
1343 3488 1517 3531 exstat
1542 3481 1590 3531 in
1619 3495 1721 3548 quo
1741 3483 1932 3549 aliquis

357 3585 542 3625 eorum
574 3569 728 3623 alicui
759 3582 1048 3636 repugnare
1075 3567 1333 3620 videatur.
1365 3568 1470 3622 Sed
1493 3570 1681 3638 aliquis
1711 3570 1929 3627 forsitan

356 3669 560 3731 qua-rat
586 3659 850 3730 quomodo
879 3674 909 3712 a
936 3662 1221 3727 semetipso
1254 3658 1485 3714 Joannes
1524 3662 1637 3728 ipse
1680 3679 1782 3715 non
1822 3664 1933 3717 dis-

355 3759 566 3822 crepet,
591 3761 893 3805 eontestans
935 3765 1052 3803 cum
1090 3751 1300 3804 caeteris
1334 3752 1472 3820 quod
1498 3751 1694 3822 J0seph
1721 3757 1929 3823 petierit

355 3858 549 3913 corpus
587 3843 743 3905 Jesu,
777 3853 829 3894 et
869 3842 1012 3894 solus
1053 3841 1237 3894 dicens
1280 3841 1420 3909 quod
1467 3844 1703 3897 occultus
1748 3849 1928 3901 luisset

355 3934 645 4003 discipulus
675 3933 876 3987 Domini
908 3942 1123 4001 propter
1153 3941 1348 3986 metum
1371 3933 1672 3988 JUdiBOI‘UlIl
1696 3949 1712 3988 :
1739 3938 1927 3992 merito

353 4026 493 4078 enim
528 4032 738 4089 movet,
774 4038 870 4076 cur
908 4022 994 4076 ille
1032 4021 1121 4090 qui
1157 4031 1370 4090 propter
1413 4024 1650 4076 timorem
1691 4026 1926 4080 oecultus

355 4115 645 4184 discipulus
674 4122 822 4176 erat,
861 4127 1019 4164 ausus
1053 4112 1121 4164 sit
1161 4121 1340 4179 petere
1377 4126 1570 4179 corpus
1608 4115 1748 4179 ejus,
1785 4117 1925 4184 quod

353 4208 532 4263 nullus
569 4222 754 4258 eorum
783 4206 869 4274 qui
902 4218 1022 4256 eum
1040 4203 1222 4272 palam
1267 4204 1642 4269 sequebantur,
1686 4205 1920 4260 auderet.

351 4299 458 4369 Sed
508 4297 905 4365 intelligendum
954 4304 1064 4358 est,
1108 4295 1265 4350 istum
1298 4293 1486 4347 ﬁducia
1513 4295 1782 4362 dignitatis
1825 4303 1925 4352 hoc

350 4389 559 4456 fecisse,
589 4405 688 4459 qua
728 4389 978 4457 prwditus
1009 4395 1219 4455 poterat
1257 4385 1587 4439 familiariter
1633 4388 1830 4444 intrare
1858 4389 1921 4443 ad

349 4478 576 4534 Pilatqu
603 4462 692 4532 :iu
721 4487 957 4532 extremo
998 4485 1172 4530 autem
1214 4475 1305 4529 illo
1346 4474 1521 4528 officio
1561 4475 1730 4531 funeri
1770 4479 1921 4532 exhi-

347 4571 526 4625 bendo
556 4571 728 4624 minus
763 4583 975 4622 curasse
999 4567 1066 4620 de
1091 4565 1323 4633 Judzeis,
1357 4567 1599 4636 quanivis
1634 4568 1830 4623 soleret
1867 4568 1921 4624 in

347 4657 578 4715 Domino
605 4657 866 4712 audiendo
890 4673 1072 4710 eorum
1100 4655 1401 4710 inimicitias
1423 4656 1681 4713 devitarc.

343 4743 574 4808 tCAPUT
611 4745 798 4806 XXIII.
819 4745 985 4798 —Dc
1013 4749 1270 4815 sepultura
1306 4748 1449 4817 ejus,
1483 4751 1730 4819 quomodo
1755 4760 1853 4806 tres
1887 4769 1920 4806 α

807 4837 1010 4894 Joanne
1027 4854 1127 4891 non
1148 4839 1462 4894 dissentiant.

417 4933 510 4993 60.
541 4933 794 5006 Sequitur
820 4930 1133 4985 Matthzeus:
1167 4948 1185 4980 ι
1215 4931 1280 4984 Et
1309 4945 1526 5004 accepto
1553 4948 1794 5002 corpore,
1821 4936 1916 4991 Jo-

343 5026 481 5101 Ieph
515 5025 734 5082 involvit
765 5022 890 5078 illud
919 5022 968 5075 in
997 5020 1219 5075 sindone
1247 5021 1474 5087 munda,
1508 5033 1560 5076 et
1590 5025 1759 5092 posuit
1791 5027 1916 5082 illud

344 5119 398 5176 in
426 5126 775 5175 monumento
799 5130 897 5170 suo
929 5128 1088 5176 novo,
1117 5111 1256 5180 quod
1284 5111 1552 5165 exciderat
1581 5113 1631 5165 in
1663 5126 1842 5181 petra:
1863 5126 1918 5172 et

343 5211 580 5268 advolvit
618 5224 802 5265 saxum
845 5222 1091 5276 magnum
1130 5205 1194 5258 ad
1237 5206 1429 5259 ostium
1476 5209 1834 5276 monumenti,
1863 5221 1918 5268 et

341 5305 470 5362 abiit
497 5323 518 5359 ι
560 5301 770 5373 (Matth.
803 5316 979 5362 XXVII,
1017 5300 1103 5362 59,
1140 5298 1249 5370 00).
1285 5298 1493 5353 Marcus
1528 5301 1641 5355 sic:
1673 5319 1691 5352 ι
1719 5300 1918 5373 Joseph

342 5410 518 5453 autem
550 5404 814 5450 mereatus
843 5393 1137 5455 sindonem,
1171 5403 1221 5444 et
1247 5391 1521 5460 deponens
1549 5409 1671 5447 eum
1699 5395 1916 5452 involvit

340 5489 586 5552 sindone,
618 5495 671 5541 et
698 5467 869 5555 posuit
890 5499 1007 5537 eum
1032 5483 1081 5536 in
1105 5491 1444 5536 monumento
1474 5485 1610 5552 quod
1638 5496 1751 5540 erat
1776 5490 1920 5556 exci-

342 5593 461 5636 sum
488 5579 556 5635 de
584 5587 761 5650 petra;
793 5583 844 5630 et
868 5574 1103 5629 advolvit
1143 5574 1369 5641 lapidem
1404 5573 1467 5626 ad
1495 5575 1688 5630 ostium
1724 5592 1913 5634 monu-

339 5671 507 5726 menti
532 5688 553 5722 ι
583 5667 774 5742 (Marc.
795 5681 887 5734 xv,
910 5664 1022 5736 46).
1051 5663 1219 5718 Lucas
1246 5662 1354 5718 sic:
1381 5683 1395 5712 ι
1428 5664 1491 5716 lit
1519 5664 1815 5733 depositum
1839 5668 1915 5722 in-

339 5755 506 5815 volvit
529 5759 585 5814 in
609 5755 852 5825 sindone,
869 5764 924 5811 et
937 5754 1114 5826 posuit
1143 5769 1262 5808 eum
1284 5751 1335 5806 iu
1353 5765 1695 5812 monumento
1715 5759 1911 5828 exciso,

2072 667 2242 726 pmest
2269 674 2280 707 :
2309 655 2539 710 Joannes
2577 667 2752 710 autem
2797 661 3122 726 sepulturam
3165 661 3418 727 Domini,
3467 679 3589 717 non
3633 678 3668 718 ι

2071 748 2182 800 solo
2221 745 2413 816 Joseph
2438 789 2452 813 ,
2485 747 2576 800 sed
2607 764 2634 800 a
2667 748 2950 803 Nieodemo
2981 766 3189 819 quoque
3215 761 3455 805 curatam
3486 751 3668 807 fuisse

2069 847 2470 890 Commemorat.
2513 837 2912 907 Consequeuter
2956 843 3094 893 Cllllll
3124 857 3153 895 a
3180 841 3470 896 Nictidemo
3522 844 3669 897 inci-

2068 931 2246 998 piens,
2290 929 2358 982 ita
2406 941 2619 984 narrat:
2647 950 2664 982 ι
2691 931 2842 986 Venit
2883 945 3056 987 autem
3087 943 3140 989 et
3166 934 3486 990 Nicodeiuus
3508 977 3526 1000 ,
3564 937 3662 1004 qui

2066 1030 2284 1073 venerat
2327 1021 2390 1073 ad
2421 1021 2600 1076 Jesum
2645 1033 2799 1076 nocte
2837 1023 3095 1092 primum,
3136 1023 3313 1079 ferens
3357 1027 3657 1080 mixturam

2068 1109 2295 1180 myrrha:
2321 1121 2372 1164 et
2399 1112 2542 1165 aloes
2566 1112 2712 1180 quasi
2743 1113 2899 1166 libras
2928 1124 3160 1177 centum.
3189 1135 3208 1168 ι
3238 1116 3437 1170 Deinde
3466 1119 3663 1186 sequi-

2065 1208 2150 1252 tur
2192 1201 2485 1270 adjungens
2533 1203 2700 1270 ipsum
2729 1202 2926 1272 Joseph
2949 1245 2960 1266 ,
2992 1218 3044 1257 et
3070 1206 3227 1258 dicit:
3263 1225 3280 1256 ι
3308 1209 3658 1264 Acceperunt

2065 1305 2190 1357 ergo
2212 1307 2406 1360 corpus
2427 1291 2550 1345 Jesu
2573 1334 2585 1356 ,
2614 1303 2663 1346 et
2698 1295 2986 1361 ligaverunt
3016 1311 3134 1348 eum
3163 1295 3342 1351 linteis
3365 1312 3486 1350 cum
3520 1314 3656 1353 am-

2064 1383 2321 1448 matibus,
2363 1385 2496 1439 sicut
2539 1399 2655 1439 mos
2696 1385 2894 1439 JUtiilflS
2919 1396 2999 1439 est
3027 1387 3272 1458 sepelire.
3305 1388 3435 1442 Erat
3462 1397 3653 1445 autem

2063 1471 2113 1524 in
2147 1472 2262 1526 loco
2287 1473 2377 1527 ubi
2392 1475 2673 1528 cruciﬁxus
2711 1483 2820 1541 est,
2851 1473 3034 1529 hortus
3060 1494 3074 1541 ;
3103 1486 3156 1530 et
3183 1477 3234 1530 in
3265 1477 3419 1531 horto
3452 1496 3650 1533 monu-

2062 1573 2295 1617 mentum
2329 1580 2523 1617 novum
2549 1606 2563 1628 ,
2607 1566 2658 1618 in
2703 1582 2808 1634 quo
2849 1568 3078 1619 nendum
3125 1570 3403 1637 quisquam
3437 1572 3649 1638 positus

2059 1663 2172 1709 erat
2201 1672 2215 1707 :
2248 1654 2317 1708 ibi
2355 1670 2480 1723 ergo
2525 1665 2740 1724 propter
2778 1671 3096 1727 parasceven
3135 1653 3475 1726 Judi‘eorum,
3516 1662 3645 1730 quia

2053 1745 2200 1814 juxta
2229 1754 2340 1799 erat
2370 1757 2763 1800 monumentum
2785 1788 2799 1811 ,
2845 1748 3130 1814 posuerunt
3173 1747 3357 1801 Jesum
3389 1767 3408 1798 ι
3457 1748 3643 1818 (Joan.

2057 1848 2150 1888 xui
2174 1875 2189 1899 ,
2221 1833 2426 1905 59-42).
2486 1834 2667 1905 Neque
2706 1836 2790 1889 hic
2829 1836 3026 1904 aliquid
3069 1837 3324 1906 repugnat
3366 1849 3512 1894 recte
3557 1840 3641 1894 in-

2058 1924 2428 1993 telligentibus.
2456 1925 2634 1995 Neque
2661 1929 2800 1981 enim
2823 1925 2892 1981 illi
2920 1930 3007 1998 qui
3047 1930 3111 1982 de
3145 1925 3433 1984 Nicodemo
3457 1941 3642 1987 tacue-

2055 2025 2197 2077 runt,
2220 2017 2615 2071 afﬁrmaverunt
2636 2035 2661 2070 a
2686 2019 2799 2072 Solo
2820 2018 3013 2087 Joseph
3037 2019 3314 2074 Dominum
3341 2023 3637 2090 sepultum,

2052 2111 2292 2177 quamvis
2313 2111 2476 2166 solius
2507 2113 3065 2166 commemorationem
3096 2115 3346 2179 iecerint;
3386 2127 3476 2170 aut
3505 2121 3636 2187 quia

2052 2199 2124 2252 illi
2154 2216 2251 2252 una
2280 2201 2499 2255 sindone
2543 2217 2573 2256 a
2607 2201 2803 2270 Joseph
2849 2205 3138 2258 involutum
3189 2206 3473 2273 dixerunt,
3509 2224 3636 2279 pro~

2051 2299 2229 2359 pterea
2275 2291 2652 2359 prohibuerunt
2702 2293 2915 2363 intelligi
2961 2304 3014 2348 et
3059 2295 3159 2348 alia
3199 2295 3358 2349 lintea
3393 2301 3635 2370 potuisse

2048 2381 2220 2438 afferri
2251 2401 2277 2437 a
2305 2384 2592 2440 Nicodemo
2617 2394 2670 2440 et
2695 2387 2973 2455 superaddi
2995 2429 3008 2451 ,
3052 2398 3107 2440 ut
3155 2404 3339 2441 verum
3389 2399 3633 2445 narraret

2045 2476 2298 2542 Joannes,
2322 2477 2458 2546 quod
2501 2492 2604 2530 non
2637 2494 2740 2531 uno
2781 2479 2972 2538 linteo,
3003 2479 3094 2532 sed
3136 2479 3317 2533 linteis
3359 2481 3630 2538 involutus

2046 2567 2152 2621 sit:
2177 2568 2415 2635 quamvis
2452 2577 2506 2622 et
2548 2577 2762 2637 propter
2787 2569 3054 2622 sudarium
3089 2569 3228 2638 quod
3274 2573 3432 2640 capiti
3470 2574 3626 2627 adhi-

2045 2657 2286 2722 bebatur,
2327 2667 2380 2711 et
2421 2658 2622 2711 institas
2667 2658 2858 2727 quibus
2902 2673 3094 2727 corpus
3137 2667 3302 2713 totum
3349 2661 3621 2731 alligatum

2045 2756 2145 2812 est,
2178 2749 2297 2818 quia
2324 2748 2499 2800 omnia
2531 2748 2597 2802 de
2628 2749 2737 2804 lino
2765 2758 2934 2811 erant,
2963 2749 3168 2802 etiamsi
3200 2767 3302 2803 una
3332 2749 3520 2805 Sindon
3550 2753 3622 2806 ibi

2045 2837 2158 2904 fuit,
2184 2841 2458 2893 verissime
2481 2839 2582 2892 dici
2613 2840 2809 2907 potuit,
2839 2839 3112 2909 ligaverunt
3140 2847 3248 2893 eum
3277 2838 3458 2895 linteis.
3487 2833 3620 2896 Lin-

2043 2937 2124 2983 tea
2146 2931 2336 2998 quippe
2363 2929 2680 2998 generaliter
2705 2929 2952 2983 dicuntur
2977 2943 3096 2999 qute
3128 2929 3235 2984 lino
3262 2939 3530 2986 texuntur.

2043 3019 2263 3074 CAPUT
2282 3019 2465 3073 XXIV.
2483 3019 2642 3072 —De
2670 3019 2746 3073 Itis
2774 3033 2885 3088 qua:
2909 3020 3043 3072 circa
3071 3029 3265 3089 tempus
3295 3023 3616 3077 resurrectio-

2111 3113 2190 3165 nis
2236 3112 2438 3164 Domini
2476 3117 2611 3183 facta
2656 3108 2819 3175 sunt,
2847 3114 3262 3182 quemadmodum
3299 3117 3464 3168 omnes
3509 3133 3613 3169 non

2107 3201 2236 3256 inter
2259 3219 2312 3254 se
2336 3198 2650 3256 dissentiant.

2100 3295 2196 3350 '6l.
2248 3294 2495 3364 Sequitur
2537 3295 2852 3350 Matthtcus:
2888 3314 2907 3347 ι
2957 3291 3088 3349 Erat
3130 3306 3305 3351 autem
3329 3297 3397 3350 ibi
3448 3279 3604 3352 “aria

2037 3384 2341 3453 Magdalene
2356 3395 2408 3439 et
2432 3386 2595 3439 altera
2624 3386 2779 3438 Maria
2803 3386 3046 3439 sedentes
3066 3397 3247 3440 contra
3269 3387 3562 3456 sepUICrum
3581 3406 3601 3440 ι

2037 3475 2256 3545 (Matth.
2294 3491 2465 3540 xxm,
2498 3477 2556 3530 6|
2583 3477 2623 3544 ).
2665 3473 2820 3543 Quod
2847 3477 3050 3530 Marcus
3090 3475 3158 3531 ita
3191 3479 3316 3530 dicit
3347 3497 3360 3532 :
3397 3497 3414 3528 ι
3449 3478 3601 3532 Maria

2035 3578 2210 3622 autem
2239 3569 2545 3636 Magdalene
2574 3575 2624 3622 et
2651 3568 2810 3622 Maria
2839 3565 3036 3638 Ioseph
3062 3569 3383 3637 aSpiciebant
3410 3571 3494 3623 ubi
3519 3586 3604 3638 po-

2034 3673 2246 3716 neretur
2281 3679 2298 3712 ι
2333 3661 2521 3723 (Marc.
2549 3675 2637 3723 xv,
2668 3659 2959 3732 l7).'Uiide
2986 3663 3112 3716 nihil
3153 3657 3246 3718 eos
3279 3679 3345 3717 ex
3378 3661 3477 3719 hoc
3503 3657 3603 3718 dis-

2032 3753 2228 3807 sentire
2254 3752 2584 3806 manil'estnni
2617 3757 2715 3806 est.

2104 3843 2190 3899 62.
2229 3843 2479 3908 Sequitur
2517 3843 2788 3897 Manlia-tis
2814 3847 2833 3898 ’τ
2865 3863 2883 3897 t
2916 3849 3092 3899 Attera
3124 3854 3300 3900 autem
3347 3845 3454 3910 die,
3485 3843 3596 3916 quin

2029 3946 2110 3992 est
2135 3946 2254 4005 post
2291 3945 2637 4003 paraseeven,
2671 3943 3038 3990 convenerunt
3060 3935 3330 4006 principes
3355 3937 3595 3991 sacerdo-

2031 4033 2138 4080 tum
2165 4035 2215 4079 et
2265 4024 2512 4078 Pharisaei
2542 4025 2603 4078 ad
2628 4025 2880 4090 “Pilatum,
2925 4026 3158 4080 dicentes
3193 4019 3476 4088 :Domine.
3515 4043 3596 4081 re-

2029 4118 2227 4171 cordati
2267 4131 2451 4171 sumus
2479 4115 2597 4185 quia
2630 4116 2879 4169 seductor
2911 4116 3008 4171 ille
3034 4117 3164 4170 dixit
3193 4119 3364 4172 adhuc
3390 4119 3591 4183 vivens,

2030 4210 2156 4263 Post
2193 4219 2298 4262 tres
2321 4207 2437 4262 dies
2479 4213 2745 4275 resurgam
2781 4207 2941 4275 :‘jube
2978 4221 3103 4277 ergo
3122 4208 3384 4262 custodiri
3425 4207 3594 4278 Sepul-

2030 4314 2179 4354 crum
2207 4314 2375 4369 usque
2414 4300 2465 4352 in
2506 4297 2881 4351 diem'tertium
2907 4316 2921 4360 ;
2951 4315 3015 4351 ne
3044 4299 3176 4351 forte
3205 4301 3415 4353 veniant
3444 4298 3595 4354 disci-

2029 4391 2135 4461 puli
2167 4391 2302 4459 ejus,
2331 4397 2386 4444 et
2413 4389 2655 4443 furentur
2677 4403 2819 4454 eum,
2865 4395 2917 4442 et
2939 4389 3127 4443 'dican't
3167 4390 3326 4459 plebi,
3359 4389 3593 4445 Surrexit

2025 4497 2056 4536 a
2087 4481 2346 4546 mortuis;
2374 4491 2430 4535 et
2455 4482 2556 4534 erit
2583 4480 2898 4534 novissimus
2927 4497 3076 4534 error
3107 4484 3253 4551 pejtir
3281 4482 3474 4552 priore.
3507 4481 3590 4536 'Ait

2025 4572 2132 4628 illis
2170 4573 2407 4626 Pilatus:
2442 4572 2653 4625 Habetis
2681 4570 2999 4636 custodiam,
3039 4573 3129 4636 ite,
3171 4573 3430 4626 custodite
3458 4575 3589 4627 sicut

2023 4664 2188 4719 scitis.
2244 4661 2324 4717 Illi
2369 4672 2544 4716 autem
2588 4663 2844 4716 abeuntes
2901 4661 3200 4716 munierunt
3245 4664 3579 4731 sepulcrum,

2023 4759 2288 4825 signantes
2340 4754 2591 4824 lapidem,
2625 4769 2746 4808 cum
2789 4754 3092 4808 custodibus
3129 4747 3395 4823 ι-(Μαιιή.
3425 4757 3583 4819 inn,

2023 4846 2232 4914 62-66).
2288 4843 2402 4900 Hoc
2434 4844 2580 4899 solus
2615 4843 2890 4897 Mattlimus
2915 4843 3127 4904 narrat,
3170 4840 3315 4897 nullo
3355 4843 3580 4896 aliorum

2023 4945 2270 4993 narrante
2320 4935 2516 5006 aliquid
2571 4936 2712 5005 quod
2767 4933 2889 4988 huic
2933 4933 3173 4987 videatur
3215 4945 3334 4987 esse
3371 4929 3584 4986 contn-

2022 5027 2179 5084 t'ium.
3235 5069 3246 5078 ,

2093 5118 2183 5174 63.
2237 5116 2437 5173 Deinde
2499 5118 2736 5188 sequitur
2787 5116 2923 5172 idem
2970 5117 3276 5184 Mattlneus,
3324 5126 3381 5172 et
3420 5117 3592 5173 dicit:

2028 5230 2047 5264 ι
2095 5211 2324 5279 Vespere
2363 5221 2537 5264 autem
2585 5209 2806 5272 sabbati,
2852 5225 2971 5278 quae
3006 5209 3231 5264 lucescit
3275 5209 3328 5264 in
3365 5209 3589 5279 primum

2021 5303 2227 5361 sabbati
2257 5305 2296 5369 ¹,
2328 5304 2472 5356 venit
2500 5303 2658 5356 Maria
2695 5302 3000 5368 Magdaleue
3023 5312 3078 5356 et
3115 5301 3279 5358 εικῆ
3319 5299 3480 5356 Maria
3512 5304 3561 5356 Vi

2019 5398 2149 5454 dere
2216 5396 2533 5465 sepulcrum.
2594 5394 2656 5447 Et
2712 5409 2836 5447 ecce
2881 5401 3041 5448 term
3088 5400 3262 5447 motus
3299 5391 3472 5448 factus
3505 5391 3589 5450 is;

2021 5505 2261 5562 magnus.
2295 5486 2528 5557 Angelus
2555 5485 2696 5540 enim
2728 5483 2934 5540 Domini
2957 5482 3233 5540 descendit
3264 5483 3335 5541 de
3355 5485 3512 5552 οωιο,
3533 5498 3587 5541 εει

2084 5646 2102 5679 ι
2125 5645 2266 5706 aliti,
2289 5642 2340 5694 in
2536 5633 2712 5706 sabbati
2719 5676 2730 5704 ._
2755 5645 2809 5689 At
2827 5638 3020 5706 optima:
3043 5642 3170 5698 nota
3185 5616 3584 5747 embatere

2049 5708 2103 5747 is
2123 5709 2447 5747 VIN-inmanis.
2462 5713 2580 5747 ριη-.
2605 5707 2876 5747 mnsmma
2897 5692 3212 5747 ἰιεδειιιύιυ
3389 5730 3403 5743 .

2021 5708 2105 5766 είς,
2123 5692 2589 5776 meamea.
2605 5692 2876 5776 φειευεηιεέ
2891 5692 3403 5776 mearum:

2023 5759 3292 5834 Mammula-mm
