3888 6308
364 386 805 439 monumentum;
849 388 911 427 ac
956 387 1050 441 per
1078 370 1179 424 hoc
1214 386 1275 424 ea
1323 378 1491 441 nocte
1514 374 1795 426 venerunt,
1828 378 1945 434 quae

363 473 653 543 signiﬁcata
684 479 764 522 cst
798 466 1010 521 nomine
1052 464 1280 533 vesperi.
1311 460 1444 516 Tota
1483 461 1624 515 enim
1656 459 1947 529 signiﬁcata

361 576 445 622 est
470 580 537 619 eo
568 562 801 627 nomine,
834 569 891 614 ut
917 557 1026 613 dixi
1050 574 1065 623 ;
1114 566 1169 611 et
1198 556 1316 610 ideo
1343 570 1676 626 quacumque
1702 556 1818 621 ejus
1846 566 1947 607 no-

359 660 463 717 etis
492 666 639 729 parte
667 654 956 717 venissent,
999 666 1059 706 ea
1088 650 1267 719 utique
1306 658 1460 703 nocte
1488 652 1756 702 venissent
1787 663 1800 699 :
1825 659 1947 699 cum

360 763 491 820 ergo
522 756 777 801 venerunt
822 753 967 813 parte
1010 742 1123 812 ejus
1150 741 1320 794 noctis
1346 749 1605 804 extrema,
1654 752 1715 791 ea
1767 734 1945 805 procul

361 842 526 897 dubio
557 848 710 893 nocte
752 844 1028 892 venerunt.
1082 833 1312 901 Vespere
1354 841 1529 885 autem
1562 846 1681 899 quae
1730 827 1950 881 lucescit

361 932 417 991 in
450 933 672 1001 primum
702 927 928 990 sabbati,
966 942 1070 979 non
1100 932 1272 993 potest
1312 924 1411 977 nisi
1443 930 1548 975 tota
1591 922 1701 989 ipsa
1736 934 1837 972 nox
1869 918 1949 972 itt-

362 1022 526 1091 telligi
560 1039 573 1073 :
606 1035 672 1075 eo
719 1018 877 1089 igitur
918 1030 1139 1085 vespere
1166 1021 1442 1075 venerunt,
1476 1028 1593 1081 qua:
1639 1011 1749 1080 ipsa
1792 1017 1948 1063 nocte

361 1122 661 1176 venerunt;
710 1112 820 1179 ipsa
862 1117 1040 1162 autem
1090 1115 1244 1159 nocte
1286 1112 1563 1167 venerunt,
1612 1116 1729 1171 qua:
1774 1109 1947 1154 noctis

362 1207 531 1279 ipsius
568 1204 806 1273 quamvis
832 1210 1066 1255 extrema
1096 1207 1243 1267 parte
1274 1203 1552 1251 venerunt.

432 1296 522 1353 66.
563 1294 695 1350 Nam
725 1302 781 1347 et
809 1293 980 1362 ipsum
1013 1289 1263 1350 triduum,
1295 1303 1399 1356 quo
1428 1285 1679 1339 Dominus
1707 1291 1948 1336 mortuus

360 1398 445 1448 est
470 1398 525 1443 et
552 1386 862 1449 resurrexit,
894 1383 993 1437 nisi
1021 1384 1121 1436 isto
1139 1379 1386 1450 loquendi
1411 1378 1588 1439 modo,
1614 1393 1719 1446 quo
1745 1391 1775 1429 a
1800 1385 1947 1445 parte

359 1489 531 1537 totum
560 1477 663 1531 diei
709 1475 868 1541 Solet,
919 1483 1063 1527 recte
1107 1471 1325 1539 intelligi
1371 1484 1474 1523 non
1526 1477 1700 1539 potest
1740 1468 1777 1519 ¹.
1831 1466 1948 1535 Ipse

360 1576 555 1645 quippe
580 1572 673 1633 ait,
716 1569 859 1623 Sicut
890 1569 1021 1621 enim
1049 1565 1211 1618 Jonas
1248 1564 1345 1635 fuit
1373 1563 1425 1615 in
1460 1572 1628 1615 ventre
1657 1561 1750 1613 ceti
1791 1558 1948 1612 tribus

359 1668 533 1722 diebus
559 1673 603 1717 et
629 1663 784 1716 tribus
804 1659 1059 1721 noctibus;
1088 1658 1160 1710 sic
1186 1657 1276 1709 erit
1301 1654 1467 1709 Filius
1490 1653 1706 1707 Itomints
1726 1653 1776 1705 in
1799 1651 1949 1704 corde

360 1769 507 1814 terra:
536 1757 693 1810 tribus
718 1752 889 1805 diebus
920 1761 963 1803 et
994 1747 1150 1801 tribus
1175 1747 1399 1800 noctibus
1433 1744 1654 1816 (Matth.
1691 1758 1787 1807 χιι,
1819 1741 1887 1795 40

358 1852 744 1919 Computantur
771 1846 791 1875 ’
820 1853 996 1896 autem
1037 1852 1295 1907 tempora,
1345 1837 1457 1891 sive
1485 1850 1550 1889 ex
1592 1850 1696 1904 quo
1737 1831 1948 1886 tradidit

358 1943 624 2015 Spiritum,
654 1939 765 1993 sive
791 1952 856 1991 ex
884 1950 989 2005 quo
1016 1932 1257 2001 sepultus
1282 1940 1381 1991 est,
1410 1939 1463 1984 et
1489 1944 1593 1982 non
1622 1926 1851 1980 occurrit
1878 1924 1945 1979 ad

358 2033 615 2107 liquidum
641 2046 657 2095 ;
686 2030 785 2084 nisi
810 2027 1042 2081 medium
1063 2025 1225 2087 diem,
1254 2023 1354 2075 hoc
1372 2028 1454 2073 est
1474 2018 1750 2073 sabbatum
1780 2025 1946 2070 totum

356 2125 499 2181 dietn
544 2123 885 2191 accipiamus,
936 2118 986 2171 id
1018 2124 1098 2169 est
1126 2131 1245 2169 cum
1275 2127 1369 2166 sua
1402 2122 1575 2173 nocte,
1610 2110 1727 2162 illos
1767 2116 1943 2160 autem

356 2222 445 2289 qui
472 2232 594 2273 eum
646 2216 699 2267 in
730 2210 903 2265 medio
950 2215 1259 2277 posuerunt,
1316 2205 1365 2256 id
1409 2213 1490 2255 est
1531 2215 1848 2270 parasccven
1891 2206 1947 2251 et

362 2309 587 2380 primatu
628 2303 852 2366 sabbati,
900 2315 1055 2368 quetu
1103 2297 1243 2351 diem
1288 2295 1609 2349 dominicum
1649 2293 1945 2356 dicimus,a

356 2408 508 2470 parte
537 2406 701 2450 totum
733 2393 1105 2460 intelligamus.
1139 2387 1273 2454 Quid
1300 2388 1441 2440 enim
1465 2388 1613 2453 juvat
1662 2384 1800 2454 quod
1827 2384 1945 2454 qui-

355 2490 478 2545 dam
494 2488 573 2542 liis
590 2484 846 2555 angustiis
859 2481 1130 2540 coarctati,
1156 2492 1204 2533 et
1226 2484 1382 2531 istutn
1404 2476 1682 2530 locutionis
1701 2475 1940 2538 modum,

354 2584 407 2637 id
432 2593 516 2636 est
547 2598 576 2633 ει
605 2586 753 2648 parte
784 2586 972 2637 totum,
1004 2575 1054 2626 in
1085 2582 1382 2626 sanctarum
1423 2568 1814 2635 Scripturarutu
1837 2565 1943 2619 sol-

355 2673 541 2728 vendis
601 2666 986 2740 qumstionibus
1040 2663 1322 2731 plurimum
1373 2659 1550 2711 valere
1598 2658 1940 2719 nescientes,

355 2777 568 2819 noctem
594 2762 878 2815 voluerunt
903 2768 1255 2810 annumerare
1286 2761 1393 2805 tres
1421 2751 1535 2803 illas
1568 2748 1726 2803 horas
1744 2763 1773 2800 ιι
1796 2758 1941 2802 sexta

355 2870 523 2923 usque
564 2852 629 2905 ad
662 2866 854 2905 nonam
886 2848 1076 2916 quibus
1105 2843 1184 2897 δυι
1227 2844 1540 2895 obanratus
1572 2849 1673 2903 est,
1721 2850 1774 2893 et
1802 2840 1941 2891 diem

353 2956 463 3000 tres
492 2946 651 2997 horas
686 2943 817 2995 alias
852 2940 1044 3008 quibus
1074 2936 1264 2989 iterum
1307 2933 1461 2986 terris
1491 2942 1571 2984 est
1602 2931 1858 2991 redditus,
1892 2928 1942 2982 id

353 3047 437 3093 est
460 3055 491 3090 ει
513 3050 650 3089 nona
677 3050 841 3101 usque
863 3033 927 3083 ad
951 3030 1065 3098 ejus
1090 3027 1375 3081 occasum?
1402 3026 1649 3092 Sequitur
1669 3026 1807 3076 enim
1840 3036 1941 3075 uox

355 3130 516 3183 futuri
546 3126 770 3186 sabbati,
793 3138 897 3192 qua
923 3136 1043 3173 eum
1075 3134 1170 3171 suo
1192 3118 1277 3171 die
1301 3125 1621 3183 computata.
1652 3124 1807 3169 erunt
1832 3114 1942 3180 jam

353 3218 473 3274 dua:
519 3225 704 3271 noctes
740 3222 794 3267 et
818 3213 922 3265 duo
951 3210 1097 3273 dies;
1132 3222 1288 3277 porro
1316 3214 1489 3259 autetn
1524 3213 1642 3273 post
1666 3204 1941 3257 sabbatum

353 3310 598 3381 sequitur
624 3323 725 3361 nox
758 3305 940 3375 prima:
966 3301 1170 3355 sabbati
1198 3299 1240 3364 ³,
1271 3298 1320 3351 id
1352 3308 1432 3351 est
1460 3297 1815 3350 illucescentis
1838 3296 1943 3350 diei

355 3401 630 3467 dominici,
656 3398 706 3451 in
731 3413 830 3467 qua
861 3405 984 3450 tunc
1009 3391 1261 3446 Dominus
1287 3390 1579 3444 resurrexit
1604 3408 1615 3443 :
1640 3399 1795 3443 erunt
1816 3403 1944 3459 ergo

355 3496 475 3551 dua:
499 3502 681 3549 noctes
710 3501 764 3545 ct
785 3491 890 3544 duo
918 3489 1052 3553 dies,
1081 3497 1133 3541 et
1160 3501 1259 3538 una
1288 3501 1412 3549 nox,
1445 3483 1654 3537 etiamsi
1686 3493 1792 3538 tota
1822 3500 1946 3552 pos-

354 3598 439 3644 set
473 3584 717 3654 intelligi,
750 3574 848 3637 nec
890 3580 1291 3634 ostenderemus
1316 3577 1457 3647 quod
1486 3577 1611 3630 illttd
1652 3577 1943 3632 diluculum

351 3692 481 3751 pars
519 3676 634 3746 ejus
662 3684 898 3729 extrema
942 3673 1047 3735 sit;
1079 3679 1398 3740 quapropter
1444 3686 1541 3725 nec
1580 3670 1944 3725 annumeratis

352 3771 459 3827 illis
498 3784 595 3825 sex
626 3768 791 3832 boris,
837 3780 1060 3835 quarqu
1094 3764 1259 3817 tribus
1286 3763 1363 3817 sol
1394 3775 1530 3817 οοιιιι
1552 3763 1802 3817 nebratus
1824 3773 1939 3830 est,

356 3869 414 3917 et
438 3861 605 3914 tribus
624 3858 810 3921 eluxit,
838 3856 1101 3909 constabit
1132 3855 1267 3907 ratio
1289 3855 1446 3907 trium
1474 3855 1679 3909 dierum
1708 3864 1763 3911 et
1786 3858 1940 3909 trium

356 3952 612 4007 noetiuni.
646 3948 831 4002 ltestat
859 3960 985 4015 ergo
1025 3955 1081 3998 ut
1109 3945 1198 3997 illo
1227 3945 1614 4009 Scripturarnm
1660 3947 1941 4000 usitatissi-

354 4058 447 4099 mo
475 4039 725 4112 loquendi
756 4036 934 4101 modo,
982 4051 1089 4105 quo
1117 4051 1145 4087 a
1191 4045 1341 4104 parte
1368 4044 1534 4090 totum
1578 4037 1892 4106 intelligitur
1922 4080 1937 4105 ,

356 4137 689 4193 inveniamus
708 4144 1002 4188 extremum
1028 4129 1169 4183 diem
1197 4128 1218 4158 "
1249 4138 1455 4199 tempus
1485 4146 1812 4198 paraseeves,
1837 4147 1943 4201 quo

351 4230 711 4289 erucitlsuset
731 4226 969 4297 sepultus
992 4233 1075 4279 est
1102 4221 1376 4284 Dominus,
1403 4234 1457 4277 et
1477 4239 1540 4277 ex
1565 4226 1675 4292 ipsa
1705 4234 1940 4280 exttema

356 4332 506 4393 parte
550 4330 716 4375 tolutn
759 4318 899 4372 diem
931 4331 1049 4371 cutn
1090 4330 1182 4369 Sua
1214 4325 1387 4377 nocte,
1419 4314 1507 4383 qui
1545 4315 1652 4383 jam
1700 4326 1942 4385 peractus

355 4415 559 4477 fuerat,
607 4410 975 4481 accipiamus:
1010 4409 1242 4463 medium
1290 4422 1448 4472 vero,
1499 4406 1547 4460 id
1599 4418 1681 4462 est
1738 4409 1942 4464 sabbati

356 4506 518 4569 dictu,
552 4521 656 4559 non
687 4522 715 4558 a
746 4512 914 4573 parte,
949 4501 1044 4557 sed
1076 4504 1275 4572 integre
1322 4512 1485 4556 totutn
1517 4520 1530 4556 :
1565 4503 1774 4556 tertium
1820 4520 1939 4557 rur-

356 4613 453 4652 sus
479 4614 509 4651 a
538 4607 685 4666 parte
711 4611 803 4649 sua
831 4598 1018 4665 prima,
1066 4594 1117 4649 id
1148 4603 1229 4647 est
1256 4610 1284 4647 a
1307 4603 1461 4649 nocte
1490 4603 1656 4648 totum
1685 4610 1805 4647 eum
1845 4610 1942 4651 suo

354 4687 549 4741 diurno
577 4695 814 4753 tempore
840 4702 853 4745 ;
886 4701 948 4737 ae
972 4686 1046 4737 sic
1072 4685 1173 4751 erit
1202 4686 1429 4737 triduum
1461 4701 1472 4738 :
1495 4686 1941 4754 quemadmodum

328 4779 429 4837 .illi
460 4786 582 4832 octo
626 4776 740 4830 dies
766 4785 883 4844 post
926 4790 1059 4843 quos
1088 4776 1325 4831 ascendit
1352 4778 1400 4829 in
1434 4788 1690 4843 montem,
1718 4794 1939 4849 quorum

354 4872 559 4927 medios
605 4870 839 4939 integros
868 4866 1199 4921 attendentes
1236 4868 1511 4923 Μιιιιιιιιιιις
1541 4880 1590 4924 et
1618 4870 1824 4926 Marcus
1861 4873 1943 4926 di-

355 4972 566 5026 xerunt,
602 4961 728 5016 Post
774 4978 860 5015 sca:
904 4961 1049 5024 dies;
1093 4960 1229 5029 quod
1260 4959 1428 5014 Lucas
1472 4961 1624 5029 dixit,
1682 4962 1801 5018 Post
1832 4974 1941 5019 octo

352 5056 459 5109 tua
484 5054 581 5125 (η).

425 5147 515 5201 67.
562 5145 712 5201 Nunc
750 5147 859 5216 jam
905 5156 1096 5201 czetera
1143 5145 1445 5214 videamus,
1496 5148 1939 5217 quemadmodum

415 5305 543 5371 {uie
564 5308 611 5353 in
628 5304 773 5371 editis
790 5303 1187 5371 interr-oriebatur
1208 5317 1221 5351 ε
1248 5303 1371 5355 Hinc
1392 5318 1567 5371 magna
1581 5306 1803 5359 redditur
1820 5310 1943 5362 ratio

348 5364 482 5419 serti
504 5365 688 5416 ﬂamini
717 5380 733 5416 :
758 5368 883 5429 quod
909 5364 1048 5414 abest
1070 5377 1097 5413 a
1124 5374 1223 5416 .tzss.

415 5430 434 5460 ί
460 5436 609 5491 [ικρι
633 5434 741 5477 Lov.
762 5462 776 5486 ,
824 5433 1151 5491 computentur
1194 5441 1210 5478 :

354 5488 490 5541 dium
511 5489 659 5542 diem.
707 5496 763 5539 Μ.

417 5552 437 5622 ξ
461 5555 596 5622 initi,
622 5550 767 5622 primi
783 5550 964 5602 sabbati
987 5564 1005 5600 :
1030 5558 1081 5622 et
1103 5553 1393 5622 paulo_|:ost,
1422 5554 1521 5607 diei
1543 5556 1812 5612 dominicat.

415 5611 438 5643 δ
462 5620 587 5661 Unus
609 5611 639 5662 ὁ
666 5616 807 5664 \‘atie.
836 5611 1186 5677 Mss.,printum
1208 5611 1355 5667 ttiém.

412 5694 491 5771 (al
526 5703 692 5760 βιινη.
716 5697 800 5751 lib.
824 5699 873 5761 ε.
894 5710 1001 5762 capo
1021 5698 1105 5760 56.
1126 5713 1177 5753 ιι.
1202 5700 1311 5753 ιιδ.

1258 5436 1311 5479 et
1353 5428 1587 5492 inferius,
1627 5430 1721 5484 nisi
1756 5433 1821 5485 ad
1844 5448 1942 5489 me-

1122 255 1207 309 DE
1245 251 1593 310 consessu
1643 228 2289 314 Evsucwsnnuu,
2328 244 2387 302 s.
2426 242 2795 303 mensum

3508 243 3676 303 1200

2058 358 2304 414 Μιιιιιιιιιο
2328 369 2637 425 congruant.
2669 358 2838 413 Lucas
2863 356 3007 413 enim
3034 356 3371 428 apertissime
3388 357 3529 414 duos
3563 375 3675 415 ao-

2053 454 2200 523 gclos
2222 452 2347 507 dicit
2374 453 2514 507 visos
2542 453 2703 507 fuisse
2727 467 2757 505 a
2788 451 3119 518 mulieribus,
3144 467 3264 522 qua:
3291 461 3567 507 venerunt
3595 454 3670 508 ad

2056 553 2481 606 monumentum,
2510 560 2733 615 quorum
2760 544 2996 614 singulos
3026 544 3466 600 intellexeramus
3492 558 3665 601 com-

2056 646 2382 691 memoratos
2407 652 2437 690 a
2465 636 2704 701 duobus;
2735 652 2897 691 unum
2920 652 2950 689 a
2988 636 3255 701 Mattha-o,
3283 637 3334 691 id
3360 646 3465 700 est,
3495 637 3669 692 illum

2053 727 2139 799 qui
2165 737 2313 783 extra
2350 739 2748 783 monumentum
2789 729 3010 783 sedebat
3035 730 3088 783 in
3118 729 3327 799 lapide;
3358 730 3600 786 alterum
3637 748 3668 784 a

2054 818 2251 882 Marco,
2286 820 2333 872 id
2359 830 2440 873 est
2467 820 2610 873 illum
2638 820 2725 890 qui
2751 820 2888 873 intra
2930 830 3331 875 monumentum
3363 820 3596 876 sedebat
3632 836 3665 874 a

2052 908 2274 964 dextris.
2302 910 2407 964 Sed
2432 910 2601 965 Lucas
2629 911 2699 963 ita
2732 919 2913 965 narrat
2940 928 2953 964 :
2982 909 3048 964 Et
3069 912 3173 964 dies
3197 921 3302 965 erat
3330 928 3659 981 parasceaes,

2052 1013 2098 1058 et
2116 1004 2376 1058 sabbatum
2396 1006 2731 1059 illuceseebat.
2757 1004 3050 1061 Subsecuta:
3065 1017 3233 1060 autem
3250 1005 3508 1069 mulieres,
3530 1021 3661 1074 quc

2052 1112 2166 1149 cum
2195 1097 2304 1168 ipso
2342 1107 2573 1151 venerant
2602 1098 2664 1152 de
2692 1096 2904 1153 Galila'a
2921 1139 2936 1163 ,
2968 1100 3198 1153 viderunt
3227 1110 3654 1167 monumentum,

2050 1198 2099 1242 et
2127 1189 2544 1258 quemadmodum
2584 1191 2800 1260 positum
2842 1200 2947 1243 erat
2990 1206 3174 1259 corpus
3201 1191 3346 1260 ejus;
3385 1200 3435 1243 et
3474 1204 3656 1243 rever-

2052 1286 2208 1332 tentes
2236 1288 2536 1350 paraverunt
2570 1289 2797 1333 aromata
2824 1291 2870 1334 et
2912 1290 3163 1351 unguenta
3186 1295 3205 1334 .'
3229 1290 3272 1335 et
3297 1279 3507 1334 sabbato
3526 1281 3655 1347 qui.

2053 1368 2166 1423 dem
2194 1371 2437 1423 siluerunt
2457 1371 2729 1424 secundum
2750 1371 3043 1424 mandatum
3070 1386 3089 1424 :
3120 1369 3235 1426 Una
3261 1380 3429 1424 autem
3453 1372 3659 1426 sabbati

2053 1460 2199 1514 ualde
2223 1461 2447 1515 diluculo
2470 1474 2706 1516 venerunt
2727 1462 2795 1516 ad
2817 1473 3215 1527 monumentum,
3246 1473 3505 1534 portantes
3530 1480 3654 1529 quc

2052 1563 2352 1622 paraverant
2377 1564 2641 1619 aromata;
2670 1566 2716 1608 et
2742 1557 3031 1609 invenerunt
3056 1555 3278 1626 lapidem
3303 1558 3591 1610 revolutum
3618 1574 3652 1611 α

2054 1654 2412 1709 monumento;
2441 1657 2485 1699 et
2514 1647 2753 1717 inng
2778 1664 2878 1702 non
2902 1649 3193 1703 invenerunt
3217 1666 3403 1719 corpus
3437 1649 3657 1705 Domini

2050 1731 2175 1789 Iesu
2201 1752 2220 1788 :
2246 1744 2291 1789 et
2330 1736 2520 1806 factum
2546 1748 2621 1791 est
2663 1737 2784 1791 dum
2822 1749 2987 1793 mente
3021 1750 3351 1794 consternata:
3376 1751 3541 1795 essent
3583 1741 3653 1795 de

2052 1825 2168 1887 isto.
2201 1837 2245 1880 et
2272 1843 2385 1881 ecce
2411 1828 2512 1880 duo
2541 1829 2632 1881 rirt'
2665 1831 2679 1859 ‘
2709 1837 2947 1883 steterunt
2974 1844 3012 1884 si
3030 1846 3117 1883 eus
3149 1829 3267 1883 illas
3293 1830 3346 1883 in
3374 1840 3509 1885 ueste
3531 1832 3648 1902 {ul-

2051 1918 2204 1986 genti.
2232 1916 2359 1987 Cum
2396 1919 2621 1974 timerent
2643 1930 2810 1974 autem
2839 1930 2884 1975 et
2910 1921 3216 1975 declinarent
3240 1921 3432 1975 vultum
3458 1922 3511 1976 in
3536 1934 3650 1977 ter-

2051 2028 2196 2077 ram,
2238 2012 2472 2067 dixerunt
2508 2014 2577 2067 ad
2618 2014 2735 2069 illas
2757 2030 2776 2068 :
2819 2014 2955 2079 Quid
2994 2015 3215 2085 φατι-ἱεὶς
3254 2015 3498 2070 viventem
3525 2032 3649 2071 cum

2051 2104 2296 2157 mortuis?
2321 2120 2419 2157 non
2448 2115 2518 2159 est
2545 2106 2644 2171 hic,
2677 2106 2765 2160 sed
2786 2106 3002 2161 surrexit
3024 2121 3044 2161 :
3071 2106 3405 2161 recordamini
3428 2109 3651 2178 qualiter

2052 2195 2249 2249 locutus
2281 2206 2353 2250 est
2381 2197 2545 2262 vobis,
2580 2214 2692 2251 cum
2718 2199 2884 2253 adhuc
2908 2201 2959 2252 in
2991 2198 3205 2254 Catilina
3239 2210 3397 2265 esset,
3424 2202 3599 2256 dicens
3625 2218 3648 2256 :

2054 2289 2185 2353 Quia
2214 2300 2405 2360 oportet
2439 2290 2629 2344 Filium
2663 2293 2878 2346 hominis
2920 2292 3054 2346 tradi
3080 2294 3132 2347 in
3170 2310 3349 2347 manus
3375 2294 3644 2349 hominum

2051 2391 2403 2449 peccatorum,
2434 2392 2480 2434 et
2508 2383 2734 2452 cruci/igi
2752 2424 2767 2448 ,
2808 2393 2854 2437 et
2883 2385 2964 2438 die
2991 2385 3136 2437 tertia
3160 2401 3437 2456 resurgere.
3472 2385 3536 2440 Et
3560 2403 3647 2440 re-

2050 2473 2272 2528 cordata:
2298 2486 2413 2528 sunt
2450 2477 2709 2529 verborum
2736 2476 2846 2546 ejus
2866 2518 2880 2543 ,
2924 2486 2970 2530 et
2996 2494 3229 2548 regressa!
3254 2496 3287 2531 ιι
3314 2489 3643 2534 monumento

2050 2566 2402 2619 ntmtiaverunt
2429 2566 2536 2620 lucc
2574 2566 2743 2620 omnia
2767 2568 2869 2621 illis
2894 2570 3152 2633 undecim,
3184 2580 3231 2623 et
3252 2571 3445 2625 ueteris
3473 2571 3641 2625 omni-

2050 2655 2141 2709 bus
2167 2656 2313 2725 (Luc.
2345 2674 2500 2724 xxut,
2533 2660 2638 2725 54;
2665 2674 2811 2723 XXIV,
2851 2660 2963 2731 12).
2991 2662 3266 2730 Quomodo
3291 2679 3419 2733 ergo
3441 2666 3640 2752 singuli

2052 2750 2147 2805 visi
2179 2760 2301 2804 sunt
2328 2753 2612 2817 sedentes,
2652 2768 2790 2808 unus
2828 2756 3119 2809 secundqu
3163 2755 3466 2812 Matthzeum
3508 2750 3640 2816 toris

2049 2856 2212 2910 super
2256 2841 2513 2911 lapidem;
2559 2852 2616 2898 et
2654 2844 2781 2899 alter
2830 2846 3120 2901 secundum
3157 2846 3390 2903 Marcum
3433 2830 3581 2905 intus
3603 2867 3638 2907 ι

2050 2934 2282 2997 dextris;
2329 2951 2450 2989 cuiu
2482 2935 2771 2991 secundum
2819 2937 3011 2992 Lucam
3061 2939 3167 2993 duo
3195 2941 3438 2997 steterint
3476 2958 3637 3001 secus

2051 3022 2188 3087 illas,
2212 3028 2451 3093 quamvis
2478 3027 2667 3081 sitniiia
2696 3029 2961 3083 dixerint?
2992 3029 3279 3085 Possumus
3302 3033 3510 3103 quidem
3531 3035 3636 3090 ad-

2050 3115 2154 3171 huc
2183 3117 2474 3188 intelligere
2503 3135 2663 3173 unum
2689 3122 2933 3190 angelum
2961 3121 3130 3177 visunt
3152 3138 3181 3177 a
3209 3124 3544 3192 mulieribus,
3573 3135 3635 3183 et

2049 3209 2338 3262 scentulum
2366 3210 2690 3277 Malllltl‘lttll,
2719 3222 2773 3267 et
2792 3213 3083 3269 secundum
3104 3213 3358 3281 Marcum,
3384 3216 3521 3272 sicut
3542 3233 3634 3274 Stt-

2052 3315 2142 3368 pra
2173 3300 2439 3355 diximus:
2474 3311 2530 3356 ιιι
2568 3317 2660 3357 eas
2705 3304 2968 3372 ittgrc~sas
3015 3305 3067 3358 in
3111 3318 3509 3363 monumentum
3552 3311 3631 3367 sic

2050 3393 2393 3462 accipiamus,
2428 3394 2478 3447 in
2504 3395 2717 3463 aliquod
2748 3395 2947 3450 scilicet
2971 3396 3198 3466 spatium
3223 3399 3363 3469 quod
3386 3411 3503 3455 erat
3529 3401 3628 3456 ali-

2049 3502 2149 3555 qtta
2179 3488 2406 3540 maceria
2428 3489 2832 3551 communitum,
2857 3500 2914 3541 ιιι
2936 3488 3118 3543 intrari
3143 3502 3322 3560 posset
3338 3502 3462 3548 ante
3482 3492 3628 3549 illum

2049 3590 2265 3631 saxeum
2294 3578 2520 3648 sepulcri
2549 3579 2744 3640 locum,
2774 3591 2933 3657 atque
2963 3580 3033 3635 ibi
3060 3582 3252 3638 vidisse
3272 3587 3517 3655 angelum
3540 3602 3628 3642 se.

2048 3669 2260 3725 dentem
2286 3685 2443 3740 supra
2470 3671 2695 3741 lapidem
2723 3675 3017 3728 revolutum
3045 3690 3075 3728 ιι
3106 3688 3470 3741 monumento.
3494 3679 3630 3736 sicut

2049 3760 2177 3815 dicit
2207 3762 2501 3826 Mattltmus,
2547 3773 2606 3817 ιιι
2634 3764 2734 3819 hoc
2759 3766 2827 3819 sit
2853 3766 3125 3821 sedentem
3168 3785 3198 3823 a
3224 3770 3426 3827 dextris
3443 3813 3460 3837 ,
3487 3772 3627 3843 quod

2047 3851 2176 3905 dicit
2215 3851 2455 3917 Marcus;
2489 3853 2682 3909 deinde
2718 3855 2859 3910 intus
2896 3857 2964 3910 ab
3001 3858 3110 3924 eis,
3156 3859 3284 3915 dum
3314 3862 3627 3931 inspicerent

2049 3942 2221 3996 locum
2273 3944 2325 3996 in
2369 3959 2475 4012 quo
2514 3944 2725 4011 jacebat
2773 3961 2968 4018 corpus
3020 3948 3258 4014 Domini,
3308 3952 3454 4008 visos
3495 3954 3625 4009 alios

2047 4034 2182 4089 duos
2205 4035 2423 4104 angelos
2460 4046 2695 4100 stantes,
2736 4038 2872 4094 sicut
2911 4038 3040 4095 dicit
3078 4040 3284 4109 Lucas,
3327 4045 3518 4100 similia
3546 4046 3623 4101 ιο.

2049 4137 2200 4181 cutos
2221 4129 2285 4181 ad
2309 4144 2491 4184 earmn
2520 4130 2907 4188 exhortandum
2927 4134 3164 4189 anituum
3185 4144 3240 4191 et
3261 4137 3622 4196 arditieandam
3682 4116 3695 4127 ⁸

2049 4218 2230 4275 ﬁdem.

2120 4313 2209 4367 68.
2239 4314 2341 4369 Sed
2371 4314 2643 4368 videamus
2667 4324 2724 4370 et
2748 4316 2833 4371 illa
2860 4334 2978 4387 qua:
3004 4319 3240 4379 Joannes
3266 4322 3416 4390 dicit,
3452 4334 3620 4382 utrum

2049 4405 2129 4459 vel
2175 4406 2618 4475 quemadmodum
2672 4407 2753 4461 liis
2793 4422 3103 4480 congruant.
3148 4414 3238 4469 Sic
3281 4431 3408 4486 ergo
3450 4427 3621 4473 narrat

2047 4496 2280 4551 Joannis
2306 4517 2319 4553 :
2357 4519 2373 4549 ι
2407 4498 2518 4555 Una
2547 4511 2724 4555 autem
2755 4502 2956 4557 sabbati
2981 4504 3140 4559 Maria
3161 4507 3467 4578 Magdaleue
3486 4512 3621 4566 venit

2050 4605 2234 4651 tuane,
2262 4606 2381 4645 cum
2411 4594 2583 4647 adhuc
2610 4594 2842 4649 teueltra:
2870 4606 3081 4662 essent,
3113 4598 3179 4652 ad
3205 4615 3615 4672 monumentum,

2048 4690 2103 4737 et
2120 4683 2246 4736 vidit
2264 4683 2491 4752 lapidem
2510 4684 2772 4739 sublatum
2789 4702 2818 4739 a
2837 4700 3199 4745 monumento.
3213 4691 3461 4750 Cucurrit
3477 4712 3615 4767 ergo,

2048 4784 2103 4829 ct
2129 4775 2268 4829 venit
2300 4776 2364 4828 ad
2390 4777 2658 4831 Simonem
2691 4778 2925 4842 Petrum,
2956 4792 3009 4836 et
3030 4783 3095 4836 ad
3134 4784 3292 4839 alium
3314 4786 3617 4857 discipulum

2047 4880 2202 4935 quem
2242 4867 2453 4920 amabat
2477 4867 2651 4933 .lesus,
2693 4880 2746 4923 ct
2771 4870 2893 4925 dicit
2921 4872 3000 4927 eis
3024 4890 3038 4927 :
3065 4873 3320 4930 Tulerttnt
3348 4876 3639 4937 Dominum?

2048 4957 2114 5010 de
2136 4967 2500 5023 titonuniento,
2527 4970 2574 5013 et
2597 4962 2863 5016 nescimus
2889 4963 2976 5017 tibi
3001 4977 3288 5033 posuerunt
3310 4984 3457 5023 eum.
3490 4956 3642 5069 Exiiti

2053 5062 2169 5069 ---Α
2203 5047 2337 5069 Ιὶ-ι...
2365 5063 2386 5069 -
2438 5058 2480 5069 ,γι
2526 5049 2607 5069 III.
2658 5052 2710 5069 ,I'
2759 5067 2771 5069 _
2820 5052 2858 5069 ιο
2926 5055 2937 5065 ι
3019 5056 3030 5069 ι
3218 5067 3225 5069 _
3604 5064 3614 5069 -

2047 5062 2174 5117 ergo
2200 5047 2390 5104 Petrus
2431 5058 2487 5104 et
2526 5049 2615 5105 ille
2645 5052 2779 5106 alius
2807 5052 3133 5123 discipulus,
3178 5067 3231 5113 et
3269 5072 3527 5117 venerunt
3556 5064 3617 5119 ad

2047 5151 2467 5195 monumentum.
2486 5144 2781 5199 Currebant
2801 5156 2974 5201 autem
2996 5149 3101 5203 duo
3120 5150 3296 5215 simul,
3314 5164 3367 5208 et
3390 5155 3475 5210 ille
3494 5157 3622 5213 alius

2046 5233 2337 5304 discipulus
2378 5239 2721 5304 prarcucurrit
2762 5238 2916 5294 citius
2949 5241 3133 5307 Petro,
3163 5253 3215 5297 et
3242 5246 3383 5300 venit
3426 5248 3618 5315 primus

2047 5325 2111 5380 ad
2138 5338 2575 5383 monumentum:
2615 5339 2669 5385 et
2695 5345 2816 5385 cum
2845 5348 2902 5386 se
2930 5333 2942 5386 i
2983 5334 3263 5401 clinassel,
3296 5337 3425 5392 vidit
3462 5343 3618 5408 posita

2048 5420 2389 5486 linteamina,
2432 5438 2537 5477 non
2584 5434 2761 5479 tamen
2816 5425 3036 5479 introiit.
3080 5424 3233 5481 Venit
3277 5444 3404 5501 ergo
3444 5433 3621 5492 Simon

2047 5509 2235 5569 Petrus
2260 5529 2488 5585 sequens
2527 5532 2680 5583 eum,
2712 5530 2763 5573 et
2804 5520 3003 5577 introiit
3030 5522 3081 5576 in
3110 5534 3546 5594 monumentum;
3574 5536 3625 5590 et

2115 5711 2135 5747 ⁸
2157 5710 2235 5763 Sic
2252 5712 2389 5769 sant.
2433 5722 2490 5769 At
2510 5724 2635 5783 Mss,
2659 5723 2705 5772 et
2725 5732 2871 5783 ecce;
2896 5722 3034 5783 juxta
3055 5736 3285 5788 multa.
