3888 6356
884 230 935 243 ζμ-

306 303 452 364 1201

300 418 446 475 νειιὶι
473 414 779 473 linteamina
796 413 989 486 posita,
1010 420 1065 467 et
1084 410 1357 467 sudarium
1380 407 1521 480 quod
1549 407 1720 462 luerat
1742 420 1905 474 super

301 521 474 582 caput
492 512 630 579 ejus,
653 525 757 563 non
782 524 904 564 cum
932 504 1327 561 linteaminibus
1349 502 1599 571 positum,
1627 499 1720 554 sed
1749 514 1903 568 sepa-

303 605 472 659 ratim
518 602 811 657 involutum
852 602 902 655 in
943 613 1103 652 unum
1136 597 1331 650 locum.
1372 593 1525 647 Tunc
1549 606 1676 661 ergo
1703 590 1906 644 introiit

303 706 367 751 et
396 696 487 751 ille.
525 695 851 765 discipulus,
898 693 984 762 qui
1016 698 1235 745 venerat
1266 688 1466 757 primus
1493 685 1558 739 ad
1592 698 1907 738 monumen-

306 796 448 850 tum,
475 798 531 843 et
555 787 704 845 vidit.
726 797 779 841 et
800 784 1043 840 credidit.
1073 780 1315 837 Nondum
1337 778 1479 833 enim
1503 776 1743 831 sciebant
1764 773 1907 830 Scri-

307 890 557 950 pturam,
605 879 729 951 quia
773 885 1044 948 oporteret
1089 890 1210 929 cum
1259 889 1289 926 a
1342 871 1565 926 mortuis
1604 883 1904 937 resurgere.

307 973 579 1031 Abierant
607 989 737 1043 ergo
766 972 958 1026 iterum
987 968 1053 1022 ad
1100 966 1419 1033 semetipsos
1443 961 1711 1031 discipuli.
1744 959 1906 1015 Maria

305 1072 492 1119 autem
520 1063 695 1122 stabat
738 1062 803 1117 ad
850 1067 1251 1117 monumentum
1304 1055 1430 1109 loris
1476 1054 1734 1123 plorans:
1779 1049 1906 1104 dum

307 1171 446 1226 ergo
475 1155 624 1211 ﬂeret
646 1196 660 1216 ,
696 1153 969 1208 inclinavit
993 1167 1084 1215 se,
1118 1159 1170 1203 et
1213 1146 1483 1217 prospexit
1511 1145 1560 1198 iu
1589 1157 1906 1197 monumen-

307 1256 461 1309 tum;
490 1256 544 1302 ct
570 1245 699 1300 vidit
719 1246 853 1300 duos
878 1243 1095 1312 angelos
1121 1241 1171 1293 in
1198 1238 1333 1291 albis
1357 1237 1624 1294 sedentes,
1653 1250 1813 1286 tttttnn
1840 1231 1908 1286 ad

310 1350 475 1409 caput
504 1350 559 1395 et
586 1354 750 1392 unutn
780 1337 844 1389 ad
890 1335 1085 1405 pedes,
1132 1331 1218 1384 ubi
1253 1330 1479 1399 positum
1512 1328 1680 1381 fuerat
1717 1339 1910 1396 corpus

311 1432 460 1488 Jesu.
498 1432 687 1485 Dicunt
728 1430 779 1483 ei
810 1430 922 1481 illi:
958 1427 1164 1487 Mulier,
1199 1423 1325 1494 quid
1368 1422 1577 1492 ploras?
1624 1421 1755 1475 Dicit
1780 1421 1860 1475 eis
1892 1439 1906 1476 :

310 1523 449 1589 Quia
478 1523 714 1575 tulerunt
754 1519 1032 1574 Dominum
1070 1532 1276 1579 meum,
1309 1523 1365 1569 et
1390 1515 1569 1569 nescio
1596 1514 1682 1566 ubi
1714 1528 1908 1582 posue-

312 1622 443 1669 ruut
470 1630 612 1667 eum.
644 1613 766 1668 lla-.c
787 1628 907 1667 cum
935 1611 1177 1674 dixissot,
1200 1624 1456 1663 conversa
1485 1618 1567 1661 est
1594 1616 1908 1672 retrorsum,

310 1712 374 1759 et
404 1704 531 1757 vidit
557 1703 737 1757 .lesum
767 1712 1014 1764 stantem,
1048 1711 1103 1754 et
1132 1716 1235 1754 non
1260 1698 1457 1755 sciebat
1485 1699 1606 1768 quia
1632 1697 1787 1753 Jcsus
1806 1707 1908 1751 est.

314 1794 453 1847 Dicit
484 1796 530 1847 ei
562 1793 760 1849 Jcsus:
794 1793 998 1858 Mulier,
1043 1791 1168 1861 quid
1221 1790 1435 1859 ploras?
1477 1805 1635 1859 quem
1677 1789 1911 1858 qnatris?

314 1887 410 1942 Illa
441 1890 754 1944 existimans
778 1888 899 1957 quia
924 1886 1237 1940 hortulanus
1262 1894 1366 1945 est,
1393 1883 1523 1938 dicit
1543 1883 1591 1937 ci
1618 1900 1630 1936 :
1664 1883 1907 1948 Domine,

310 1981 361 2035 si
394 1989 447 2033 ιιι
477 1980 731 2033 su~tulisti
764 1994 908 2043 eum,
940 1978 1101 2031 dicito
1133 1976 1261 2030 tnihi
1299 1975 1384 2028 ubi
1414 1975 1633 2043 posuisti
1670 1990 1790 2029 cum
1813 2016 1827 2037 ,
1856 1983 1912 2029 et

311 2086 416 2142 ego
439 2088 560 2127 eum
593 2072 789 2124 tollam.
831 2070 965 2124 Dicit
990 2070 1039 2126 ei
1077 2068 1236 2123 Jcsus
1263 2083 1278 2120 ι
1312 2066 1490 2120 Maria.
1519 2066 1790 2121 Conversa
1824 2064 1910 2119 illa

317 2164 446 2218 dicit
469 2164 515 2216 ci
544 2179 556 2213 :
591 2162 862 2225 [labboni,
895 2161 1037 2230 quod
1062 2160 1258 2213 dicitur
1286 2158 1550 2228 Magister.
1584 2158 1718 2212 Dicit
1741 2158 1789 2213 ei
1817 2156 1909 2213 Jc-

314 2272 445 2312 StIS'
476 2256 595 2311 Noli
633 2264 716 2310 me
750 2267 996 2323 tangere.
1026 2253 1260 2307 nondum
1295 2251 1437 2306 enim
1467 2250 1680 2306 ascendi
1712 2250 1776 2304 ad
1807 2250 1911 2304 Pa-

314 2355 454 2404 trem
483 2364 659 2403 mequ
685 2368 699 2400 :
732 2348 865 2402 vade
893 2358 1068 2400 autem
1096 2346 1161 2400 ad
1196 2343 1384 2398 fnitrcs
1411 2359 1578 2408 meos,
1608 2353 1661 2398 et
1688 2343 1775 2397 dic
1799 2343 1908 2408 eis,

318 2440 568 2496 Asceudo
610 2441 676 2492 ad
729 2440 935 2493 Patrem
986 2454 1162 2491 mctnn
1206 2448 1261 2493 et
1307 2440 1514 2492 l‘atrem
1545 2446 1811 2502 vestrum,
1859 2446 1915 2492 et

317 2532 487 2587 Deum
519 2547 581 2586 m'
607 2547 694 2585 um
722 2539 777 2583 ct
810 2530 971 2583 Deum
1019 2538 1277 2583 vestrum.
1316 2528 1466 2583 \‘enit
1498 2528 1658 2582 Maria
1698 2529 1912 2599 Magda-

318 2626 442 2680 lenc
483 2624 805 2678 annuntians
845 2622 1156 2691 discipulis,
1210 2621 1341 2686 Quia
1375 2614 1478 2675 vidi
1528 2622 1829 2687 Dominum,
1860 2631 1915 2677 et

318 2716 435 2770 haec
456 2715 587 2769 dixit
610 2714 737 2769 mihi
769 2734 787 2763 ι
816 2712 991 2784 (Jaau.
1019 2729 1113 2773 xx,
1146 2714 1161 2767 Ι
1202 2712 1311 2785 l8).
1340 2713 1395 2767 lu
1423 2713 1521 2768 bac
1540 2714 1759 2769 Jerxnuis
1787 2731 1912 2770 nar-

318 2806 525 2862 ratione
550 2804 666 2858 dies
695 2805 774 2858 vel
804 2815 927 2871 tem;
951 2818 1012 2856 us
1032 2820 1136 2873 quo
1157 2816 1370 2858 ventum
1396 2815 1478 2859 est
1500 2805 1563 2857 ad
1597 2822 1915 2862 tnouumcn-

321 2906 457 2953 tum.
485 2911 604 2948 cum
627 2896 835 2949 caeteris
859 2895 1145 2956 convenit;
1182 2894 1308 2948 illud
1342 2895 1499 2948 etiam
1524 2896 1663 2965 quod
1692 2898 1799 2951 duo
1828 2914 1918 2953 an.

319 2988 424 3059 geli
454 2988 550 3041 visi
580 2999 724 3051 smn,
773 2988 1062 3043 conctrdat
1098 3004 1217 3043 cum
1270 2988 1449 3042 Luca:
1500 2990 1592 3044 sed
1635 2992 1777 3058 quod
1826 2992 1914 3047 ille

318 3088 526 3135 stantes
549 3080 677 3135 dicit
718 3082 935 3149 angelos
971 3081 1143 3141 visos,
1178 3081 1276 3135 iste
1320 3090 1496 3134 autem
1541 3082 1818 3148 srdcntes,
1861 3095 1917 3140 et

320 3180 515 3226 ca-tera
542 3188 659 3242 qua:
685 3172 756 3226 illi
783 3188 887 3226 non
908 3171 1111 3235 dicunt,
1130 3173 1398 3242 quomodo
1424 3172 1508 3229 hic
1531 3179 1728 3244 possint
1762 3177 1917 3233 intel-

322 3263 411 3333 ligi
443 3278 547 3316 non
573 3262 879 3329 discrepare
899 3280 926 3315 a
949 3264 1176 3327 ett-teris,
1204 3274 1258 3317 et
1276 3280 1381 3334 quo
1406 3265 1591 3319 ordine
1610 3277 1755 3335 gesta
1783 3268 1911 3332 sint,

323 3361 424 3415 nisi
448 3359 729 3429 diligenter
755 3358 1181 3423 considereutur,
1209 3359 1555 3427 repugnantia
1587 3372 1809 3428 possunt
1834 3362 1913 3416 vi-

323 3452 460 3507 deri.

395 3544 485 3599 69.
516 3543 851 3612 Quapropter
870 3541 985 3596 hmo
1003 3540 1178 3595 omnia
1201 3556 1319 3610 qua:
1340 3541 1477 3595 circa
1503 3549 1711 3611 tempus
1736 3557 1915 3599 resur-

325 3637 577 3693 rectionis
600 3635 805 3690 Domini
837 3634 969 3688 facta
992 3644 1133 3695 sunt,
1161 3633 1455 3687 secundum
1477 3634 1714 3687 oumittm
1742 3635 1909 3689 Evan~

326 3728 631 3799 gelislattttn
682 3725 983 3779 testiumt.ia
1042 3725 1091 3777 in
1147 3739 1246 3776 una
1296 3724 1521 3792 quadam
1572 3724 1913 3793 narratione,

328 3828 583 3888 qttantum
616 3837 659 3870 ir
685 3833 713 3871 s
743 3818 993 3870 llotniuus
1022 3817 1300 3880 adjuvet-it.
1333 3817 1777 3885 quemadmodum
1804 3819 1918 3888 geri

330 3909 629 3980 potuerint,
680 3909 1004 3963 ordinamus.
1040 3908 1214 3961 Prima
1243 3908 1447 3961 sabbati
1476 3908 1731 3975 diluculo,
1781 3910 1920 3965 sicut

330 4016 518 4055 omnes
536 4002 897 4063 Consentium,
924 4011 1134 4053 ventum
1157 4000 1321 4054 estad
1351 4008 1772 4054 monmncnlum.
1800 4000 1917 4055 Jam

334 4091 528 4146 factum
568 4101 682 4169 crat
726 4092 865 4161 quod
909 4093 1056 4143 solus
1094 4090 1374 4144 Manlia-us
1421 4103 1807 4146 commemorat
1851 4092 1920 4148 de

332 4194 488 4238 teme.
518 4193 663 4236 motu
704 4192 757 4237 et
784 4182 955 4250 lapide
984 4182 1226 4237 revoluto
1251 4183 1662 4253 conterritisque
1686 4184 1922 4239 custodi-

332 4276 452 4341 btts,
484 4276 551 4328 ita
575 4284 630 4328 ut
657 4276 706 4329 in
736 4285 883 4345 parte
910 4274 1080 4344 aliqua
1106 4275 1247 4328 velut
1267 4276 1735 4345 mortuijacermit.
1763 4276 1923 4333 Venit

331 4376 531 4431 autem,
563 4367 700 4420 sicut
724 4366 956 4420 Joannes
977 4366 1124 4429 dicit,
1152 4365 1314 4420 Maria
1338 4365 1660 4435 Magdalene,
1685 4369 1799 4423 sine
1818 4368 1921 4422 du—

332 4459 423 4514 bio
449 4460 658 4515 cieteris
680 4458 988 4513 mulierilms
1011 4458 1049 4524 ‘,
1082 4474 1200 4528 qua:
1226 4458 1446 4514 Domino
1470 4460 1915 4528 tniuisttaveraut,

334 4552 619 4624 plurimmn
671 4550 957 4606 dilectione
1006 4550 1319 4615 ferventior,
1378 4559 1435 4605 ut
1491 4568 1595 4607 non
1656 4554 1921 4610 immerito

331 4643 566 4700 Joannes
593 4643 762 4697 solam
806 4652 1283 4708 connuemoraret,
1317 4646 1489 4698 tacitis
1526 4647 1604 4699 eis
1642 4662 1761 4717 qua:
1799 4663 1920 4702 cum

338 4738 427 4792 illa
457 4736 689 4799 fuerunt,
718 4737 853 4791 sicut
874 4737 963 4790 alii
989 4745 1264 4791 testantur.
1294 4736 1444 4793 Venit
1466 4754 1614 4808 ergo,
1636 4749 1688 4793 ct
1712 4750 1771 4794 ut
1794 4741 1924 4796 vidit

335 4824 563 4896 lapidem
611 4827 879 4883 subl'tttnn
921 4845 950 4881 ιι
983 4837 1359 4891 tnonmncuto,
1406 4840 1690 4901 antequam
1722 4834 1923 4904 aliquid

333 4920 636 4989 diligentius
667 4921 972 4989 inspiceret.
998 4938 1103 4975 non
1131 4921 1379 4974 dubitans
1405 4924 1637 4976 ablatum
1663 4925 1783 4980 inde
1802 4941 1923 4981 esse

336 5027 530 5079 corpus
557 5012 682 5066 Jesu
705 5054 718 5071 ,
758 5014 1025 5075 cucurrit,
1060 5012 1195 5067 sicut
1242 5014 1368 5067 dicit
1400 5014 1535 5068 idem
1565 5014 1830 5079 Joannes,
1870 5028 1924 5074 ct

336 5106 597 5159 nuntiavit
625 5104 780 5159 Petro
805 5115 961 5175 atque
985 5106 1081 5174 ipsi
1112 5105 1322 5159 Joanui.
1356 5106 1471 5176 Ipse
1494 5117 1576 5162 est
1595 5110 1736 5163 enim
1759 5110 1922 5166 disci-

337 5197 490 5268 pulus
516 5212 673 5267 quem
698 5197 907 5251 amabat
928 5196 1102 5252 Jcsus.
1127 5199 1197 5251 At
1220 5198 1293 5251 illi
1318 5213 1533 5253 currere
1553 5211 1833 5268 cmperunt
1855 5203 1922 5257 ad

337 5302 770 5358 monumentum,
816 5301 871 5344 et
897 5290 1228 5360 przeveniens
1258 5290 1492 5348 Joannes
1525 5293 1797 5350 inclinavit
1825 5311 1885 5351 se
1904 5339 1919 5364 ,

338 5392 391 5438 et
419 5384 547 5439 vidit
574 5385 741 5453 posita
771 5384 1098 5447 linteamina,
1122 5398 1221 5439 nec
1246 5384 1458 5441 intravit
1486 5405 1499 5440 :
1532 5387 1720 5442 Petrus
1745 5400 1922 5446 autem

337 5484 655 5528 consecutus
682 5473 897 5527 intravit
935 5473 986 5526 in
1018 5484 1415 5527 monumentum
1435 5517 1448 5537 ,
1478 5485 1534 5529 et
1558 5477 1691 5531 vidit
1732 5479 1922 5535 lintea-

342 5565 481 5620 mina
514 5564 716 5634 posita,
766 5572 821 5618 et
861 5563 1133 5619 sudarium
1163 5564 1303 5634 qttod
1354 5563 1423 5619 fut
1442 5574 1525 5619 rat
1564 5582 1725 5636 super
1767 5580 1925 5640 eaput

331 5698 579 5814 “uinculo,
598 5710 709 5747 cum
730 5694 918 5747 ca‘ten's
956 5696 1249 5750 mulieribus.
1277 5705 1331 5751 At
1352 5705 1458 5753 Mss.
1483 5708 1651 5752 carent
1674 5704 1922 5769 partietda,

1678 286 1887 345 LIBER
1927 284 2247 349 TERTIUS.

2019 406 2160 475 ejus,
2196 421 2301 461 non
2329 422 2451 463 cum
2482 410 2874 468 linteaminibus
2905 417 3134 485 positum
3155 457 3171 483 ,
3202 417 3297 473 sed
3324 422 3611 488 separatim

2019 499 2334 553 involutum.
2370 500 2569 556 Deinde
2590 512 2645 556 et
2667 504 2900 560 Joannes
2930 506 3163 573 intravit,
3188 518 3240 563 et
3270 509 3399 564 vidit
3424 512 3613 567 simili-

2018 604 2123 661 ter,
2170 604 2224 649 ct
2260 595 2486 649 credidit
2529 598 2668 665 quod
2710 598 2869 653 Maria
2914 601 3151 668 dixerat,
3198 603 3461 658 suhlatuzn
3493 620 3613 661 esse

2020 686 2303 740 Dominum
2355 687 2423 741 de
2471 699 2834 743 monumento.
2868 712 2885 741 ι
2916 692 3154 747 Nondum
3183 696 3323 747 enim
3376 697 3615 751 sciebant

2018 776 2373 846 Scripturam,
2406 780 2526 846 quia
2556 782 2833 849 oportebat
2860 800 2979 836 etim
3002 800 3029 837 a
3059 788 3280 839 mortuis
3311 803 3610 853 resurgere.

2018 870 2281 924 Abierant
2311 884 2439 938 ergo
2486 871 2674 925 iterum
2716 875 2780 925 ad
2811 876 3130 941 semetipsos
3158 877 3421 948 discipuli.
3453 880 3614 936 Maria

2018 971 2198 1016 autem
2229 960 2402 1014 stabat
2430 962 2494 1014 ad
2519 977 2918 1017 monumentmn
2944 963 3072 1019 foris
3102 967 3313 1034 plorans
3337 1011 3353 1035 ,
3391 989 3408 1018 ι
3442 970 3491 1023 id
3531 979 3615 1026 est

2020 1063 2148 1108 ante
2171 1054 2316 1108 illum
2345 1055 2490 1109 saxei
2518 1055 2744 1123 sepulcri
2776 1056 2968 1116 locmn,
2994 1057 3086 1111 sed
3115 1067 3292 1112 tamen
3322 1060 3458 1113 intra
3488 1061 3616 1117 illud

2019 1146 2252 1215 spatium
2294 1161 2400 1215 quo
2438 1146 2548 1215 jam
2599 1148 2851 1216 ingressae
2892 1145 3137 1202 fuerant:
3190 1152 3376 1205 hortus
3419 1153 3617 1223 quippe

2021 1235 2131 1289 illic
2159 1244 2302 1296 emt,
2334 1236 2469 1290 sient
2500 1236 2639 1291 idem
2669 1236 2904 1292 Joannes
2930 1251 3311 1294 commemorat
3349 1241 3458 1312 (Id.
3494 1258 3613 1307 xix,

2020 1330 2133 1397 41).
2167 1328 2316 1383 Tunc
2342 1330 2587 1384 viderunt
2607 1330 2850 1400 angelum
2879 1331 3153 1386 sedentem
3176 1349 3203 1384 a
3228 1333 3430 1388 dextris
3450 1352 3614 1405 super

2021 1421 2253 1491 lapidem
2280 1423 2578 1478 revolutum
2607 1438 2636 1477 a
2660 1436 3027 1489 monumento,
3055 1426 3121 1478 de
3145 1443 3249 1495 quo
3278 1428 3469 1497 angelo
3495 1444 3617 1483 uar-

2021 1525 2138 1568 raut
2166 1514 2442 1569 Matthmns
2470 1525 2524 1571 et
2541 1515 2764 1571 Marcus.
2802 1535 2821 1566 ι
2849 1516 2997 1570 Tunc
3025 1516 3102 1571 eis
3131 1517 3296 1582 dixit,
3342 1518 3515 1574 Nolite
3545 1521 3614 1575 ti-

2020 1623 2190 1674 mere,
2226 1623 2321 1662 vos
2347 1626 2359 1660 :
2406 1609 2518 1662 scio
2560 1610 2701 1663 enim
2730 1609 2870 1678 quod
2898 1608 3077 1664 .lesutn
3109 1609 3196 1678 qui
3226 1612 3507 1666 crucilixus
3532 1621 3617 1668 est

2020 1702 2294 1772 qua-ritis;
2330 1718 2433 1755 non
2462 1711 2546 1756 est
2586 1702 2693 1769 hic,
2721 1703 2953 1756 surrexit
2979 1703 3120 1756 cnim
3151 1703 3287 1756 sicut
3315 1703 3447 1757 dixit
3473 1722 3485 1756 :
3520 1720 3615 1761 ve-

2022 1794 2132 1846 nite
2172 1804 2222 1847 et
2254 1792 2429 1847 videte
2476 1794 2649 1847 locum
2701 1794 2787 1847 tibi
2831 1794 3033 1862 pcsitus
3076 1804 3187 1848 erat
3224 1794 3497 1849 Dominus.
3550 1795 3616 1851 Et

2021 1887 2128 1940 cito
2162 1896 2350 1939 euntes
2390 1884 2550 1939 dicite
2592 1884 2866 1951 discilulis
2907 1885 3057 1952 ejus,
3099 1884 3219 1953 quia
3265 1886 3527 1943 surrexit:
3560 1895 3616 1940 et

2020 1994 2147 2035 ecce
2173 1980 2427 2051 pra-cedit
2469 1994 2564 2033 vos
2611 1980 2660 2033 iu
2701 1977 3014 2041 Galilaam,
3074 1977 3141 2031 ibi
3186 1994 3305 2031 cum
3333 1978 3613 2044 videbitis;

2019 2087 2146 2127 cccc
2165 2058 2271 2125 dixi
2305 2072 2454 2125 vobis
2490 2090 2507 2123 ι
2546 2089 2557 2123 :
2588 2071 2779 2140 quibus
2814 2070 3001 2124 similia
3033 2069 3238 2123 Marcus
3258 2084 3469 2139 quoque
3508 2084 3615 2124 non

2022 2165 2204 2219 tacuit.
2248 2163 2327 2218 Ad
2362 2164 2473 2217 haec
2511 2162 2670 2216 verba
2704 2162 2861 2215 Maria
2889 2161 3013 2216 dum
3040 2160 3183 2215 llcrct
3212 2202 3225 2222 ,
3260 2160 3533 2214 itnliuavit
3555 2175 3615 2216 se

2021 2265 2076 2311 et
2108 2255 2382 2325 prospexit
2419 2254 2470 2307 in
2503 2261 2924 2314 monumcutmu,
2954 2260 3008 2306 ct
3046 2251 3173 2304 vidit
3199 2249 3334 2304 duos
3357 2250 3613 2318 angelos,

2024 2351 2165 2406 sicut
2185 2350 2309 2404 dicit
2332 2349 2585 2412 Joannes,
2614 2350 2664 2401 iu
2692 2346 2827 2400 albis
2846 2346 3130 2408 sedentes;
3158 2361 3319 2398 unmu
3340 2342 3406 2398 ad
3433 2351 3612 2412 caput,

2021 2452 2078 2499 et
2109 2458 2268 2496 mmm
2296 2440 2360 2493 ad
2392 2440 2590 2509 pedes,
2642 2439 2727 2492 ubi
2763 2438 2989 2506 positum
3020 2424 3204 2491 luerat
3232 2451 3427 2505 corpus
3462 2434 3611 2489 Jesu.

2027 2552 2047 2586 ι
2079 2534 2266 2588 Diettnt
2294 2534 2341 2588 ci
2372 2531 2446 2586 illi
2477 2549 2489 2584 :
2521 2531 2729 2587 Mulier.
2760 2530 2883 2600 quid
2914 2527 3128 2599 ploras?
3173 2527 3306 2581 Dicit
3334 2526 3449 2581 eis:
3480 2525 3614 2594 Quia

2023 2624 2567 2680 tuleruntDominum
2621 2636 2795 2675 memn
2820 2662 2834 2684 ,
2882 2631 2934 2676 et
2979 2620 3158 2674 nescio
3200 2618 3290 2673 ubi
3324 2625 3616 2689 posuerunt

2024 2734 2170 2774 cum.
2206 2719 2301 2773 llic
2328 2715 2654 2786 intelligendi
2683 2724 2805 2767 sunt
2829 2713 3125 2767 surrexisse
3144 2712 3338 2781 angeli.
3372 2721 3422 2764 ut
3452 2711 3613 2765 etiam

2023 2820 2228 2864 stantes
2256 2808 2579 2869 viderentur,
2609 2806 2746 2860 sicut
2770 2820 2864 2859 eos
2898 2804 3066 2858 Lucas
3097 2806 3238 2857 visos
3273 2801 3433 2855 fuisse
3466 2816 3616 2856 com-

2025 2909 2311 2963 memorat,
2333 2907 2390 2953 et
2407 2898 2605 2953 dixisse
2624 2896 2917 2953 sccnndmn
2940 2895 3183 2949 eumdem
3208 2894 3400 2948 Lucam
3424 2893 3615 2948 timen-

2028 2996 2169 3049 tibus
2210 2993 2521 3047 mulieribus
2561 3001 2616 3046 et
2648 2992 2849 3046 vultum
2881 2991 2931 3044 in
2964 3001 3157 3044 terram
3197 2987 3615 3054 declinantibus,

2033 3107 2052 3138 ι
2081 3088 2215 3153 Quid
2237 3087 2475 3157 quaeritis
2497 3085 2759 3141 viventem
2786 3100 2907 3138 cum
2949 3083 3207 3137 mortuis?
3247 3097 3351 3136 non
3383 3092 3463 3137 est
3494 3080 3616 3146 hic,

2029 3178 2123 3232 sed
2153 3176 2417 3232 surrexit:
2449 3175 2802 3230 recordamini
2832 3174 3058 3243 qualiter
3097 3173 3301 3227 locutus
3329 3182 3407 3226 est
3435 3171 3618 3238 vobis,

2028 3282 2151 3322 cum
2176 3268 2350 3322 adlmc
2380 3268 2430 3321 iu
2462 3267 2679 3322 Galil-.ca
2710 3276 2871 3325 esset.
2901 3266 3103 3328 dicens,
3131 3265 3261 3332 Quia
3293 3272 3502 3333 Oportet
3528 3263 3621 3319 Fi-

2031 3359 2157 3411 limu
2190 3359 2417 3411 hominis
2446 3359 2578 3411 tradi
2611 3358 2664 3411 in
2710 3374 2897 3411 manus
2927 3357 3199 3410 hominum
3246 3366 3617 3424 peccatorum,

2032 3457 2087 3504 et
2108 3449 2364 3519 cruciligi,
2395 3457 2446 3503 et
2475 3448 2560 3503 die
2589 3448 2736 3501 tertia
2770 3463 3066 3516 resurgere.
3099 3447 3165 3500 Et
3187 3448 3475 3503 recordatae
3495 3456 3624 3502 sunt

2031 3540 2314 3595 verborum
2343 3540 2477 3609 ejus.
2510 3540 2629 3592 Post
2663 3538 2776 3591 haec
2802 3553 3060 3593 conversa
3091 3548 3172 3591 est
3194 3545 3480 3590 retrorsum
3506 3536 3621 3590 lla-

2031 3634 2139 3698 ria,
2172 3643 2227 3688 et
2256 3634 2385 3686 vidit
2414 3632 2595 3687 Jesum
2636 3643 2864 3685 stantem
2887 3672 2902 3695 ,
2935 3630 3070 3684 sicut
3102 3630 3228 3683 dicit
3268 3631 3533 3693 Joannes,
3565 3640 3624 3685 ct.

2032 3742 2138 3780 non
2161 3726 2360 3781 sciebat
2381 3725 2500 3793 quia
2524 3725 2677 3779 Jcsus
2697 3734 2794 3779 est.
2826 3724 2957 3777 Dicit
2976 3724 3023 3777 ci
3046 3722 3199 3777 Jcsus
3224 3742 3236 3775 :
3264 3723 3468 3787 Mulier,
3493 3723 3621 3793 quid

2032 3819 2245 3887 ploras?
2271 3832 2427 3887 quem
2454 3815 2684 3886 ([lliDl'lS?
2716 3815 2805 3869 llla
2829 3816 3139 3870 existimans
3160 3815 3279 3883 quia
3308 3816 3622 3869 hortulanus

2031 3919 2143 3975 est,
2191 3908 2321 3963 dicit
2347 3909 2432 3962 ei:
2470 3907 2723 3972 Domine,
2769 3907 2811 3961 si
2859 3917 2912 3961 lu
2953 3906 3209 3961 sustulisti
3254 3921 3408 3968 eum,
3458 3906 3623 3961 dicito

2032 4001 2163 4056 mihi
2195 4002 2279 4055 tthi
2312 4001 2534 4071 posuisti
2578 4017 2728 4064 cum,
2772 4009 2827 4054 ct
2864 4016 2964 4069 ego
3001 4017 3121 4053 eum
3162 4000 3364 4054 tollam.
3413 4001 3541 4055 Dicit
3570 4000 3621 4056 ei

2031 4093 2224 4149 Jcsus:
2255 4092 2439 4146 Maria.
2472 4092 2741 4147 Conversa
2773 4092 2859 4144 illa
2895 4092 3019 4145 dicit
3048 4093 3094 4145 ci
3130 4112 3141 4145 :
3175 4092 3443 4151 llahboni.
3478 4091 3620 4163 quod

2030 4185 2225 4240 dicitur
2250 4186 2522 4255 magister.
2567 4185 2700 4237 Dicit
2744 4185 2792 4237 ei
2841 4183 2998 4237 Jcsus
3030 4201 3041 4234 :
3077 4181 3190 4236 Noli
3238 4200 3323 4238 tne
3367 4194 3620 4253 tangere;

2031 4278 2265 4331 nondum
2292 4279 2433 4330 enim
2464 4276 2678 4330 asccndi
2705 4276 2768 4327 ad
2798 4276 3008 4329 l’alrcm
3034 4291 3207 4328 mcttm
3236 4293 3248 4325 :
3282 4274 3411 4327 vade
3442 4285 3620 4331 autem

2030 4371 2097 4425 ad
2130 4370 2318 4424 fratres
2348 4384 2515 4430 meos,
2539 4378 2591 4422 et
2610 4369 2695 4422 die
2720 4369 2818 4433 eis,
2848 4367 3094 4422 Asccudo
3114 4367 3179 4420 ad
3211 4368 3417 4422 Patrem
3443 4383 3620 4423 meum

2030 4476 2077 4519 et
2096 4465 2303 4518 Patrem
2321 4472 2554 4517 vestrum
2580 4462 2812 4516 ctDcutn
2843 4478 3016 4515 meum
3046 4471 3100 4515 ct
3119 4462 3281 4515 Demn
3308 4473 3566 4517 vestrum.
3593 4481 3616 4515 ι

2030 4557 2181 4611 Tunc
2208 4570 2421 4625 egressa
2464 4564 2545 4608 est
2570 4569 2599 4607 a
2632 4564 2999 4618 monumento,
3048 4553 3147 4608 hoc
3177 4562 3259 4607 est
3287 4553 3355 4607 ah
3383 4554 3472 4606 illo
3504 4554 3622 4610 loco

2034 4649 2120 4702 ubi
2147 4658 2260 4703 erat
2289 4647 2424 4701 horti
2447 4648 2674 4717 Spatium
2695 4655 2819 4700 ante
2846 4646 3073 4715 lapidem
3101 4646 3347 4701 cll‘ossum
3376 4666 3387 4699 2
3421 4657 3474 4701 et
3496 4663 3620 4703 cum

2032 4741 2118 4795 illa
2147 4739 2287 4806 aliar,
2314 4754 2446 4810 quas
2475 4737 2764 4794 secundum
2794 4738 3025 4792 Marcum
3054 4740 3317 4794 invaserat
3349 4749 3547 4795 tremor
3565 4749 3622 4797 et

2031 4847 2223 4903 pavor;
2263 4841 2316 4885 et
2344 4830 2540 4884 nemini
2576 4829 2864 4899 quidquam
2894 4829 3161 4883 dicebant.
3186 4830 3333 4883 'l'une
3353 4832 3461 4897 jam
3481 4871 3497 4893 ,
3530 4845 3622 4886 se-

2029 4923 2263 4978 cundum
2290 4922 2617 4987 Manlia-um,
2640 4940 2658 4971 ι
2683 4936 2809 4975 ecce
2824 4920 2980 4975 Jcsus
3005 4922 3241 4975 occurrit
3268 4921 3372 4974 illis
3395 4921 3619 4978 dicens:

2031 5018 2216 5072 Avete.
2272 5015 2376 5069 lllzt:
2424 5024 2600 5069 autem
2649 5023 2989 5069 accesserunt
3031 5023 3085 5067 et
3130 5023 3414 5068 tenucrttnt
3456 5015 3622 5084 pedes

2030 5112 2233 5180 cjus,ct
2256 5108 2605 5163 adoravcrunt
2624 5124 2768 5163 eum.
2799 5106 2920 5160 »δίο
2946 5107 3088 5160 enim
3111 5107 3410 5176 colligimus
3439 5118 3493 5162 et
3522 5125 3623 5163 an-

2029 5202 2267 5273 gelorum
2302 5202 2675 5255 allocutionem
2716 5198 2797 5253 bis
2836 5213 3063 5253 munero
3102 5213 3194 5254 eas
3238 5201 3489 5255 habuisse
3534 5217 3625 5257 ve-

2031 5295 2236 5348 nientes
2265 5293 2328 5345 ad
2381 5298 2813 5353 monumentum,
2862 5298 2917 5343 et
2962 5289 3124 5357 ipsius
3155 5289 3361 5344 Domini
3397 5308 3409 5343 :
3452 5294 3620 5346 semel

2031 5387 2233 5442 scilicet
2256 5384 2363 5439 illic
2377 5384 2589 5453 quando
2607 5382 2765 5435 Maria
2791 5382 3126 5436 hortulanum
3148 5384 3382 5451 putavit;
3406 5393 3457 5437 et
3480 5400 3621 5441 nunc

2032 5482 2223 5535 iterum
2253 5492 2373 5530 cum
2400 5476 2477 5529 eis
2497 5474 2724 5528 occurrit
2754 5474 2803 5528 iu
2830 5474 2932 5539 via,
2962 5483 3020 5528 ut
3047 5489 3139 5527 cas
3163 5474 3271 5543 ipsa
3300 5476 3619 5543 repetitione

2033 5574 2285 5634 ﬁrmaret,
2307 5579 2466 5638 atque
2480 5584 2509 5620 a
2530 5568 2715 5621 timore
2731 5576 3012 5621 recrearet.
3032 5587 3050 5617 ι
3069 5566 3217 5623 Tunc
3238 5583 3367 5639 ergo
3385 5570 3459 5623 ait
3483 5569 3586 5623 illis

2030 5666 2205 5721 l‘iolitc
2248 5664 2454 5725 timere,
2497 5660 2589 5724 ite,
2620 5661 2855 5715 nuntiate
2878 5659 3125 5714 fratribus
3141 5662 3301 5721 meis,
3330 5672 3384 5715 ut
3416 5671 3539 5714 eant
3569 5661 3617 5716 in

2034 5758 2343 5824 Galilaeam;
2371 5755 2441 5811 ibi
2469 5770 2560 5823 me
2582 5754 2857 5813 videbunt.
2886 5753 3041 5810 Venit
3069 5769 3196 5826 ergo
3223 5753 3388 5811 Maria
3413 5753 3617 5826 Μηδεὶς
