3888 6322
201 301 227 355 Ι
238 300 358 357 ‘205

200 418 382 474 larido
431 414 735 485 intelligitur
780 412 1008 473 dixisse,
1060 407 1184 464 illud
1217 403 1417 460 scilicet
1443 398 1583 470 quod
1629 396 1797 465 primo

202 512 481 565 mulieres
520 510 885 561 nuntiaverant
918 507 1073 559 Petro
1099 515 1149 557 et
1179 497 1366 555 Joanni
1390 497 1455 549 de
1478 495 1650 547 ablato
1677 507 1796 544 cor-

204 617 358 672 pore
406 603 630 655 Domini.
687 604 759 655 Ac
790 616 881 669 per
924 598 1023 651 hoc
1069 612 1186 651 cum
1216 593 1329 661 ipse
1372 590 1540 644 Lucas
1587 586 1798 640 Petrum

204 693 439 753 dixerit
472 695 767 751 Cucurrisse
814 693 879 745 ad
930 698 1364 749 monumentum,
1411 694 1462 737 et
1516 678 1799 747 CleOpham

206 786 425 845 dixisse
469 789 580 857 ipse
626 786 862 841 ΓΘῑιιΙιτὶῑ
893 784 1029 853 quod
1059 781 1270 850 quidam
1300 791 1486 831 eorum
1531 776 1699 827 ierant
1738 769 1802 823 ad

210 878 649 943 monumentum,
680 877 989 942 intelligitur
1017 872 1249 927 attestari
1282 868 1467 924 Joaoni
1494 905 1509 930 ,
1539 863 1677 933 quod
1700 863 1804 914 duo

211 972 385 1027 ierint
434 970 499 1024 ad
552 978 979 1028 monumentum;
1021 965 1112 1020 sed
1159 964 1370 1017 Petrum
1417 958 1589 1011 solum
1637 953 1807 1023 primo

204 1063 699 1139 cnmtiictnoravit,
729 1062 846 1129 quia
881 1060 951 1113 illi
984 1060 1225 1126 primitus
1265 1055 1422 1109 Maria
1454 1052 1804 1104 nuntiaverat.

210 1154 366 1210 ‘l’tcm
393 1164 563 1225 potest
592 1170 801 1207 movere
822 1152 958 1220 quod
987 1153 1195 1204 Petrum
1238 1166 1339 1199 non
1366 1148 1644 1197 intrantem
1673 1180 1686 1202 ,
1718 1140 1808 1192 sed

213 1249 668 1319 procumbentem
696 1247 824 1301 dicit
868 1247 1004 1298 idem
1055 1245 1222 1296 Lucas
1261 1240 1455 1291 vidisse
1484 1236 1590 1288 sola
1628 1236 1811 1286 lintea-

214 1338 399 1406 ﬁiina,
433 1349 486 1395 et
512 1341 821 1393 dlsCt‘Ss‘iSsc
848 1339 1158 1397 mirantem;
1190 1349 1307 1389 eum
1338 1332 1567 1385 Joannes
1594 1328 1734 1382 dicat
1757 1341 1814 1379 se

214 1432 410 1505 potius
436 1434 503 1487 ita
532 1432 746 1493 vidisse,
770 1429 869 1482 hoc
900 1436 981 1481 est
1002 1424 1312 1493 discipulum
1342 1423 1483 1476 illum
1515 1435 1668 1490 quem
1692 1416 1813 1469 dili-

214 1522 393 1599 gebat
410 1525 585 1586 Jcsus,
616 1538 718 1575 non
757 1522 979 1574 intrasse
1008 1519 1057 1570 iu
1088 1521 1507 1573 n'ionumentum,
1540 1523 1644 1579 quo
1673 1509 1816 1577 prior

215 1624 476 1679 venerat,
512 1615 601 1668 sed
632 1630 749 1667 cum
782 1626 839 1665 se
868 1610 1165 1663 inclinasset
1193 1608 1383 1658 vidisse
1424 1602 1591 1673 posita
1624 1601 1815 1652 lintea-

220 1712 380 1767 mina
415 1728 427 1761 :
460 1706 557 1761 sed
590 1716 643 1759 et
686 1706 914 1772 seipsqu
951 1711 1125 1769 postea
1181 1700 1306 1751 dicit
1361 1698 1602 1750 intrasse.
1651 1690 1721 1744 ita
1767 1697 1819 1741 et

220 1798 431 1857 Petrus
474 1795 844 1865 intelligendus
872 1803 952 1848 est
996 1793 1165 1862 primo
1204 1788 1555 1860 procumbens
1586 1784 1778 1836 vidisse.
1802 1824 1814 1845 ,

207 1894 379 1967 ’quod
428 1892 594 1945 Lucas
623 1894 1039 1949 commemorat,
1083 1884 1312 1937 Joannes
1359 1886 1533 1942 tacet;
1578 1883 1692 1944 post
1730 1888 1821 1925 au-

226 1990 650 2057 temiugressus,
671 1982 760 2038 sed
782 1982 1048 2051 ingressus
1078 1986 1248 2030 tamen
1280 1984 1559 2041 antequam
1591 1970 1822 2024 Joannes

226 2080 458 2138 intraret
483 2120 496 2144 ,
522 2088 578 2131 ut
608 2088 792 2128 tltllllCS
820 2086 1002 2126 verum
1030 2069 1225 2122 dixisse
1253 2067 1366 2119 sine
1395 2064 1497 2116 ulla
1527 2076 1822 2130 repugnan-

228 2176 305 2229 tia
341 2171 693 2243 reperiantur.

228 2266 229 2269 “
308 2266 403 2319 7i.
436 2263 578 2317 Ordo
606 2275 731 2329 ergo
759 2272 934 2311 rerum
965 2255 1049 2324 qui
1098 2269 1214 2307 esse
1246 2251 1409 2321 potuit
1434 2292 1447 2316 ,
1476 2246 1821 2317 quemadmo-

228 2357 370 2412 dum
395 2356 648 2408 Dominus
673 2394 685 2413 ,
716 2360 941 2419 excepto
971 2348 1108 2415 quod
1135 2347 1241 2413 jam
1288 2341 1595 2395 mulieribus
1626 2340 1826 2391 locutus

230 2458 382 2513 erat,
414 2446 569 2501 etiam
597 2445 828 2497 maribus
851 2441 1119 2509 discipulis
1148 2439 1290 2490 visus
1318 2436 1474 2489 fuerit
1500 2476 1512 2495 ,
1538 2432 1827 2485 secundum

234 2539 546 2595 testimOnia
580 2551 683 2589 non
737 2534 903 2587 solum
948 2540 1172 2600 quatuor
1202 2526 1683 2596 Evangelistm'mn,
1738 2522 1827 2574 sed

235 2636 406 2691 etiam
439 2633 579 2686 Pauli
610 2629 865 2700 apostoli,
899 2625 1261 2681 contexendus
1288 2632 1340 2674 et
1384 2616 1829 2703 demonstraqdus

234 2736 348 2786 est.
374 2724 619 2781 Omnium
652 2738 779 2793 ergo
802 2724 1032 2775 virorum
1060 2720 1226 2786 primo
1258 2715 1562 2783 apparuisse
1588 2710 1832 2776 intelligi-

237 2828 332 2874 tur
360 2818 541 2883 Petro,
574 2832 636 2870 ex
665 2815 745 2868 his
767 2815 1018 2866 duntaxat
1046 2810 1290 2863 omnibus
1321 2822 1451 2877 quos
1486 2803 1830 2873 Evangelista)

237 2920 476 2989 quatuor
516 2919 565 2961 et
596 2907 788 2961 Paulus
817 2903 1090 2971 apostolus
1118 2904 1686 2953 commemurawruot.
1716 2894 1831 2947 Cae-

239 2998 422 3057 terum
463 2999 505 3052 si
536 2997 777 3065 apparuit
820 2994 972 3048 alicui
1022 3009 1204 3047 eorum
1254 2992 1398 3059 prius
1446 3003 1601 3057 quam
1637 2987 1791 3040 Petro
1818 3028 1830 3049 ,

240 3090 391 3165 quod
421 3104 605 3143 Omnes
628 3094 899 3140 tacuerunt
925 3126 938 3149 ,
967 3085 1081 3153 quis
1110 3083 1190 3135 vel
1213 3082 1390 3135 dicere
1416 3079 1605 3132 audeat
1632 3078 1709 3131 vel
1747 3094 1837 3130 nc-

242 3180 420 3254 gare?
458 3179 638 3247 Neque
677 3177 814 3230 enim
854 3186 905 3229 et
944 3174 1133 3227 Paulus
1172 3173 1335 3236 dixit,
1368 3172 1622 3240 Apparuit
1668 3169 1837 3237 primo

243 3270 470 3341 Cephas;
500 3270 615 3332 sed,
644 3267 928 3335 Apparuit,
962 3265 1125 3330 inquit
1154 3306 1166 3325 ,
1198 3262 1381 3329 Ccplirc
1403 3303 1415 3321 ,
1446 3272 1616 3329 postea
1646 3258 1835 3310 duode-

246 3368 350 3422 cim
368 3408 382 3430 ,
411 3363 590 3417 deinde
611 3360 847 3429 apparuit
881 3356 993 3425 plus
1021 3372 1169 3423 quam
1198 3352 1479 3422 quingentis
1507 3352 1744 3418 fratribus
1769 3351 1839 3401 si-

249 3458 381 3515 rnul.
404 3458 491 3513 Sic
513 3467 687 3509 autem
713 3468 814 3505 non
846 3456 1063 3517 apparet
1092 3447 1283 3515 quibus
1306 3444 1582 3497 duodecim
1610 3485 1622 3505 ,
1656 3458 1838 3509 quemc

250 3550 542 3608 admodum
576 3561 671 3599 nec
691 3544 880 3613 quibus
911 3539 1232 3609 quingentis.
1259 3538 1392 3589 Fieri
1422 3536 1559 3587 t‘llllll
1588 3543 1761 3603 potest
1784 3544 1843 3585 ut

252 3642 325 3700 de
368 3642 518 3696 turba
548 3637 924 3705 discipulorum
969 3631 1163 3684 fuerint
1206 3630 1287 3682 isti
1338 3627 1614 3679 duodecim
1664 3624 1844 3677 nescio

253 3739 370 3809 qui.
412 3735 542 3788 Nam
584 3733 703 3785 illos
734 3744 865 3797 quos
914 3725 1197 3793 Apostolos
1242 3719 1565 3783 nominavit,
1602 3734 1701 3769 non
1735 3716 1843 3785 jam

256 3812 540 3883 duodecim
563 3867 576 3888 ,
607 3821 698 3876 sed
726 3819 965 3873 undecim
998 3817 1230 3878 diceret,
1259 3814 1393 3865 sicut
1417 3810 1651 3862 nonnulli
1686 3808 1843 3860 etiam

208 3938 223 3942 ’
257 3917 477 3974 codices
538 3915 769 3979 habent;
817 3910 957 3981 quod
1006 3908 1165 3963 credo
1217 3904 1551 3973 perturbatos
1604 3900 1847 3952 homim-s

257 4011 595 4071 emendasse,
629 4012 870 4076 putantes
896 4002 960 4055 de
989 4001 1091 4053 illis
1134 3996 1409 4051 duodecim
1443 3998 1478 4045 Α
1493 3993 1711 4061 postolis
1741 3990 1851 4043 dic-

202 4126 209 4137 ε
259 4109 401 4166 tum,
430 4101 515 4169 qui
543 4099 651 4167 jam
677 4096 810 4149 Juda
839 4095 1099 4147 exstincto
1133 4088 1372 4140 undecim
1405 4092 1575 4138 erant.
1606 4082 1709 4136 Sed
1741 4082 1850 4134 sive

260 4194 341 4249 illi
370 4193 579 4246 codices
617 4190 790 4243 verius
820 4186 1048 4239 habeant
1074 4183 1161 4251 qui
1190 4180 1433 4233 undecim
1468 4178 1661 4229 habent
1682 4216 1695 4237 ,
1741 4174 1851 4227 sive

262 4286 403 4339 alios
424 4282 677 4352 quosdam
701 4278 979 4332 duodecim
1011 4273 1295 4340 discipulos
1323 4270 1515 4322 Paulus
1546 4267 1669 4319 velit
1698 4266 1852 4319 intel-

262 4377 357 4449 ligi
401 4378 440 4440 ³,
470 4375 585 4428 sive
611 4382 871 4426 sacratum
897 4370 1045 4422 illum
1076 4380 1351 4419 numerum
1376 4364 1395 4393 ¹
1427 4363 1584 4413 etiam
1611 4362 1658 4413 in
1683 4360 1849 4411 unde-

206 4496 213 4507 υ
264 4471 373 4527 cim
399 4478 539 4522 stare
566 4464 824 4529 voluerit;
870 4462 987 4531 quia
1019 4458 1376 4514 duodenarius
1404 4457 1453 4508 in
1483 4457 1558 4507 eis
1604 4466 1855 4505 immerns

267 4562 341 4617 ita
370 4560 621 4632 mysticus
659 4565 802 4617 erat,
838 4562 894 4606 ut
940 4568 1041 4606 non
1074 4558 1249 4619 posset
1288 4550 1336 4599 in
1382 4549 1549 4597 locum
1580 4545 1723 4597 Juda-
1757 4545 1853 4594 nsi

269 4654 428 4715 alius,
461 4651 509 4705 id
530 4658 612 4704 est
631 4647 901 4710 Matthias,
932 4644 995 4695 ad
1023 4639 1440 4695 conservandum
1468 4644 1855 4688 sacramentum

271 4744 515 4815 ejusdem
564 4739 772 4794 numeri
816 4735 1087 4804 subrogari
1138 4732 1272 4803 (Act.
1326 4731 1395 4793 l,
1426 4727 1554 4797 26);
1585 4726 1857 4794 quodlibet

273 4852 405 4907 ergo
431 4850 614 4888 eorum
643 4831 743 4895 sit,
767 4829 896 4883 nihil
922 4827 1041 4879 inde
1067 4823 1245 4878 existit
1267 4821 1405 4890 quod
1437 4819 1641 4873 veritati
1666 4818 1747 4873 vel
1787 4819 1858 4870 is-

277 4936 450 4981 torum
468 4924 621 4978 alicui
641 4920 979 4975 verac‘issimo
997 4916 1253 4969 narratori
1275 4928 1569 4981 repugnare
1586 4911 1858 4963 videatur:

278 5016 628 5089 probabiliter
658 5023 831 5067 tamen
861 5010 1093 5064 creditur
1118 5017 1455 5077 posteaquam
1504 5005 1659 5058 Petro
1697 5018 1860 5071 appa-

280 5109 422 5173 ruit,
464 5106 657 5161 deinde
704 5102 1011 5171 apparuisse
1055 5100 1170 5152 istis
1209 5098 1447 5160 duobus,
1496 5110 1718 5162 quorum
1747 5101 1863 5146 erat

284 5222 420 5261 unus
449 5201 711 5270 Cleophas
730 5240 744 5263 ,
774 5197 840 5251 de
875 5196 1062 5265 quibus
1088 5192 1255 5245 Lucas
1287 5199 1450 5243 totum
1478 5197 1655 5241 narrat
1679 5228 1694 5251 ,
1723 5187 1863 5239 Mar-
1914 5215 1923 5219 ~

286 5312 382 5355 cus
406 5305 580 5350 autem
615 5292 843 5346 breviter
869 5291 933 5342 ita
985 5287 1329 5355 perstringit:
1368 5282 1489 5335 Post
1529 5282 1635 5333 [nec
1664 5290 1862 5344 autem,
1914 5324 1915 5327 η

290 5390 461 5461 inquit
480 5430 493 5453 ,
518 5387 711 5440 duobus
742 5398 802 5435 ex
839 5382 912 5433 eis
933 5378 1301 5431 ambulantibus
1340 5385 1565 5429 ostensus
1594 5386 1662 5425 est
1689 5374 1739 5424 in
1767 5373 1869 5425 alia

187 5470 199 5493 ⁵
292 5482 473 5553 eﬂigie,
504 5478 730 5534 euntibus
758 5478 811 5529 in
842 5473 1031 5527 villam.
1060 5471 1347 5524 Castellum
1375 5468 1567 5535 quippe
1609 5465 1732 5517 illud
1764 5479 1867 5518 nou

338 5606 373 5649 Ἰ
396 5624 522 5675 Mss,
545 5612 642 5665 sive
665 5608 782 5661 alios
802 5608 1035 5675 quosdam
1056 5603 1310 5657 duodecim
1325 5600 1561 5665 apostolus
1574 5598 1749 5651 Paulus
1766 5598 1871 5650 velit

291 5678 617 5803 “smne
639 5742 767 5795 Itss.,
794 5733 889 5783 sive
912 5733 1264 5783 sacramentum
1437 5721 1643 5793 muneri.

1516 277 1709 336 LIBER
1753 271 2066 328 TERTIUS.

3346 265 3484 323 1206

1902 389 2131 445 absurde
2177 388 2465 458 accipimus
2492 388 2651 443 etiam
2696 385 2873 441 villam
2905 386 3142 455 potuisse
3184 384 3479 454 appellari;

1904 481 2043 551 quod
2075 495 2211 534 nunc
2232 480 2341 548 jam
2367 480 2663 549 appellatur
2690 478 2800 547 ipsa
2830 476 3122 541 Bethleem,
3155 492 3273 545 qua:
3301 477 3486 531 civitas

1904 582 2061 627 antea
2091 572 2317 625 vocitata
2344 577 2454 634 est;
2486 570 2727 639 quamvis
2752 583 2894 624 nunc
2921 570 2992 622 sit
3013 567 3229 622 honoris
3259 568 3484 635 amplio-

1908 666 2012 730 ris,
2048 666 2260 719 nomine
2304 664 2547 727 Domini,
2590 662 2680 733 qui
2714 662 2767 717 in
2811 663 2900 717 illa
2929 671 3080 716 natus
3108 671 3225 727 est,
3277 662 3353 715 sic
3393 676 3488 730 per

1909 759 2176 819 Ecclesias
2204 757 2439 810 omnium
2470 757 2702 826 gentium
2724 755 3013 809 dilfamato.
3046 755 3114 815 Et
3139 755 3195 807 in.
3216 753 3489 808 codicibus

1910 853 2122 923 quidem
2148 851 2335 921 grmcis
2359 850 2527 920 magis
2556 865 2741 917 agrum
2769 848 3067 903 invenimus
3107 844 3179 916 (η)
3208 861 3366 915 quam
3397 845 3493 900 vil-

1914 945 2018 998 lam
2052 962 2067 999 :
2093 944 2201 1013 agri
2228 953 2403 1003 autem
2436 942 2647 994 nomine
2672 955 2774 993 oon
2805 936 3017 992 castella
3046 945 3270 999 tantum,
3306 949 3491 989 verum

1914 1036 2071 1089 etiam
2104 1031 2383 1097 municipia
2411 1041 2467 1085 et
2485 1030 2705 1083 eolouim
2733 1028 2908 1083 solent
2927 1028 3103 1080 vocari
3129 1033 3279 1079 extra
3306 1026 3494 1079 civita-

1920 1136 2056 1187 tem,
2086 1141 2202 1193 qua:
2226 1133 2383 1191 caput
2410 1133 2467 1177 et
2490 1122 2641 1191 quasi
2667 1130 2837 1191 mater
2876 1127 2959 1175 est
2980 1127 3291 1173 exterarum
3313 1158 3328 1183 ,
3358 1116 3497 1173 unde

1916 1218 2229 1286 metropolis
2264 1216 2576 1285 appellatur.

1991 1308 2075 1361 7‘2.
2117 1306 2267 1375 Quod
2297 1319 2477 1360 autem
2503 1305 2573 1359 ait
2602 1304 2836 1369 Marcus,
2865 1303 2943 1358 eis
2971 1302 3021 1355 in
3050 1302 3153 1356 alia
3188 1300 3362 1369 efﬁgie
3387 1301 3496 1357 Do-

1919 1402 2119 1457 minum
2148 1401 2486 1471 apparuisse;
2510 1399 2611 1453 hoc
2633 1399 2801 1453 Lucas
2821 1397 2966 1459 dicit,
2990 1395 3130 1465 quod
3153 1410 3335 1449 eorum
3358 1393 3496 1447 oculi

1923 1494 2235 1548 tenebantur
2263 1509 2330 1545 ne
2358 1499 2706 1561 agnoscment
2730 1505 2871 1543 enim.
2894 1488 3069 1543 Oculis
3091 1487 3284 1555 quippe
3311 1501 3497 1539 eorum

1920 1586 2190 1641 acciderat
2218 1584 2434 1653 aliquid,
2455 1583 2591 1652 quod
2618 1583 2685 1635 ita
2718 1596 2930 1634 manere
2958 1579 3271 1646 permissum
3298 1586 3376 1631 est
3404 1593 3496 1629 us-

1922 1694 2024 1750 que
2053 1677 2116 1731 ad
2149 1678 2453 1730 fractionem
2488 1675 2654 1743 panis,
2683 1674 2811 1726 certi
2857 1672 3091 1741 mysterii
3132 1684 3308 1731 causa,
3342 1676 3397 1721 ut
3425 1668 3504 1722 eis

1924 1772 1976 1824 in
2005 1769 2093 1824 illo
2132 1769 2235 1821 alia
2272 1768 2637 1821 ostenderetur
2667 1764 2886 1833 efligies,
2920 1772 2973 1815 et
3002 1762 3075 1815 sic
3101 1774 3223 1814 eum
3260 1776 3364 1812 non
3397 1759 3504 1815 nisi

1925 1865 1977 1917 in
2014 1863 2268 1915 l'ractione
2305 1860 2453 1929 panis
2498 1864 2878 1927 agnoscerent,
2915 1854 3049 1907 sicut
3084 1852 3223 1905 Luca
3256 1858 3506 1904 narrante

1928 1960 2269 2007 monstratur.
2312 1950 2414 2004 Pro
2453 1950 2642 2003 merito
2665 1947 2857 2013 quippe
2880 1944 3071 1996 mentis
3097 1956 3299 2011 eorum.
3332 1938 3508 1992 adhuc

1928 2045 2218 2115 ignorantis
2240 2042 2379 2111 quod
2393 2040 2667 2109 oportebat
2686 2036 2951 2091 Christum
2977 2034 3107 2087 mori
3136 2042 3505 2100 etresurgere,

1930 2136 2103 2190 simile
2131 2134 2327 2203 aliquid
2375 2147 2559 2185 eorum
2598 2129 2739 2183 oculi
2782 2128 2918 2196 passi
2950 2134 3105 2190 sunt,
3139 2142 3244 2178 non
3286 2125 3510 2178 veritate

1930 2231 2165 2292 fallente,
2186 2229 2275 2281 sed
2309 2227 2436 2295 ipsis
2457 2225 2730 2279 veritatem
2755 2222 3026 2290 percipere
3052 2235 3155 2272 non
3188 2217 3511 2283 valentibus,

1931 2333 1984 2379 et
2009 2322 2149 2375 aliud
2184 2336 2340 2390 quam
2386 2334 2473 2372 res
2518 2326 2599 2370 est
2634 2314 3008 2384 opinantibus;
3053 2326 3117 2365 ne
3147 2312 3420 2379 quisquam
3452 2323 3515 2364 sc

1932 2416 2197 2470 Christum
2228 2411 2507 2481 agnoxisse
2538 2409 2852 2471 arbitretur,
2881 2405 2925 2458 si
2964 2406 3077 2464 eius
3118 2402 3358 2469 corporis
3389 2415 3513 2467 par-

1933 2511 2099 2577 tiCcps
2140 2520 2244 2559 non
2272 2511 2371 2565 est,
2403 2502 2452 2555 id
2483 2512 2562 2554 est
2586 2498 2860 2561 Ecclesiai,
2889 2496 3036 2562 cujus
3058 2495 3312 2547 unitatem
3346 2492 3395 2544 in
3422 2504 3515 2545 sa-

1935 2607 2204 2655 cramento
2242 2596 2391 2664 panis
2417 2590 2753 2647 commendat
2784 2588 3089 2656 Apostolus,
3122 2585 3336 2645 dieens.
3372 2582 3521 2639 Unus

1936 2692 2101 2760 panis,
2132 2704 2287 2740 unum
2310 2702 2489 2753 corpus
2510 2684 2651 2736 multi
2672 2696 2844 2734 simius
2869 2682 2885 2747 (
2913 2679 2927 2731 Ι
2950 2677 3066 2731 Cor.
3096 2693 3146 2739 Χ,
3174 2678 3294 2742 1ης
3322 2684 3377 2728 ut
3396 2688 3523 2727 cum

1936 2783 2013 2837 eis
2058 2778 2389 2834 benedictum
2438 2791 2625 2845 panem
2670 2775 2981 2843 porrigeret,
3007 2768 3338 2837 aperirentur
3379 2764 3522 2817 oculi

1939 2889 2145 2935 eorum,
2163 2882 2213 2923 et
2234 2878 2579 2938 agnoscerent
2598 2882 2719 2921 eum
2738 2881 2752 2927 ;
2773 2865 3102 2933 aperirentur
3124 2861 3300 2927 utique
3316 2857 3381 2915 ad
3407 2856 3521 2921 ejus

1940 2966 2313 3036 cognitionem,
2350 2972 2557 3017 remoto
2592 2961 2791 3015 Scilicet
2819 2954 3215 3024 impedimento,
3240 2966 3346 3020 quo
3376 2959 3522 3003 teuc-

1941 3058 2131 3114 bantur
2160 3072 2227 3111 ue
2257 3070 2376 3109 eum
2404 3060 2769 3121 agnoscerent.
2800 3049 2980 3115 Neque
3007 3047 3147 3101 enim
3175 3042 3371 3097 clausis
3394 3055 3524 3094 ocu-

1944 3150 2006 3204 lis
2040 3148 2417 3207 ambulabant;
2443 3143 2534 3198 sed
2560 3138 2937 3207 iuerataliquid
2966 3151 3070 3205 quo
3099 3150 3201 3187 non
3224 3135 3526 3193 sinerentur

1944 3258 2229 3310 agnoscere
2257 3240 2393 3308 quod
2436 3237 2681 3292 videbant
2711 3252 2723 3285 :
2757 3232 2895 3301 quod
2944 3231 3145 3285 scilicet
3191 3235 3242 3278 ct
3274 3226 3444 3293 caligo
3471 3232 3526 3278 et

1945 3335 2134 3402 aliquis
2164 3331 2354 3383 humor
2382 3327 2594 3380 cflicere
2635 3324 2789 3377 solet.
2832 3322 2943 3381 Non
2974 3320 3096 3388 quia
3129 3318 3379 3370 Domitius
3418 3330 3527 3367 non

1949 3436 2151 3491 poterat
2178 3420 2554 3474 transformare
2581 3428 2791 3468 carnem
2825 3426 2994 3473 suam,
3028 3417 3084 3461 ut
3106 3408 3205 3459 alia
3238 3420 3421 3458 revera
3443 3419 3529 3457 ρε-

1947 3525 2027 3569 set
2054 3513 2276 3581 el‘tigies,
2303 3527 2405 3562 non
2431 3522 2584 3576 quam
2612 3505 2857 3567 solebant
2889 3501 2959 3553 illi
2984 3497 3221 3552 contueri
3244 3511 3259 3560 ;
3289 3494 3528 3563 qumido-

1948 3606 2158 3677 quidem
2187 3613 2241 3656 ct
2266 3612 2385 3654 alite
2416 3600 2714 3668 passionem
2752 3609 2898 3655 suam
2932 3589 3341 3651 transformatus
3367 3596 3445 3636 est
3479 3585 3530 3634 in

1951 3704 2223 3760 monte,ut
2250 3693 2409 3745 facies
2429 3691 2543 3758 ejus
2563 3688 2876 3741 claresceret
2902 3684 3031 3735 sicut
3060 3680 3139 3731 θυι
3163 3677 3370 3750 (.lluttli.
3401 3691 3527 3737 χιιι,

1951 3792 2009 3860 2)
2035 3808 2050 3844 :
2078 3790 2229 3859 quale
2258 3786 2366 3839 vult
2393 3787 2537 3839 enim
2572 3794 2767 3847 corpus
2806 3778 2870 3831 de
2898 3774 3267 3843 qualicunupie
3310 3783 3535 3835 corpore

1956 3900 2136 3939 \erum
2165 3882 2230 3934 de
2260 3896 2385 3932 vero
2414 3876 2535 3929 facit
2556 3917 2568 3939 ,
2600 3873 2686 3941 qui
2728 3871 2791 3923 de
2822 3885 2951 3937 aqua
2984 3880 3107 3920 vera
3143 3877 3327 3917 verum
3353 3862 3530 3915 viuum

1960 3978 2075 4029 terit
2104 3973 2276 4039 (Joan.
2305 3971 2567 4034 11,741);
2593 3965 2687 4019 sed
2707 3980 2811 4017 non
2835 3964 2900 4015 ita
2928 3960 3276 4020 fecerat,ctnn
3296 3956 3541 4022 apparuit

1957 4068 2060 4120 illis
2089 4065 2291 4118 duoluis
2323 4063 2370 4113 in
2400 4060 2497 4112 alia
2527 4057 2719 4125 cl‘tigie.
2756 4054 2864 4107 Non
2897 4052 3039 4104 enim
3069 4048 3206 4109 sicut
3232 4057 3345 4115 erat
3370 4059 3537 4113 appav

1961 4162 2063 4212 ruit
2100 4159 2174 4212 eis
2206 4160 2253 4218 ¹,
2285 4168 2507 4223 quorum
2540 4150 2676 4205 oculi
2724 4148 3035 4201 tenebamur
3082 4158 3147 4195 ue
3194 4146 3541 4209 agnosci-rent

1962 4268 2103 4309 eum.
2145 4250 2257 4303 Non
2290 4257 2464 4299 autem
2498 4244 2903 4309 incongruentcr
2926 4234 3214 4299 accipimus
3244 4232 3343 4281 hoc
3373 4230 3540 4294 impe-

1960 4344 2253 4398 dimentum
2284 4340 2337 4393 in
2366 4336 2529 4389 oculis
2571 4347 2753 4387 eorum
2790 4344 2817 4380 a
2856 4336 3037 4391 satana
3070 4324 3247 4383 fuisse.
3283 4338 3347 4389 uc
3373 4334 3538 4389 ag.;o-
3581 4328 3587 4337 '

1963 4443 2197 4493 scerctur
2226 4431 2375 4484 Jcsus
2403 4447 2415 4480 :
2444 4426 2532 4480 sed
2563 4434 2735 4477 tamen
2758 4439 2785 4473 a
2808 4419 3016 4473 Christo
3045 4424 3123 4469 est
3154 4417 3285 4468 facta
3315 4414 3540 4481 permis-

1963 4526 2041 4577 sio
2076 4540 2239 4591 itaque
2269 4521 2332 4573 ad
2362 4525 2745 4570 sacramentum
2780 4512 2960 4579 panis;
2993 4519 3045 4559 ut
3078 4509 3278 4559 unitate
3307 4504 3545 4572 corporis

1966 4618 2078 4686 ejus
2111 4616 2438 4685 participata,
2478 4608 2735 4664 removeri
2767 4605 3081 4670 intelligatur
3107 4598 3542 4667 impedimentum

1969 4709 2185 4771 inimici,
2218 4718 2273 4759 ut
2301 4704 2539 4759 Christus
2574 4699 2733 4767 possit
2762 4694 2995 4763 agnosci.

2042 4801 2127 4855 7'5.
2170 4798 2297 4853 Nam
2323 4797 2463 4863 ipsos
2490 4806 2606 4845 esse
2650 4791 2775 4841 istos
2804 4787 2869 4839 de
2898 4785 3085 4853 quibus
3114 4791 3163 4835 ct
3186 4780 3393 4841 Marcus
3420 4793 3547 4831 nar—

1968 4903 2071 4959 rat,
2106 4889 2430 4947 credendum
2461 4892 2566 4943 est:
2606 4882 2722 4951 quia
2746 4880 2870 4934 dicit
2907 4880 3045 4945 ipsos
3071 4887 3259 4943 euntes
3282 4873 3551 4925 niiutiasse

1971 4987 2176 5057 caeteris
2201 5002 2213 5035 :
2244 4986 2377 5041 sicut
2408 4981 2574 5035 Lucas
2600 4977 2723 5030 dicit
2750 4990 2842 5028 eos
2873 4979 3147 5037 surgentes
3177 4964 3363 5019 eadem
3394 4963 3547 5028 hora,

2043 5122 2202 5191 1tlt'liti
2230 5156 2242 5189 :
2272 5150 2367 5189 .\0n
2392 5136 2513 5185 enim
2540 5134 2676 5183 aliter
2701 5142 2841 5194 quam
2881 5130 2999 5181 crrt,
3136 5118 3255 5168 sicut
3279 5123 3555 5194 01:01.0]?qu

1975 5176 2576 5256 ruit
2623 5176 2932 5244 hisrlvccihus,
2979 5176 3115 5256 aliter
3140 5187 3405 5256 qtmm'ernt
3437 5176 3521 5226 sed
3538 5190 3555 5238 ,'

1973 5242 2437 5331 imprudenter
2462 5242 2633 5305 additze
2652 5259 2861 5321 inerant,
2889 5242 2979 5297 non
3009 5242 3159 5331 irobp
3181 5242 3429 5331 iutclh-t'to
3452 5253 3556 5331 ver;

2471 5321 2478 5331 '
2524 5319 2565 5331 "
2688 5330 2695 5331 κ
2752 5327 2874 5331 --μ-η-
2906 5316 2963 5331 ιιι
3014 5322 3116 5331 .η...
3174 5316 3316 5331 ...πη
3351 5314 3533 5331 hum.“

1976 5306 2480 5390 i‘gfa'pphmn,ipson
2524 5319 2597 5365 hic
2624 5330 2725 5375 pro.
2752 5312 2983 5390 t'i.s.'(s.(’.~l,
3010 5306 3048 5390 iit
3074 5309 3139 5377 nit
3168 5306 3482 5390 Atti‘tlhlitnloi
3506 5307 3558 5350 0t

2398 5382 2405 5390 .
2466 5380 2523 5390 ..ιν
2598 5380 2605 5390 ι
2678 5382 2685 5390 ι
2752 5388 2762 5390 _
2789 5376 2797 5383 ο
2823 5388 2862 5390 ,l
2904 5375 2910 5381 '
2989 5372 3131 5390 .11-...
3165 5380 3248 5390 ...υι
3273 5378 3293 5390 ο
3338 5379 3364 5390 ιι
3389 5373 3398 5390 Ι
3462 5375 3553 5390 ...ιη

2252 5366 2440 5445 quando
2466 5380 2557 5427 illis
2579 5366 2766 5423 (luotth
2789 5376 2833 5421 iu
2854 5373 2943 5445 alia
2971 5366 3296 5445 elligie'visits
3323 5366 3401 5411 .uit
3421 5398 3432 5418 ,
3462 5375 3556 5409 non

1978 5467 2075 5515 pro:
2100 5431 2234 5515 terea
2258 5431 2583 5515 ιιιιιιδιιιιιιιίιιιι
2606 5454 2691 5515 sua
2708 5452 2859 5507 carne
2878 5434 3085 5515 elligiepi
3105 5431 3243 5515 aliam
3268 5440 3439 5515 reipip
3461 5450 3469 5484 ι
3490 5435 3557 5515 ria

1977 5488 2225 5563 seuitilisse
2253 5512 2417 5569 proluit
2443 5506 2471 5551 ll
2492 5518 2529 5549 c
2553 5502 2757 5555 ratione,
2782 5488 2967 5567 (μιίειρἷ
2982 5494 3242 5562 videntium
3268 5488 3389 5569 excoli
3416 5496 3556 5534 tene-

1978 5552 2376 5624 baritiirrneleum
2400 5552 2754 5627 agnoscerent,
2768 5552 2991 5627 sequitur
3014 5564 3068 5606 ut
3092 5568 3185 5603 non
3216 5554 3263 5601 iu
3292 5552 3393 5612 ipsa
3414 5558 3556 5609 quam

2183 5634 2371 5682 terebat
2395 5620 2554 5691 etiigie
2581 5626 2711 5685 visus
2734 5623 2809 5673 eis
2829 5620 2988 5681 tuerit.

2044 5715 2118 5787 te)
2141 5712 2218 5785 sit
2240 5724 2405 5781 αστφιο
