3888 6332
397 238 537 300 ηοτ

397 368 674 427 regressos
715 367 834 408 esse
877 350 1207 415 Jerusalem,
1240 359 1290 404 et
1337 349 1601 403 invenisse
1637 349 1988 414 congregatos

398 447 668 510 undecim,
702 455 754 499 et
785 461 878 500 eos
918 445 1005 513 qui
1049 460 1168 498 cum
1208 443 1335 512 ipsis
1380 449 1550 496 erant.
1580 439 1818 493 dicentes
1847 433 1988 505 quod

398 539 632 595 surrexit
668 538 919 591 Dominus
949 546 1185 598 verc,.et
1229 533 1471 604 apparuit
1512 531 1714 587 Simoni
1741 549 1755 591 ;
1785 539 1837 584 et
1865 539 1990 582 tunc

397 631 559 689 etiam
591 631 733 700 ipSos
765 643 1009 684 narrasse
1052 644 1169 696 qua!
1197 636 1342 698 gesta
1374 636 1527 682 erant
1557 625 1608 678 in
1641 626 1746 688 via,
1777 633 1830 676 et
1857 636 1989 693 quo-

399 723 560 779 modo
589 739 710 778 eum
747 723 1092 793 Cognovcrint
1128 723 1180 775 itt
1223 720 1478 774 l'ractione
1518 719 1686 789 panis.
1725 716 1841 771 Jatu
1864 730 1991 786 ergo

395 822 517 870 erat
543 814 678 868 fama
706 813 845 883 quod
875 821 1234 867 resnrrcxcrat
1253 811 1430 870 Jesns.
1458 811 1526 864 ab
1553 811 1654 865 illis
1681 808 1991 863 mulieribus

398 904 535 960 facta
556 948 571 971 ,
601 917 651 960 ct
695 922 722 958 τι
756 904 976 961 Simone
1016 906 1206 971 Petro,
1235 906 1318 959 cui
1356 905 1466 973 jan:
1508 911 1864 972 apparuerat:
1891 900 1991 954 hoc

397 997 542 1054 enim
577 998 657 1050 isti
700 998 805 1050 duo
849 999 1164 1052 invenerunt
1196 997 1472 1066 loquentes
1498 995 1561 1049 ad
1593 1010 1728 1064 quos
1754 995 1803 1049 in
1832 993 1989 1048 Jeru-

400 1091 566 1146 salem
599 1102 875 1145 venerunt.
921 1091 1057 1146 Fieri
1105 1091 1279 1160 itaque
1322 1099 1495 1159 potest
1533 1098 1587 1141 ut
1620 1089 1807 1142 timore
1849 1086 1992 1155 prius

397 1181 452 1236 in
497 1183 574 1234 via
616 1185 883 1237 noluerint
916 1183 1093 1237 dicere
1139 1180 1279 1252 quod
1325 1198 1444 1234 eum
1489 1179 1763 1233 audierant
1811 1191 1991 1232 resur-

397 1273 634 1332 l'cXisse.
668 1276 878 1342 quando
926 1273 1292 1328 tantummodo
1319 1273 1537 1343 angelos
1566 1271 1817 1325 dixerunt
1851 1269 1992 1322 visos

396 1378 517 1419 esse
545 1366 852 1420 mulieribus
878 1384 889 1418 :
918 1368 1218 1434 ignorantes
1248 1365 1389 1418 ciiim
1423 1380 1542 1417 eum
1569 1378 1676 1432 quo
1708 1362 1991 1430 loqueren-

398 1465 506 1518 tttr,
539 1459 728 1510 merito
762 1469 971 1526 possent
1009 1473 1126 1512 esse
1171 1457 1379 1512 Solliciti
1427 1470 1493 1510 ne
1534 1454 1658 1522 quid
1693 1453 1885 1522 passim
1924 1450 1993 1506 de

397 1549 593 1606 Clu-isti
627 1553 1014 1604 resurrectione
1054 1553 1314 1615 jaelautes
1364 1549 1415 1601 in
1462 1563 1650 1600 manus
1696 1543 1993 1599 inciderent

398 1639 725 1696 Jttdn'orunt.
767 1642 916 1706 Quod
955 1650 1128 1695 autent
1170 1643 1242 1693 ait
1275 1640 1514 1700 Marcus,
1558 1638 1992 1692 Aummliuveruut

399 1735 611 1793 atterit,
646 1750 730 1785 nec
759 1733 860 1784 illis
898 1734 1213 1786 crediderunt
1243 1750 1260 1796 ,°
1286 1749 1404 1786 Cttltt
1437 1732 1605 1786 Lucas
1647 1730 1823 1791 dicat,
1850 1727 1990 1798 quod

396 1823 505 1894 jam
537 1823 656 1877 imle
702 1825 1049 1891 loquebanlin'
1079 1841 1200 1878 vere
1230 1824 1584 1878 resurrexisse
1614 1822 1913 1881 Dominum,
1939 1829 1994 1873 et

398 1914 602 1971 Simoni
631 1918 939 1986 apparuisse
969 1936 981 1970 ε
1010 1916 1133 1985 quid
1173 1916 1570 1986 intelligendum
1611 1924 1725 1978 cst,
1755 1914 1853 1968 nisi
1895 1913 1993 1967 ali-

401 2021 536 2078 quos
563 2008 630 2061 ibi
677 2009 837 2061 luisse
863 2010 949 2078 qni
989 2010 1087 2062 hoc
1133 2009 1334 2063 nollent
1373 2007 1637 2062 credere?
1673 2005 1768 2061 Cui
1815 2014 1992 2060 autem

399 2114 506 2152 non
524 2101 726 2153 eluceat
744 2099 1152 2168 pnetermisisse
1164 2100 1391 2152 Marcum
1406 2115 1523 2168 qua.-
1543 2099 1711 2152 Lucas
1729 2097 1994 2151 narrando

399 2193 704 2263 explicavit,
737 2193 836 2246 hoc
861 2205 963 2254 est,
997 2209 1116 2262 qtnn
1145 2209 1265 2247 cum
1294 2193 1395 2246 illis
1426 2191 1632 2246 loeutus
1656 2191 1812 2243 l'uerit
1839 2189 1995 2244 Jesus

399 2295 684 2353 antequam
717 2296 1065 2354 agnoscerent
1094 2301 1240 2347 cum,
1273 2295 1324 2339 et
1351 2285 1619 2353 quomodo
1648 2299 1768 2337 eum
1802 2284 1853 2337 in
1885 2281 1993 2337 fra-

400 2374 580 2429 ctione
610 2375 757 2442 panis
785 2374 1137 2444 agnoverint?
1158 2373 1597 2444 Quandoquidem
1634 2388 1752 2426 mox
1788 2382 1842 2427 ut
1862 2373 1995 2426 dixit

371 2465 479 2519 ‘eis
509 2467 816 2534 apparui~se
861 2467 910 2519 in
942 2467 1042 2521 alia
1073 2465 1248 2534 el‘ligic
1276 2466 1523 2520 cnnlilms
1561 2466 1611 2519 in
1643 2465 1836 2529 villam,
1865 2479 1995 2520 eon-

403 2558 550 2614 tintto
578 2561 871 2626 conjunxit,
909 2557 974 2612 Et
1005 2560 1081 2613 illi
1109 2569 1276 2613 ciuiles
1303 2561 1653 2613 nuntiaverunt
1676 2560 1994 2625 rwleris,ucc

401 2651 502 2704 illis
557 2653 874 2706 tradiderunt
906 2651 1096 2721 :qnasi
1141 2662 1353 2721 possent
1401 2655 1643 2706 nuntiare
1683 2668 1838 2722 quem
1887 2667 1991 2707 nou

399 2757 725 2812 agnoverant
753 2765 765 2804 :
793 2757 882 2800 aut
915 2757 1132 2814 possent
1169 2763 1481 2816 agnoscere,
1511 2748 1704 2817 quibus
1746 2749 1848 2801 alia
1879 2748 1993 2803 cl'li-

399 2835 512 2905 gies
537 2837 653 2903 ejus
682 2849 1019 2906 apparuerat.
1051 2839 1328 2905 Quomodo
1355 2856 1483 2907 ergo
1512 2855 1637 2894 cum
1658 2841 1991 2910 agnoverint,

401 2938 458 2981 ut
490 2930 735 2983 nuntiare
769 2946 890 2999 poss
928 2943 1010 2993 ιιι,
1043 2931 1247 2986 Marcus
1277 2933 1393 2987 sine
1435 2933 1593 2986 dubio
1634 2933 1990 3001 pratermisit.

401 3020 555 3087 Quod
588 3023 706 3074 ideo
724 3024 993 3075 memoria:
1011 3024 1491 3077 counnemlmidmn
1519 3037 1618 3088 est,
1641 3035 1695 3080 ut
1718 3040 1996 3080 assuesca-

402 3128 522 3166 mus
547 3115 823 3167 advertere
856 3115 1308 3182 Evangelistarum
1339 3131 1542 3170 morem
1573 3118 1642 3169 ita
1682 3118 1997 3183 pr:etermit-

402 3204 627 3258 tentiutn
675 3221 792 3274 qua:
838 3221 940 3259 nott
990 3217 1442 3269 eontlnetttorant,
1474 3217 1527 3261 et
1561 3208 1994 3278 conjnngcutium

402 3310 522 3366 qua:
545 3306 986 3358 commemorant,
1008 3307 1060 3350 ut
1091 3298 1169 3351 eis
1192 3296 1279 3364 qui
1307 3312 1457 3352 nsmn
1483 3299 1534 3352 in
1565 3299 1662 3352 hac
1688 3299 1995 3355 considera-

405 3387 549 3442 tione
575 3403 679 3442 non
713 3387 929 3455 habent,
963 3406 1064 3443 non
1089 3390 1301 3444 aliunde
1332 3391 1561 3445 mavimc
1589 3407 1740 3445 error
1767 3392 1992 3458 oriatur,

402 3496 509 3551 quo
533 3490 714 3551 putent
744 3497 958 3537 eosnou
984 3483 1081 3536 sibi
1110 3497 1428 3553 congruere.

476 3574 563 3628 74.
608 3573 781 3627 Lucas
808 3590 935 3644 ergo
965 3575 1223 3643 sequitur,
1257 3585 1309 3629 et
1334 3576 1459 3629 dicit
1488 3591 1502 3628 :
1540 3593 1558 3627 ι
1583 3576 1717 3632 Dum
1762 3576 1878 3633 haec
1902 3593 1996 3633 au-

408 3677 514 3720 tem
544 3666 844 3735 loquuntur,
875 3666 1030 3720 Jesus
1070 3667 1217 3720 stetit
1261 3667 1311 3720 in
1353 3668 1527 3723 medio
1554 3683 1760 3733 eorum,
1791 3679 1844 3724 et
1871 3670 1999 3725 dicit

405 3757 518 3814 eis:
552 3757 654 3812 Pax
683 3758 871 3821 vobis;
914 3773 1014 3823 ego
1057 3773 1205 3822 sum,
1243 3758 1406 3813 nolite
1438 3760 1641 3814 timere.
1685 3760 1995 3818 Conturbali

404 3861 537 3902 vero
563 3859 615 3899 et
642 3848 916 3901 conterriti
944 3849 1313 3903 existimabant
1344 3864 1400 3905 sc
1422 3851 1666 3918 spiritum
1696 3854 1896 3909 videre.
1933 3855 1998 3910 Et

406 3939 539 3994 dixit
565 3940 643 3993 eis
668 3957 680 3990 :
704 3939 838 4005 Quid
871 3941 1061 3992 turbati
1091 3941 1238 4001 estis,
1263 3952 1314 3995 et
1338 3943 1686 4009 COgitalioucs
1706 3946 2000 4004 ascendunt

409 4032 462 4085 in
499 4031 658 4085 corda
688 4042 862 4085 vestra
888 4031 911 4084 ?
954 4031 1137 4087 Videte
1167 4048 1354 4088 manus
1383 4050 1528 4089 nicas
1552 4046 1602 4090 et
1635 4039 1797 4108 pedes
1827 4055 1992 4104 meos,

408 4122 531 4191 quia
563 4123 675 4192 ipse
705 4138 805 4194 ego
842 4139 959 4178 sum
991 4140 1005 4178 :
1037 4126 1277 4195 palpate,
1305 4138 1360 4182 et
1385 4128 1590 4190 videte,
1621 4132 1741 4199 quia
1783 4133 1999 4200 spiritus

397 4231 622 4273 carnum
664 4229 716 4272 et
750 4231 868 4271 ossa
909 4234 1014 4273 non
1054 4216 1232 4280 habet,
1265 4219 1398 4274 sicut
1430 4235 1515 4276 me
1552 4221 1740 4277 videtis
1781 4223 1994 4280 habere.

409 4309 474 4365 Et
505 4326 625 4363 cum
667 4309 765 4363 hoc
794 4309 1047 4373 dixisset,
1078 4311 1306 4365 ostendit
1337 4313 1414 4367 eis
1455 4327 1643 4368 manus
1671 4322 1725 4368 et
1768 4314 1947 4384 pedes.
1973 4335 1993 4369 ι

409 4400 560 4457 llanc
590 4401 950 4455 ostensiouem
987 4401 1192 4457 Domini
1223 4411 1342 4473 post
1371 4405 1812 4462 resurrectionem
1843 4406 2000 4462 intel-

410 4491 592 4562 ligitur
616 4503 672 4547 et
699 4491 930 4546 Joannes
951 4507 1392 4558 Commemorare,
1422 4496 1498 4548 sic
1530 4496 1795 4566 loquens:
1823 4516 1841 4550 ι
1867 4498 1996 4554 Ουιιι

412 4595 558 4640 esset
584 4600 709 4652 ergo
737 4599 857 4638 sero
900 4585 988 4640 die
1016 4587 1103 4640 illo
1131 4601 1235 4640 una
1264 4587 1604 4642 sabbatorum
1622 4631 1637 4653 ,
1660 4600 1713 4644 et
1743 4589 1883 4646 iores
1909 4607 2000 4647 es-

408 4684 530 4729 sent
556 4674 749 4727 clausa:
778 4676 862 4728 ubi
885 4688 1037 4730 erant
1057 4676 1297 4746 discipuli
1319 4683 1620 4748 congregati
1650 4692 1864 4750 propter
1882 4698 1999 4737 me-

410 4777 521 4824 tum
544 4767 872 4832 Jml.eormn,
904 4769 1046 4822 venit
1066 4769 1238 4833 .lcsus,
1265 4783 1317 4825 et
1339 4771 1483 4825 stetit
1507 4772 1557 4825 in
1582 4773 1777 4840 medio,
1800 4784 1854 4829 ct
1872 4776 2001 4833 dicit

408 4861 488 4918 eis
523 4880 535 4915 :
570 4861 678 4917 Pax
703 4861 870 4916 vobis.
899 4861 965 4915 Et
986 4860 1085 4914 hoc
1111 4876 1230 4915 cum
1262 4862 1503 4925 dixisset,
1527 4866 1760 4921 ostendit
1784 4867 1864 4923 cis
1889 4885 2002 4924 ma-

408 4971 512 5010 nus
551 4967 603 5009 ct
635 4957 787 5009 latus.
818 4975 835 5006 ι
883 4956 959 5010 Ac
987 4971 1082 5024 per
1113 4954 1212 5008 hoc
1238 4955 1320 5009 his
1340 4957 1515 5011 verbis
1534 4958 1757 5014 Joannis
1779 4973 2002 5031 possunt

406 5048 655 5116 conjungi
704 5063 763 5103 ea
796 5063 915 5118 quze
962 5047 1130 5103 Lucas
1175 5046 1337 5111 dicit,
1368 5048 1504 5102 idem
1547 5061 1724 5106 autem
1765 5051 1999 5110 Joannes

409 5139 784 5209 praetei-iiiittit.
828 5137 899 5193 lta
942 5140 1083 5193 enim
1115 5137 1285 5194 Lucas
1311 5139 1593 5210 sequitur:
1633 5158 1650 5192 ι
1691 5142 1879 5199 Adhuc
1906 5159 2000 5198 au-

408 5240 516 5288 tem
552 5231 653 5285 illis
682 5247 785 5285 non
815 5231 1188 5296 credentibus,
1217 5239 1273 5287 et
1299 5231 1609 5286 mirantibus
1639 5247 1747 5302 pne
1781 5235 1995 5304 gaudio,

406 5322 577 5376 dixit:
609 5321 825 5376 llabetis
869 5322 955 5377 hic
981 5321 1176 5392 aliquid
1215 5323 1356 5394 quod
1390 5323 1776 5379 manducetur?
1816 5326 1887 5381 At
1924 5325 1999 5381 illi

407 5414 710 5486 obtulerunt
742 5414 789 5468 ei
822 5427 1022 5483 partem
1056 5415 1215 5483 piscis
1248 5414 1353 5470 assi
1382 5425 1436 5470 et
1477 5415 1650 5471 favum
1699 5417 1891 5474 mellis.
1936 5417 2000 5473 Et.

407 5523 528 5565 cum
559 5507 931 5563 manducasset
959 5523 1137 5563 coram
1179 5508 1279 5574 eis,
1308 5523 1524 5564 sumens
1565 5513 1814 5582 reliquias
1851 5512 1998 5569 dedit

405 5603 504 5659 cis.
533 5623 552 5655 ι
599 5603 692 5659 llis
723 5603 846 5657 item
879 5603 1052 5658 verbis
1090 5617 1307 5675 possunt
1333 5606 1544 5678 adjnngi
1577 5624 1694 5678 qua:
1725 5608 1894 5663 Lucas
1922 5617 2000 5664 ta-

400 5703 515 5770 cet,
538 5696 670 5753 dicit
691 5707 873 5754 autem
897 5696 1171 5760 Joannes:
1198 5717 1219 5755 ι
1235 5699 1416 5760 Gavisi
1442 5711 1569 5758 sunt
1591 5718 1720 5776 ergo
1748 5702 1996 5778 discipuli

1242 233 1327 287 DE
1365 226 1714 288 CONSENSU
1755 223 2405 295 EVANGELISTARUM,
2446 228 2505 285 S.
2548 227 2915 286 AUGUSTINI

2100 341 2212 394 viso
2241 342 2484 397 Domino.
2521 344 2660 398 Dixit
2683 360 2810 416 ergo
2837 345 2916 398 eis
2942 345 3136 401 iterum
3166 363 3180 399 :
3207 345 3317 401 Pax
3347 345 3559 409 vobis;
3586 359 3740 404 sicut

2100 435 2239 490 misit
2285 452 2368 491 me
2401 436 2553 492 Pater
2592 448 2643 491 et
2674 451 2774 506 ego
2805 438 2958 490 mitto
2985 452 3100 494 vos.
3145 438 3256 493 lloc
3280 452 3406 492 cum
3451 438 3734 504 dixisset,

2101 527 2405 591 insnmavit,
2435 537 2490 585 et
2516 527 2648 583 dixit
2689 528 2805 582 eis:
2836 528 3075 598 Accipite
3115 528 3372 598 Spiritum
3411 541 3688 584 sanctum
3713 550 3732 586 :

2098 636 2322 691 quorum
2353 622 2666 677 remiseritis
2694 631 2939 690 peccata,
2968 623 3316 678 remittuntur
3341 637 3426 678 eis
3444 664 3460 680 .
3493 633 3564 678 et
3593 638 3735 695 quo-

2073 704 2217 766 rum
2239 711 2591 774 detinueritis,
2618 712 2831 768 detenta
2859 722 3002 767 sunt.
3038 733 3057 765 ι
3105 713 3195 769 llis
3231 729 3420 769 rursus
3447 715 3736 787 adjunga.

2099 820 2216 858 nms
2240 822 2358 874 qua:
2386 804 2620 862 Joannes
2659 807 2998 876 pr-etermisit
3019 849 3032 868 .
3061 806 3232 863 Lucas
3264 821 3689 865 commemorat
3711 829 3730 866 :

2107 897 2199 950 «Et
2230 897 2358 951 dixit
2389 897 2454 951 ad
2484 913 2577 952 eos
2597 916 2611 949 τ
2631 897 2756 953 ΙΙειιιε
2785 910 2907 954 sunt
2933 899 3092 954 verba
3114 917 3231 970 qua:
3255 901 3472 957 locutus
3495 918 3642 958 sum
3663 906 3732 960 ad

2099 1001 2214 1046 vos.
2233 1002 2355 1041 cum
2383 987 2556 1043 adlmc
2580 1003 2754 1043 essem
2780 990 3072 1052 vobiscinn,
3095 992 3349 1060 quoniam
3373 1009 3626 1050 necesse
3647 1003 3732 1050 est

2102 1078 2307 1148 impleri
2337 1081 2514 1133 omnia
2540 1097 2656 1150 qua:
2686 1081 2881 1150 scripta
2910 1092 3028 1135 sunt
3053 1081 3105 1136 in
3136 1082 3276 1152 Lege
3295 1083 3469 1156 Moysi
3495 1096 3565 1140 ct
3592 1085 3731 1141 Pro-

2101 1171 2274 1240 phctis
2299 1181 2351 1227 et
2375 1171 2596 1226 Psalmis
2621 1173 2688 1227 de
2718 1191 2824 1228 me.
2851 1174 3000 1230 Tunc
3013 1178 3222 1245 aperuit
3244 1177 3351 1232 illis
3371 1193 3644 1245 sensum,
3669 1189 3731 1236 nt

2101 1263 2456 1335 intelligerent
2474 1265 2794 1335 Scripturas,
2817 1277 2869 1322 et
2890 1267 3022 1321 dixit
3041 1267 3440 1338 eis:Qnoniam
3468 1272 3557 1326 sic
3585 1272 3730 1328 sui-

2102 1367 2247 1426 pttnn
2270 1368 2371 1422 csl,
2396 1367 2448 1412 et
2475 1358 2552 1411 sic
2581 1360 2859 1429 oportebat
2879 1358 3148 1414 Christum
3176 1363 3306 1428 pati,
3331 1371 3388 1416 et
3417 1377 3728 1431 resurgens

2099 1465 2129 1503 ιι
2159 1452 2380 1504 mortuis
2407 1450 2494 1507 die
2522 1452 2672 1534 tertia
2697 1469 2711 1514 ;
2735 1461 2784 1505 et
2816 1454 3088 1521 pra-dicari
3118 1454 3169 1506 in
3199 1456 3418 1510 nomine
3447 1455 3578 1525 ejus
3605 1471 3728 1526 pa:-

2101 1543 2376 1599 niteutiam
2404 1555 2457 1598 et
2485 1546 2850 1600 remissionem
2896 1555 3230 1614 peccatorum
3261 1548 3312 1600 iit
3344 1562 3548 1603 omnes
3579 1564 3725 1621 gen-

2101 1646 2202 1700 tes,
2223 1639 2594 1708 incipientibus
2624 1639 2691 1693 ab
2715 1638 3008 1692 Jemsalem
3031 1659 3044 1693 :
3064 1653 3158 1694 vos
3181 1649 3360 1695 autem
3381 1643 3517 1696 estis
3544 1652 3726 1699 testes

2100 1728 2308 1782 horum.
2333 1728 2395 1783 Et
2413 1745 2513 1800 ego
2533 1729 2684 1784 mitto
2703 1731 2716 1760 ³
2739 1730 3058 1798 promissum
3075 1729 3245 1786 Patris
3259 1732 3364 1784 mei
3390 1731 3444 1785 in
3464 1747 3600 1786 vos:
3623 1748 3725 1788 vos

2100 1832 2275 1875 autem
2305 1822 2487 1874 Sedete
2519 1823 2567 1874 in
2591 1820 2809 1876 civitate
2834 1822 3177 1891 quoadusque
3209 1821 3505 1877 induamini
3541 1825 3724 1879 virtu-

2102 1922 2206 1968 tem
2231 1927 2294 1967 cx
2326 1914 2456 1967 alto.
2493 1932 2510 1962 ι
2558 1912 2694 1965 Ecce
2721 1912 2988 1981 quomodo
3026 1914 3472 1967 commemoravit
3508 1925 3572 1970 et
3602 1914 3722 1970 Lu-

2099 2018 2188 2058 cas
2214 2004 2617 2072 promissionem
2634 2003 2860 2072 Spiritus
2876 2003 3063 2065 sancti,
3083 2018 3242 2072 quam
3266 2019 3372 2059 non
3391 2005 3718 2078 invenimus

2099 2115 2127 2153 a
2161 2099 2383 2152 Domino
2406 2099 2618 2162 laetam,
2643 2097 2743 2150 nisi
2773 2098 2823 2151 in
2849 2097 3134 2165 Evangelia
3147 2097 3372 2151 Joannis
3387 2098 3574 2169 (Joau.
3597 2115 3713 2166 xlv,

2097 2191 2189 2256 26,
2217 2202 2261 2244 et
2289 2206 2376 2253 xv,
2402 2189 2514 2261 εγ).
2558 2188 2708 2256 Quod
2753 2205 2856 2242 non
2890 2198 3274 2258 praetereuntcr
3309 2190 3711 2249 advertendum

2099 2295 2180 2338 est
2198 2325 2214 2350 ,
2241 2292 2297 2336 ut
2325 2284 2726 2337 meminerimus
2746 2281 3195 2352 quemadmodum
3225 2284 3325 2338 sibi
3347 2284 3711 2355 Evangelia:

2101 2376 2325 2431 invicem
2355 2383 2675 2429 attestautnr
2702 2373 2772 2430 de
2803 2375 3116 2444 quibusdam
3140 2376 3300 2429 etiam
3324 2391 3446 2446 qua:
3473 2378 3573 2445 ipsi
3595 2393 3706 2434 non

2098 2467 2300 2530 dicunt,
2325 2475 2381 2521 ct
2407 2477 2582 2520 tamen
2612 2464 2751 2520 dicta
2781 2475 3060 2521 noverunt.
3089 2466 3214 2520 Post
3244 2466 3359 2521 ha‘c
3387 2467 3560 2524 Lucas
3580 2485 3706 2541 qua

2097 2568 2245 2631 gesta
2268 2569 2387 2612 sunt
2410 2562 2585 2612 omnia
2612 2558 2987 2626 pnetcrmittit,
3008 2573 3106 2614 nec
3129 2558 3351 2613 otnnino
3369 2573 3706 2617 commemo-

2101 2662 2181 2707 rat
2203 2691 2217 2716 ,
2247 2651 2344 2704 nisi
2381 2650 2592 2720 quando
2619 2649 2776 2704 Jesus
2818 2649 3060 2705 ascendit
3101 2650 3152 2704 in
3189 2652 3384 2705 emlum
3411 2668 3424 2704 :
3456 2661 3620 2723 atque
3651 2655 3701 2709 id

2100 2750 2276 2798 tamen
2305 2742 2372 2795 ita
2395 2741 2666 2810 conjungit
2688 2742 2838 2810 quasi
2859 2742 2958 2796 huc
2975 2752 3228 2811 sequatur
3255 2742 3369 2798 lucc
3393 2745 3554 2799 verba
3577 2761 3700 2815 qua

2100 2833 2251 2892 dixit.
2280 2848 2400 2886 cum
2435 2832 2532 2884 hoc
2555 2841 2761 2901 gestum
2803 2831 2872 2885 sit
2911 2846 3013 2884 una
3052 2832 3432 2896 sabbatorum,
3459 2850 3566 2904 quo
3608 2835 3700 2891 die

2102 2924 2358 2978 Dominus
2389 2922 2676 2977 resurrexit
2704 2939 2718 2987 ;
2754 2921 2880 2975 illttd
2923 2931 3100 2977 autem
3143 2924 3550 2994 qumlragesimo
3581 2927 3693 2994 die,

2099 3017 2235 3070 sicut
2269 3016 2407 3070 idem
2440 3016 2553 3085 ipse
2582 3015 2752 3069 Lucas
2780 3015 2831 3069 in
2859 3014 3234 3084 Apostolorum
3271 3019 3488 3072 Actibus
3513 3029 3697 3076 narrat

2102 3109 2234 3179 (Act.
2263 3107 2474 3178 1,2-9).
2515 3108 2666 3173 Quod
2688 3117 2864 3163 autem
2890 3109 3018 3164 dicit
3040 3109 3291 3176 Joannes,
3313 3127 3416 3165 non
3439 3127 3563 3167 cum
3584 3114 3695 3170 illis

2102 3201 2264 3256 luisse
2282 3209 2405 3254 tunc
2425 3201 2722 3268 apostolmn
2740 3200 3021 3262 Thomam,
3043 3218 3164 3255 enm
3185 3203 3474 3258 secundum
3495 3204 3693 3262 Lucam

2101 3292 2207 3345 duo
2238 3291 2331 3356 illi,
2358 3307 2583 3362 quorum
2613 3301 2728 3345 erat
2756 3307 2892 3345 unus
2912 3290 3198 3361 Cleopbas,
3223 3296 3446 3363 regreSsi
3471 3294 3691 3352 Jerusa-

2104 3386 2228 3449 lctn,
2259 3385 2559 3440 invenerint
2583 3395 2932 3454 congregatos
2960 3386 3296 3453 nudecim,et
3319 3402 3416 3442 eos
3442 3389 3530 3458 qui
3568 3405 3688 3446 cum

2107 3477 2240 3546 ipsis
2265 3487 2416 3532 erant
2441 3495 2455 3541 ;
2489 3477 2674 3546 procul
2696 3476 2860 3529 dubio
2886 3475 3283 3547 intelligemlmn
3303 3482 3540 3550 estquod
3569 3482 3689 3537 inde

2103 3571 2336 3626 Thomas
2370 3571 2580 3634 exierit,
2608 3579 2892 3640 antequam
2920 3571 2999 3625 eis
3026 3571 3280 3626 Dominus
3322 3573 3437 3629 lucc
3476 3573 3686 3645 loquen-

2105 3662 2246 3716 tibus
2272 3669 2569 3730 appareret.

2174 3757 2261 3811 75.
2305 3755 2437 3810 llinc
2461 3755 2568 3821 jam
2596 3753 2830 3809 Joannes
2864 3755 3021 3809 aliam
3053 3767 3442 3812 connncmorat
3479 3757 3559 3814 sui
3594 3759 3714 3815 de-.

2105 3849 2544 3905 nmnslrationcm
2571 3865 2600 3901 a
2631 3849 2854 3903 Domino
2874 3849 3152 3918 discipulis
3193 3849 3386 3905 Dictum
3421 3862 3538 3922 post
3575 3852 3682 3909 dies

2102 3953 2241 4006 octo,
2274 3943 2359 3997 tibi
2388 3953 2504 3997 erat
2527 3953 2581 3997 et
2601 3941 2837 3997 Tltontas
2864 3944 2952 4012 qui
2982 3943 3127 4013 prius
3164 3960 3284 3997 etnu
3323 3960 3427 3996 nou
3469 3945 3679 4000 viderat.

2111 4056 2127 4087 ι
2157 4036 2220 4090 Et
2248 4045 2365 4106 post
2392 4035 2506 4090 dies
2535 4045 2677 4096 octo.
2718 4054 2736 4087 ι
2784 4037 2969 4106 inquit,
3000 4055 3018 4087 ι
3059 4037 3248 4090 iterum
3275 4049 3420 4092 erant
3452 4039 3682 4110 discipuli

2104 4130 2219 4198 ejus
2238 4128 2398 4192 intus,
2421 4126 2722 4183 etThomas
2744 4142 2863 4183 Cttltt
2886 4128 2963 4181 eis
2986 4145 3000 4181 :
3024 4130 3169 4182 venit
3185 4128 3341 4184 Jesus
3355 4130 3535 4198 januis
3549 4132 3683 4185 clau-
3773 4121 3776 4123 ’

2103 4224 2199 4288 sis,
2229 4234 2282 4278 et
2317 4222 2462 4278 stetit
2509 4223 2558 4276 in
2606 4222 2803 4287 medio,
2845 4231 2897 4276 et
2934 4221 3068 4276 dixit
3099 4240 3111 4275 :
3144 4223 3248 4278 Pax
3281 4226 3450 4278 vobis.
3496 4227 3682 4283 Deinde

2104 4314 2231 4368 dicit
2257 4313 2476 4368 Thema:
2504 4334 2517 4370 :
2546 4313 2684 4368 lnler
2705 4313 2928 4384 digitum
2958 4322 3106 4368 tuum
3129 4315 3254 4379 huc,
3281 4327 3334 4371 et
3359 4317 3479 4372 vide
3507 4334 3681 4376 manus

2106 4422 2272 4471 meas,
2309 4416 2361 4462 ct
2383 4405 2514 4460 all'er
2543 4422 2756 4460 manum
2785 4417 2949 4471 tuam,
2977 4416 3029 4460 et
3053 4407 3202 4463 mitte
3231 4409 3281 4461 in
3321 4409 3460 4463 latus
3493 4427 3678 4477 meum,

2104 4506 2158 4554 et
2189 4497 2293 4552 nuli
2325 4511 2444 4552 esse
2474 4496 2799 4559 incredulus,
2814 4497 2906 4550 sed
2935 4496 3126 4552 ﬁdelis.
3155 4497 3680 4568 ltespnmlitThomas

2105 4601 2160 4647 et
2187 4591 2319 4645 dixit
2343 4590 2390 4645 ei
2421 4608 2434 4643 :
2466 4590 2721 4644 Dominus
2747 4604 2902 4646 meus
2927 4602 2977 4645 et
3009 4590 3147 4645 Deus
3173 4605 3342 4644 mens.
3376 4591 3574 4645 Dieitei
3596 4590 3679 4647 Je-

2105 4699 2199 4739 sus
2230 4702 2242 4738 :
2270 4683 2402 4750 Quia
2430 4683 2609 4738 vidisti
2639 4698 2744 4744 nte,
2772 4683 3044 4738 credidisti
3073 4701 3085 4736 :
3112 4683 3250 4737 beati
3280 4684 3369 4753 qui
3398 4701 3504 4738 non
3542 4684 3677 4740 vidc-

2106 4787 2249 4841 runt,
2265 4786 2319 4831 el.
2333 4775 2687 4830 crediderunt.
2703 4774 2878 4830 »Ητιιιο
2897 4773 3183 4830 secundam
3209 4774 3412 4830 Domini
3437 4775 3678 4832 visionem

2105 4884 2226 4937 erga
2243 4868 2528 4939 discipulos
2554 4866 2766 4928 factam,
2785 4866 2832 4922 id
2855 4878 3114 4937 estquam
3141 4867 3378 4923 secundo
3399 4869 3513 4921 loco
3527 4868 3679 4923 Joan-

2106 4978 2202 5018 nes
2226 4969 2630 5026 commemorat,
2651 4959 2787 5029 apnd
2813 4959 3043 5015 Marcum
3080 4973 3357 5028 possemus
3381 4975 3676 5028 agnoscere,

2104 5053 2337 5110 breviter
2359 5068 2476 5107 eam
2503 5053 2656 5108 sicuti
2679 5052 2876 5107 assolet
2893 5050 3354 5120 perstringcntem,
3379 5052 3476 5104 nisi
3510 5067 3679 5107 move-

2106 5157 2183 5201 ret
2213 5145 2352 5217 quod
2381 5146 2451 5200 ibi
2482 5145 2576 5210 ait,
2607 5143 2887 5197 Novissime
2911 5142 3307 5197 recumbentibus
3333 5142 3436 5197 illis
3466 5143 3679 5197 widecim

2105 5240 2384 5312 apparuit:
2413 5254 2515 5294 nan
2550 5237 2668 5292 ideo
2698 5237 2818 5306 quia
2847 5235 3083 5293 Joannes
3109 5237 3268 5292 tacuit
3301 5237 3675 5301 recumbentes,

2105 5334 2273 5404 potuit
2310 5331 2451 5387 enim
2493 5329 2594 5384 hoc
2624 5329 3067 5400 prwterniitterc;
3101 5328 3194 5384 sed
3223 5329 3344 5401 quia
3386 5328 3485 5384 iste
3517 5327 3673 5405 dixit,

2110 5423 2413 5488 Novissime,
2441 5421 2588 5493 quasi
2633 5420 2769 5474 ultra
2802 5419 2912 5489 jam
2952 5434 3056 5473 non
3086 5419 3167 5475 eis
3203 5419 3539 5490 apparuerit:
3566 5434 3675 5476 cum

2105 5514 2281 5571 adhuc
2310 5513 2541 5569 Joannes
2558 5513 2765 5569 tertiam
2797 5515 2867 5568 sit
2891 5511 3006 5584 ejus
3027 5521 3337 5567 narraturus
3360 5511 3677 5568 demonstra-

2171 5652 2188 5683 ι
2215 5652 2287 5699 sic
2308 5649 2589 5721 Mss.._j_uxta
2622 5644 3053 5715 gmc.,apostell6.
3092 5652 3152 5698 At
3173 5644 3290 5710 editi
3327 5644 3512 5698 habent
3533 5643 3678 5702 ΐιιιιιη

2107 5718 2349 5778 tempore,
2371 5718 2574 5770 nouam.
