3888 6354
236 396 476 452 tionem
515 390 581 448 ad
612 403 758 447 mare
784 384 1081 445 Tiberiadis
1108 400 1121 438 :
1149 382 1344 440 deinde
1386 375 1526 453 quod
1556 379 1685 434 dicit
1716 378 1853 435 idem

236 486 504 549 Marcus,
532 480 871 553 Esprobrans
898 478 1001 533 illis
1024 475 1421 532 incredulitatem
1447 474 1671 537 illorum,
1694 481 1741 525 et
1763 471 1866 524 du-

238 581 443 637 ritiam
483 577 670 641 cordis,
698 575 818 644 quia
847 572 925 627 his
966 570 1055 641 qui
1093 570 1317 624 riderent
1355 582 1468 620 eum
1511 564 1860 628 resurrexisse,

244 687 379 727 non
398 669 711 724 crediderant
737 681 755 721 :
785 665 890 719 illis
915 662 1160 717 videlicet
1186 658 1393 713 duobus
1411 698 1425 720 ,
1452 656 1645 726 quibus
1675 655 1726 709 iu
1759 654 1860 707 vil-

240 762 380 819 lam
405 761 656 819 euntibus
677 758 937 830 apparuit,
968 765 1311 826 posteaquam
1336 750 1661 812 resarrexit;
1692 758 1744 802 et
1770 748 1865 802 Pe-

243 863 377 920 tro,
408 856 493 909 cui
523 851 767 925 primitus
808 864 928 904 etnn
958 845 1267 917 apparuisse
1306 843 1442 913 apud
1475 842 1670 895 Lucam
1713 841 1861 893 inve-

242 948 522 1018 sligaunu
568 955 679 1010 est;
712 942 934 998 fortasse
977 949 1031 995 et
1074 937 1248 993 Maria:
1278 936 1598 1006 Magdalenze
1619 977 1632 996 .
1664 944 1718 987 et
1744 933 1863 987 aliis

246 1038 587 1096 mulieribus
612 1050 730 1107 qua:
756 1050 875 1088 cum
910 1032 997 1086 illa
1027 1039 1199 1093 erant,
1225 1027 1436 1098 quando
1462 1027 1539 1081 eis
1570 1036 1621 1079 et
1650 1023 1716 1078 ad
1749 1040 1863 1077 [Im-

249 1140 585 1189 Ituluentum
607 1127 873 1199 apparuit,
896 1136 951 1180 et
974 1124 1096 1179 inde
1119 1121 1460 1178 redeuntibus
1484 1121 1533 1173 in
1564 1119 1752 1173 itinere
1773 1132 1861 1171 oc-

252 1222 461 1279 currit.
498 1219 631 1277 Nam
676 1220 746 1276 ita
783 1217 1021 1274 contexit
1059 1213 1414 1268 narrationem
1462 1210 1599 1263 idem
1631 1208 1857 1272 Marcus,

247 1331 391 1372 cum
417 1320 893 1370 commemorasset
924 1307 1153 1363 breviter
1183 1306 1248 1360 de
1276 1303 1481 1359 duobus
1516 1303 1640 1362 illis,
1667 1302 1861 1372 quibus

243 1408 514 1481 apparuit
540 1407 595 1461 in
626 1406 800 1460 villatu
826 1401 1095 1464 euntibus,
1112 1399 1251 1470 quod
1271 1398 1607 1453 nuntiassent
1630 1396 1858 1459 Cél'ltEI'lS,

246 1517 365 1557 nec
392 1499 497 1554 illis
524 1496 784 1551 creditum
810 1502 955 1549 esset
980 1510 993 1545 :
1022 1489 1324 1555 Novissime,
1356 1490 1542 1558 inquit,
1567 1490 1860 1542 recumben-

247 1594 401 1649 tibus
427 1592 529 1647 illis
553 1589 786 1644 undecim
814 1586 1072 1658 apparuit,
1104 1595 1150 1639 et
1180 1582 1495 1654 exprobravit
1524 1581 1857 1635 incredulita-

250 1697 366 1741 tem
392 1700 565 1739 eorum
593 1692 640 1736 et
667 1681 905 1734 duritiam
927 1679 1113 1734 cordis.
1136 1678 1255 1746 quia
1280 1676 1356 1730 Itis
1378 1676 1463 1745 qui
1493 1674 1717 1728 viderant
1747 1691 1859 1727 eum

249 1778 600 1834 resurrcxisse
626 1793 727 1830 non
755 1776 1092 1829 crediderant.
1117 1772 1394 1840 Quomodo
1418 1787 1547 1842 ergo
1570 1771 1856 1835 novissime,

250 1871 420 1940 quasi
445 1869 555 1939 jam
578 1868 714 1922 ultra
736 1882 856 1922 eum
879 1880 984 1919 non
1008 1864 1265 1918 viderint?
1286 1862 1638 1918 Novi~simum
1660 1863 1857 1932 quippe

253 1961 399 2018 illud
425 1972 543 2027 est,
571 1976 678 2030 quo
731 1958 1008 2013 Dotninum
1038 1957 1277 2027 Apostoli
1315 1957 1366 2010 iu
1414 1966 1551 2011 terra
1591 1956 1856 2015 viderint.

253 2053 482 2126 quando
506 2051 748 2109 ascendit
778 2052 829 2106 in
854 2052 1084 2115 ctelum;
1111 2048 1254 2120 quod
1288 2048 1479 2103 laetum
1520 2060 1595 2104 est
1627 2048 1857 2118 quadra-

254 2147 471 2216 gesiuto
483 2145 570 2200 die
584 2154 701 2215 post
715 2143 829 2214 ejus
846 2142 1306 2199 resurrectitmcm.
1326 2140 1714 2208 Numquidnam
1736 2154 1861 2195 nmc

255 2237 681 2307 exprobraturus
709 2245 823 2290 erat
849 2235 987 2307 quod
1019 2250 1121 2288 nun
1143 2234 1491 2288 credidissent
1517 2233 1592 2286 eis
1619 2236 1701 2303 qui
1735 2249 1856 2287 eutn

259 2329 513 2385 viderant
541 2328 920 2389 resurrexi~3te,
947 2325 1163 2396 quando
1186 2326 1295 2395 jam
1324 2336 1372 2380 et
1404 2325 1500 2393 ipsi
1535 2339 1647 2394 post
1682 2341 1858 2379 resur-

259 2423 559 2480 rectionem
588 2424 744 2477 toties
763 2437 887 2477 eum
916 2421 1174 2484 viderant,
1196 2430 1245 2474 et
1276 2420 1502 2473 maxime
1529 2420 1642 2488 ipso
1661 2420 1746 2473 die
1777 2436 1858 2475 re-

259 2516 614 2571 surrectionis
635 2514 773 2581 ejus,
799 2513 847 2567 id
872 2522 953 2567 est
975 2529 1074 2566 una
1098 2511 1301 2565 sabbati
1327 2512 1435 2579 jam
1457 2512 1594 2565 circa
1623 2522 1854 2577 Itttt‘lt'ln,

258 2607 405 2661 sicut
429 2606 599 2661 Lucas
625 2604 964 2673 Joannesque
987 2602 1443 2658 connnemormtt?
1471 2603 1730 2657 [lentam-1
1760 2604 1856 2673 igi-

258 2707 354 2754 tur
381 2708 438 2753 ttt
466 2698 815 2767 intelligamth
844 2696 1089 2751 eutmlem
1114 2696 1254 2750 diem
1283 2698 1688 2751 resurrectionis
1719 2702 1854 2763 ejus,

261 2789 316 2845 id
340 2802 423 2845 est
450 2806 607 2843 uuam
629 2789 854 2845 sabbati.
874 2804 943 2858 qu
964 2788 1085 2842 :udo
1110 2805 1229 2842 eum
1264 2797 1382 2858 post
1406 2789 1696 2842 diluculum
1726 2790 1852 2844 vidit

258 2882 392 2938 Mari
414 2906 424 2933 ι
447 2894 500 2937 et
526 2883 643 2937 alia:
668 2897 790 2935 eum
820 2881 907 2935 illa
939 2881 1207 2943 mulieres,
1227 2882 1438 2951 quando
1461 2882 1619 2937 etiam
1643 2883 1852 2947 Petrus,

259 2974 479 3046 quando
512 2984 565 3029 et
595 2974 667 3028 illi
697 2973 804 3027 duo
832 2970 1055 3043 qum-um
1084 2989 1222 3027 onus
1251 2984 1361 3027 erat
1395 2974 1660 3042 (lleopbas
1679 3015 1693 3034 .
1723 2989 1857 3043 quos

258 3066 401 3122 videt
411 3082 473 3120 ur
486 3066 644 3122 etiam
673 3065 812 3120 idem
833 3065 1038 3119 Marcus
1057 3080 1499 3131 etnumemorare,
1518 3066 1730 3135 quando
1747 3067 1853 3131 jalt

262 3160 408 3216 circa
451 3170 659 3215 noctem
706 3160 777 3212 illi
824 3158 1066 3213 mulecim
1095 3160 1113 3227 (
1134 3168 1325 3227 prwler
1349 3160 1391 3213 Τ
1396 3160 1647 3233 ltomam)
1685 3172 1736 3216 et
1763 3160 1853 3232 qui

262 3268 385 3310 cum
410 3254 489 3309 eis
511 3264 684 3317 erant,
707 3252 918 3322 quando
945 3254 1024 3306 eis
1046 3262 1101 3307 et
1128 3252 1210 3305 isti
1238 3252 1378 3322 quod
1405 3254 1643 3308 \‘itlet‘nttl.
1670 3271 1855 3310 narra-

263 3359 475 3412 verunt,
509 3362 647 3400 nttue
677 3346 837 3400 etiam
867 3345 1097 3399 Marcum
1143 3362 1291 3400 more
1319 3361 1416 3399 suo
1447 3346 1676 3400 breviter
1701 3363 1853 3401 cotu-

267 3453 566 3494 memorare
594 3437 824 3491 voluisse
848 3453 862 3495 ς
895 3447 949 3490 et
977 3437 1094 3490 ideo
1119 3436 1319 3489 dixisse
1343 3478 1359 3502 ,
1393 3435 1702 3493 Novissime.
1731 3439 1854 3508 quia

268 3532 384 3602 ipso
410 3531 497 3585 die
517 3532 616 3583 hoc
644 3528 989 3583 ltm'issilltttln
1018 3529 1130 3589 fuit,
1152 3528 1259 3594 jam
1284 3529 1567 3598 inripietne
1596 3539 1856 3585 not-turno

269 3634 538 3693 tempore,
570 3630 913 3693 posteaquam
944 3619 1016 3673 illi
1036 3619 1103 3673 de
1133 3620 1382 3683 castello,
1407 3620 1493 3675 ubi
1518 3636 1639 3676 cum
1662 3622 1713 3676 in
1753 3620 1858 3675 l'ra-

269 3716 443 3771 ctioue
474 3714 624 3784 panis
649 3721 1010 3783 agnoverant,
1044 3712 1314 3766 redierunt
1355 3713 1406 3765 in
1447 3712 1772 3779 Jerusalem,
1800 3722 1857 3770 et

176 3856 185 3863 .
271 3808 617 3869 invenerunt,
645 3806 785 3859 sicut
811 3803 938 3859 dicit
975 3803 1178 3869 Lucas,
1212 3803 1331 3857 illos
1360 3804 1640 3867 undecim.
1667 3814 1719 3860 et
1762 3820 1856 3862 eos

272 3898 358 3967 qui
383 3912 502 3952 cum
531 3897 826 3958 illiseerant,
846 3895 956 3963 jam
981 3895 1346 3964 colloquentes
1370 3894 1437 3949 de
1467 3896 1855 3954 resurrectione

274 3990 509 4055 Domini,
536 3998 589 4044 et
634 3990 775 4060 quod
819 3988 963 4043 visus
1008 3988 1164 4042 fuerit
1201 3988 1398 4043 Petro:
1430 3988 1623 4058 quibus
1662 3999 1715 4044 et
1755 3991 1853 4060 ipsi

274 4091 616 4139 narraverunt
640 4082 779 4149 quod
804 4095 856 4133 ιιι
884 4081 963 4132 via
990 4090 1193 4147 gestum
1220 4089 1418 4145 Cl‘ﬂl,t.‘l
1441 4081 1706 4149 quomodo
1728 4098 1850 4137 eum

272 4173 612 4245 cognoverint
641 4172 692 4225 in
722 4170 979 4225 l‘metioue
1018 4171 1188 4238 panis.
1228 4170 1331 4225 Sed
1373 4183 1527 4227 erant
1566 4173 1639 4227 ibi
1672 4175 1853 4246 utique

274 4282 375 4322 non
403 4265 688 4319 credentes
717 4280 729 4315 :
761 4262 902 4317 unde
932 4278 1114 4316 verum
1145 4272 1227 4316 est
1254 4263 1393 4332 (Illud
1436 4263 1642 4317 Marcus
1683 4265 1811 4321 dit-it
1835 4308 1850 4333 ,

277 4358 382 4415 Nec
406 4359 508 4413 illis
535 4356 873 4412 crediderunt.
905 4355 995 4409 llis
1014 4371 1139 4425 ergo
1160 4356 1291 4422 jatn,
1318 4356 1455 4409 sicut
1476 4356 1683 4413 Marcus
1701 4359 1851 4426 dicit,

277 4450 721 4508 discumbentibus
740 4490 755 4516 ,
783 4458 837 4503 et
863 4448 1039 4502 adhuc
1066 4448 1210 4513 inde,
1241 4451 1377 4502 sicut
1407 4449 1577 4505 Lucas
1601 4450 1748 4516 dicit,
1776 4452 1855 4507 lo-

276 4541 567 4614 quentibus,
595 4542 740 4595 stetit
764 4540 815 4592 in
846 4538 1023 4593 medio
1044 4553 1226 4593 eormn
1252 4538 1523 4605 Dominus,
1549 4549 1600 4593 ct
1626 4542 1698 4594 ait
1728 4542 1851 4608 illis,

277 4635 388 4691 Pax
410 4634 545 4691 vobis
562 4676 578 4701 ,
601 4635 734 4689 sicut
763 4632 932 4687 Lucas
960 4641 1015 4686 et
1048 4631 1280 4686 Joannes
1306 4648 1320 4685 τ
1348 4630 1486 4685 fores
1512 4642 1687 4687 autem
1714 4635 1856 4689 clau-

277 4743 345 4784 sa:
371 4736 551 4793 erant,
580 4742 701 4781 cum
743 4725 808 4780 ad
838 4739 933 4780 eos
971 4724 1217 4789 intravit,
1252 4724 1392 4793 quod
1437 4726 1582 4781 solus
1625 4725 1857 4782 Joannes

277 4827 669 4875 commemorat.
712 4815 899 4872 Verbis
936 4816 1112 4884 itaque
1146 4815 1353 4869 Domini
1397 4832 1515 4885 qua:
1563 4827 1687 4873 tunc
1731 4833 1853 4873 eum

279 4911 499 4965 locutum
541 4923 660 4963 esse
698 4907 969 4977 discipulis
998 4906 1170 4961 Lucas
1215 4905 1552 4977 Joannesqne
1586 4908 1850 4975 dixerunt,

280 5001 621 5069 interponitur
644 5007 700 5054 et
728 5000 813 5055 illa
852 4998 1193 5066 exprobratio
1230 4996 1299 5053 de
1336 5014 1437 5069 qua
1463 4999 1667 5054 Marcus
1701 4999 1851 5068 dicit,

279 5093 406 5167 quod
428 5108 531 5149 non
548 5091 873 5148 crediderint
885 5090 962 5145 eis
974 5090 1061 5161 qui
1080 5106 1199 5145 eum
1219 5092 1575 5146 resurrexisse
1590 5091 1851 5147 viderant.

342 5190 423 5247 76.
464 5187 567 5243 Sed
600 5188 699 5241 hoc
728 5200 914 5241 rursus
954 5194 1172 5247 movet.
1196 5184 1465 5254 quomodo
1508 5185 1852 5241 discumben-

284 5282 409 5338 libus
439 5281 683 5337 undecim
724 5279 853 5335 dicit
884 5279 1160 5333 Dominum
1200 5279 1510 5348 apparuisse
1538 5278 1775 5341 Marcus.
1806 5281 1851 5336 si

286 5374 399 5432 illud
424 5386 635 5446 tempus
652 5381 736 5427 est
757 5372 859 5427 diei
887 5370 1139 5426 dominici
1166 5369 1272 5438 jam
1298 5368 1479 5425 noctis
1504 5370 1675 5433 initio,
1708 5371 1849 5442 quod

285 5468 442 5526 Lucas
454 5466 791 5534 luanneSquc
809 5463 1187 5519 meminerunt.
1203 5464 1241 5517 A
1253 5472 1399 5531 perte
1413 5462 1852 5533 quippeJoaunes

286 5562 396 5618 dicit
421 5575 525 5616 non
563 5575 685 5615 cum
724 5561 804 5615 eis
830 5570 954 5616 tunc
999 5558 1161 5615 fuisse
1209 5560 1507 5630 apostolum
1553 5559 1849 5627 Thomam,

288 5672 427 5729 quem
458 5654 723 5711 credimus
747 5654 940 5711 exiissc
982 5652 1105 5709 inde
1152 5664 1436 5722 antequam
1484 5653 1738 5709 Dominus
1784 5655 1849 5711 ad

285 5764 370 5820 eos
403 5750 661 5819 intraret,
688 5756 1035 5823 posteaquam
1071 5748 1149 5807 illi
1182 5746 1291 5806 duo
1325 5746 1611 5811 redeuntes
1651 5747 1722 5808 de
1759 5764 1851 5807 ca-

1634 232 1840 321 om
1879 260 2203 324 manus.

3412 286 3554 347 {ilo

1969 384 2126 442 stello
2163 401 2283 441 eum
2325 388 2453 459 ip7is
2493 394 2736 451 undecim
2780 397 3024 454 collocuti
3055 408 3216 464 sunt.
3246 401 3383 457 sicut
3410 405 3549 473 apud

1973 480 2168 537 Lucam
2218 484 2501 540 invenitur.
2534 486 2638 544 Sed
2674 489 2841 546 Lucas
2888 494 2940 547 in
2977 508 3072 548 sua
3122 496 3425 551 narratione
3465 498 3557 553 dat

1972 574 2144 629 locum
2192 592 2298 646 quo
2347 578 2511 647 possit
2558 579 2811 649 intelligi.
2852 583 2977 638 dum
3029 585 3140 640 Ita-c
3187 586 3557 656 lmpterentur,

1972 668 2118 736 prius
2149 667 2270 722 inde
2296 669 2493 725 exiisse
2524 669 2815 733 Thomam.
2848 688 2900 729 et
2945 686 3124 741 postea
3160 677 3437 732 Dominum
3466 678 3554 733 iu-

1971 767 2157 813 trassc.
2188 760 2391 815 Marcus
2417 773 2595 817 autem
2633 766 2722 834 qui
2752 765 2909 830 dicit,
2947 764 3229 822 Novissime
3264 769 3554 823 recumben-

1969 850 2099 905 libus
2127 852 2228 906 illis
2254 852 2482 906 undecim
2502 857 2760 925 apparuit,
2788 858 2947 911 etiam
2969 857 3227 913 Thomam
3257 859 3362 915 illic
3389 861 3554 917 fuisse

1968 946 2105 1015 cogit
2139 944 2310 999 fateri.
2340 945 2449 999 Nisi
2484 946 2646 1009 forte,
2679 949 2920 1017 quamvis
2967 964 3073 1002 uno
3099 951 3350 1011 absente,
3381 951 3554 1007 mule-

1968 1038 2071 1092 cim
2106 1047 2279 1091 conten
2325 1039 2487 1092 voluit
2527 1040 2829 1109 appellare,
2860 1042 2983 1110 quia
3023 1043 3209 1097 eadem
3255 1052 3381 1098 tunc
3425 1060 3555 1112 apo-

1967 1131 2152 1183 stolica
2184 1130 2413 1185 serietas
2437 1133 2535 1186 boc
2559 1148 2779 1185 munero
2808 1149 2877 1186 nu
2903 1135 3229 1202 :cupabalttr,
3259 1148 3546 1205 antequam

1968 1221 2213 1276 Maltltias
2240 1224 2289 1277 in
2322 1224 2492 1278 locum
2520 1224 2669 1278 Julia:
2700 1226 3097 1294 subrogaretur.
3130 1229 3234 1281 Aut
3254 1227 3297 1281 si
3330 1226 3430 1282 hoc
3455 1228 3553 1282 du-

1968 1331 2085 1370 rum
2128 1326 2212 1370 est
2258 1318 2333 1372 sic
2379 1319 2657 1388 aeripere,
2704 1319 2832 1372 illud
2874 1334 3001 1388 ergo
3050 1320 3404 1389 aet-ipiamus,
3437 1329 3555 1389 post

1967 1406 2160 1462 umltas
2186 1406 2671 1465 detuonstralitmes
2695 1410 2812 1478 ejus
2841 1410 3032 1480 quibus
3061 1426 3152 1479 per
3178 1411 3295 1466 dies
3320 1411 3553 1481 quadra-

1964 1500 2107 1569 ginta
2135 1500 2406 1568 discipulis
2432 1513 2779 1571 praesentatus
2808 1513 3047 1565 cst,eum
3076 1505 3232 1557 etiam
3263 1504 3551 1561 novissime

1968 1594 2397 1647 recumlu-ntiluts
2444 1594 2547 1650 il'is
2587 1597 2830 1649 undecim
2857 1596 3198 1665 apparuisse,
3233 1596 3283 1650 id
3323 1608 3400 1650 est
3434 1599 3550 1667 ipSu

1964 1685 2371 1755 quadragesimo
2396 1688 2482 1743 die
2503 1704 2515 1739 :
2536 1699 2584 1742 et
2609 1690 2856 1757 quoniam
2879 1688 2988 1754 jam
3020 1697 3135 1741 erat
3162 1689 3230 1741 ab
3254 1690 3333 1743 eis
3356 1705 3547 1744 ascen-

1964 1793 2119 1833 snrus
2146 1780 2195 1832 in
2227 1780 2420 1832 eulnm
2442 1822 2457 1842 ,
2489 1782 2586 1832 hoc
2612 1781 2689 1833 eis
2718 1781 2810 1833 illo
2853 1780 2939 1835 die
2971 1781 3198 1834 maxime
3222 1781 3549 1850 exprobrare

1965 1871 2199 1926 voluisse
2219 1913 2233 1935 ,
2258 1873 2378 1941 quia
2410 1872 2492 1924 bis
2521 1873 2607 1942 qui
2634 1873 2877 1928 viderant
2902 1888 3025 1927 eum
3060 1874 3413 1928 resurrexisse
3442 1890 3548 1929 non

1963 1966 2316 2028 crediderant,
2350 1978 2635 2036 antequam
2664 1968 2761 2035 ipsi
2793 1983 2913 2021 eum
2938 1965 3209 2030 viderent;
3231 1981 3352 2019 cum
3372 1967 3552 2035 utique

1967 2066 2085 2125 post
2124 2057 2492 2112 ascensionem
2534 2074 2683 2112 suam
2728 2058 3141 2126 praedicantibus
3173 2057 3277 2111 illis
3306 2057 3549 2128 Evange-

1964 2147 2124 2212 lium,
2156 2148 2316 2201 etiam
2348 2157 2533 2217 gentes
2561 2148 2702 2216 quod
2732 2167 2835 2204 non
2866 2149 3110 2204 viderunt
3146 2149 3348 2203 luerunt
3376 2148 3552 2204 credi-

1965 2250 2117 2296 turae.
2150 2241 2273 2296 Post
2299 2242 2441 2297 iilatu
2473 2245 2663 2312 quippe
2696 2244 3160 2313 exprobratum-nt
3182 2284 3197 2301 .
3230 2252 3444 2297 secutus
3478 2242 3554 2298 ait

1930 2328 1933 2331 λ
1965 2333 2104 2388 idem
2147 2334 2393 2389 Maw-ns:
2426 2334 2491 2388 Et
2538 2335 2665 2388 dixit
2694 2337 2763 2389 eis
2792 2352 2810 2389 :
2846 2334 3038 2389 litantes
3064 2336 3115 2388 in
3144 2335 3385 2389 mundum
3431 2336 3551 2388 uni-

1962 2442 2185 2490 versum,
2212 2426 2482 2495 ,irwdirate
2510 2426 2840 2495 Evangelium
2868 2428 3005 2480 omni
3031 2436 3277 2481 creatura:
3300 2443 3317 2479 :
3339 2427 3425 2496 qui
3443 2443 3550 2480 cre-

1962 2518 2145 2571 diderit
2169 2559 2184 2580 ,
2212 2527 2259 2572 et
2300 2519 2579 2585 baptizatus
2609 2520 2794 2589 fuerit,
2840 2519 3007 2573 salvus
3040 2519 3163 2580 erit;
3196 2520 3280 2588 qui
3309 2532 3423 2572 vero
3450 2534 3551 2572 non

1962 2610 2253 2675 crediderit,
2286 2612 2720 2665 rondenmabitur.
2756 2612 3010 2676 llnCergo
3037 2612 3393 2681 lll‘:l‘tllt::llttl‘l,
3421 2627 3553 2681 quo.

1964 2705 2104 2758 niam
2132 2704 2220 2773 qui
2251 2721 2356 2758 non
2399 2706 2686 2760 crrdiderit
2722 2707 3185 2772 comlemnabitur,
3214 2724 3333 2760 eum
3365 2707 3415 2760 id
3443 2707 3550 2761 uti-

1961 2814 2065 2869 que
2088 2813 2192 2851 non
2218 2797 2503 2852 crediderit
2522 2801 2660 2865 qttod
2680 2814 2783 2853 non
2812 2799 2971 2861 vidit;
2995 2816 3167 2852 nonne.
3191 2799 3287 2868 ipsi
3303 2798 3549 2868 primitus

1964 2891 2167 2945 fuerant
2203 2889 2550 2959 objurgandi,
2578 2891 2718 2961 quod
2749 2902 3031 2961 antequam
3082 2889 3359 2943 Dominum
3390 2888 3553 2945 vidis-

1960 2992 2100 3046 sent,
2127 2997 2230 3036 uou
2257 2982 2597 3037 crediderunt
2621 2983 2701 3036 eis
2724 2982 2916 3052 quibus
2935 2982 3079 3050 prius
3099 2981 3470 3051 apparuisset?

2032 3075 2119 3128 77.
2165 3075 2309 3128 Ilauc
2338 3084 2513 3127 autem
2546 3074 2890 3128 novissimam
2925 3072 3089 3128 fuisse
3116 3074 3464 3143 corporaliter
3493 3073 3546 3129 in

1963 3175 2103 3221 terra
2138 3165 2661 3235 repnesentationem
2702 3164 2908 3219 Dutnini
2938 3165 3208 3236 Apostolis
3232 3165 3392 3219 etiam
3421 3162 3548 3220 illud

1960 3256 2213 3310 admonet
2257 3265 2313 3309 ut
2340 3256 2622 3310 credamus
2642 3298 2655 3313 .
2678 3256 2819 3324 quod
2861 3256 2929 3309 ita
2971 3258 3212 3325 sequitur
3247 3255 3385 3311 idem
3416 3255 3553 3311 Maro

1961 3361 2057 3400 cus
2086 3363 2099 3398 ε
2127 3344 2291 3413 Signa
2314 3355 2479 3399 autem
2518 3362 2602 3398 eos
2637 3346 2725 3415 qui
2753 3345 3086 3399 crediderint.
3110 3346 3217 3399 lucc
3245 3356 3549 3410 sequentur:

1962 3435 2013 3488 in
2036 3435 2233 3487 nomine
2271 3450 2380 3488 meo
2415 3434 2664 3488 dicinonia
2693 3434 2921 3504 ejiciettt,
2949 3434 3134 3503 linguis
3170 3434 3434 3501 loquentur
3457 3452 3551 3489 no-

1964 3529 2071 3592 vis;
2100 3536 2350 3597 serpentes
2392 3528 2595 3591 tollent,
2626 3536 2671 3579 et
2707 3527 2751 3579 si
2794 3526 3107 3594 mortiferum
3142 3528 3264 3598 quid
3305 3527 3546 3592 biberint.

1963 3637 2062 3674 non
2089 3621 2159 3673 eis
2185 3620 2374 3673 nocebit
2396 3635 2414 3680 ;
2436 3636 2589 3687 super
2608 3630 2823 3688 a’grotos
2850 3636 3030 3672 manus
3050 3619 3337 3687 imponent,
3363 3631 3408 3672 et
3428 3618 3552 3676 bene

1962 3714 2230 3767 habebunt.
2265 3712 2464 3767 Deinde
2484 3712 2755 3781 sttltjttngit
2783 3730 2797 3767 :
2826 3711 2888 3765 Et
2917 3710 3161 3767 Dominus
3181 3713 3379 3783 quidem
3410 3721 3551 3785 post-

1960 3823 2111 3875 quam
2133 3806 2326 3859 Iorutus
2350 3814 2419 3859 est
2445 3805 2514 3858 eis
2530 3846 2545 3868 ,
2576 3815 2867 3871 assumptus
2892 3805 3029 3857 estin
3050 3805 3228 3858 caelum
3250 3845 3266 3869 ,
3294 3816 3341 3860 et
3363 3804 3493 3859 sedit
3517 3820 3553 3859 α

1962 3898 2153 3953 dextris
2181 3896 2293 3951 Dei.
2326 3896 2413 3950 Illi
2436 3906 2602 3951 autem
2640 3897 2854 3967 profecti
2865 3937 2882 3959 ,
2921 3896 3318 3966 pra'dicarernnt
3348 3896 3547 3967 ubique,

1963 3989 2184 4043 Domino
2210 3998 2510 4059 coeperante
2530 4030 2545 4052 ,
2578 4000 2622 4041 et
2642 4004 2920 4042 sermonem
2940 3989 3270 4055 con/irritante
3296 3987 3550 4059 sequenti-

1962 4080 2051 4135 bus
2077 4081 2253 4150 signis.
2281 4080 2414 4134 Cum
2455 4095 2582 4151 ergo
2610 4080 2737 4135 dicit
2757 4121 2770 4142 ,
2808 4080 2872 4133 Et
2908 4079 3151 4135 Dominus
3186 4082 3386 4151 quidem
3411 4090 3550 4154 post-

1960 4190 2110 4244 quam
2142 4173 2338 4228 locutus
2362 4184 2431 4227 est
2461 4175 2531 4227 eis
2548 4213 2563 4238 ,
2588 4182 2874 4243 assumptus
2895 4186 2968 4227 est
2996 4175 3045 4227 in
3071 4174 3249 4229 cazlum
3269 4192 3287 4239 ;
3313 4178 3441 4229 satis
3467 4175 3548 4230 vi-

1963 4264 2118 4319 detttr
2164 4263 2446 4319 ostendere
2475 4265 2818 4318 mwissimum
2845 4280 2965 4317 cmn
3009 4266 3111 4317 illis
3150 4266 3201 4318 in
3240 4275 3377 4319 terra
3404 4264 3547 4322 hunc

1962 4371 2082 4410 eum
2112 4355 2360 4409 habuisse
2386 4370 2688 4408 sermonem
2719 4372 2731 4406 :
2754 4356 2999 4422 quamvis
3024 4368 3129 4409 non
3152 4354 3459 4409 omnimodo
3476 4356 3545 4411 ad

1964 4446 2015 4501 id
2049 4456 2323 4501 coarctare
2364 4443 2621 4498 videatur.
2650 4443 2764 4499 Non
2806 4446 2946 4499 enim
2976 4445 3085 4511 ait,
3116 4445 3398 4515 Postquam
3432 4444 3548 4502 h:ec

1963 4539 2171 4592 locutus
2215 4544 2297 4592 est
2321 4535 2430 4599 eis;
2463 4536 2555 4590 sed
2576 4575 2593 4600 ,
2625 4546 2886 4604 postquam
2927 4534 3120 4590 locutus
3156 4544 3227 4591 est
3260 4537 3333 4591 eis
3362 4552 3380 4590 :
3406 4536 3546 4593 unde

1962 4630 2225 4697 admittit,
2256 4630 2301 4683 si
2330 4628 2619 4683 necessitas
2646 4638 2891 4698 cogeret,
2920 4645 3024 4682 non
3057 4628 3209 4682 istaut
3250 4630 3412 4685 luisse
3452 4645 3549 4685 no-

1963 4720 2235 4776 vis'simam
2282 4720 2637 4786 locutionem,
2669 4736 2766 4774 nec
2793 4720 2952 4774 istum
2996 4720 3160 4775 fuisse
3198 4722 3545 4779 novissimum

1961 4812 2100 4867 diem
2122 4828 2229 4883 quo
2247 4812 2325 4866 eis
2352 4813 2403 4866 in
2432 4820 2571 4867 terra
2602 4826 2838 4883 prasens
2864 4812 2993 4879 fuit,
3024 4812 3119 4867 sed
3138 4812 3204 4867 ad
3230 4816 3405 4869 oumia
3428 4831 3546 4886 qua:

1963 4921 2083 4961 cum
2113 4907 2193 4960 eis
2215 4906 2464 4961 omnibus
2490 4906 2591 4959 illis
2610 4904 2797 4960 diclms
2820 4904 3029 4962 locutus
3052 4916 3166 4969 est.
3195 4923 3352 4977 posse
3384 4908 3547 4978 perlio

1964 5016 2094 5057 nere
2123 5000 2263 5072 quod
2299 5000 2496 5055 dictum
2540 5009 2656 5066 est,
2684 5010 2949 5071 postquam
2988 5001 3185 5053 locutus
3228 5010 3300 5055 est
3330 5006 3433 5065 eis,
3463 5016 3544 5057 as-

1963 5104 2193 5165 sumptus
2212 5095 2357 5149 estin
2377 5094 2576 5148 calum.
2604 5092 2710 5149 Sed
2735 5094 2855 5163 quia
2880 5108 2941 5148 ea
2964 5109 3082 5162 qum
3109 5108 3268 5165 supra
3289 5094 3543 5161 diximus,

1963 5190 2131 5260 magis
2171 5189 2395 5245 suadent
2424 5188 2566 5242 bunc
2607 5187 2950 5241 novissimum
2979 5185 3122 5243 diem
3162 5188 3353 5254 fuisse,
3382 5203 3541 5256 quam

1962 5290 2021 5337 ut
2065 5281 2425 5349 intelligantur
2450 5278 2697 5334 undecim
2741 5277 2830 5347 qui
2862 5275 3067 5333 Tboma
3107 5279 3328 5335 absente
3353 5280 3542 5338 decem

1962 5373 2211 5437 fuerunt;
2261 5373 2380 5427 ideo
2427 5380 2542 5440 post
2599 5370 2735 5426 bane
2777 5371 3097 5428 locutionem
3139 5388 3297 5443 quam
3337 5372 3543 5429 Marcus

1962 5472 2345 5521 ctnnmemorat
2362 5504 2379 5527 ,
2413 5462 2676 5531 adjunctis
2696 5463 2856 5518 etiam
2885 5473 3276 5533 consequenter
3301 5465 3403 5519 illis
3426 5479 3548 5522 ver-

1959 5558 2073 5624 bis,
2120 5556 2207 5611 vel
2257 5555 2632 5625 discipulorum
2684 5557 2766 5615 vel
2805 5555 2999 5627 ipsius,
3044 5572 3161 5628 quze
3212 5571 3545 5613 commemo-

1962 5661 2146 5707 rantur
2189 5649 2240 5704 in
2292 5647 2512 5704 Actibus
2552 5649 2925 5720 Apostolorum
2958 5650 3092 5711 (Act.
3137 5666 3188 5715 ι,
3230 5648 3377 5722 4-8),
3430 5664 3550 5706 ere-

1960 5745 2193 5807 dcndum
2230 5753 2314 5802 est
2354 5752 2683 5827 assumptum
2728 5742 3008 5801 Dominum
3056 5743 3109 5803 in
3154 5742 3387 5814 etclam,
3417 5758 3553 5823 qua-
