3888 6304
464 199 597 264 m4

462 307 763 380 «tracesimo
788 305 996 364 scilicet
1014 303 1102 362 die
1128 311 1250 374 post
1274 303 1412 358 diem
1444 300 1846 357 resurrectionis
1897 301 2028 368 ejus.

537 403 624 467 78,
663 401 896 456 Joannes
938 409 1151 468 autem,
1191 397 1430 468 quamvis
1485 395 1710 450 fateatur
1759 395 1922 447 multa
1979 409 2036 448 se

465 494 870 563 Wnuiisisse
909 507 1027 561 qua;
1071 488 1198 550 (coit
1241 488 1432 554 Jesus,
1460 488 1624 542 voluit
1670 498 1842 541 tamen
1874 487 2032 540 etiam

465 587 674 652 leniam
710 585 826 653 ejus
852 584 1369 652 rcpmtsentationcm
1398 581 1667 650 discipulis
1710 590 1827 649 post
1855 595 2034 633 resor-

464 680 754 742 motionem
785 675 974 738 factam
999 689 1419 728 commemorare
1448 672 1511 724 ad
1545 687 1688 725 mare
1718 670 2031 734 Tiberiadis,

462 776 666 835 septem
696 767 896 822 scilicet
916 765 1210 834 discipulis,
1237 765 1411 824 Petro.
1440 763 1679 824 Thomze,
1700 761 2031 825 Nalhanaeli,

465 858 586 925 ﬁliis
621 859 896 930 Zebedtei,
924 869 980 914 et
1021 859 1136 912 aliis
1163 857 1381 926 duobus
1409 872 1542 925 quos
1571 855 1884 910 nominatim
1933 869 2034 907 non

468 951 765 1026 “pressit,
795 965 915 1006 cum
957 951 1314 1020 piscarentur;
1347 948 1556 1019 quando
1580 948 1729 1016 jussu
1759 947 1874 1014 ejus
1903 945 2033 998 retia

465 1041 735 1111 mittentes
773 1041 826 1095 in
869 1041 1105 1100 dextram
1156 1050 1354 1109 partem
1378 1081 1390 1101 ,
1425 1047 1765 1093 extraxerunt
1818 1052 2035 1106 magnos

463 1133 637 1203 ﬂagres
667 1143 875 1188 centum
905 1133 1276 1203 quinquaginta
1321 1139 1458 1192 tres;
1488 1129 1698 1200 quando
1745 1129 1903 1182 etiam
1936 1128 2035 1180 Pc-

466 1233 717 1296 ,lpinttelr
765 1226 1102 1294 interrogavit
1133 1235 1305 1278 utrum
1353 1224 1418 1278 ab
1464 1223 1551 1276 illo
1594 1232 1878 1283 amaretur,
1912 1232 1961 1274 et
1989 1221 2035 1272 ei

467 1291 757 1386 pascendas
787 1317 1174 1374 commendavit
1199 1332 1322 1369 oves
1364 1331 1485 1371 snas
1507 1357 1519 1377 ,
1553 1325 1603 1367 ct
1629 1314 1694 1367 de
1725 1313 1839 1380 ejus
1876 1314 2037 1379 ipsius

467 1408 712 1480 passione
737 1409 1011 1479 praedixit,
1042 1418 1094 1464 et
1135 1407 1203 1462 de
1241 1408 1354 1475 ipso
1395 1406 1594 1460 Joanne
1633 1405 1731 1467 ait,
1763 1404 1850 1458 Sic
1881 1406 1895 1434 ¹
1925 1421 2038 1455 eum

464 1499 576 1580 ιριο
618 1517 818 1553 utanere
841 1499 998 1556 donec
1025 1500 1235 1553 veniam.
1280 1497 1356 1551 Ad
1390 1498 1486 1551 hoc
1526 1497 1758 1551 Joannes
1797 1497 2035 1565 Evange-

466 1588 600 1664 lliutn,
621 1605 776 1644 suum
799 1590 1114 1644 terminavit.

541 1680 627 1742 79,
670 1681 788 1735 Jam
833 1696 970 1736 nunc
1014 1680 1354 1748 quaerendum
1408 1689 1486 1732 est
1543 1678 1754 1746 quando
1807 1678 2034 1745 primunt

467 1769 614 1846 visus
641 1770 712 1824 sit
746 1787 776 1824 a
809 1771 1080 1839 discipulis
1119 1772 1169 1825 in
1210 1771 1458 1831 Galilma;
1507 1772 1623 1838 quia
1657 1780 1708 1821 et
1758 1768 1855 1821 hoc
1896 1768 2034 1836 quod

472 1861 632 1937 tertio
659 1861 1106 1925 narratJOanncs,
1137 1863 1186 1914 in
1216 1859 1425 1916 Galilwa
1459 1860 1648 1912 factum
1681 1870 1762 1912 est.
1795 1859 1858 1910 ad
1891 1876 2037 1913 mare

468 1933 761 2024 Tiberiadis
784 1969 796 2004 :
821 1951 958 2020 quod
989 1952 1138 2007 facile
1165 1953 1304 2006 videt
1330 1952 1414 2022 qui
1445 1952 1627 2005 recolit
1650 1951 1776 2003 illud
1808 1951 2033 2003 miracu-

465 2023 576 2119 ιξῳι
621 2040 689 2118 de
735 2042 964 2111 quinque
1015 2044 1261 2110 panibus,
1293 2043 1431 2111 quod
1474 2044 1540 2094 ita
1587 2057 1800 2093 narrare
1849 2041 2030 2108 incipit

467 2128 607 2210 idem
646 2131 880 2206 Joannes
905 2152 916 2186 :
945 2132 1068 2185 Post
1090 2134 1195 2186 lucc.
1221 2134 1336 2186 obiit
1363 2132 1511 2186 Jcsns
1554 2143 1690 2187 trans
1727 2150 1862 2186 mare
1895 2131 2038 2186 Gali-

466 2203 609 2302 έξξίέ,
640 2203 777 2296 φιυᾴ
816 2235 915 2289 est,
945 2225 1223 2278 Tiberiadis
1265 2225 1439 2294 (Joun.
1474 2243 1554 2290 vi,
1589 2226 1665 2296 l).
1717 2226 1816 2280 Ubi
1861 2237 2036 2282 autem

466 2314 639 2398 putari
667 2326 834 2383 potest
864 2318 1088 2386 primum
1113 2333 1141 2370 a
1161 2318 1430 2385 discipulis
1453 2329 1567 2386 post
1593 2319 2035 2372 resurrectionem

466 2402 632 2478 videri
663 2405 938 2471 debuisse,
975 2408 1069 2458 nisi
1100 2406 1150 2460 in
1191 2407 1447 2461 Galilma?
1477 2409 1518 2461 si
1553 2410 1854 2462 rccolanlur
1880 2410 2037 2462 verba
2067 2455 2073 2470 ,

470 2485 610 2574 illius
644 2497 809 2570 angeli
839 2498 925 2566 qui
968 2498 1254 2550 secundum
1285 2498 1582 2550 Matthzcum
1615 2499 1946 2552 venientibus
1975 2498 2038 2551 ad

468 2596 868 2660 monumentum
907 2589 1215 2642 mulieribus
1246 2589 1313 2642 ita
1354 2590 1601 2657 loquitur,
1635 2589 1806 2641 Nolite
1835 2591 2035 2649 timere.

464 2689 582 2752 vos:
606 2677 708 2728 scio
735 2678 865 2729 enim
899 2680 1030 2748 quod
1066 2677 1102 2730 J
1106 2695 1242 2731 esum
1269 2681 1352 2742 qui
1377 2680 1646 2746 cruciﬁxus
1686 2691 1755 2732 est
1784 2681 2040 2748 qna’ritis;

468 2783 566 2848 non
590 2779 662 2838 est
689 2770 768 2821 ln'c
788 2812 800 2834 ,
832 2772 1044 2823 surrexit
1073 2773 1202 2824 enim
1240 2775 1362 2824 sicut
1400 2773 1526 2824 dixit
1549 2789 1565 2824 :
1587 2775 1741 2824 venite
1762 2814 1773 2832 ,
1799 2783 1844 2824 et
1880 2773 2040 2824 videte

466 2854 631 2928 locum
660 2859 740 2911 ubi
784 2861 973 2930 positus
1017 2873 1120 2912 erat
1148 2861 1410 2913 Dominus.
1461 2861 1524 2913 Et
1550 2864 1646 2913 cito
1681 2872 1852 2915 euntes
1886 2863 2041 2914 .dicite

467 2942 728 3024 discipulis
758 2951 868 3021 ejus
913 2953 1031 3018 quia
1079 2954 1329 3016 surrexit;
1360 2963 1404 3005 et
1449 2969 1558 3005 ecce
1598 2953 1829 3020 prwccdit
1860 2971 1943 3006 vos
1986 2954 2037 3006 in

468 3027 768 3106 Galila’am;
798 3039 866 3091 ibi
887 3058 996 3093 eum
1027 3042 1249 3095 videbitis
1274 3061 1292 3094 :
1313 3059 1424 3094 ecce
1449 3045 1556 3094 diri
1600 3045 1731 3095 vobis
1758 3061 1774 3095 :
1801 3047 1921 3096 item
1950 3059 2036 3098 se-

428 3127 693 3206 cundum
742 3127 1001 3190 Marcum,
1033 3132 1144 3183 sive
1192 3132 1301 3198 ipse
1345 3133 1410 3183 sit
1455 3134 1671 3201 angelus
1716 3135 1825 3184 sive
1864 3135 2036 3197 alios,

423 3278 428 3280 _
470 3211 675 3294 lyolite.
711 3217 905 3288 inquit,
946 3236 1269 3290 expavescere
1300 3237 1318 3274 :
1341 3220 1514 3274 Jesum
1545 3225 1763 3290 quwrilis
1808 3222 2035 3276 Nazare-

467 3324 586 3385 num
624 3310 956 3384 cruciﬁxum;
985 3314 1230 3376 surrexit,
1266 3331 1362 3366 non
1403 3324 1471 3366 est
1503 3315 1580 3364 hic
1605 3330 1621 3366 :
1643 3332 1753 3366 ecce
1793 3315 1929 3367 locus
1958 3316 2040 3367 ubi

466 3410 736 3480 posuerunt
769 3417 899 3454 enin.
928 3400 1034 3456 Sed
1059 3403 1151 3465 ite,
1182 3405 1330 3456 dicite
1355 3405 1442 3455 dis.
1463 3405 1611 3472 ipnlis
1637 3407 1744 3474 ejus
1773 3416 1818 3457 et
1856 3404 2036 3470 Petro,

531 3490 579 3541 ia
607 3489 839 3559 prwcedit
867 3507 953 3546 vos
995 3493 1046 3545 in
1075 3492 1337 3547 Gali/tcum
1362 3509 1378 3546 :
1401 3495 1466 3546 ibi
1512 3511 1622 3546 cum
1654 3495 1874 3547 videbitis
1913 3495 2038 3548 sicut

531 3507 579 3541 ta
607 3505 839 3559 prteceau
867 3507 953 3546 vos
995 3509 1046 3545 m
1075 3505 1337 3547 balineum
1362 3509 1378 3546 :
1401 3505 1463 3546 tbi
1512 3511 1622 3546 cum
1654 3505 1874 3547 videbitis
1913 3505 2038 3548 sicut

464 3505 594 3656 Ξειεή
611 3579 786 3635 vobis?
813 3581 935 3635 "me
959 3584 1120 3637 verba
1148 3585 1212 3636 ita
1239 3585 1478 3639 videntur
1498 3601 1706 3651 s0nare,
1726 3587 1864 3655 quod
1885 3587 2040 3642 Jesus

466 3661 570 3749 ᾔρει
595 3682 707 3725 erat
733 3688 789 3726 se
807 3673 1260 3728 demonstraturus
1284 3686 1398 3744 post
1417 3679 1856 3734 resurrectionem
1877 3681 2040 3736 disci-

467 3761 629 3830 pulis,
661 3764 758 3818 nisi
799 3765 848 3817 in
894 3763 1128 3821 Galiltra.
1178 3770 1342 3832 Quam
1387 3769 1888 3825 demonstrationem
1943 3787 2041 3828 nec

467 3839 580 3919 ipse
633 3853 836 3908 Marcus
893 3859 1356 3920 Commemoravit,
1398 3861 1485 3927 qui
1539 3877 1656 3913 enni
1709 3863 1838 3916 dixit
1888 3881 2040 3920 mane

469 3937 634 4009 prima
665 3944 868 3996 sabbati
917 3948 1225 4014 apparuisse
1265 3948 1434 4015 primo
1464 3950 1638 4004 Mariae
1683 3953 2036 4022 Magdalcnae,

467 4024 521 4084 et
557 4029 697 4084 illam
737 4033 1011 4087 nuntiasse
1038 4036 1338 4104 discipulis,
1369 4036 1451 4091 his
1476 4041 1563 4106 qui
1596 4056 1713 4094 cum
1743 4058 1809 4094 eo
1835 4046 2042 4098 fuerant

470 4119 772 4198 logi-ritibus
801 4132 853 4176 ct
884 4123 1158 4190 ﬂemibus;
1191 4127 1308 4182 illos
1340 4138 1515 4182 autem
1564 4146 1666 4183 non
1707 4134 1994 4188 credidisse
2022 4153 2036 4189 :

469 4222 588 4280 post
616 4212 728 4267 lucc
752 4213 941 4269 deinde
963 4215 1165 4270 duobus
1192 4233 1256 4272 ex
1281 4218 1360 4272 his
1383 4221 1689 4287 apparuis'se
1719 4223 1964 4276 euntibus
1988 4225 2036 4277 in

469 4295 648 4380 ifillam
669 4345 683 4367 ,
717 4312 769 4357 ct
795 4305 913 4359 illos
943 4309 1147 4361 caeteris
1187 4311 1492 4375 nuntiasse;
1526 4313 1664 4380 quod
1698 4312 1891 4368 factum
1920 4325 2034 4379 est,

397 4384 400 4388 Α
464 4395 600 4450 sicut
632 4396 798 4451 Lucas
835 4407 886 4450 et
923 4396 1154 4454 Joannes
1191 4410 1590 4468 coattestantur,
1621 4405 1670 4457 in
1709 4405 2035 4471 Jerusalem,

465 4485 652 4541 eodem
685 4489 803 4558 ipso
823 4489 906 4542 die
936 4491 1370 4554 resurrectionis.
1398 4494 1506 4562 jam
1539 4497 1708 4549 noctis
1739 4497 1886 4550 initio
1911 4516 1924 4552 :
1948 4498 2041 4552 (ιθ

466 4575 588 4631 inde
617 4579 760 4633 venit
801 4579 866 4634 ad
895 4581 1033 4635 illam
1061 4582 1174 4651 ejus
1211 4585 1686 4640 manifestalioncm
1707 4628 1722 4652 ,
1753 4604 1908 4657 quam
1940 4606 2036 4643 no-

466 4667 734 4724 vissimam
781 4671 937 4736 dicit,
988 4677 1421 4730 recumbentibus
1466 4679 1566 4731 illis
1611 4678 2040 4750 undecimzpost

468 4759 602 4816 hanc
627 4761 753 4817 dicit
781 4779 900 4816 eum
938 4775 1265 4834 assumptum
1310 4769 1360 4822 in
1401 4770 1624 4835 cmluin;
1657 4771 1797 4840 quod
1845 4774 2036 4828 factum

464 4849 662 4906 scimus
706 4855 757 4906 in
799 4862 979 4907 m0nte
1015 4854 1236 4921 Oliveli,
1269 4874 1372 4912 non
1411 4860 1564 4928 longe
1602 4867 1669 4914 ab
1693 4861 1984 4918 Jerus:ilem
2019 4882 2033 4918 :

464 4958 721 5012 nusquam
750 4944 908 5014 igitur
925 4957 1307 5001 commemorat
1330 4949 1531 5002 Marcus
1553 4953 1869 5020 completum
1894 4955 2032 5022 quod

463 5023 534 5088 ab
559 5037 746 5105 angelo
775 5038 1180 5106 praenuntiatum
1201 5053 1319 5095 esse
1342 5049 1579 5095 testatur.
1612 5044 1888 5100 Matthzeus
1911 5063 2035 5103 vero

466 5125 596 5180 nihil
645 5127 784 5182 aliud
834 5127 995 5193 dicit,
1024 5144 1122 5184 nec
1171 5131 1333 5184 ullum
1387 5131 1546 5184 alium
1598 5133 1769 5187 locum
1819 5138 2034 5192 omnino

464 5231 879 5286 commemorat,
922 5221 1007 5275 vel
1057 5230 1179 5276 ante
1235 5224 1314 5277 vel
1371 5236 1589 5293 postea,
1624 5225 1709 5278 ubi
1757 5226 2032 5296 discipuli,

379 5319 382 5322 ’
464 5321 805 5382 posteaquam
855 5314 1179 5379 resurrexit,
1226 5315 1452 5369 viderint
1497 5316 1802 5381 Dominum,
1845 5319 1944 5372 nisi
1981 5320 2033 5374 in

524 5465 543 5497 ί
561 5470 692 5537 Lor...
714 5463 786 5537 si;
804 5465 941 5528 juxta
952 5474 1140 5537 textum
1163 5484 1373 5537 graecum
1399 5483 1506 5537 erm.
1528 5478 1580 5521 At
1598 5478 1694 5522 Rat.
1713 5479 1782 5537 Er.
1804 5481 2037 5537 etomnes

462 5535 596 5638 Μωῶ
607 5532 677 5578 sic
706 5535 889 5588 :atque
913 5532 1221 5590 Augustinum
1247 5535 1308 5581 ita
1336 5533 1515 5595 legisse
1541 5542 1670 5594 patet
1710 5535 1844 5596 inira,
1873 5536 1957 5584 liti.
1986 5537 2033 5596 4,

463 5599 510 5635 n.
601 5624 612 5635 .

1206 142 1307 240 ne.
1331 121 1681 237 muscast?
1723 181 2378 250 EVANGELISTABUM,
2419 180 2476 236 s.
2517 173 2882 238 AUGUSTINI

3112 139 3134 172 ‘
3321 172 3328 177 ’
3591 179 3716 239 me

2143 296 2356 354 Galilrca
2385 296 2670 352 secundum
2693 293 2864 368 angeli
2892 292 3308 365 prtedictionem.
3329 294 3573 365 Denique
3597 311 3716 350 cum

2145 390 2463 446 insinuasset
2491 389 2612 458 quid
2643 390 2709 442 ab
2739 387 2925 456 angelo
2957 387 3266 441 mulieribus
3303 387 3495 460 dictum
3529 389 3604 441 sit
3626 373 3646 450 ζ
3665 402 3712 444 et

2143 480 2246 536 illis
2273 481 2580 534 abeuntibus
2610 479 2920 548 subiecisset
2943 478 3065 545 quid
3088 478 3152 530 de
3182 479 3438 547 corruptis
3468 478 3540 532 ad
3573 495 3715 532 men-

2142 570 2376 626 tiendum
2407 570 2707 623 custodibus
2758 579 2963 640 gestum
3019 569 3120 628 sit;
3164 569 3408 621 continuo
3460 581 3713 640 tanquam

2142 662 2270 716 nihil
2301 661 2439 714 aliud
2466 670 2772 728 sequeretur
2811 660 2954 729 (quia
2983 669 3033 712 et
3061 676 3239 712 revi-ra
3270 661 3343 713 sic
3368 669 3480 714 erat
3511 660 3712 714 dictum

2143 752 2208 814 ab
2233 752 2420 822 angelo
2440 792 2454 815 ,
2490 751 2743 815 Surrexit,
2769 759 2814 802 et
2836 767 2946 801 ecce
2971 750 3203 820 prazcedit
3221 765 3303 801 vos
3329 749 3377 801 in
3407 747 3712 813 Galilaeam;

2141 844 2209 898 ibi
2228 861 2336 896 eum
2362 844 2617 908 videbitis,
2649 853 2703 895 ut
2747 843 2872 896 nihil
2916 841 3055 894 aliud
3085 843 3230 906 sequi
3252 841 3498 896 debuisse
3536 843 3710 898 videa-

2144 937 2276 1004 tur),
2327 934 2569 990 Undecim
2615 945 2811 999 autem,
2864 934 3061 1004 inquit,
3102 935 3339 998 discipuli
3385 934 3622 987 abierunt
3666 938 3710 988 in

2144 1024 2438 1089 ΟαΙὶἔανίιηι,
2469 1028 2519 1078 in
2553 1037 2765 1078 montem
2810 1025 2893 1077 ubi
2941 1036 3261 1078 constituerat
3305 1027 3405 1079 illis
3452 1025 3614 1080 Iesus
3641 1039 3714 1082 :et

2143 1119 2356 1172 videntes
2384 1136 2512 1182 cum,
2545 1121 2875 1170 ntlorrtt't’runt
2897 1136 2910 1178 ;
2932 1119 3132 1186 quidam
3160 1130 3322 1170 autem
3345 1119 3712 1172 dabit/(terunt.

2145 1206 2212 1261 Et
2240 1209 2475 1262 accedens
2503 1210 2647 1260 Jcsns
2673 1209 2864 1261 locutus
2891 1221 2959 1261 est
2981 1209 3051 1261 eis
3073 1251 3084 1267 .
3113 1209 3279 1261 dicens
3302 1225 3318 1260 :
3342 1209 3473 1260 Data
3496 1222 3571 1261 est
3603 1212 3715 1262 mihi

2144 1300 2303 1351 omnis
2332 1310 2543 1367 potestas
2582 1302 2631 1352 in
2670 1302 2792 1352 ει»Ιο
2821 1311 2863 1352 et
2903 1303 2952 1352 in
2991 1311 3121 1352 terra
3154 1316 3172 1353 :
3201 1312 3368 1353 euntes
3404 1317 3528 1369 ergo
3555 1303 3715 1355 docete

2144 1407 2312 1443 omnes
2350 1401 2514 1462 gentes
2533 1434 2545 1456 ,
2579 1393 2884 1462 baptizantcs
2906 1409 2986 1445 eos
3016 1393 3066 1444 in
3095 1393 3292 1444 nomine
3314 1391 3485 1445 Patris
3505 1434 3520 1455 ,
3554 1402 3600 1445 et
3629 1392 3714 1445 Fi-

2145 1479 2228 1543 lii,
2257 1492 2300 1534 et
2324 1481 2545 1549 Spiritus
2572 1483 2734 1534 sancti
2753 1500 2768 1545 ;
2799 1482 3027 1534 docentes
3058 1498 3139 1534 eos
3165 1498 3361 1534 servare
3387 1482 3567 1534 omnia
3585 1498 3712 1551 quc-

2143 1589 2351 1642 cnmque
2378 1572 2530 1625 mund
2548 1574 2610 1625 :vi
2637 1574 2787 1626 vobis.
2830 1572 2892 1626 Et
2917 1589 3027 1625 ecce
3047 1589 3137 1642 ego
3178 1572 3426 1625 vobiscum
3472 1591 3593 1626 sum
3619 1591 3713 1627 om-

2143 1662 2286 1713 nibus
2335 1662 2507 1715 diebus
2559 1680 2710 1731 usque
2759 1663 2827 1715 ad
2868 1664 3341 1716 consummationem
3385 1663 3589 1716 seculi.
3647 1661 3712 1716 lla

2145 1752 2418 1806 Matthauts
2439 1754 2626 1807 clausit
2655 1753 2994 1822 Evangelium
3024 1769 3196 1806 suum.

2213 1843 2301 1897 80.
2345 1845 2421 1896 Ac
2450 1859 2546 1911 per
2577 1844 2692 1906 hoc,
2711 1845 2753 1896 si
2782 1843 3002 1896 aliorum
3025 1842 3369 1896 considerane
3382 1843 3715 1896 narrationes

2143 1931 2207 1986 ad
2257 1933 2640 2001 diligentiorem
2699 1935 3087 2002 inquisitionem
3147 1948 3248 1985 non
3294 1933 3706 2000 compellerent.

2147 2023 2272 2075 nihil
2305 2022 2442 2075 aliud
2474 2024 2856 2077 arbitrarentur
2887 2023 2984 2076 nisi
3029 2024 3302 2082 hominum
3331 2032 3448 2090 post
3477 2038 3716 2076 resurre-

2146 2115 2374 2168 ctionem
2419 2131 2672 2184 nusquam
2715 2124 2907 2183 praeter
2933 2116 2981 2166 in
3009 2114 3224 2168 Gabinia
3276 2115 3506 2182 primum
3535 2129 3654 2168 esse
3689 2130 3713 2167 ι

2146 2203 2422 2274 discipulis
2454 2209 2642 2258 visum.
2670 2206 2820 2271 lteni,
2864 2207 2904 2258 si
2947 2206 3154 2258 Marcus
3183 2205 3248 2258 de
3280 2207 3365 2258 illa
3398 2207 3715 2273 pnenuntia-

2148 2295 2292 2348 tione
2341 2296 2508 2364 angeli
2542 2297 2822 2360 tacuisset,
2873 2306 3053 2363 poSset
3083 2297 3327 2364 cuiquam
3376 2297 3554 2361 putari
3599 2295 3714 2349 llat-

2147 2385 2317 2438 tlta'us
2350 2387 2465 2439 ideo
2492 2387 2687 2441 dixisse
2723 2387 3015 2455 discipulos
3053 2387 3248 2441 abiisse
3285 2387 3338 2440 in
3367 2388 3640 2440 Galilaiam
3669 2387 3711 2440 in

2147 2487 2399 2537 montem,
2431 2489 2586 2545 atque
2632 2479 2699 2532 ibi
2734 2479 2986 2532 adorasse
3011 2479 3308 2541 Dominum,
3342 2487 3402 2531 ut
3447 2479 3712 2549 impletum

2145 2570 2414 2624 videretur
2443 2570 2582 2638 quod
2613 2572 2723 2638 ipse
2754 2587 2845 2638 per
2871 2572 3114 2639 angelum
3142 2570 3444 2624 mandatum
3471 2586 3539 2626 ac
3592 2587 3712 2640 pne-

2147 2662 2442 2713 nuntiatum
2477 2676 2595 2714 esse
2627 2670 2947 2714 narraverat.
2980 2661 3129 2715 Nunc
3157 2671 3336 2716 autem
3368 2671 3425 2717 et
3464 2663 3631 2717 Lucas
3664 2673 3711 2718 et

2144 2750 2378 2806 Joannes
2421 2753 2549 2806 satis
2587 2753 2815 2807 dilucide
2858 2756 3253 2808 maniiestantes
3282 2757 3395 2824 ipso
3423 2755 3512 2810 die
3540 2771 3708 2811 resur-

2147 2846 2398 2899 rectionis
2428 2847 2541 2915 ejus
2573 2849 2739 2901 visum
2768 2864 2887 2903 esse
2938 2850 3214 2903 Dominum
3247 2851 3298 2904 in
3354 2850 3642 2906 Jerusalem
3681 2865 3707 2902 a

2146 2936 2416 3004 discipulis
2441 2938 2572 3000 suis,
2598 2939 2735 2992 unde
2765 2942 2831 2991 ita
2857 2940 3012 3009 longe
3033 2950 3119 2995 est
3145 2939 3378 3003 Galilma,
3412 2951 3467 2994 ut
3496 2955 3602 2994 uno
3627 2938 3703 2993 die

2146 3027 2215 3078 ab
2245 3027 2322 3078 cis
2345 3037 2564 3095 utroque
2593 3029 2887 3082 locovideri
2907 3045 3009 3082 non
3039 3037 3247 3097 posset;
3271 3040 3324 3083 et
3341 3029 3542 3085 Marcus
3571 3028 3702 3085 illam

2146 3121 2356 3188 quidem
2389 3121 2782 3188 prtcdictionem
2814 3123 2983 3190 angeli
3007 3122 3247 3176 similiter
3268 3135 3497 3182 narrans.
3527 3121 3580 3174 in
3601 3119 3705 3174 ϐδ-

2147 3209 2283 3262 ΙίΙςυει
2310 3225 2435 3263 vero
2464 3211 2634 3264 visum
2655 3228 2685 3265 a
2724 3213 2996 3281 discipulis
3020 3214 3301 3267 Dominum
3339 3224 3454 3282 post
3479 3227 3705 3268 resurre~

2146 3302 2372 3355 ctioncm
2407 3318 2660 3370 nusquam
2682 3318 3103 3357 commemorans
3127 3321 3140 3356 :
3165 3305 3504 3358 vehementer
3524 3311 3705 3372 cogunt

2145 3406 2384 3459 qumrere
2410 3393 2849 3460 quemadmodum
2878 3395 3073 3446 dictum
3105 3395 3192 3454 sit.
3216 3393 3349 3449 Ecce
3374 3395 3603 3463 prmcedit
3627 3409 3702 3446 vos

2145 3483 2198 3533 in
2219 3480 2520 3548 Galilwam;
2549 3485 2619 3536 ibi
2647 3501 2760 3537 eum
2788 3484 3030 3537 videbitis.
3054 3484 3190 3540 Nam
3213 3497 3265 3540 et
3293 3487 3408 3554 ipse
3446 3486 3701 3541 Mattheus

2146 3572 2190 3625 si
2220 3575 2436 3625 omnino
2469 3591 2570 3626 non
2601 3574 2803 3629 diceret
2831 3577 3072 3631 undecim
3103 3576 3387 3646 discipulos
3431 3580 3618 3632 abiisse
3653 3578 3697 3630 in

2145 3672 2377 3716 montem
2423 3665 2474 3716 in
2504 3664 2773 3719 Galilzcam
2794 3708 2808 3732 ,
2835 3668 2939 3720 .ubi
2970 3669 3311 3724 constituerat
3339 3669 3416 3724 eis
3447 3667 3618 3732 Jesus,
3657 3676 3701 3721 et

2144 3754 2255 3807 illic
2284 3771 2404 3808 cum
2437 3756 2628 3811 vidisse
2652 3768 2809 3826 atque
2846 3759 3126 3826 adorasse,
3172 3761 3298 3814 nihil
3329 3777 3395 3815 ex
3439 3761 3540 3816 hac
3583 3774 3698 3830 pra:-

2142 3846 2375 3901 dictione
2400 3849 2722 3915 completum
2751 3850 2816 3904 ad
2844 3851 3068 3907 litteram
3089 3863 3413 3921 putaremus,
3438 3853 3531 3908 sed
3554 3863 3698 3906 totum

2145 3937 2363 4004 ﬁgurata
2396 3937 2778 4006 signiﬁcatione
2811 3943 3116 4008 praedictum
3147 3960 3160 3995 :
3191 3942 3328 3998 sicut
3359 3944 3488 3998 illud
3526 3958 3696 4005 Scottu-

2143 4027 2266 4082 dum
2295 4028 2526 4093 Lucam,
2557 4029 2690 4084 Ecce
2727 4032 2877 4086 hodie
2910 4043 2958 4086 et
2996 4050 3108 4088 cras
3158 4035 3303 4106 ejicio
3353 4035 3633 4098 dwmonia,
3660 4042 3698 4087 et

2143 4123 2380 4175 sanitates
2411 4124 2633 4190 per/icio.
2650 4133 2692 4177 et
2713 4126 2856 4178 tertia
2881 4142 3226 4193 consummet;
3247 4127 3384 4195 quod
3399 4128 3467 4184 ad
3492 4129 3696 4182 litteram

2144 4222 2347 4266 certum
2379 4223 2462 4267 est
2489 4230 2590 4266 non
2627 4229 2745 4268 esse
2772 4216 3086 4283 completum
3118 4216 3213 4286 (a).
3251 4218 3384 4273 Item
3431 4219 3478 4272 si
3505 4217 3696 4288 angelus

2144 4300 2386 4367 dixisset,
2420 4303 2676 4357 Prmccdit
2700 4319 2792 4358 vos
2825 4306 2874 4358 in
2913 4306 3210 4371 Galillam;
3243 4307 3312 4361 ibi
3341 4308 3693 4375 primumcum

2144 4391 2419 4457 videbitis;
2441 4402 2532 4447 aut
2551 4435 2566 4459 ,
2591 4395 2659 4447 ibi
2690 4403 2890 4448 tantum
2916 4411 3036 4450 eum
3063 4397 3338 4460 videbitis;
3366 4408 3478 4462 aut,
3508 4393 3694 4452 nonnisi

2144 4483 2212 4536 ibi
2241 4500 2363 4538 eum
2391 4484 2668 4545 videbitis;
2693 4485 2901 4541 caeteris
2930 4487 3278 4557 Evangelistis
3303 4488 3576 4558 Mattlneus
3601 4488 3695 4541 sine

2142 4575 2302 4628 dubio
2333 4587 2648 4642 repugnaret
2671 4593 2684 4628 ε
2707 4592 2827 4629 cum
2858 4592 2982 4632 vero
3001 4578 3197 4632 dictum
3214 4589 3316 4645 est,
3337 4579 3466 4634 Ecce
3485 4575 3695 4650 praedi!

2143 4684 2228 4722 vos
2269 4668 2321 4720 in
2349 4666 2610 4721 Galilwaui
2633 4685 2653 4731 ;
2680 4667 2748 4721 ibi
2777 4686 2891 4722 eum
2911 4669 3167 4732 videbitis;
3190 4685 3287 4744 nec
3306 4651 3610 4740 expressum
3629 4675 3695 4722 est

2142 4757 2353 4825 quando
2379 4758 2428 4809 id
2465 4756 2695 4810 futurum
2722 4766 2902 4822 esset,
2936 4768 3110 4812 utrum
3138 4760 3526 4828 quamprimum
3567 4764 3694 4811 ante-

2117 4863 2298 4916 'quam
2333 4848 2455 4900 alibi
2488 4850 2554 4900 ab
2585 4848 2663 4902 eis
2707 4849 2850 4902 visus
2877 4857 3052 4913 esset;
3093 4864 3158 4903 an
3203 4860 3544 4919 posteaquam
3590 4863 3691 4903 eum

2142 4938 2328 4991 alicubi
2361 4939 2516 4991 etiam
2548 4952 2896 5008 prteterquam
2926 4941 2977 4993 in
3004 4938 3217 4994 Galilrca
3249 4941 3504 5000 vidissent
3526 4961 3538 4996 :
3562 4943 3691 5010 idque

2143 5029 2313 5096 ipsmn
2338 5029 2474 5096 quod
2495 5029 2780 5099 discipulos
2798 5030 3071 5086 blatthazus
3093 5031 3221 5086 dicit
3246 5032 3349 5086 isse
3371 5035 3421 5086 in
3445 5033 3688 5088 Culilaram

2144 5119 2195 5172 in
2222 5131 2475 5178 montem,
2501 5135 2602 5172 non
2630 5120 2877 5187 exprimit
2899 5121 3062 5187 diem,
3085 5137 3183 5177 nec
3203 5124 3451 5177 narrandi
3474 5125 3689 5178 ordinem

2144 5212 2211 5265 ita
2240 5212 2492 5271 contexit.
2519 5221 2574 5264 ut
2598 5214 2967 5268 necessitatem
2995 5212 3199 5283 ingerat
3225 5215 3353 5269 nihil
3381 5216 3521 5269 aliud
3559 5212 3687 5268 intel-

2144 5302 2361 5370 ligendi,
2387 5318 2543 5372 quam
2584 5303 2684 5356 hoc
2713 5304 2952 5372 primitus
3000 5304 3194 5360 laetum
3224 5324 3236 5359 :
3270 5321 3374 5360 non
3403 5307 3687 5364 adversatur

2142 5394 2352 5465 quidem
2402 5393 2794 5450 narrationibus
2820 5408 3153 5463 cancrorum,
3182 5405 3236 5451 et
3263 5395 3354 5450 dat
3397 5400 3475 5450 eis
3515 5394 3684 5451 intelli-

2142 5486 2332 5558 gendis
2359 5496 2515 5556 atque
2545 5488 2868 5557 accipiendis
2909 5488 3110 5551 locum;
3166 5497 3526 5543 verumtamen
3563 5483 3682 5560 quod

2205 5596 2276 5661 (a)
2303 5595 2418 5646 Vide
2440 5610 2598 5660 supra,
2622 5597 2705 5647 lib.
2733 5597 2780 5657 1,
2803 5611 2907 5661 mp.
2931 5597 3013 5659 75,
3035 5612 3086 5648 η.
3112 5600 3218 5654 “5.
