3888 6330
164 316 352 381 m5

165 436 465 497 Dominus
514 451 617 495 non
647 437 737 495 ubi
776 436 1001 511 primum
1030 422 1095 495 se
1134 435 1594 496 demonstraturus
1636 441 1777 497 erat,

165 528 291 585 sed
325 529 379 585 in
408 527 644 593 Galilaea,
674 529 759 584 ubi
790 527 1093 587 necessario
1114 536 1300 603 postea
1322 525 1464 579 visus
1487 530 1589 587 est,
1614 538 1672 585 se
1700 524 1781 576 vi.-

164 616 439 679 dendum
485 619 769 681 mandavit,
802 628 857 675 et
896 633 991 689 per
1034 617 1287 686 angelum.
1328 614 1613 678 dicentem,
1647 610 1783 673 Ecce

172 714 445 780 praetulit
480 728 565 768 vos
598 714 650 769 in
677 712 983 777 Galileam;
1036 713 1105 767 ibi
1149 729 1259 767 eum
1307 711 1562 775 videbitis;
1591 719 1649 767 et
1690 724 1783 777 per

170 804 438 872 sumsum
468 804 668 870 dicens,
700 805 787 867 ite,
814 806 1043 861 nuntiate
1067 802 1305 875 fratribus
1343 803 1464 857 meis
1503 811 1557 855 ut
1584 810 1697 857 eant
1729 802 1782 855 iu

168 893 504 961 Gaditana;
626 913 703 952 me
726 897 991 960 uidebunt;
1015 895 1254 966 quemvis
1284 895 1491 959 fidelem
1523 894 1646 951 facit
1696 894 1779 947 in-

171 995 409 1051 tentum
434 976 862 1058 Mquarmdum
882 989 937 1042 in
954 988 1341 1058 quoniysterio.
1373 986 1571 1045 dictum
1625 984 1783 1041 intelr

168 1076 409 1145 “Ralm.

259 1170 363 1233 81,
405 1168 517 1241 ὃςξώ
552 1169 699 1237 prius
736 1165 1179 1229 considerandum
1240 1173 1320 1218 est
1361 1163 1575 1234 qundo
1620 1162 1779 1221 etiam

171 1242 553 1327 φηροιτωῖιετ
591 1260 645 1312 in
671 1258 888 1314 Catilina
936 1257 1097 1308 videri
1119 1255 1368 1324 potuerit,
1410 1252 1778 1313 ciconinum.-

176 1348 345 1415 ψέξῃ
377 1368 391 1401 :
428 1348 670 1413 Undecim
697 1359 859 1403 autem
902 1347 1140 1413 discipuli
1167 1345 1391 1398 abierunt
1420 1345 1472 1397 in
1494 1342 1777 1405 Galilaeam,

171 1439 243 1509 ἰλι,
266 1439 605 1503 ωοῃιεηιληὺὶη
626 1437 945 1501 constituerat
974 1437 1084 1489 illis.
1114 1434 1267 1488 Jesus
1293 1450 1310 1487 :
1340 1443 1385 1486 et
1418 1433 1633 1485 videntes
1668 1450 1781 1485 eum

169 1531 567 1595 “praeerant;
614 1530 818 1593 quidam
846 1538 1013 1581 autem
1050 1528 1417 1581 dubitaverunt.
1456 1525 1586 1591 Quia
1639 1524 1780 1577 enim

178 1637 307 1689 smn
345 1622 465 1690 ipso
488 1620 577 1673 die
598 1635 704 1688 quo
734 1623 1021 1677 resurrexit
1050 1618 1393 1679 manifestum
1417 1626 1499 1670 est
1527 1632 1540 1668 :
1581 1630 1700 1668 nam
1730 1614 1781 1667 in

174 1711 497 1783 Jerusalem
534 1711 702 1779 visum
732 1724 852 1763 esse
892 1724 956 1762 eo
998 1709 1089 1763 die
1125 1707 1279 1765 initio.
1302 1708 1470 1760 noctis
1513 1706 1685 1760 Lucas
1729 1712 1785 1773 et

177 1802 438 1873 kiapnes
483 1800 815 1870 apertissime
855 1807 1142 1853 consonant
1172 1814 1186 1860 ;
1217 1798 1422 1851 Marcus
1451 1804 1626 1850 autem
1676 1809 1781 1847 non

176 1903 406 1964 aperte.
448 1893 668 1960 Quando
698 1908 822 1960 ergo
854 1892 1095 1944 viderunt
1124 1891 1402 1952 Dominum
1437 1890 1491 1943 in
1516 1886 1782 1944 Galilzna?

181 2002 303 2057 non
342 1985 635 2043 secundum
666 1982 713 2037 id
747 1983 887 2051 quod
912 1982 1039 2036 dicit
1076 1983 1323 2043 Joannes,
1353 1982 1418 2036 ad
1450 1998 1597 2038 mare
1620 1980 1782 2034 Tibe-

180 2074 404 2143 rjadis;
434 2082 556 2126 tunc
572 2074 711 2139 enim
738 2085 939 2140 septem
968 2072 1199 2131 fuerunt.
1220 2081 1273 2124 et
1299 2073 1559 2139 piscantes
1577 2071 1779 2124 inventi

179 2173 324 2233 §tmt
351 2183 363 2216 :
393 2163 485 2217 sed
512 2163 798 2217 secundum
831 2163 877 2216 id
897 2163 1036 2233 quod
1058 2163 1187 2217 dicit
1208 2162 1501 2219 Mauba'us.
1526 2163 1610 2216 ubi
1632 2170 1786 2217 erant

180 2256 450 2325 undecim
474 2255 522 2321 in
573 2264 773 2319 monte,
805 2269 910 2323 quo
948 2269 1041 2308 eos
1071 2254 1356 2309 secundum
1386 2254 1782 2322 pratdictionem

181 2346 373 2419 auge“
421 2344 575 2400 Iesus
613 2355 979 2417 praecesserat.
1028 2344 1155 2398 Nam
1190 2346 1256 2398 ita
1298 2361 1515 2400 narrare
1540 2354 1778 2413 apparet,

182 2436 340 2509 quod
374 2436 478 2489 illic
503 2450 620 2487 eum
652 2436 962 2503 repererint,
993 2436 1113 2504 quia
1142 2437 1320 2501 utique
1341 2435 1631 2489 secundum
1656 2452 1783 2489 con-

186 2528 445 2599 qtjtutum
494 2534 855 2592 prmcesserat.
882 2524 993 2578 Non
1037 2540 1162 2594 ergo
1194 2526 1308 2595 ipso
1347 2525 1433 2579 die
1460 2542 1563 2592 quo
1604 2540 1782 2579 resor-

184 2618 359 2691 regit,
388 2630 558 2683 neque
586 2614 636 2668 iu
664 2615 1106 2684 consequentibus
1130 2626 1247 2670 octo
1270 2614 1478 2681 diebus,
1513 2626 1629 2684 post
1649 2630 1785 2685 quos

185 2708 327 2782 ᾁρςξι
344 2707 574 2781 Joannes
595 2706 867 2779 discipulis
890 2706 1198 2777 apparuise
1221 2707 1519 2766 Dominum,
1548 2707 1638 2760 ubi
1663 2723 1782 2760 eum

186 2799 377 2871 primo
404 2797 534 2851 vidit
562 2798 813 2861 Thomas,
839 2799 924 2868 qui
955 2814 1074 2853 eum
1124 2814 1227 2853 non
1256 2798 1458 2853 viderat
1480 2800 1566 2854 die
1599 2814 1782 2852 resur-

190 2872 458 2963 ςβριῑυηῙε
484 2890 620 2959 ejus.
647 2887 775 2941 Nam
802 2888 983 2958 utique
1008 2889 1050 2941 si
1074 2890 1209 2942 intra
1239 2890 1452 2943 eosdem
1503 2900 1624 2943 octo
1670 2890 1783 2943 dies

189 2995 324 3058 ψη)
354 2980 405 3033 in
434 2988 614 3033 monte
634 2977 990 3051 Galilzeatjam
1021 2980 1090 3031 illi
1116 2979 1360 3041 undecim
1376 2980 1632 3039 viderant.
1654 2996 1786 3048 quo-

194 3070 365 3148 modo
393 3078 511 3139 post
534 3078 655 3123 octo
685 3069 800 3125 dies
828 3085 946 3123 eum
982 3070 1208 3137 primum
1257 3070 1379 3125 vidit
1411 3070 1663 3131 Thomas,
1694 3070 1785 3140 qui

196 3162 261 3219 iu.
290 3161 400 3216 illis
422 3160 665 3214 undecim
704 3160 903 3215 fuerat?
944 3160 1049 3213 Nisi
1083 3160 1196 3228 quis
1220 3160 1360 3214 dicat
1390 3177 1492 3214 non
1532 3162 1651 3215 illos
1684 3179 1784 3213 uu—

196 3236 377 3325 decim
400 3252 488 3320 qui
514 3251 619 3318 jam
654 3261 775 3305 tunc
799 3253 1034 3320 Apostoli
1064 3254 1405 3317 vocabantur,
1434 3254 1524 3307 sed
1552 3254 1789 3322 discipu-

321 3343 425 3397 illic
455 3343 699 3397 undecim
730 3341 909 3403 fuisse,
939 3358 1001 3395 ex
1036 3346 1199 3396 multo
1239 3359 1461 3395 numero
1506 3343 1791 3412 discipulo-

202 3451 347 3490 rum.
390 3433 496 3486 Soli
546 3432 742 3501 quippe
796 3431 969 3484 adhuc
1036 3431 1358 3503 vocabantur
1421 3431 1653 3498 Apostoli
1714 3431 1788 3485 illi

202 3524 478 3597 undecim,
514 3521 607 3575 Scd
648 3537 751 3575 non
798 3522 895 3574 soli
945 3530 1095 3575 erant
1147 3521 1413 3592 discipuli.
1452 3523 1631 3576 Potcst
1659 3538 1790 3591 ergo

207 3616 329 3685 fieri
358 3624 412 3669 ut
444 3630 544 3668 non
575 3629 778 3679 omues,
807 3613 898 3667 sed
929 3614 1086 3682 aliqui
1110 3630 1291 3667 eorum
1326 3616 1392 3669 ibi
1431 3615 1655 3678 fuerint;
1702 3615 1790 3671 alii

202 3721 340 3761 vero
362 3705 603 3774 discipuli
636 3722 752 3758 cum
779 3704 875 3769 eis,
906 3705 972 3756 ita
1004 3714 1057 3757 ut
1086 3705 1325 3769 undecim
1350 3707 1740 3773 complerentur
1772 3723 1786 3759 τ

205 3810 272 3850 ac
298 3796 376 3848 sic
405 3811 508 3848 non
544 3795 609 3847 ibi
652 3794 811 3848 fuisse
842 3794 1121 3860 Thomam,
1148 3796 1233 3864 qui
1260 3807 1369 3865 post
1398 3796 1511 3848 illos
1540 3796 1789 3849 diesocto

207 3886 385 3963 primo
433 3885 712 3939 Dominum
747 3885 892 3939 vidit.
942 3885 1145 3939 Marcus
1188 3887 1380 3954 quippe
1430 3886 1640 3954 quando
1671 3887 1791 3940 illos

207 3977 456 4033 undecim
486 3978 813 4037 memoravit,
840 3992 944 4031 non
964 3988 1247 4044 utcumque
1271 3976 1639 4035 uidecim.sed
1664 3976 1785 4039 illis,

208 4068 401 4138 inquit,
433 4068 659 4121 undecim
680 4070 932 4138 apparuit.
985 4069 1153 4121 Lucas
1179 4069 1356 4132 etiam,
1393 4068 1623 4138 Regressi
1650 4078 1787 4134 sunt,

212 4160 401 4229 inquit,
437 4157 741 4220 Jerusalem,
772 4168 819 4211 et
856 4159 1142 4212 invenerunt
1169 4169 1493 4227 congregatos
1536 4158 1787 4220 undecim,

211 4260 265 4323 et,
288 4267 373 4303 eos
396 4250 479 4315 qui
499 4266 609 4301 cum
623 4249 745 4317 ipsis
767 4258 926 4302 erant.
947 4250 1002 4302 Et
1030 4249 1125 4317 iste
1140 4250 1506 4302 ostenditillos
1524 4249 1787 4315 undecim,

215 4338 316 4392 hoc
344 4348 444 4403 est,
488 4339 771 4405 Apostolus
812 4336 991 4407 fuisse.
1030 4338 1158 4409 Nam
1189 4354 1307 4390 cum
1334 4338 1592 4406 adjnuxit,
1638 4348 1680 4391 et
1707 4353 1791 4393 eos

212 4430 301 4498 qui
324 4447 435 4483 rum
464 4430 584 4497 ipsis
610 4441 787 4493 erant;
808 4430 935 4481 satis
965 4431 1141 4503 utique
1170 4430 1450 4503 declaravit
1476 4430 1792 4484 eminentius

214 4522 335 4581 illos
365 4522 609 4577 undecim
636 4522 930 4591 appellatos
948 4538 1064 4577 eum
1088 4524 1276 4593 quibus
1305 4533 1453 4577 erant
1477 4525 1651 4577 czrtcri
1685 4542 1697 4577 :
1730 4539 1794 4578 ac

216 4628 311 4681 per
341 4611 438 4665 hoc
469 4612 541 4665 illi
572 4612 932 4682 intelliguntur
952 4614 1038 4680 qui
1057 4612 1163 4680 jam
1183 4613 1502 4666 vocabantur
1531 4615 1788 4682 Apostoli.

216 4704 333 4771 Hoc
358 4704 575 4773 proinde
606 4704 719 4758 ﬁeri
752 4707 935 4773 potuit,
968 4713 1022 4757 ut
1048 4719 1115 4775 ex
1159 4719 1379 4773 numero
1420 4705 1789 4772 Apostolorum

218 4803 275 4856 et
295 4795 517 4849 aliorum
549 4794 954 4862 discipulorum,
990 4792 1234 4861 undecim
1278 4776 1521 4862 discipuli
1553 4776 1789 4862 comple-

219 4894 421 4944 rentur.
464 4885 553 4954 qui
581 4885 812 4939 viderint
860 4885 995 4938 intra
1028 4884 1295 4961 illosocto
1320 4883 1435 4938 dies
1468 4885 1519 4937 in
1559 4884 1791 4939 Galilaxc

219 4985 397 5030 monte
419 4976 621 5029 Jesum.

286 5067 374 5123 82.
407 5067 511 5121 Sed
539 5068 766 5120 occurrit
786 5065 925 5120 aliud
955 5065 1091 5136 quod
1113 5066 1334 5121 obsistat
1358 5083 1372 5121 :
1398 5065 1631 5121 Joannes
1650 5067 1789 5135 enim

220 5158 424 5227 quando
456 5158 887 5211 (toinmemoravit
914 5173 1015 5211 non
1044 5158 1096 5211 in
1124 5168 1303 5211 monte
1332 5158 1398 5209 ah
1416 5158 1679 5222 undecim,
1700 5146 1792 5212 sed

221 5250 282 5301 ad
323 5267 465 5303 mare
494 5249 787 5302 Tiberiadis
828 5265 855 5302 a
888 5257 1089 5320 septem
1116 5249 1441 5318 piseantibus
1470 5251 1639 5303 visum
1672 5266 1792 5306 esse

226 5339 522 5402 Dominum,
547 5339 658 5393 Hoc
676 5341 786 5411 jam
811 5342 975 5403 tertio,
993 5340 1179 5409 inquit,
1196 5341 1541 5411 munifestatus
1559 5352 1627 5393 est
1641 5340 1792 5395 Iesus

223 5432 475 5503 discipulis
492 5435 612 5499 suis,
633 5450 745 5489 cum
763 5434 1108 5488 resurrexisset
1130 5449 1159 5485 a
1185 5433 1410 5485 mortuis.
1431 5431 1482 5484 Si
1502 5445 1677 5487 autem
1707 5448 1794 5488 ac-

224 5526 660 5593 ceperimusiutra
680 5524 802 5580 illos
825 5536 945 5579 octo
969 5525 1102 5588 dies,
1120 5532 1399 5593 antequam
1424 5523 1655 5578 Thomas
1670 5540 1791 5579 eum

226 5615 472 5685 vidisset,
501 5615 570 5670 ab
596 5614 840 5671 undecim
877 5616 1171 5686 quibusque
1200 5615 1466 5685 discipulis
1511 5615 1793 5670 Dominum

229 5705 421 5771 visum;
449 5720 555 5760 non
585 5706 687 5761 erit
712 5704 813 5760 hoc
840 5705 906 5759 ad
936 5721 1083 5762 mare
1109 5704 1404 5762 Tiberiadis
1435 5704 1591 5760 tertio
1618 5708 1791 5769 maui-

1543 314 1746 377 LIBER
1782 314 2097 377 TERTIUS.

3330 313 3463 371 12H

1892 433 2140 501 testatum
2194 445 2331 497 esse,
2364 431 2456 487 sed
2499 440 2704 501 quarto.
2736 431 2885 505 Quod
2929 432 3140 502 quidem
3168 430 3462 501 cavendum

1890 534 1992 584 est.
2020 540 2087 580 ne
2106 525 2225 596 quis
2250 523 2519 583 existimet
2537 525 2689 578 tertio
2712 524 3191 601 Joannemdixisse.
3211 532 3459 594 tanquam

1890 623 1997 685 tres
2025 616 2153 677 sola:
2180 616 2327 670 factae
2358 614 2550 671 fuerint
2576 616 3021 687 manifestationcs
3052 617 3205 693 ejus:
3239 616 3337 682 sed,
3360 616 3460 669 hoc

1889 707 2259 776 intelligendus
2284 717 2364 760 est
2397 707 2462 773 ad
2508 724 2785 777 numerum
2826 709 3028 763 dierum
3060 710 3321 787 retulisse.
3353 723 3457 783 non

1887 797 1952 867 ad
1982 814 2255 851 numerum
2276 799 2504 865 ipsarum
2529 796 3006 871 manifestaliouum
3028 815 3041 863 ;
3066 815 3163 873 nec
3187 800 3460 867 continuo-

1888 905 2006 963 tjum
2034 889 2259 955 dierum,
2294 888 2386 942 scd
2421 904 2514 958 per
2544 890 2835 963 iuuirvalla.
2868 890 3004 957 sicut
3033 890 3181 961 idem,
3217 890 3327 961 ipse
3380 899 3461 942 tc-

1888 962 2075 1043 statur.
2099 980 2227 1035 Nam
2248 980 2543 1049 primoipso
2562 980 2648 1035 die
2669 982 3071 1053 resurrectionis
3082 998 3212 1049 sum,
3240 992 3463 1051 excepto

1888 1071 2027 1140 quod
2053 1086 2087 1123 a
2112 1070 2421 1124 mulieribus
2452 1070 2595 1139 visus
2620 1080 2721 1133 est,
2752 1071 2801 1125 id
2830 1079 2910 1124 est
2934 1072 3072 1145 quod
3094 1073 3151 1147 iu
3173 1072 3464 1147 Evangelia

1889 1160 2071 1229 claret,
2105 1168 2183 1213 ter
2214 1175 2272 1214 se
2301 1160 2691 1239 nianifestavit;
2726 1162 2885 1213 suum
2917 1162 3091 1225 Petro,
3123 1162 3461 1239 itermnduo-

1893 1249 1989 1303 bus
2011 1250 2115 1303 illis
2153 1265 2379 1318 quorum
2410 1264 2545 1303 unus
2572 1260 2684 1302 erat
2726 1249 3009 1318 Cleoplnas,
3040 1252 3195 1315 tertio
3228 1252 3464 1323 plurimis

1882 1340 1990 1409 jam
2013 1340 2132 1394 inde
2149 1341 2567 1407 eolloqueulilms
2590 1342 2757 1403 noctis
2774 1342 2988 1417 exordio
3014 1360 3024 1393 :
3050 1342 3141 1415 sed
3171 1332 3275 1396 hoc
3296 1326 3458 1417 totum

1887 1427 2122 1483 Joannes
2150 1430 2212 1482 ad
2257 1446 2415 1482 unum
2471 1430 2610 1489 diem
2662 1416 2896 1484 referens
2947 1433 3110 1491 semel
3163 1416 3456 1508 computat;

1892 1520 2079 1572 iterum
2106 1530 2302 1581 autem,
2332 1521 2433 1574 hoc
2461 1532 2541 1587 cst
2588 1521 2690 1573 alio
2726 1522 2831 1582 die,
2861 1523 3077 1597 quando
3098 1538 3225 1597 eum,
3259 1522 3385 1593 vidit
3411 1531 3464 1597 ct

1890 1609 2151 1677 Thmnas;
2184 1612 2337 1663 tertio
2368 1628 2492 1663 vero
2520 1613 2584 1669 ad
2609 1628 2752 1664 mare
2776 1596 3090 1681 Tiberiadis,
3126 1596 3223 1677 hoc
3247 1624 3326 1685 est
3348 1596 3457 1689 ter;

1893 1702 1963 1761 tio
1984 1702 2069 1755 die
2093 1702 2530 1777 manifestationis
2556 1706 2689 1771 ejus,
2717 1722 2818 1758 non
2844 1706 2993 1759 tertia
3016 1706 3457 1777 manifesL'itionc.

1889 1793 1968 1861 Ac
1990 1809 2083 1861 per
2104 1793 2202 1847 hoc.
2222 1806 2341 1865 post
2366 1795 2477 1865 lucc
2498 1796 2674 1867 omnia
2697 1796 2934 1865 engimnr
2956 1796 3248 1865 intelligere
3268 1795 3460 1853 factum

1889 1898 2025 1941 eSSe.
2043 1885 2179 1951 quod
2199 1902 2318 1947 eum
2342 1887 2391 1939 iu
2415 1895 2593 1955 moute
2612 1886 2839 1955 Galilmm
2858 1888 3143 1943 secundum
3164 1870 3463 1949 Matthzeunt

1889 1974 2131 2044 discipuli
2158 1977 2398 2031 undecim
2424 1978 2684 2041 viderunt,
2718 1994 2821 2048 quo
2850 1993 2943 2031 eos
2966 1980 3252 2032 secundum
3279 1979 3465 2033 consti-

1890 2074 2056 2119 tutum
2088 2077 2430 2134 przecesscrat
2452 2109 2463 2129 ,
2494 2078 2549 2120 ut
2580 2068 2889 2136 impleretur
2928 2069 3085 2123 etiam
3124 2069 3190 2122 ad
3236 2052 3469 2146 litteram

1888 2158 2029 2233 quod
2054 2168 2105 2214 et
2144 2175 2234 2226 per
2254 2161 2495 2233 angelum
2526 2169 2579 2213 et
2603 2173 2698 2229 per
2718 2160 2950 2228 Scipsum
2986 2161 3319 2228 przediXerat.

1959 2252 2046 2319 85.
2092 2251 2390 2304 Invenimus
2444 2252 2618 2320 itaque
2663 2251 2798 2320 apud
2834 2262 3058 2319 quatuor
3097 2250 3459 2320 Evangelistas

1889 2340 2065 2395 decies
2091 2328 2562 2395 Commemoratum
2594 2342 2873 2405 Dominum
2904 2342 3072 2395 visum
3113 2356 3231 2395 esse
3264 2342 3332 2395 ab
3361 2343 3457 2396 ho-

1890 2433 2118 2486 minibus
2138 2442 2257 2501 post
2281 2433 2743 2486 resurrectionem.
2763 2432 2960 2494 Semel,
2982 2432 3046 2485 ad
3065 2442 3461 2487 monumentum

1890 2525 2197 2585 mulieribus
2225 2522 2400 2593 (Joan.
2430 2539 2527 2585 xx,
2562 2524 2669 2592 Ii).
2697 2522 2909 2589 lterum,
2942 2523 3139 2593 eisdem
3164 2524 3465 2595 regredien-

1891 2614 2029 2672 tibus
2054 2629 2080 2665 a
2102 2624 2441 2667 monumento
2473 2615 2523 2667 in
2547 2615 2731 2667 itinere
2760 2614 2970 2684 (Matth.
3005 2631 3196 2677 xxvnl,
3332 2614 3460 2669 Ter-

1892 2705 1981 2768 tio,
2026 2705 2181 2758 Petro
2221 2703 2371 2771 (Luc.
2412 2720 2564 2767 XXIV,
2597 2706 2711 2772 55).
2740 2707 2956 2779 Quarto,
2984 2705 3190 2773 duobus
3218 2706 3466 2781 euntibus

1890 2796 1944 2849 in
1969 2796 2242 2849 castellum
2275 2794 2432 2866 (Ibid.
2464 2794 2566 2863 15).
2596 2796 2812 2862 Quinto,
2838 2796 3078 2863 pluribus
3098 2796 3146 2847 in
3170 2795 3464 2871 Jerusalem

1891 2888 1977 2951 ubi
2007 2904 2108 2939 non
2141 2898 2253 2942 erat
2281 2887 2512 2940 Thomas
2552 2886 2726 2957 (Joan.
2756 2903 2853 2955 xx,
2898 2874 3109 2961 19-24).
3158 2888 3339 2954 Sexto,
3379 2889 3467 2943 ubi

1890 2993 2011 3032 eum
2036 2978 2163 3030 \idit
2182 2978 2413 3031 Thomas
2443 2977 2599 3046 (Ibid.
2624 2978 2739 3050 9.6).
2770 2977 3027 3046 Septimo,
3052 2978 3115 3030 ad
3145 2964 3469 3055 mare‘Tibe-

1892 3068 2055 3123 riadis
2082 3067 2188 3140 (ld.
2222 3084 2331 3127 xxi.
2354 3067 2424 3139 t).
2458 3069 2674 3130 Octavo,
2709 3070 2757 3122 in
2788 3077 2964 3123 monte
2990 3068 3243 3137 Galilmaz,
3280 3085 3471 3135 secun-

1891 3161 2016 3214 dum
2048 3161 2346 3213 Manlia-um
2382 3160 2591 3229 (Matth.
2624 3176 2816 3225 xxvui,
2850 3161 2933 3224 16,
2987 3159 3093 3233 l7).
3120 3160 3290 3227 Nono,
3328 3162 3468 3233 quod

1890 3251 2020 3307 dicit
2049 3253 2272 3311 Marcus,
2310 3251 2593 3321 Novissime
2622 3253 3035 3319 recumbentibus,
3068 3254 3190 3322 quia
3217 3246 3325 3327 jam
3362 3269 3466 3307 non

1894 3353 2045 3397 erant
2074 3344 2125 3395 in
2172 3353 2307 3395 terra
2339 3359 2458 3395 eum
2511 3344 2598 3395 illo
2626 3346 2946 3397 convivaturi
2976 3344 3163 3415 (Marc.
3210 3362 3317 3413 XVI,
3357 3345 3467 3417 14).

1898 3431 2132 3497 Decimo,
2163 3433 2212 3484 in
2252 3434 2367 3499 ipso
2392 3431 2497 3493 die,
2528 3448 2629 3501 non
2657 3433 2763 3498 jam
2804 3434 2853 3493 in
2896 3441 3056 3497 terra,
3090 3435 3181 3488 sed
3209 3436 3469 3490 clevalum

1896 3524 1948 3577 in
1976 3524 2134 3588 nnhe,
2168 3538 2284 3577 cum
2328 3522 2378 3575 in
2407 3522 2598 3578 coelum
2628 3523 2973 3591 ascenderet;
3017 3524 3155 3592 quod
3188 3524 3391 3578 Marcus
3418 3536 3472 3579 et

1896 3614 2066 3685 Lucas
2086 3623 2533 3667 commemorant:
2558 3612 2761 3675 Marcus
2787 3612 3000 3682 quidem
3025 3624 3139 3680 post
3162 3612 3306 3674 illud,
3331 3612 3472 3682 quod

1896 3706 1973 3773 eis
1991 3703 2437 3783 discmpbt‘ntibus
2454 3703 2714 3771 apparuit,
2734 3700 2800 3754 ita
2819 3704 3132 3755 continuatis
3152 3712 3209 3755 ut
3235 3701 3433 3757 diceret
3456 3719 3469 3757 :

1900 3795 1964 3848 Et
1992 3794 2236 3846 Dominus
2258 3792 2456 3863 quidem
2482 3804 2743 3861 postquam
2770 3791 2962 3845 locutus
2985 3802 3054 3844 est
3080 3792 3170 3857 eis,
3188 3801 3475 3863 assumptus

1897 3896 1965 3939 est
1997 3885 2049 3936 in
2096 3886 2275 3936 caelum
2328 3882 2488 3953 (Ibid.
2542 3883 2632 3952 i9)
2659 3901 2670 3935 :
2700 3881 2868 3936 Lucas
2899 3893 3073 3935 autem
3109 3882 3475 3951 prartermissis

1897 3976 2143 4030 omnibus
2171 3992 2287 4043 qua:
2338 3991 2430 4044 per
2473 3975 2815 4046 quadraginta
2864 3974 2979 4028 dies
3013 3975 3093 4049 agi
3138 3975 3203 4027 ab
3235 3974 3323 4027 illo
3352 3989 3474 4028 cum

1897 4065 2171 4141 discipulis
2194 4076 2494 4134 potuerunt,
2518 4065 2589 4118 illi
2614 4068 2780 4133 primo
2807 4065 2907 4118 diei
2934 4064 3333 4120 resurrectionis
3354 4064 3473 4135 ejus

1897 4157 2113 4226 quando
2156 4157 2208 4210 in
2253 4157 2547 4212 Jerusalem
2598 4156 2832 4226 pluribus
2880 4156 3151 4224 apparuit,
3205 4154 3477 4224 c0njungit

1898 4252 2053 4304 tacite
2082 4251 2424 4303 novissimum
2468 4248 2607 4303 diem
2647 4234 3025 4321 ψιι)’ξιδρριιάιι
3062 4247 3111 4300 in
3148 4247 3369 4309 caelum,
3402 4245 3476 4300 ita

1898 4358 2122 4399 narrans
2163 4359 2175 4393 :
2221 4343 2408 4394 Eduxit
2446 4352 2612 4393 autem
2650 4341 2762 4393 illos
2800 4344 2935 4409 foras
2979 4340 3030 4397 in
3062 4338 3397 4415 Bel/mnium,
3428 4348 3476 4393 et

1898 4436 2100 4489 elevatis
2129 4435 2358 4487 manibus
2386 4435 2488 4486 suis
2514 4432 2761 4499 benedixit
2790 4434 2860 4485 eis
2888 4448 2907 4486 :
2932 4442 2977 4485 et
3007 4436 3192 4503 factum
3227 4442 3326 4497 est,
3362 4448 3476 4484 cum

1900 4528 2204 4597 benediceret
2242 4527 2343 4587 eis,
2375 4525 2571 4593 recessit
2612 4525 2675 4578 ab
2708 4524 2810 4587 eis,
2845 4534 2888 4577 et
2923 4522 3172 4591 ferebatur
3208 4525 3256 4576 in
3296 4524 3476 4577 calum
3514 4590 3517 4599 ι

1900 4616 2047 4685 (Luc.
2073 4633 2212 4671 xxw.
2243 4616 2339 4675 50.
2367 4612 2480 4685 51).
2514 4612 2772 4667 Viderunt
2795 4629 2924 4682 ergo
2958 4629 3077 4669 eum
3115 4623 3306 4682 prarter
3334 4613 3476 4683 quod

1900 4709 1953 4781 in
1979 4716 2119 4781 terra
2146 4706 2405 4777 viderant,
2438 4704 2597 4765 etiam
2624 4704 2748 4777 dum
2781 4703 3008 4775 (geretur
3038 4706 3095 4761 in
3118 4706 3333 4775 emittm.
3366 4705 3474 4760 To-

1900 4780 1997 4854 ties
2036 4814 2161 4868 ergo
2192 4799 2242 4851 iu
2278 4796 2598 4867 evangelicis
2622 4796 2794 4850 Libris
2823 4805 3269 4851 commemoratus
3296 4803 3379 4850 est
3410 4797 3478 4848 ab

1898 4872 2201 4945 hominibus
2230 4890 2402 4953 visus,
2432 4898 2709 4956 antequam
2737 4886 3060 4941 ascendisset
3088 4886 3141 4955 in
3166 4887 3394 4959 caelum;
3424 4885 3477 4939 in

1902 4990 2041 5036 terra
2071 4981 2271 5035 scilicet
2296 4980 2497 5043 novies,
2526 4980 2653 5033 etin
2682 4993 2808 5032 aere
2832 4978 2996 5032 semel
3021 4977 3331 5031 aSCendcns.

1971 5074 2059 5128 84.
2090 5072 2192 5149 Sed
2221 5087 2321 5151 nop
2348 5072 2522 5135 omnia
2551 5071 2743 5141 scripta
2766 5080 2907 5132 sunt,
2936 5070 3071 5123 sicut
3092 5068 3321 5122 Joannes
3349 5069 3477 5123 fate.

1903 5172 1986 5216 tur
2019 5152 2193 5235 (John.
2222 5179 2334 5223 xxi,
2365 5163 2477 5229 25).
2511 5162 2703 5214 Crebra
2743 5160 2883 5215 enim
2921 5169 3033 5212 erat
3076 5158 3192 5227 ejus
3230 5174 3348 5212 cum
3377 5160 3476 5215 illis

1902 5254 2231 5306 conversatio
2269 5269 2360 5320 per
2394 5252 2508 5303 dies
2539 5251 2880 5317 quadraginta
2902 5292 2916 5310 ,
2952 5250 3253 5318 priusquam
3292 5264 3478 5303 ascen-

1900 5342 2065 5398 disSct
2098 5344 2148 5395 in
2174 5343 2366 5395 cadum
2396 5341 2529 5406 (Act.
2554 5355 2588 5403 ι,
2614 5340 2666 5407 5)
2698 5357 2709 5391 :
2742 5356 2841 5392 non
2874 5350 3045 5392 tamen
3075 5339 3151 5391 eis
3179 5355 3271 5407 per
3291 5355 3475 5395 omnes

1900 5434 2239 5504 quadraginta
2263 5432 2373 5483 dies
2394 5430 2672 5483 continuos
2694 5439 3023 5498 apparuerat.
3046 5429 3170 5483 Nam
3198 5438 3312 5497 post
3333 5429 3472 5483 diem

1898 5524 2127 5595 primum
2152 5519 2551 5574 resurrectionis
2568 5519 2703 5588 ejus,
2721 5520 2852 5573 alios
2867 5529 2985 5573 octo
3001 5519 3112 5574 dies
3129 5519 3479 5577 intervenisse

1902 5613 2029 5668 dicit
2054 5610 2321 5675 Joannes,
2349 5618 2470 5682 post
2499 5626 2631 5679 quos
2673 5610 2748 5665 eis
2788 5626 2970 5665 rursus
3008 5612 3267 5682 apparuit.
3300 5612 3478 5669 Tertio

1904 5717 2076 5761 autem
2110 5708 2174 5759 ad
2204 5721 2349 5762 mare
2379 5701 2670 5756 Tiberiadis
2690 5744 2702 5767 ,
2740 5700 2980 5758 fortassis
3008 5703 3257 5760 continuo
3286 5716 3477 5762 conn-
