3888 6314
565 288 705 349 HIS

564 404 747 477 quettti
786 402 905 468 die;
933 401 1063 458 nihil
1094 401 1235 457 enim
1264 411 1523 473 repugnat
1561 423 1575 456 :
1612 412 1668 458 et
1699 403 1892 459 deinde
1930 401 2141 474 quando

564 497 764 560 voluit.
793 496 1123 552 constituens
1149 496 1262 558 eis,
1290 495 1430 565 quod
1468 503 1523 550 et
1559 506 1681 551 ante
1712 496 2052 563 praedixerat,
2087 503 2145 550 ut

564 603 660 645 eos
679 589 732 644 in
750 588 978 645 Galilma:
996 598 1230 643 montem
1252 588 1577 657 prmcedcret
1599 606 1611 640 :
1635 598 1791 659 atque
1813 588 2031 642 omnino
2050 603 2145 658 per

564 679 688 735 illos
724 679 1069 749 quadraginta
1116 679 1233 733 dies
1269 680 1478 749 quoties
1512 680 1707 744 voluit,
1736 681 1925 751 quibus
1954 680 2139 747 voluit,

562 769 1009 840 quemadmodum
1032 769 1230 835 voluit;
1256 770 1393 823 sicut
1414 769 1602 824 Petrus
1621 770 1765 835 dicit,
1791 772 2000 841 quando
2021 788 2142 826 eum

564 860 815 916 Cornelio
837 871 892 916 et
920 861 984 916 iis
1008 862 1097 931 qui
1125 877 1244 916 cum
1275 862 1365 917 illo
1393 860 1629 928 fuerant,
1660 863 1977 932 pnndicabat
1997 905 2013 929 ,
2043 864 2145 930 Qui

564 950 737 1016 simul,
766 951 954 1020 inquit,
984 952 1394 1006 manducavimus
1420 962 1467 1007 et
1494 953 1704 1006 bibimus
1728 970 1842 1007 cum
1869 955 1977 1019 illo,
2006 965 2145 1022 post-

564 1060 773 1114 eaquam
799 1032 1069 1098 resurrexit
1092 1062 1123 1099 a
1151 1046 1379 1108 mortuis,
1399 1061 1488 1115 per
1513 1046 1618 1099 dies
1642 1045 1977 1117 quadraginta
2003 1045 2139 1118 (Act.

562 1153 617 1204 κ,
643 1138 738 1208 bl)
766 1155 779 1191 :
807 1152 911 1191 non
946 1138 1087 1207 quod
1116 1138 1351 1208 quotidie
1382 1154 1476 1207 per
1507 1138 1622 1193 dies
1648 1139 1994 1208 quadraginta
2020 1154 2140 1193 cum

564 1227 656 1282 illo
684 1227 1095 1283 manducassent
1121 1237 1175 1283 et
1209 1228 1495 1290 bibissent;
1526 1244 1649 1283 nam
1678 1231 1781 1284 erit
1812 1230 2139 1285 contrarium

560 1318 772 1383 Joanni,
802 1320 890 1390 qui
916 1330 1037 1375 octo
1065 1320 1186 1375 illos
1210 1320 1324 1376 dies
1346 1321 1659 1389 interposuit
1681 1323 1871 1391 quibus
1896 1324 1974 1377 eis
1996 1323 2140 1379 visus

560 1426 666 1466 non
700 1420 813 1475 est,
845 1420 901 1466 nt
927 1412 1083 1466 tertio
1112 1411 1540 1466 manifestaretnr
1561 1412 1627 1467 ad
1654 1428 1801 1467 mare
1820 1413 2134 1468 Tihcriadis.

560 1500 687 1558 lude
708 1504 817 1571 jam
845 1503 1049 1557 etiamsi
1081 1504 1315 1572 quotidie
1344 1504 1448 1557 illis
1474 1504 1618 1556 visus
1646 1515 1699 1558 et
1729 1520 1849 1559 cum
1882 1506 1987 1559 illis
2012 1521 2141 1560 con-

560 1593 765 1647 vivatus
789 1602 904 1655 est,
945 1592 1074 1646 nihil
1111 1603 1384 1662 repugnat.
1431 1593 1500 1648 Et
1541 1594 1762 1650 fortasse
1801 1596 1919 1649 ideo
1939 1595 2137 1651 dictum

561 1692 662 1748 est,
693 1700 780 1751 per
795 1683 1130 1755 quadraginta
1155 1685 1279 1749 dies,
1308 1685 1396 1753 qui
1422 1694 1609 1754 quater
1632 1686 1753 1741 deni
1784 1696 1910 1741 sttnt
1939 1688 1990 1741 itt
2019 1704 2137 1759 my-

560 1774 726 1834 sterio
766 1774 848 1829 vel
881 1775 1039 1829 totius
1065 1774 1244 1828 mundi
1274 1776 1353 1828 vel
1386 1776 1546 1829 totius
1586 1777 1894 1844 temporalis
1934 1780 2133 1844 seculi,

557 1863 683 1934 quia
708 1872 761 1919 et
786 1863 857 1918 illi
888 1864 1040 1933 primi
1069 1864 1254 1919 decem
1283 1865 1418 1929 dies,
1446 1865 1499 1918 in
1526 1866 1719 1935 quibus
1737 1877 1891 1922 erant
1917 1868 1988 1922 illi
2016 1879 2137 1923 octo

559 1955 676 2010 dies
694 1996 710 2021 ,
738 1971 766 2009 a
796 1965 943 2025 parte
984 1965 1150 2011 totum
1176 1967 1397 2026 possunt
1422 1972 1571 2012 more
1599 1957 1989 2027 Scripturarum
2027 1977 2133 2016 non

557 2046 771 2103 dissono
794 2049 1112 2119 computari.

629 2141 718 2197 85.
744 2139 1063 2196 Conferatur
1086 2156 1213 2212 ergo
1240 2150 1295 2197 et
1316 2141 1457 2212 quod
1486 2144 1559 2198 ait
1598 2146 1871 2214 apostolus
1908 2146 2131 2214 Paulus,

558 2238 731 2285 utrum
775 2231 903 2285 nihil
941 2230 1128 2285 alierat
1178 2233 1487 2301 qumstiouis
1514 2248 1533 2286 :
1562 2234 1872 2300 Resurrexit,
1926 2236 2129 2306 inquit,

558 2321 702 2374 tertio
721 2320 802 2375 die
818 2323 1089 2374 secundum
1112 2321 1426 2391 Scripturas,
1453 2334 1503 2377 et
1524 2327 1762 2394 apparuit
1787 2325 1988 2398 Cephw.
2015 2329 2131 2385 Non

557 2409 721 2473 dixit,
748 2410 925 2465 Primo
950 2413 1192 2480 apparuit
1216 2414 1443 2484 Cephze;
1473 2431 1592 2470 nam
1617 2422 2129 2487 essetcontrarium,

558 2501 699 2572 quod
729 2502 900 2571 primo
921 2505 1231 2559 mulieribus
1258 2508 1567 2576 apparuisse
1597 2510 1648 2563 in
1688 2511 1971 2581 Evangeliu
2000 2514 2133 2586 legi-

557 2600 660 2646 tur.
688 2590 892 2657 Poslea,
926 2594 1114 2664 inquit,
1146 2596 1405 2651 duodecim
1437 2601 1841 2670 ‘zquibuslibet,
1871 2622 1972 2675 qua
1992 2606 2130 2663 liora

559 2682 721 2750 libet,
754 2684 867 2754 ipso
895 2693 1069 2741 tamen
1090 2691 1493 2744 resurrectionis
1516 2692 1621 2746 die.
1656 2693 1857 2749 Deinde
1892 2698 2131 2765 apparuit

554 2773 819 2846 plusquam
845 2776 1125 2847 quingentis
1154 2779 1396 2849 fratribus
1419 2782 1607 2836 simul:
1626 2784 1736 2838 sive
1768 2786 1849 2839 isti
1878 2802 1996 2841 cum
2031 2789 2131 2844 illis

553 2864 797 2920 undecim
815 2878 965 2921 erant
984 2870 1289 2940 congregati
1312 2872 1504 2926 clausis
1525 2876 1676 2929 ostiis
1696 2889 1909 2947 propter
1930 2892 2127 2936 metum

550 2955 886 3020 Judmorum,
920 2960 1062 3015 unde
1092 2976 1212 3015 cum
1242 2963 1460 3018 exiisset
1485 2965 1736 3028 Thomas,
1758 2971 1901 3024 venit
1930 2973 1995 3026 ad
2033 2989 2128 3029 eos

550 3046 736 3111 Jesus;
780 3048 891 3102 sive
921 3058 1041 3117 post
1087 3062 1207 3104 octo
1251 3053 1370 3105 illos
1410 3054 1524 3107 dies
1562 3059 1774 3125 quando
1806 3061 1964 3126 lihet;
1997 3064 2129 3120 nihil

552 3135 713 3191 habet
736 3137 966 3193 adversi.
1008 3139 1220 3205 Postea,
1261 3142 1459 3212 inquit,
1496 3149 1734 3215 apparuit
1761 3150 1952 3207 Jacobo
1978 3171 1997 3207 .'
2022 3172 2126 3211 non

554 3235 678 3282 tunc
725 3237 902 3283 autem
958 3230 1186 3298 primum
1216 3235 1459 3302 accipere
1503 3235 1759 3294 debemus
1799 3242 1968 3298 visum
2010 3260 2129 3302 esse

550 3317 751 3373 Jacobo
771 3360 786 3385 ,
821 3319 914 3375 sed
941 3320 1115 3391 aliqua
1144 3323 1354 3393 propria
1386 3325 1813 3386 manifestatione
1844 3334 2126 3404 singulari-

550 3419 651 3463 ter.
682 3408 877 3465 Deinde
898 3411 1150 3483 Apostolis
1176 3416 1437 3471 munibus:
1462 3433 1558 3473 nec
1590 3420 1693 3474 illis
1725 3430 1847 3478 tunc
1873 3427 2121 3495 primum,

548 3501 642 3556 sed
674 3501 783 3569 jam
827 3511 885 3556 ut
927 3503 1236 3559 familiarius
1271 3520 1676 3589 conversaretur
1700 3528 1819 3568 eum
1846 3516 1924 3571 eis
1956 3533 2122 3592 usque

550 3592 617 3647 ad
644 3592 788 3647 diem
815 3595 1141 3649 ascensionis
1187 3612 1319 3651 sum.
1363 3597 1649 3656 Novissime
1674 3615 1839 3658 autem
1875 3610 2115 3677 omnium,

551 3684 754 3754 inquit,
811 3689 957 3756 quasi
1009 3688 1231 3742 abortivo
1281 3693 1519 3761 apparuit
1548 3704 1593 3747 et
1621 3696 1745 3750 mihi
1790 3697 1832 3768 (I
1864 3698 1980 3753 Cor.
2030 3718 2119 3769 xv,

545 3778 671 3847 4-8)
704 3795 716 3831 :
751 3778 844 3834 sed
875 3778 973 3833 hoc
997 3779 1105 3848 jam
1135 3781 1203 3836 de
1227 3785 1365 3838 coelo
1391 3794 1512 3854 post
1535 3802 1638 3841 non
1670 3804 1886 3858 parvum
1915 3801 2122 3864 tempus

547 3883 875 3923 θεεοιιδιηιιιε
905 3885 1035 3925 sum.

617 3958 706 4011 86.
735 3957 883 4013 Nunc
904 3958 1014 4027 jam
1045 3960 1317 4017 videamus
1342 3966 1483 4032 quod
1512 3967 1889 4029 distuleramus
1908 4016 1923 4040 ,
1966 3978 2118 4048 cujus

548 4052 789 4123 mysterii
823 4053 986 4121 gratia
1022 4054 1311 4110 secundum
1345 4056 1645 4115 Maltineum
1677 4074 1728 4117 et
1752 4065 1984 4122 Marcum
2032 4087 2121 4126 re-

542 4126 767 4221 surgens
795 4144 863 4201 ita
894 4146 1242 4211 mandaverit,
1280 4148 1571 4206 Prwcedum
1613 4170 1697 4208 vos
1737 4158 1787 4211 in
1818 4158 2120 4231 Galilwam;

541 4237 612 4291 ibi
648 4254 725 4292 me
751 4239 973 4294 ridebilis
1010 4238 1221 4312 (Matth.
1260 4259 1410 4308 XXVI,
1438 4244 1525 4312 5‘2,
1584 4263 1768 4317 xxvm,
1801 4252 1852 4319 7,
1881 4263 1925 4306 et
1952 4253 2117 4311 Marc.

543 4330 770 4394 xrv.28,
806 4348 913 4397 xvr,
948 4332 1015 4403 7)
1046 4351 1059 4387 :
1091 4334 1231 4402 quod
1258 4344 1311 4390 ct
1349 4335 1393 4390 si
1433 4340 1753 4409 completum
1804 4356 1912 4407 est,
1944 4356 2117 4405 tamen

547 4430 667 4493 post
697 4423 856 4477 multa
905 4425 1227 4494 completum
1257 4436 1368 4493 est,
1399 4444 1520 4484 cum
1574 4431 1651 4487 sic
1707 4436 2009 4493 mandatum
2049 4440 2120 4496 sit

549 4516 881 4584 (quanquam
911 4515 1026 4570 sine
1056 4517 1361 4587 pra-judicio
1389 4522 1776 4597 necessitatis),
1804 4536 1863 4581 ut
1909 4539 1999 4583 aut
2020 4529 2119 4587 hoc

604 4669 1016 4745 ftpv._,undeciin.
1039 4678 1093 4742 at
1107 4680 1213 4726 Mss.
1235 4676 1283 4725 in
1303 4676 1396 4745 hoc
1413 4682 1617 4745 Apostoli
1642 4687 1915 4738 testimonio
1936 4689 2119 4745 habent

536 4737 832 4806 constanter,
852 4730 1110 4806 gitodeqim
1128 4747 1146 4793 ;
1159 4805 1165 4806 γ
1178 4730 1598 4806 consentientibus
1607 4730 2120 4806 ‘uié'ib'éi‘éuiiiéiiiiiii;

538 4797 635 4876 illa}:
656 4792 965 4876 ᾖξςὲρουι
988 4792 1133 4844 iidem
1156 4805 1260 4847 Mss.
1284 4802 1477 4855 codices
1499 4792 2119 4876 ιωύιᾶῥυέιἿῶ-Ξὶῖὶξῗάἷῆ

534 4850 633 4903 ιιιῶ
655 4853 905 4929 undecim.

1319 282 1407 339 DE
1444 280 1789 339 CONSENSU
1828 275 2472 348 EVANGELISTARUM,
2511 278 2568 337 S.
2608 282 2969 342 AUGUSTINI
3637 304 3725 365 Im

2249 397 2421 453 solum
2441 440 2457 465 ,
2487 411 2580 455 aut
2606 401 2706 457 hoc
2728 406 2957 475 primum
2991 418 3386 480 exspectaretur
3404 414 3504 471 lleri
3536 418 3722 483 debuisse.

2252 489 2446 545 Procul
2474 491 2635 547 dubio
2676 510 2803 565 ergo
2849 500 3095 567 quoniam
3137 516 3237 555 vos
3268 514 3348 558 est
3379 506 3469 561 ista
3498 524 3585 564 nou
3610 514 3722 570 Evan-

2248 580 2454 650 gelistze
2483 586 2747 641 narrantis
2788 589 2929 657 quod
2958 590 3025 643 ita
3056 590 3257 647 factum
3297 596 3390 660 sit,
3420 600 3504 653 sed
3530 606 3660 672 angeli
3687 626 3723 663 et

2250 672 2501 727 mandato
2540 675 2747 731 Domini
2775 688 2831 734 et
2856 680 3021 749 ipsius
3054 691 3240 752 postea
3277 685 3500 751 Domini,
3527 692 3722 763 Evangeli-

2249 772 2347 819 sta:
2371 778 2547 822 autem
2579 772 2874 837 narrantis,
2905 773 2999 827 sed
3026 775 3169 843 quod
3196 774 3268 829 ita
3292 778 3358 831 ab
3378 782 3547 850 angelo
3562 793 3605 837 et
3621 802 3641 835 a
3662 785 3723 838 De

2247 860 2393 914 mino
2416 862 2615 918 dictum
2638 865 2734 931 sit,
2765 867 3072 936 pr0phetice
3098 870 3299 925 dictum
3329 874 3640 945 accipiendum
3658 892 3721 936 est.

2248 948 2459 1005 Galilma
2492 968 2721 1023 namque
2748 956 3127 1026 interpretatur
3156 962 3239 1015 vel
3267 962 3651 1036 'l‘rausmigratio,
3671 974 3721 1026 vel

2249 1040 2537 1097 llevelatio.
2576 1045 2729 1100 Prius
2781 1049 2955 1117 itaque
3001 1053 3293 1108 secundant
3346 1060 3719 1129 transmigrationis

2247 1132 2721 1203 signiﬁcationem,
2765 1142 2890 1209 quid
2934 1144 3071 1198 aliud
3101 1148 3335 1201 occurrit
3386 1150 3717 1223 intelligendum,

2253 1222 2499 1279 Prwcedit
2526 1244 2610 1283 eos
2638 1229 2689 1283 in
2720 1228 2983 1287 Galilatant
3003 1252 3021 1299 ;
3045 1236 3115 1290 ibi
3143 1254 3256 1291 eum
3284 1241 3523 1307 videbitis;
3544 1222 3620 1299 ttisi
3643 1249 3718 1315 quia

2246 1314 2437 1370 Christi
2463 1320 2630 1387 gratia
2658 1321 2726 1376 de
2754 1325 2949 1394 populo
2970 1326 3130 1381 Israel
3158 1333 3562 1401 transmigratura
3580 1338 3717 1391 eratad

2244 1406 2481 1465 Gentes?
2540 1412 2743 1478 Quibus
2792 1418 3032 1485 Apostoli
3083 1421 3425 1489 prmdicantes
3466 1426 3717 1498 Evangelimn

2246 1500 2392 1552 nullo
2418 1502 2575 1557 modo
2598 1504 2963 1574 crederentur,
2998 1510 3097 1564 nisi
3127 1513 3207 1565 eis
3242 1513 3352 1583 ipse
3390 1515 3602 1571 Dominus
3628 1520 3717 1572 viam

2244 1592 2296 1646 in
2322 1594 2570 1649 cordibus
2598 1596 2870 1653 hominum
2903 1613 3233 1671 prmpararet
3262 1616 3346 1660 :et
3367 1608 3458 1662 hoc
3477 1610 3715 1679 intelligitur,

2248 1680 2494 1738 Prwcedit
2517 1701 2601 1739 eos
2627 1688 2679 1741 in
2717 1686 3007 1744 Calilwam.
3034 1693 3186 1759 Quod
3208 1706 3377 1751 autem
3402 1698 3639 1768 gaudentes
3656 1701 3717 1753 tui-

2244 1784 2492 1831 rarentur
2529 1777 2786 1849 dist-aptis
2835 1791 2886 1837 et
2906 1783 3094 1839 evictis
3142 1785 3540 1853 difﬁcultatibus,
3583 1790 3714 1858 aperiri

2242 1866 2342 1920 sibi
2372 1867 2565 1923 ostium
2610 1871 2661 1924 in
2702 1873 2926 1927 Domino
2953 1890 3050 1945 per
3078 1877 3495 1934 illutninationem
3523 1879 3713 1941 fidelium;

2241 1955 2342 2013 hoc
2368 1959 2691 2030 intelligitur,
2724 1965 2792 2017 ibi
2812 1982 2924 2019 eam
2950 1968 3199 2035 videbitis,
3233 1971 3280 2024 id
3300 1982 3396 2036 est,
3423 1973 3483 2026 ibi
3502 1973 3716 2041 ejusmetu-

2239 2047 2332 2102 bra
2360 2049 2669 2115 invenietis,
2709 2054 2777 2109 ibi
2801 2054 2975 2110 vivum
3006 2073 3204 2128 corpus
3230 2059 3341 2129 ejus
3380 2062 3428 2115 in
3470 2062 3524 2115 iis
3546 2063 3613 2131 qui
3648 2076 3707 2116 tot

2238 2144 2571 2210 susceperint
2595 2148 2913 2214 agnoscetis.
2942 2148 3247 2205 Secundum
3291 2152 3411 2207 illud
3445 2162 3588 2207 autem
3620 2152 3713 2223 quod

2239 2228 2453 2285 Galilaea
2492 2233 2869 2304 interpretatur
2899 2237 3212 2306 Revelatio,
3258 2258 3357 2297 non
3380 2243 3477 2312 jam
3513 2244 3556 2298 in
3598 2244 3709 2297 ltum:

2237 2323 2375 2376 servi
2416 2324 2807 2394 intelligendum
2839 2330 2965 2393 ‘cst,
3015 2332 3113 2386 sed
3152 2333 3203 2387 in
3255 2334 3337 2387 illa
3363 2334 3409 2389 in
3440 2350 3527 2404 qua
3563 2332 3711 2403 :equalis

2237 2423 2320 2468 est
2364 2415 2506 2469 Patri
2537 2416 2795 2489 (Philipp.
2842 2436 2903 2487 ιι,
2943 2423 2996 2488 6,
3046 2423 3119 2495 7)
3152 2441 3164 2477 :
3194 2440 3343 2495 quam
3387 2424 3586 2494 promisit
3617 2422 3708 2491 apud

2236 2504 2495 2561 Joannem
2526 2508 2870 2565 dilectoribus
2897 2514 3010 2565 suis
3031 2555 3047 2579 ,
3082 2529 3202 2569 cum
3247 2514 3462 2579 diceret,
3493 2514 3544 2567 Et
3567 2529 3632 2583 (go
3652 2512 3705 2563 di-

2240 2600 2395 2669 ligam
2434 2616 2566 2662 eam,
2615 2611 2661 2654 et
2700 2603 2957 2656 ostendant
2998 2622 3082 2659 me
3122 2608 3284 2677 ipsum
3322 2608 3394 2660 illi
3442 2604 3592 2676 (Joau.
3629 2616 3705 2664 stt,

2236 2690 2355 2761 2i).
2391 2691 2505 2745 Non
2562 2693 3081 2764 ulique‘secundum
3124 2698 3175 2753 id
3221 2698 3353 2770 quod
3384 2698 3477 2767 jam
3515 2695 3705 2755 videbant,

2236 2782 2451 2849 etquod
2481 2783 2638 2837 etiam
2666 2800 2948 2857 resurgens
2968 2802 3094 2843 cum
3119 2789 3449 2851 cicatricibus,
3476 2802 3559 2842 non
3580 2786 3699 2840 solum

2235 2874 2518 2929 videndutu
2540 2917 2553 2937 ,
2586 2876 2679 2931 sed
2700 2878 2857 2932 etiam
2889 2881 3213 2949 tangeudum
3254 2879 3541 2952 postmodum
3576 2884 3703 2928 estcu-

2234 2967 2313 3023 dit
2342 2986 2353 3021 :
2384 2969 2475 3023 sed
2506 2969 2793 3025 secundum
2828 2971 2967 3026 illam
3009 2974 3326 3030 ineffabilem
3372 2972 3540 3034 lucem,
3565 2982 3640 3037 qua
3659 2963 3703 3018 il-

2236 3057 2456 3113 luminat
2481 3075 2691 3115 omnem
2733 3061 3003 3118 hominem
3060 3067 3351 3121 venientem
3377 3062 3553 3117 inhuuc
3596 3070 3703 3110 mun-

2234 3146 2390 3212 dum,
2420 3150 2708 3206 secundum
2749 3168 2905 3221 quant
2951 3154 3093 3211 lucet
3122 3158 3171 3211 in
3196 3154 3434 3214 tenebris.
3466 3146 3701 3236 ettcnebrz

2234 3252 2356 3292 eum
2386 3255 2487 3294 non
2514 3243 2972 3311 comprehendunt
2996 3245 3128 3313 (Id.
3157 3263 3195 3312 ι,
3224 3246 3273 3308 9,
3298 3245 3365 3315 5).
3387 3242 3490 3297 llluc
3511 3251 3587 3293 nos
3602 3247 3699 3303 Ρη·

2232 3333 2413 3399 cessit,
2436 3333 2573 3387 unde
2606 3335 2671 3388 ad
2709 3350 2806 3388 nos
2837 3336 3057 3390 veniens
3091 3353 3195 3391 non
3225 3335 3437 3397 recessit,
3461 3341 3502 3386 et
3521 3344 3603 3398 quo
3621 3335 3689 3378 ηαδ

2233 3425 2541 3494 prmcedens
2574 3442 2678 3479 non
2728 3426 2984 3481 deseruit.
3024 3428 3119 3483 llla
3159 3430 3257 3484 erit
3284 3424 3498 3482 revelatio
3520 3426 3697 3485 ωιιίιυειω

2234 3531 2355 3570 vera
2382 3515 2616 3582 Galilma,
2642 3533 2762 3571 cum
2794 3518 2996 3574 similes
3020 3521 3072 3575 ei
3103 3525 3320 3581 erimus;
3347 3518 3405 3571 ibi
3426 3529 3524 3569 cum
3549 3504 3691 3562 videbi-

2232 3622 2352 3662 mus
2381 3609 2533 3662 sicuti
2577 3618 2658 3662 est
2679 3609 2720 3681 (I
2741 3608 2899 3663 Joan.
2930 3626 3007 3676 ιιι,
3037 3613 3120 3684 2).
3152 3614 3262 3682 Ipsa
3290 3610 3381 3665 erit
3401 3606 3530 3661 etiam
3553 3596 3695 3653 beatior

2233 3701 2622 3770 transmigratio
2665 3718 2727 3757 ex
2782 3702 2885 3757 isto
2909 3707 3110 3760 smculo
3148 3707 3199 3760 in
3240 3704 3370 3758 illam
3396 3697 3686 3753 teteruitnem.

2230 3792 2274 3845 si
2295 3792 2409 3861 ejus
2440 3803 2697 3862 prmcepta
2742 3795 2819 3847 sic
2860 3796 3260 3864 amplectamur,
3298 3789 3424 3847 utad
3446 3788 3537 3856 ejus

2230 3897 2343 3936 ram
2392 3884 2657 3954 Segregat-i
2690 3900 3010 3940 mereamur.
3042 3887 3195 3942 Tunc
3233 3885 3364 3941 enim
3404 3880 3527 3970 ibunt
3554 3872 3690 3970 sinis!"

2230 3971 2281 4025 in
2334 3975 2751 4028 combustionem
2803 3986 3093 4044 mternam,
3136 3977 3257 4047 justi
3307 3980 3461 4027 autem
3504 3964 3544 4019 in
3582 3964 3689 4056 vitata

2229 4073 2479 4118 :etcrnam
2513 4063 2723 4132 (Matth.
2765 4081 2891 4130 xxv,
2926 4068 3015 4133 55,
3048 4070 3161 4142 46).
3210 4067 3334 4122 llino
3374 4061 3477 4116 illuc
3515 4064 3690 4142 transuta

2200 4156 2475 4226 grabunt,
2517 4166 2570 4210 ct
2596 4157 2663 4210 ibi
2709 4174 2829 4212 eum
2862 4138 3140 4224 videbunt,
3185 4152 3427 4227 quomodo
3464 4138 3689 4201 tiouvideut

2229 4248 2398 4317 impii.
2440 4248 2679 4302 Tolletur
2716 4250 2856 4304 cnim
2887 4250 3100 4320 impius,
3134 4260 3185 4304 ut
3233 4262 3329 4302 non
3362 4242 3511 4296 videat
3542 4233 3688 4287 clarita-

2228 4348 2330 4395 tem
2373 4339 2577 4393 Domini
2626 4338 2775 4409 (Isai.
2828 4356 2976 4406 xxw,
3035 4343 3126 4413 10)
3152 4361 3163 4395 :
3189 4353 3241 4397 et
3283 4334 3411 4404 impii
3450 4332 3585 4383 lumen
3618 4330 3685 4413 nou

2225 4430 2499 4485 videbunt.
2576 4429 2700 4485 Ilazc
2738 4442 2813 4486 est
2868 4443 3033 4487 autem
3057 4476 3072 4498 ,
3112 4412 3307 4501 inquit,
3347 4428 3432 4479 rita
3468 4412 3686 4509 adamari

2224 4530 2524 4593 cognoscant
2562 4530 2609 4575 te
2663 4538 2817 4588 unum
2864 4539 3034 4577 verum
3092 4522 3264 4583 Deum,
3318 4524 3360 4570 ει
3409 4523 3527 4581 φλέω
3559 4502 3683 4603 ,Μ

2221 4612 2399 4667 Iesum
2461 4613 2713 4667 Christum
2778 4613 2796 4683 (
2844 4612 3001 4669 Joan.
3068 4631 3209 4679 xvu,
3281 4607 3361 4680 5);
3408 4603 3519 4657 Slc'“
3559 4609 3595 4645 '"
3626 4583 3683 4639 ⁸11³

2223 4706 2518 4761 :eternitate
2570 4713 2956 4775 cognoscctur,
3004 4722 3109 4776 quo
3158 4714 3327 4757 servos
3384 4688 3583 4764 perducet
3610 4685 3681 4776 per

2220 4799 2445 4854 formam
2485 4798 2642 4863 servi,
2675 4806 2730 4851 ut
2760 4798 2911 4853 liberi
2964 4795 3370 4865 contempleutur
3411 4783 3584 4838 fortnam
3608 4767 3679 4821 Dos

2220 4893 2367 4946 mini.
3456 4938 3669 4965 #4—

532 4956 2346 4995 Ἢ-

1489 5006 1968 5118 LIBER
2068 5016 2864 5144 QUARTUS.

1511 5172 1581 5215 De
1605 5167 1664 5217 iis
1682 5180 1793 5231 qua:
1817 5172 2073 5232 peculiaria
2094 5185 2208 5229 sunt
2226 5178 2384 5236 utarei,
2407 5183 2541 5224 Luca:
2566 5182 2619 5225 et
2639 5176 2847 5226 Joannis.

606 5252 1019 5310 Paor.ocus.—l
1035 5292 1049 5307 .
1068 5254 1216 5311 Nunc
1235 5257 1483 5326 quoniam
1506 5260 1738 5316 Matthaei
1761 5267 2114 5327 narrationem

533 5346 822 5401 oontextim
850 5346 1271 5415 considerantes,
1308 5358 1362 5405 et
1397 5351 1447 5406 ei
1487 5362 1593 5408 tres
1616 5354 1751 5410 alios
1784 5357 2117 5417 conferentes

535 5439 771 5509 usquein
804 5437 981 5502 linem,
1007 5440 1058 5495 in
1086 5441 1232 5496 nullo
1252 5457 1347 5498 eos
1375 5444 1455 5498 vel
1486 5446 1584 5501 sibi
1610 5448 1693 5504 vel
1716 5449 1854 5504 inter
1874 5465 1933 5507 se
1960 5469 2117 5524 repu-

535 5546 704 5601 gnare
725 5530 1021 5596 docuimus,
1044 5532 1277 5589 Marcum
1298 5536 1544 5592 similiter
1558 5538 1859 5607 videamus;
1881 5553 1936 5597 ut
1962 5559 2118 5601 exce-

534 5624 641 5693 ptis
668 5623 732 5677 iis
760 5637 877 5692 qua:
915 5638 1035 5679 cum
1066 5624 1309 5681 Mattlueo
1334 5626 1486 5692 dixit,
1516 5627 1584 5684 de
1609 5631 1802 5700 quibus
1838 5632 1947 5704 jam
1975 5636 2117 5707 quod

534 5713 904 5773 disserendum
945 5717 1221 5774 videbatur
1262 5720 1585 5778 absolvimus
1608 5762 1623 5789 ,
1651 5733 1843 5781 cmtcra
1873 5728 1987 5803 ejus
2032 5730 2115 5786 in-

2226 5280 2407 5342 specta
2435 5279 2594 5341 atque
2631 5270 2840 5335 collata,
2896 5273 3024 5327 nulli
3076 5280 3249 5327 eorum

2228 5336 2462 5420 strentur
2475 5336 2640 5432 usque
2661 5361 2726 5415 ad
2743 5377 2948 5418 comam
2970 5362 3188 5421 Domini.
3202 5356 3323 5413 Nam
3339 5340 3544 5460 iudejaml
3556 5336 3674 5460 :20:

2227 5454 2462 5511 omnium
2479 5428 2706 5524 quatuor
2725 5455 3161 5525 quemadmodum
3178 5446 3271 5504 sibi
3284 5430 3547 5497 conveniam
3560 5428 3628 5479 “"l

2228 5548 2280 5603 in
2311 5547 2465 5601 linem
2489 5546 2819 5603 considerata
2847 5549 3193 5603 tractavimus.
3576 5598 3585 5609 _
3645 5588 3653 5598 .

2231 5639 2300 5653 η.
2324 5637 2453 5653 ...υ-ι.
2485 5636 2743 5653 “ru...”-
2878 5637 2896 5653 ι
2974 5639 3012 5653 ,ς
3170 5634 3223 5653 η-
3262 5624 3397 5653 una»;
3434 5592 3671 5653 unum,”

2227 5637 2453 5695 CAPUT
2482 5636 2933 5743 PliiMl}M.—:Ill
2968 5634 3228 5743 Evangelia

2226 5747 2337 5801 qtae
2371 5747 2484 5785 cum
2534 5730 2775 5786 Matt/two
2813 5732 2960 5800 dixit,
3001 5727 3233 5805 quomodo
3273 5716 3397 5773 nulla
3422 5712 3561 5775 "7W"
