3888 6310
136 428 522 483 demonstretur
547 424 610 480 ab
626 424 770 481 initio
802 438 959 495 usque
981 419 1051 475 ad
1078 417 1209 475 illud
1234 414 1318 472 ubi
1344 418 1434 483 ait,
1464 416 1533 471 Et
1559 416 1736 485 ingre-

134 520 372 575 diuntur
391 517 786 588 Capharuaum,
808 525 862 571 ct
888 513 1066 570 statim
1084 511 1318 567 sabbatis
1340 508 1567 565 docebat
1605 521 1699 563 eos
1721 524 1735 562 :

135 614 294 681 quod
319 630 432 669 cum
462 610 600 668 Luca
625 612 765 665 dicit.

215 705 277 759 2.
307 705 397 761 Sic
421 720 551 774 ergo
598 703 783 774 incipit
808 702 1016 757 Marcus
1045 718 1059 754 :
1092 697 1305 753 Initium
1331 694 1593 766 Evangelii
1609 692 1739 749 Iesu

139 796 342 853 Christi
360 794 484 850 Filii
504 795 616 853 Dei.
631 795 759 850 sicut
777 794 1019 863 scriptum
1031 802 1101 847 est
1122 792 1172 844 in
1186 789 1326 844 Isaia
1342 788 1739 859 prapheta,ctc.,

142 903 326 958 usque
352 887 417 942 ad
448 886 574 941 illud
626 886 712 939 ubi
752 889 859 951 ait,
892 884 954 938 Et
979 883 1331 955 ingrediuntur
1357 880 1741 950 Capharnaum,

139 989 190 1032 ct
211 979 388 1032 statim
402 977 621 1032 sabbatis
632 976 882 1048 ingressus
892 990 1201 1046 synagogam
1223 973 1429 1026 docebat
1446 986 1530 1024 eos
1549 967 1741 1041 (Marc.

140 1083 182 1134 ι,
224 1067 412 1137 1-21).
443 1068 498 1122 In
541 1068 641 1123 hac
686 1078 795 1122 tota
836 1068 1179 1120 contentione
1227 1063 1407 1118 omnia
1463 1060 1743 1129 superiora

138 1174 272 1216 cum
317 1160 564 1215 Mattbzeo
613 1159 948 1215 considerata
978 1167 1104 1215 sunt
1135 1175 1148 1210 :
1177 1156 1279 1211 hoc
1307 1163 1484 1208 autem
1537 1152 1744 1206 Marcus

141 1252 274 1322 quia
308 1252 577 1323 ingressus
602 1250 974 1319 Capharuamu
1004 1251 1055 1302 in
1078 1262 1402 1318 synagogam
1432 1260 1619 1300 eorum
1646 1243 1741 1297 do-

141 1346 423 1401 cebateos
450 1345 703 1407 sabbatis,
735 1359 857 1397 cum
885 1343 1025 1397 Luca
1050 1339 1345 1411 dixit(Luc.
1376 1334 1453 1406 tv,
1485 1338 1616 1408 51);
1650 1335 1745 1392 sed

144 1437 284 1490 nihil
318 1436 478 1491 habet
504 1434 832 1504 qumstionis.

141 1526 379 1583 CAPUT
422 1526 559 1580 l|.—
575 1524 653 1580 De
676 1526 878 1580 homine
905 1541 937 1579 a
953 1540 1052 1595 quo
1072 1525 1278 1594 spiritus
1304 1523 1596 1576 immundus
1638 1522 1745 1593 eje-

218 1628 334 1672 ctus
379 1626 453 1672 est
478 1633 760 1685 convexum
786 1633 919 1683 eum,
941 1616 1193 1687 quontodo
1221 1613 1377 1669 Luca:
1403 1614 1488 1683 qui
1518 1614 1612 1668 hoc
1632 1628 1746 1666 cunt

221 1725 283 1765 eo
308 1709 457 1775 dixit,
490 1726 590 1763 non
613 1718 879 1779 repugnet.

224 1822 278 1878 5.
308 1820 561 1891 Sequitur
608 1819 839 1885 Marcus,
883 1827 939 1873 et
974 1816 1234 1873 dicitzEt
1282 1816 1551 1887 stupebant
1594 1831 1747 1885 super

147 1914 385 1968 doctrina
432 1913 581 1984 ejus:
624 1922 730 1966 erat
772 1912 906 1967 enim
932 1912 1114 1966 docens
1157 1928 1240 1965 eos
1282 1911 1429 1981 quasi
1457 1918 1748 1980 potestatem

152 2004 364 2071 habens,
390 2014 437 2058 et
460 2021 560 2059 non
581 2006 711 2060 sicut
737 2004 947 2059 Scribte.
985 2002 1050 2056 Et
1073 2013 1178 2056 erat
1208 2003 1259 2054 in
1285 2018 1543 2072 synagoga
1573 2016 1748 2054 eorum

148 2096 305 2150 homo
327 2097 380 2150 in
405 2096 589 2165 spiritu
618 2095 901 2161 immundo,
933 2103 979 2148 et
1020 2094 1343 2158 exclamtwit,
1372 2093 1541 2146 dicens
1567 2111 1581 2146 :
1608 2091 1746 2156 Quid

149 2190 298 2244 nobis
320 2199 367 2244 et
393 2189 509 2253 tibi,
535 2187 661 2243 Iesu
692 2187 999 2243 Nazarene?
1024 2189 1200 2241 venisti
1226 2187 1434 2258 perdere
1470 2203 1580 2252 nos,
1614 2194 1743 2250 etc.,

149 2294 323 2350 uSque
346 2280 412 2334 ad
437 2296 558 2335 cum
589 2281 763 2335 locum
793 2280 880 2335 ubi
911 2280 1007 2343 ait,
1034 2278 1103 2333 lit
1129 2289 1237 2332 erat
1265 2278 1546 2348 prtedicans
1566 2278 1619 2331 in
1650 2294 1741 2348 sy-

150 2372 370 2443 nagogis
392 2388 584 2435 eorum,
617 2382 661 2426 et
685 2372 736 2425 in
765 2371 903 2425 onmi
930 2368 1167 2433 Galilu'a,
1200 2380 1247 2423 et
1275 2369 1523 2423 dwmoniu
1541 2369 1745 2439 ejicicns

155 2462 357 2535 (Marc.
384 2480 422 2529 ι,
447 2463 520 2519 22
544 2463 658 2535 59).
706 2463 771 2517 Et
815 2463 865 2516 iu
909 2462 1011 2516 hoc
1048 2472 1158 2515 toto
1189 2462 1306 2516 loco
1358 2462 1598 2532 quamvis
1642 2463 1749 2517 siut

148 2554 417 2624 qua-dam,
445 2571 566 2624 qua:
590 2570 711 2609 eum
731 2554 846 2608 solo
868 2553 1010 2608 Luca
1026 2552 1179 2619 dixit,
1206 2563 1379 2608 tamen
1395 2553 1503 2623 jam
1525 2564 1747 2609 tractata

151 2655 300 2707 sunt,
314 2660 431 2700 cum
452 2645 683 2700 Mattlnei
703 2646 1060 2700 narrationem
1076 2646 1382 2700 continuam
1406 2655 1709 2701 teneremus
1730 2664 1743 2712 ;

150 2737 279 2807 quia
309 2738 359 2791 in
388 2739 560 2806 ipsum
586 2738 828 2792 ordinem
854 2739 933 2793 sic
967 2739 1324 2805 incurrerunt,
1352 2750 1407 2794 ut
1438 2754 1499 2794 ea
1530 2751 1749 2809 praeter-

151 2826 411 2882 mittenda
464 2844 567 2882 lltttt
616 2828 927 2883 arbitrarer.
983 2828 1089 2884 Sed
1138 2830 1307 2883 Lucas
1327 2830 1393 2884 de
1422 2831 1611 2899 Spiritu
1644 2831 1749 2885 im-

150 2920 355 2976 mundo
379 2922 455 2975 ait
478 2920 619 2991 qttod
647 2922 726 2976 sic
751 2921 945 2976 exierit
969 2923 1037 2974 ab
1063 2922 1302 2988 homine,
1329 2934 1384 2976 ut
1407 2923 1534 2976 nihil
1568 2925 1616 2978 ei
1649 2941 1747 2979 no-

149 3025 301 3070 ceret
332 3031 345 3067 :
376 3014 583 3069 Marcus
606 3025 804 3081 autem,
837 3014 905 3069 Et
936 3015 1222 3085 discerpens
1249 3033 1382 3082 eum,
1412 3017 1600 3087 inquit,
1632 3019 1741 3087 spi-

150 3106 284 3160 ritus
311 3105 631 3170 imnnmdus,
676 3108 967 3162 exclamans
1016 3123 1132 3160 voce
1166 3124 1369 3177 magna,
1409 3108 1509 3161 exit
1552 3110 1615 3161 ab
1666 3125 1744 3164 eo.

155 3196 343 3251 Potest
369 3212 497 3267 ergo
526 3197 694 3252 videri
743 3200 1067 3253 contrarium
1101 3216 1114 3252 :
1148 3199 1415 3267 quomodo
1467 3200 1608 3253 enim
1640 3200 1747 3254 dis-

151 3302 382 3357 cerpens,
415 3287 519 3353 vel,
567 3288 704 3341 sicut
747 3287 910 3357 aliqui
958 3288 1173 3342 codices
1222 3289 1436 3351 habent,
1467 3305 1747 3343 convexans

152 3393 291 3443 eum,
323 3379 406 3433 cui
436 3379 565 3432 nihil
602 3379 780 3432 nocuit
800 3378 1091 3432 secundum
1134 3377 1373 3433 Lucam?
1417 3379 1520 3433 Sed
1551 3391 1605 3433 et
1636 3381 1748 3449 ipse

151 3467 347 3531 Lucas,
402 3468 468 3522 Et
510 3485 625 3522 eum
650 3469 938 3539 projecisset
982 3467 1149 3534 illum,
1207 3469 1411 3539 inquit,
1445 3470 1749 3524 tlazmonium

151 3562 213 3615 in
257 3560 497 3628 medium,
543 3561 662 3616 exiit
688 3560 751 3614 ab
779 3559 890 3626 illo,
934 3561 1157 3631 nihilque
1180 3562 1227 3614 ei
1269 3562 1437 3615 nocuit
1470 3560 1617 3632 (Luc.
1674 3579 1746 3629 tv,

152 3654 359 3723 35-35).
392 3652 545 3709 Unde
595 3654 905 3724 intelligitur
949 3654 1049 3708 hoc
1088 3655 1287 3709 dixisse
1317 3655 1572 3720 Marcum,
1621 3674 1747 3711 con-

152 3760 344 3799 vexans
373 3762 506 3811 eum,
525 3744 667 3816 quod
714 3745 888 3800 Lucas
934 3745 1087 3813 dixit,
1110 3764 1222 3800 cum
1247 3748 1535 3818 projeeisset
1562 3766 1674 3802 eum
1696 3750 1749 3805 in

152 3836 376 3889 medium
399 3851 417 3889 :
439 3845 497 3891 ut
530 3837 671 3907 quod
691 3847 904 3893 Secutus
950 3838 1040 3903 ait,
1092 3839 1316 3908 nihilque
1340 3840 1386 3893 ei
1424 3842 1614 3904 nocuit,
1646 3841 1748 3898 hoc

156 3926 501 3998 intelligatur,
547 3928 670 3998 quia
736 3929 823 3983 illa
876 3928 1097 4000 jactatio
1158 3932 1519 3987 membrorum
1589 3942 1748 4005 atque

158 4018 367 4073 vexatio
418 4035 522 4073 non
570 4033 692 4074 eum
718 4020 1042 4085 debilitavit,
1084 4022 1219 4077 sicut
1247 4023 1418 4078 solent
1459 4024 1607 4079 exire
1634 4024 1747 4079 da:-

158 4109 355 4173 monia,
391 4110 553 4164 etiam
582 4110 898 4179 quibusdam
949 4112 1202 4166 membris
1246 4124 1421 4167 amota
1469 4115 1747 4171 vexatione

160 4201 304 4258 elisis
330 4200 371 4254 ⁸.

162 4289 383 4347 CAPUT
415 4291 499 4347 Ill.
527 4322 598 4332 —
620 4290 698 4346 De
740 4294 941 4347 nomine
996 4292 1158 4361 Petri,
1194 4296 1443 4364 quomodo
1473 4296 1623 4350 etiam
1670 4306 1749 4351 at-

231 4397 326 4453 que
363 4383 513 4437 etiam
559 4385 953 4450 commendetur,
983 4401 1082 4438 non
1112 4402 1395 4456 repugnare
1417 4384 1630 4454 Joanni,
1662 4388 1748 4458 qui

230 4473 358 4527 dixit
382 4474 583 4544 quando
609 4478 703 4527 hoe.
728 4491 908 4528 nomen
937 4477 1146 4545 accepit.

228 4564 283 4620 4.
324 4564 573 4635 Sequitur
603 4565 742 4620 idem
772 4566 974 4621 Marcus
1000 4584 1012 4618 :
1044 4566 1110 4619 Et
1134 4570 1263 4622 venit
1289 4569 1356 4621 ad
1374 4586 1485 4623 cum
1523 4570 1747 4639 leprosus

162 4659 431 4729 deprecans
446 4675 581 4720 eum,
599 4669 644 4711 et
664 4675 794 4729 genu
804 4661 938 4728 ﬂexo
959 4660 1087 4713 dixit
1112 4676 1130 4714 :
1153 4661 1215 4715 Si
1236 4662 1327 4725 vis,
1352 4672 1583 4732 potestne
1602 4680 1748 4718 mnu-

163 4749 299 4815 dare,
331 4760 460 4817 etc.,
496 4764 660 4819 usque
685 4750 751 4803 ad
782 4751 908 4804 illud
939 4751 1027 4804 ubi
1055 4752 1147 4817 ait,
1172 4754 1237 4805 Et
1263 4754 1547 4807 clamabant
1571 4756 1747 4810 dicen-

162 4850 229 4897 tes
255 4857 273 4895 :
306 4840 381 4895 Tu
423 4859 475 4895 es
501 4841 639 4905 ﬁlius
664 4840 780 4897 Dei.
817 4842 880 4896 Et
910 4845 1220 4897 vehementer
1247 4846 1649 4901 comminabatur
1675 4850 1748 4904 eis

162 4950 220 4989 ne
246 4935 619 5005 manifestarent
643 4935 787 4989 illum
814 4935 1004 5009 (Marc.
1036 4952 1072 5004 t,
1089 4938 1158 4993 40
1175 4955 1189 5004 ;
1207 4954 1283 5004 III,
1313 4940 1427 5011 12).
1453 4939 1585 4996 lluic
1606 4942 1748 5011 quod

165 5024 403 5080 ultimum
444 5026 716 5095 posuimus
746 5028 922 5083 simile
948 5029 1145 5099 aliquid
1175 5041 1227 5085 et
1263 5030 1434 5085 Lucas
1456 5032 1617 5099 dicit,
1652 5032 1749 5088 sed

166 5117 274 5171 sine
300 5115 475 5186 aliqtta
501 5120 861 5187 repugnantia:
896 5121 1193 5190 quit-alioue
1220 5120 1372 5195 (Luc.
1401 5139 1471 5185 tv,
1504 5125 1562 5178 41
1581 5124 1619 5194 ).
1646 5124 1748 5180 Se-

168 5207 336 5278 quitur
363 5209 573 5264 Marcus
599 5227 610 5262 :
644 5210 709 5263 Et
734 5212 1010 5265 ascendens
1043 5213 1095 5265 in
1124 5223 1341 5266 montem
1384 5217 1572 5269 vocarit
1597 5216 1665 5269 ad
1696 5233 1749 5271 se

169 5313 284 5367 quos
302 5300 454 5354 voluit
480 5302 607 5372 ipse,
647 5312 694 5355 et
723 5313 961 5357 venerunt
990 5305 1058 5357 ad
1083 5320 1194 5357 eum
1221 5322 1241 5359 :
1283 5314 1330 5359 et
1357 5307 1471 5374 feeit
1494 5317 1550 5359 ut
1586 5318 1748 5362 essent

169 5387 422 5444 duodecim
445 5407 561 5445 cum
597 5391 708 5456 illo,
738 5403 785 5447 et
814 5403 865 5447 ut
896 5394 1110 5447 mitteret
1136 5410 1219 5448 eos
1254 5397 1569 5465 prwdicare;
1596 5406 1641 5451 et
1661 5398 1749 5452 de-

171 5478 235 5534 dit
257 5480 357 5537 illis
383 5492 674 5552 potestatem
699 5487 910 5539 curandi
940 5486 1273 5553 inﬁrmitates,
1314 5499 1358 5541 et
1386 5489 1617 5559 cjiciendi
1639 5490 1747 5545 da:-

173 5573 347 5629 Inonia.
375 5572 445 5629 Et
472 5574 712 5645 imposuit
743 5577 941 5633 Simoni
976 5596 1157 5635 nomen
1198 5578 1547 5648 Petrus,etc.,
1581 5598 1748 5654 usque

222 5712 370 5782 ,ψει
410 5720 622 5779 septem,
645 5710 873 5767 membris
903 5718 1258 5783 mutauerat
1295 5719 1485 5776 evulsis.
1523 5720 1629 5776 Atii.
1650 5726 1741 5775 aut

175 5769 304 5841 ﬁ

1452 294 1653 358 LIBER
1688 284 2036 365 QUARTUS.

3293 303 3432 363 1218

1848 414 1914 469 ad
1947 413 2075 469 illud
2104 414 2189 469 ubi
2216 414 2320 479 ait,
2352 415 2414 470 Et
2438 417 2588 481 abiit.
2624 425 2672 472 et
2700 419 2850 488 erepit
2886 419 3162 488 pradicare
3186 421 3237 474 in
3270 419 3427 476 Deca-

1849 508 1954 579 poli
1972 519 2159 578 quanta
2177 508 2270 562 sibi
2284 508 2476 575 fecisset
2489 507 2659 575 Iesus,
2676 521 2722 563 et
2738 528 2905 566 omnes
2917 511 3226 565 mirabantur
3242 511 3432 579 (Marc.

1849 615 2013 667 ttt;v,
2041 600 2112 656 ‘20
2128 601 2168 671 ).
2206 602 2280 656 De
2304 603 2606 658 nominibus
2631 603 3007 672 discipulorum
3035 605 3144 675 jam
3189 616 3243 661 et
3282 616 3436 662 antea

1849 708 1937 747 me
1976 692 2207 748 locutum
2250 694 2384 759 seio,
2437 709 2560 749 cum
2615 695 2845 749 Mattlitei
2896 711 3149 765 sequerer
3191 698 3437 755 ordinem

1850 784 2068 855 (Supra,
2116 784 2203 838 lib.
2254 783 2311 848 2,
2339 801 2388 839 c.
2422 787 2487 840 17
2512 795 2566 841 et
2589 786 2714 860 55);
2748 798 2801 843 et
2832 786 2920 842 hic
2946 804 3130 843 rursus
3154 790 3435 857 admoneo,

1850 893 1919 932 ne
1946 878 2223 947 quisquam
2255 887 2404 947 putet
2432 895 2571 933 nunc
2609 882 2878 950 accepisse
2904 898 3095 938 nomen
3129 882 3398 940 Simonem
3421 928 3437 951 ,

1851 979 1910 1025 ut
1940 970 2129 1024 Petrus
2154 981 2452 1034 vocaretur,
2479 981 2533 1026 et
2557 974 2625 1026 sit
2650 975 2974 1028 contrarium
2998 976 3187 1030 Joanui
3212 978 3299 1048 qui
3328 979 3440 1032 lou-

1850 1077 1918 1132 ge
1956 1071 2080 1118 ante
2122 1064 2194 1117 illi
2222 1064 2422 1119 dictum
2461 1080 2583 1121 esse
2615 1078 3033 1134 conum-morat,
3066 1068 3159 1124 .Tu
3190 1071 3444 1126 vocaberis

1853 1151 2069 1224 Cephas,
2098 1155 2231 1221 quod
2252 1156 2605 1227 interpretatur
2631 1156 2810 1212 Petrus
2843 1157 3021 1229 (Ioan.
3059 1176 3108 1226 I,
3146 1161 3238 1233 42)
3277 1180 3289 1214 :
3324 1163 3436 1231 ipsa

1852 1245 1994 1299 enim
2020 1246 2179 1300 verba
2207 1246 2413 1301 Domini
2451 1251 2918 1315 eon'imetnoravit,
2946 1252 3136 1321 quibus
3166 1252 3214 1307 ei
3245 1269 3439 1309 nomen

1854 1336 2139 1406 imposuit;
2186 1338 2391 1393 Marcus
2429 1348 2606 1393 autem
2648 1341 2749 1395 hoc
2793 1341 2912 1395 loco
2953 1342 3005 1396 id
3045 1343 3442 1412 recapitulando

1852 1432 2308 1494 commemoravit,
2355 1446 2475 1486 cum
2503 1432 2597 1498 ait,
2627 1429 2693 1485 Et
2730 1433 2969 1503 impertiit
3016 1433 3214 1488 Simoni
3262 1452 3443 1490 nomen

1855 1519 2061 1574 Petrus.
2090 1521 2222 1575 Cum
2249 1522 2390 1575 enim
2423 1521 2582 1576 vellet
2613 1522 2826 1577 nomina
2850 1523 3132 1579 duodecim
3162 1527 3443 1596 Apostolo-

1854 1629 1971 1667 rum
1998 1628 2334 1677 enumerare,
2364 1622 2419 1669 et
2461 1629 2681 1669 necesse
2711 1614 2932 1670 haberet
2973 1616 3187 1672 Petrum
3225 1617 3435 1687 dicere,

1855 1703 2087 1759 breviter
2116 1705 2387 1760 insinuare
2416 1705 2581 1760 voluit
2606 1706 2748 1776 quod
2776 1722 2880 1761 non
2908 1706 3010 1763 hoc
3042 1719 3195 1765 antea
3222 1725 3441 1767 vocare-

1856 1805 1960 1860 tur,
1983 1797 2074 1852 sed
2101 1797 2201 1852 hoc
2221 1797 2271 1853 ei
2302 1797 2557 1852 Dominus
2578 1813 2771 1852 nomen
2794 1798 3126 1869 imposuerit,
3154 1817 3260 1856 non
3292 1812 3435 1867 tunc.

1855 1891 1947 1944 sed
1987 1888 2199 1958 quando
2225 1889 2460 1945 Joannes
2500 1889 2613 1959 ipsa
2645 1891 2803 1945 verba
2836 1890 3042 1945 Domini
3084 1892 3279 1961 posuit.
3324 1893 3440 1949 Cte-

1854 1991 1968 2036 tera
1994 1982 2125 2036 nihil
2160 1981 2406 2052 cuiquam
2455 1991 2783 2051 repugnant,
2826 1990 2881 2035 et
2907 1990 3064 2037 antea
3089 1982 3199 2052 jam
3229 1993 3438 2055 pertra-

1854 2082 1991 2128 elata
2030 2082 2173 2127 511111..

1854 2188 2080 2245 CAPUT
2121 2186 2207 2243 IV.
2239 2217 2311 2228 —
2339 2186 2488 2253 Quod
2529 2186 2677 2253 dixit,
2707 2184 2917 2254 Qll‘llllﬂ
2947 2187 3114 2258 magis
3152 2188 3232 2243 eis
3258 2187 3443 2259 praci-

1926 2282 2105 2352 piebat
2132 2290 2185 2333 ut
2227 2287 2481 2340 Iacerent,
2516 2286 2661 2332 tanto
2691 2278 2858 2347 magis
2887 2279 3004 2348 plus
3030 2278 3298 2343 dicebant,
3317 2299 3443 2353 quo-

1925 2374 2074 2427 modo
2100 2390 2199 2427 non
2226 2383 2465 2443 repugnet
2489 2372 2816 2443 prwscientia:
2840 2372 3018 2442 ipsius,
3046 2389 3160 2443 qua:
3186 2374 3239 2428 in
3264 2373 3440 2430 Evan-

1926 2466 2055 2537 gelia
2083 2466 2477 2519 commendatur.

1924 2580 1980 2635 5.
2020 2579 2266 2649 Sequitur
2294 2577 2499 2632 Marcus
2528 2597 2540 2631 :
2577 2577 2640 2631 Et
2667 2593 2783 2632 cum
2809 2581 3192 2636 transcendisset
3214 2579 3367 2638 Iesus
3389 2584 3443 2638 in

1854 2670 1970 2723 navi
1999 2686 2171 2723 rtn'sus
2194 2679 2331 2721 trans
2353 2669 2555 2737 fretum,
2578 2669 2805 2722 convenit
2833 2669 2976 2722 turba
2994 2669 3154 2724 multa
3179 2673 3247 2725 ad
3274 2674 3440 2740 illum,

1855 2771 1900 2815 et
1927 2773 2031 2814 erat
2059 2761 2191 2813 circa
2213 2777 2369 2824 mare,
2388 2770 2519 2825 etc.,
2540 2776 2703 2829 usque
2719 2761 2785 2813 ad
2816 2761 2940 2814 illud
2965 2761 3051 2815 ubi
3068 2764 3159 2820 ait.
3180 2761 3246 2817 Et
3261 2781 3443 2820 conve-

1856 2854 2044 2907 nientes
2074 2850 2304 2922 Apostoli
2347 2853 2414 2904 ad
2432 2848 2642 2917 Iesum,
2693 2852 3103 2907 remmtiaverunt
3152 2852 3230 2907 illi
3273 2856 3443 2909 omnia

1854 2962 1966 3017 qua:
2014 2956 2217 3017 egerant
2242 2954 2287 2998 et
2331 2944 2601 2999 docuerant
2649 2943 2837 3014 (.llarc.
2868 2961 2919 3010 v,
2954 2945 3134 3010 2|;vt,
3184 2947 3297 3015 30).
3334 2948 3444 3004 lloc

1856 3040 2098 3091 ultimum
2139 3038 2272 3091 dixit
2299 3052 2418 3091 cum
2463 3036 2629 3101 Luca,
2659 3037 2824 3091 nihilo
2850 3038 3161 3092 discordans
3190 3037 3342 3104 (Luc.
3363 3056 3441 3108 tx,

1856 3131 1946 3200 10)
1983 3148 1996 3186 :
2023 3140 2214 3185 tut-tera
2239 3130 2347 3198 jam
2376 3140 2498 3185 ante
2525 3138 2743 3183 lraclala
2764 3139 2906 3185 sunt.
2935 3130 3185 3201 Sequitur
3203 3130 3444 3190 Marcus:

1856 3219 2006 3273 Etuit
2033 3222 2135 3274 illis
2165 3237 2183 3273 :
2204 3222 2359 3273 venite
2383 3237 2605 3274 seorsum
2623 3221 2672 3272 in
2694 3221 2944 3273 desertum
2965 3222 3149 3287 locant,
3175 3234 3221 3276 et
3246 3226 3444 3295 requie-

1854 3313 1975 3364 scite
2008 3310 2415 3377 pusillum,etc.,
2440 3326 2604 3380 usque
2623 3310 2687 3361 ad
2721 3310 2845 3363 illud
2878 3312 2961 3363 ubi
2990 3312 3083 3376 ait,
3117 3313 3318 3377 Quanto
3347 3331 3445 3367 au-

1856 3412 1955 3457 tem
1976 3403 2046 3455 eis
2064 3402 2405 3471 praecipiebat,
2425 3410 2564 3453 tanto
2592 3400 2751 3470 magis
2780 3400 2895 3470 plus
2921 3402 3283 3471 pra'dicubant,
3311 3414 3357 3458 et
3386 3422 3444 3460 eo

1854 3493 2076 3564 amplius
2086 3492 2490 3557 admirabantur,
2510 3490 2726 3544 dicentes
2744 3508 2762 3544 :
2779 3489 2914 3544 Bene
2926 3493 3096 3545 omnia
3114 3494 3229 3564 fecit
3247 3511 3266 3559 ,°
3282 3505 3328 3548 et
3339 3512 3448 3550 sur-

1856 3584 1948 3637 dos
1974 3585 2088 3655 fecit
2101 3584 2296 3643 audire,
2316 3592 2361 3636 et
2380 3592 2542 3635 mutos
2558 3582 2692 3651 loqui
2717 3579 2906 3650 (Marc.
2936 3597 3007 3643 Vl.
3032 3584 3120 3647 5|,
3146 3586 3368 3655 vu,5'i).
3387 3587 3442 3642 ltt

1858 3675 1941 3729 his
1960 3690 2082 3729 cum
2112 3674 2252 3728 Luca
2285 3673 2490 3726 Mart-us
2520 3672 2645 3725 nihil
2666 3682 2749 3726 est
2779 3673 2919 3742 quod
2948 3690 3241 3745 repugnare
3263 3678 3443 3734 videa-

1858 3776 1943 3821 tur
1967 3785 1980 3820 :
2010 3777 2063 3821 et
2090 3766 2363 3835 superiora
2392 3765 2568 3817 ounda
2591 3764 2699 3833 jam
2725 3766 3201 3835 consideravimns,
3233 3772 3445 3839 quando

1855 3874 1950 3914 eos
1998 3857 2248 3912 Mattlueo
2290 3855 2718 3912 conferelnunus.
2762 3856 2869 3912 Sed
2917 3858 3210 3913 cavendum
3252 3869 3336 3915 est
3378 3877 3445 3917 ne

1855 3950 2132 4020 quisquam
2151 3949 2457 4013 arbitretur,
2483 3948 2583 4003 hoc
2607 3948 2749 4018 quod
2776 3950 2829 4004 in
2859 3950 3044 4005 ultimo
3063 3967 3128 4005 ex
3156 3952 3445 4025 Evangelia

1856 4042 2017 4095 Marci
2054 4041 2239 4112 posui,
2295 4055 2591 4109 repugnare
2629 4040 2876 4095 omnibus
2900 4042 2988 4111 qui
3034 4058 3157 4096 cum
3186 4044 3304 4098 aliis
3329 4044 3445 4115 ejus

1856 4134 2122 4204 pleriSque
2154 4132 2306 4187 factis
2332 4143 2387 4186 et
2412 4130 2569 4185 dictis
2594 4130 2885 4186 ostendunt
2908 4133 3077 4188 scisse
3101 4134 3225 4203 quid
3252 4151 3443 4206 agerc-

1855 4236 1941 4279 tur
1966 4226 2017 4279 in
2041 4224 2365 4285 hominibus.
2397 4223 2444 4276 id
2467 4231 2566 4285 est,
2590 4222 2732 4292 quod
2754 4238 2873 4277 euut
2895 4223 3243 4292 Cogitationes
3268 4234 3324 4280 et
3351 4242 3444 4282 vo-

1856 4317 2086 4371 luntates
2106 4331 2289 4371 eorum
2320 4315 2485 4368 latere
2508 4330 2609 4367 nou
2639 4322 2881 4382 poterant
2908 4331 2919 4366 :
2948 4314 3085 4369 sient
3108 4315 3443 4383 apertissime

1853 4409 2086 4465 Joannes
2114 4398 2277 4471 dicit,
2309 4404 2337 4458 Ι
2344 4422 2432 4476 pse
2470 4416 2635 4458 autem
2678 4405 2828 4459 Iesus
2856 4422 2956 4459 non
2981 4407 3208 4462 credebat
3259 4424 3442 4469 semet.

1855 4503 2021 4571 ipsum
2045 4500 2136 4563 eis,
2165 4515 2221 4551 eo
2246 4498 2379 4567 quod
2396 4499 2501 4567 ipse
2521 4507 2685 4550 nosset
2705 4514 2892 4552 omnes.
2914 4508 2958 4550 et
2980 4500 3099 4570 quia
3127 4517 3255 4571 opus
3278 4504 3322 4558 ei
3342 4522 3444 4561 non

1854 4604 1958 4647 erat
1984 4603 2034 4644 ut
2063 4591 2172 4662 quis
2199 4591 2533 4643 testimonium
2560 4589 2835 4657 perhiberet
2855 4590 2917 4643 de
2932 4590 3165 4648 homine:
3187 4595 3295 4665 ipse
3311 4597 3445 4652 enim

1852 4686 2035 4741 sciebat
2055 4686 2175 4754 quid
2201 4693 2326 4736 esset
2351 4684 2402 4735 in
2433 4682 2633 4735 homine
2660 4682 2837 4752 (Joan.
2864 4699 2920 4745 ll,
2942 4682 3013 4738 21
3044 4684 3158 4758 95).
3186 4688 3291 4743 Sed
3316 4692 3441 4760 quid

1855 4780 2046 4833 mirum
2078 4776 2120 4829 si
2142 4784 2436 4845 praaseutes
2465 4774 2735 4828 bominmn
2763 4774 3061 4829 voluntates
3089 4776 3321 4843 videbat,
3352 4783 3443 4850 qui

1855 4873 2015 4927 etiam
2048 4871 2274 4924 futuram
2302 4870 2317 4899 ¹
2351 4870 2507 4923 Petro
2530 4866 2917 4937 przenuntiavit,
2942 4884 3098 4937 quam
3121 4880 3245 4925 tunc
3265 4872 3444 4941 utique

1856 4982 1962 5020 non
1993 4965 2243 5026 habebat,
2271 4963 2481 5033 quando
2511 4980 2604 5032 pro
2635 4964 2725 5016 illo
2752 4964 2831 5017 vel
2855 4980 2974 5016 cmn
3005 4964 3092 5016 illo
3122 4974 3361 5033 paratum
3390 4982 3450 5020 se

1856 5060 1991 5112 mori
2016 5057 2371 5127 pnes-uiuebat
2408 5054 2620 5127 (Matth.
2652 5057 2890 5118 xxvt,55
2921 5054 3195 5125 55)?Qua:
3222 5069 3342 5109 cum
3378 5056 3447 5110 ita

1856 5152 1979 5214 sint,
2011 5149 2277 5218 quomodo
2318 5148 2437 5201 huic
2463 5148 2577 5215 ejus
2608 5155 2765 5199 tanta:
2795 5146 3032 5199 scientia:
3061 5154 3113 5199 et
3152 5146 3447 5215 praescieri-

1858 5243 1943 5297 tia:
1965 5260 2066 5294 non
2086 5251 2167 5295 est
2186 5241 2511 5296 contrarium
2540 5238 2678 5306 quod
2709 5238 2915 5291 Marcus
2937 5236 3086 5301 dicit,
3113 5236 3360 5309 Prtccepit
3383 5240 3446 5293 il-

1854 5335 1917 5389 lis
1944 5351 2005 5387 ne
2041 5334 2120 5386 cui
2151 5334 2368 5385 dicerent
2391 5346 2408 5383 :
2435 5339 2619 5401 quanto
2648 5339 2812 5381 autent
2844 5330 2913 5383 eis
2936 5330 3273 5401 prareipiebat,
3304 5341 3445 5387 tanta

1855 5428 2014 5498 magis
2041 5426 2155 5493 plus
2182 5421 2560 5493 pra’dicabant?
2578 5420 2632 5474 Si
2662 5420 2801 5475 enim
2825 5421 3024 5477 sciebat
3052 5437 3167 5485 eos,
3189 5424 3325 5478 sicut
3350 5423 3441 5479 ille

1854 5516 1942 5589 qui
1976 5527 2129 5571 notas
2172 5514 2398 5569 habebat
2425 5521 2480 5568 et
2525 5522 2813 5583 prazscntes
2849 5522 2905 5568 et
2934 5513 3136 5570 futuras
3164 5515 3437 5575 hominum

1918 5720 1932 5750 ι
1960 5714 2104 5773 mliti,
2133 5712 2351 5786 futuram
2387 5711 2698 5786 negationem.
2732 5718 2788 5761 At
2808 5718 2913 5786 uss.
2941 5723 3045 5786 pou
3065 5710 3265 5786 addunt,
3293 5723 3442 5786 nega.

1852 5779 2047 5847 tioium,
2068 5774 2208 5846 cuius
2226 5776 2334 5832 loco
2760 5783 2853 5839 est,
2879 5774 3192 5833 voluntatem.
