3888 6328
180 381 339 439 1221

177 582 275 636 ita
303 584 416 649 jam
444 585 535 640 Dei
558 589 917 646 misericordia
941 596 1321 664 gubernantur.
1352 608 1407 652 ut
1436 600 1499 653 ad
1531 602 1625 656 ea1
1653 618 1787 672 quo-

170 686 307 741 que
343 678 670 746 perveniant,
696 691 852 753 atque
877 685 946 739 ita
974 690 1143 741 securi
1175 690 1241 744 de
1262 690 1361 744 hoc
1385 695 1578 746 szeeulo
1603 696 1790 751 absce-

172 761 349 818 dant.
375 765 474 832 Qui
518 770 779 839 profecto,
812 786 864 828 et
902 778 1202 847 priusquam
1234 780 1653 838 Christianorum
1689 804 1784 840 nu-

170 868 353 908 mero
391 858 677 926 sociemur,
709 864 943 920 utiliores
972 880 1119 935 sunt,
1149 886 1302 940 quant
1342 873 1375 925 ii
1405 874 1491 942 qui
1519 891 1637 929 cum
1674 878 1782 946 jam

171 944 472 1003 christiani
504 954 851 1023 appellentur,
884 968 937 1013 et
966 962 1263 1016 Christianis
1293 965 1649 1023 Sacramentis
1680 971 1781 1024 im-

166 1037 309 1093 buti
340 1044 465 1107 sint,
496 1045 619 1099 talia
647 1048 888 1116 suadent,
922 1060 978 1104 ut
1007 1053 1198 1121 quibus
1223 1071 1283 1108 ea
1308 1061 1665 1125 persuaserint
1690 1076 1779 1115 se-

166 1143 315 1184 cum
356 1132 407 1185 in
436 1140 685 1189 trtcr'nam
720 1153 927 1206 poenam
960 1144 1267 1209 pertrahant
1299 1163 1310 1197 :
1344 1162 1477 1214 quos
1508 1150 1776 1203 membro-

162 1234 311 1273 rum
334 1225 683 1293 corporaiium
709 1230 921 1283 nomine
954 1241 1199 1299 tanquam
1224 1250 1433 1287 manum
1458 1239 1539 1291 vel
1567 1240 1775 1293 oculqu

163 1310 632 1368 scandalizmtem
659 1315 809 1385 jubet
842 1321 952 1372 erui
981 1336 1009 1373 a
1042 1336 1284 1389 corpore,
1321 1325 1418 1379 hoc
1450 1337 1530 1381 est
1568 1330 1634 1382 ab
1666 1330 1775 1397 ipsa

161 1399 407 1454 unitatis
425 1405 698 1467 societate,
724 1416 780 1461 ut
800 1408 915 1463 sine
945 1410 1024 1463 his
1049 1413 1221 1479 potius
1240 1415 1477 1469 veniatur
1495 1418 1559 1471 ad
1594 1421 1769 1485 vitam,

159 1502 347 1559 quam
385 1510 502 1545 cum
542 1494 619 1549 eis
646 1507 799 1552 eatur
842 1500 891 1553 in
940 1501 1255 1572 gehennam.
1298 1508 1409 1561 Hoc
1449 1510 1560 1578 ipso
1598 1523 1771 1568 autem

154 1590 502 1649 separantur
533 1596 563 1639 a
602 1587 793 1656 quibus
828 1600 1162 1658 Separantur,
1197 1599 1333 1665 quod
1366 1598 1443 1653 eis
1486 1603 1619 1655 mala
1652 1618 1770 1657 sua-

152 1670 452 1732 dentibus,
519 1677 616 1730 hoc
646 1687 727 1732 est
765 1682 1244 1741 Scaudalizantibus
1282 1706 1381 1743 non
1420 1695 1766 1748 coasentitur.

154 1762 237 1816 Et
261 1764 316 1818 si
338 1765 551 1833 quidem
578 1770 825 1826 Omnibus
870 1774 1042 1839 bonis,
1074 1792 1193 1831 cum
1225 1782 1414 1849 quibus
1440 1784 1516 1837 eis
1540 1788 1769 1842 societas

154 1856 316 1920 est”,
369 1858 526 1912 etiam
558 1861 623 1917 de
654 1862 751 1917 hac
796 1871 1139 1934 perversitate
1186 1872 1539 1945 innotescunt,
1568 1881 1633 1932 ab
1656 1898 1768 1935 om-

156 1945 327 1998 nium
367 1950 581 2016 penitus
612 1954 884 2020 societate,
914 1968 1070 2027 atque
1107 1962 1170 2016 ab
1204 1964 1311 2031 ipsa
1340 1965 1636 2022 divinorum
1668 1972 1765 2025 Sa-

154 2048 573 2097 cramentorum
623 2046 1029 2118 participatione
1074 2067 1387 2121 separantur
1438 2077 1450 2112 :
1497 2060 1539 2113 si
1586 2073 1760 2117 autem

154 2132 491 2201 Quibusdam
524 2136 594 2189 ita
642 2138 747 2191 noti
786 2151 938 2207 sunt,
974 2144 1208 2211 pluribus
1245 2157 1419 2202 autem
1450 2151 1545 2205 ista
1578 2170 1760 2209 eorum

152 2232 245 2275 est
281 2222 462 2292 ignota
488 2231 835 2295 perversitas;
866 2234 931 2287 ita
978 2237 1230 2292 tolerandi
1264 2252 1418 2309 sunt,
1468 2246 1600 2299 sicut
1638 2259 1761 2303 ante

151 2315 571 2372 ventilationcm
599 2321 748 2388 palea
786 2324 1043 2379 toleratur
1066 2327 1118 2381 in
1169 2346 1289 2383 area
1311 2372 1325 2397 ,
1370 2342 1424 2386 ut
1456 2352 1627 2405 neque
1658 2339 1760 2395 illis

149 2406 224 2461 ad
263 2408 560 2476 iniquitatis
582 2414 1005 2471 Communionem
1031 2425 1409 2487 C(mscnliatur,
1438 2445 1606 2497 neque
1634 2446 1758 2499 pro-

151 2506 289 2567 pter
328 2499 449 2554 illos
478 2502 743 2559 bonorum
790 2509 1015 2564 societas
1052 2502 1370 2570 deserat‘ur:
1416 2519 1515 2573 hoc
1561 2521 1757 2579 faciunt

146 2589 248 2655 qui
288 2588 490 2645 habent
518 2594 580 2647 'in
610 2596 796 2664 seipsis
855 2598 1056 2665 salem,
1108 2613 1161 2657 et
1212 2623 1392 2674 pacem
1435 2608 1633 2667 habent
1674 2614 1751 2668 in-

149 2686 241 2732 ter
278 2693 366 2733 se.

144 2765 391 2825 CAPUT
431 2769 540 2825 VII.
571 2803 642 2813 —
672 2773 808 2829 Hinc
845 2793 1001 2847 usque
1035 2782 1102 2833 ad
1147 2798 1335 2837 caenam
1383 2787 1586 2843 Domini
1620 2794 1753 2849 unde

223 2861 406 2913 aninia
421 2863 643 2916 omnium
664 2869 970 2922 considerari
988 2884 1260 2942 coeperunt,
1286 2878 1478 2931 nullam
1500 2882 1561 2934 de
1574 2881 1629 2934 Μ
1634 2901 1750 2939 arca

219 2954 556 3021 quwstionem
579 2972 682 3011 esse
710 2968 993 3015 tractatam.

217 3042 279 3097 8.
328 3044 580 3112 Sequitur
602 3048 838 3105 Marcus:
866 3051 933 3105 Et
958 3054 1075 3108 inde
1097 3072 1371 3128 exsurgens
1398 3064 1525 3115 venit
1550 3064 1601 3118 in
1618 3066 1746 3134 lines

141 3132 358 3188 Iudaea
382 3133 524 3187 ultra
553 3136 851 3204 Iordanem,
888 3153 932 3195 et
962 3149 1260 3200 conveniunt
1286 3152 1461 3204 iterum
1489 3156 1645 3209 turbae
1678 3159 1746 3209 ad

142 3240 288 3289 eum,
308 3226 495 3278 etsicut
518 3241 835 3283 consueverat
848 3233 1025 3287 iterum
1047 3238 1252 3291 docebat
1272 3242 1403 3299 illos.
1426 3253 1553 3307 etc.,
1580 3262 1743 3315 usque

141 3316 213 3370 ad
247 3317 387 3370 illud
422 3318 507 3371 ubi
531 3322 623 3384 ait,
651 3322 835 3375 Omnes
860 3327 989 3376 enim
1022 3344 1081 3379 ca:
1100 3347 1157 3381 ea
1180 3332 1312 3398 quod
1337 3332 1620 3387 abundabat
1642 3340 1742 3391 illis

142 3408 396 3462 miserunt
421 3425 439 3461 :
467 3410 575 3462 lucc
612 3428 724 3464 vero
752 3413 815 3467 de
850 3417 1059 3483 penuria
1098 3435 1191 3470 sua
1230 3423 1398 3473 omnia
1428 3440 1541 3492 gare
1570 3428 1740 3482 habuit

140 3499 306 3565 misit,
338 3509 493 3552 totum
523 3506 703 3555 victum
737 3521 883 3557 suum
913 3506 1102 3579 (Marc.
1132 3526 1189 3575 Χ,
1217 3512 1265 3574 i;
1288 3530 1380 3581 xu,
1410 3520 1520 3589 44).
1551 3517 1607 3572 In
1641 3520 1740 3576 hac

140 3596 257 3644 tota
302 3597 645 3648 contextione
688 3599 863 3651 omnia
906 3604 1175 3668 superiora
1222 3609 1551 3664 considerata
1590 3623 1737 3687 sunt,

138 3695 214 3735 ne
253 3700 385 3751 quia
413 3686 718 3741 vulcrentur
742 3688 955 3752 lbabcre
999 3698 1343 3757 Contrarium.
1373 3703 1584 3770 quando
1610 3720 1734 3765 cum

140 3770 384 3825 Matthzei
412 3775 596 3856 ordine
617 3786 838 3831 cmteros
867 3782 1272 3842 conferebamus
1295 3810 1309 3843 :
1338 3789 1440 3852 hoc
1466 3808 1640 3852 autem
1670 3800 1735 3856 de

139 3859 307 3915 vidua
330 3848 643 3933 paupercula
674 3883 791 3942 qua:
816 3868 924 3925 duo
949 3872 1150 3932 minuta
1174 3879 1322 3937 misit
1350 3884 1398 3938 in
1421 3891 1735 3961 gumilhyla-

138 3949 317 4021 Cinm,
356 3949 464 4011 duo
510 3960 608 4013 soli
648 3960 849 4026 dicunt,
888 3965 1092 4023 Marcus
1131 3980 1182 4024 et
1224 3962 1390 4029 Lucas
1423 3949 1580 4047 lLuc.
1617 3949 1729 4049 iuit,

144 4048 295 4117 1-4),
330 4050 422 4103 sed
465 4052 578 4106 sine
620 4055 722 4108 ulla
762 4062 1055 4124 qumstione
1099 4068 1439 4121 eotieordant.
1469 4070 1601 4125 Hinc
1622 4074 1729 4140 jam

142 4154 317 4209 usque
341 4141 405 4193 ad
437 4157 641 4196 ctI-nam
674 4146 900 4213 Domini,
928 4151 1063 4204 unde
1086 4155 1315 4207 omnium
1351 4160 1522 4211 omnia
1552 4165 1726 4216 e0nsi-

145 4228 330 4284 derata
369 4235 727 4301 tractavimus,
771 4254 874 4291 nou
908 4240 1035 4295 dicit
1077 4254 1128 4296 et
1162 4246 1365 4301 .‘ilarcus
1395 4252 1532 4318 quod
1578 4267 1729 4323 cogat

141 4332 264 4372 cum
308 4322 488 4390 aliquo
528 4331 843 4393 comparari,
874 4332 941 4384 ad
974 4335 1341 4402 inquirendum
1390 4356 1457 4395 ne
1483 4343 1609 4412 quid
1638 4361 1725 4401 re-

142 4421 380 4477 pugnare
409 4413 662 4469 videatur.

142 4497 370 4556 CAPUT
412 4502 541 4557 Vill.
566 4536 636 4545 —
662 4506 738 4561 De
763 4508 915 4564 Luca:
944 4511 1235 4585 Evangelia,
1266 4523 1516 4588 quomoda
1538 4527 1726 4595 princi-

212 4591 354 4660 pium
384 4594 495 4662 ejus
520 4609 773 4667 congruat
815 4602 1062 4674 principio
1106 4608 1221 4661 libri
1256 4613 1470 4667 Aetnam
1508 4591 1723 4685 Aposto-

209 4683 393 4739 larum.

210 4772 264 4828 9.
302 4773 456 4829 Nunc
493 4791 621 4846 ergo
660 4780 912 4852 deinceps
941 4785 1097 4842 Lucae
1141 4791 1485 4863 Evangelium
1526 4817 1589 4855 ex
1628 4818 1718 4859 or-

140 4862 262 4918 dine
293 4875 693 4935 pcrtractemus,
722 4876 959 4943 exceptis
983 4877 1063 4933 eis
1093 4894 1211 4949 qua:
1239 4862 1541 4943 habetcum
1582 4892 1716 4947 Mat-

140 4952 280 5008 ιι)ωο
312 4953 590 5026 Marcoque
624 4966 961 5030 communia;
990 4973 1236 5037 quoniam
1280 4974 1365 5029 illa
1391 4979 1499 5047 jam
1538 4986 1713 5040 omnia

139 5054 455 5113 pertractata
500 5058 644 5106 sunt.
687 5050 775 5108 Sic
817 5072 943 5127 ergo
996 5062 1179 5131 incipit
1218 5065 1430 5124 Lucas:
1464 5072 1713 5139 Quoniam

141 5139 335 5205 quidem
362 5141 511 5195 multi
535 5145 703 5198 conati
725 5158 841 5201 sunt
868 5152 1107 5208 ordinare
1143 5162 1477 5216 narrationem
1520 5182 1633 5237 qua:
1658 5168 1712 5222 in

141 5231 275 5283 nobis
292 5232 551 5302 completa!
577 5247 693 5290 sunt
720 5254 908 5304 rerum,
941 5243 1068 5297 sicut
1104 5251 1418 5305 tradiderunt
1456 5231 1598 5311 nobis
1624 5261 1713 5324 qui

142 5319 201 5370 ab
224 5319 359 5374 initia
395 5322 493 5393 ipsi
520 5325 746 5381 viderunt
770 5339 815 5383 et
844 5332 1060 5389 ministri
1083 5340 1287 5405 fuerunt
1314 5348 1556 5401 sermonis
1582 5363 1603 5403 :
1630 5350 1705 5404 vi-

141 5423 246 5462 sum
269 5423 338 5466 est
356 5424 403 5467 et
430 5416 555 5470 mihi
579 5431 803 5476 assecuta
826 5439 858 5476 a
884 5426 1130 5499 principio
1156 5434 1381 5490 omnibus
1397 5436 1417 5467 ³
1446 5438 1710 5510 diligenter

201 5534 368 5605 traditi,
397 5536 463 5605 ad
484 5550 610 5590 eam
634 5549 689 5592 At
708 5536 919 5605 Mss.,a‘a
940 5562 1015 5599 ea.

126 5624 129 5625 ,
199 5597 285 5663 {lu
309 5599 556 5663 plerisque
578 5609 702 5663 MSS"
727 5597 891 5659 "maia
904 5597 991 5661 es}...

201 5656 343 5744 ἶ
980 5656 1109 5744 em!
1127 5677 1286 5744 editis
1306 5678 1524 5744 habent,
1553 5684 1706 5739 σηπιδ-

140 5713 344 5845 tam

1551 393 1747 452 LIBER
1783 395 2125 466 QUARTUS.

174 492 510 563 abluantur,
538 475 638 553 nec
668 501 853 556 unitati
880 501 995 572 ejus
1030 504 1435 573 incorporentur
1467 525 1482 563 :
1524 507 1617 562 sed
1667 511 1789 579 quia

3340 431 3479 491 1222

1900 526 1964 564 ea:
1988 514 2162 566 ordine
2191 514 2277 568 tibi
2301 519 2533 586 scribere,
2575 526 2759 593 Optime
2790 528 3085 604 Theophila,
3123 549 3177 593 ut
3201 558 3475 613 cognoscas

1897 620 2067 657 eorum
2118 608 2407 677 verborum,
2466 613 2529 666 de
2574 619 2750 687 quibus
2802 626 3023 682 eruditus
3072 648 3157 698 es,
3214 637 3471 694 veritatem

1897 691 2046 763 (Luc.
2066 712 2102 761 ι,
2132 699 2271 768 1-4).
2292 701 2399 755 ΙΙ‹›0
2421 704 2731 774 principium
2746 712 2809 764 ad
2837 715 3463 786 Evangeliinarrationem

1894 786 2125 839 nondum
2158 790 2399 855 pertinet.
2434 795 2695 851 Admonet
2720 812 2894 857 autetn
2929 815 3300 870 utnOverimus
3321 834 3466 874 eum-

1892 874 2011 927 dem
2041 877 2232 931 Lucam
2262 883 2419 936 etiam
2452 885 2596 940 illum
2628 890 2815 946 librum
2848 900 3147 970 scripsisse,
3188 909 3274 974 qui
3304 900 3470 968 Aetus

1890 964 2267 1033 Apostolorum
2308 988 2544 1042 vocatur,
2576 995 2679 1033 non
2712 986 2880 1039 solum
2913 993 3031 1058 quia
3060 992 3334 1066 TlicOphili
3374 998 3468 1057 tio-

1888 1071 2008 1110 men
2038 1061 2193 1113 etiam
2221 1063 2325 1117 illic
2350 1065 2517 1131 inest;
2549 1088 2667 1126 inim
2695 1092 2869 1142 posset
2898 1082 3029 1147 ﬁeri,
3052 1099 3104 1141 ut
3132 1098 3183 1143 et
3212 1093 3346 1148 alius
3370 1096 3468 1152 aii-

1887 1148 2002 1215 quis
2029 1149 2351 1221 Theophilus
2389 1171 2550 1227 esset,
2594 1175 2642 1217 et
2688 1169 2730 1219 si
2764 1169 2901 1224 idem
2930 1174 3041 1242 ipse
3068 1191 3230 1247 esset,
3263 1185 3329 1239 ab
3358 1189 3466 1245 alio

1884 1236 1948 1289 ad
1976 1238 2119 1294 illum
2142 1244 2337 1313 aliquid
2361 1252 2703 1324 scriberetur,
2729 1261 2862 1315 sicut
2884 1280 2909 1316 a
2929 1265 3066 1321 Luca
3093 1271 3460 1345 Evangelium:

1883 1329 1974 1381 sed
2006 1334 2124 1400 quia
2157 1347 2208 1389 et
2244 1339 2311 1391 ibi
2335 1341 2403 1393 ita
2431 1357 2649 1400 exorsus
2670 1362 2747 1403 est
2776 1356 3068 1425 utdiceret,
3101 1354 3462 1449 Primumquil-

2328 1434 2349 1449 ρ
2406 1434 2415 1442 .
2464 1434 2474 1449 .
2648 1438 2677 1449 ..
2849 1443 2913 1449 __
3426 1448 3429 1449 ,

3056 1416 3068 1425 ι
3232 1416 3328 1421 """
3348 1416 3431 1440 'I'V'
3444 1440 3451 1449 l

1882 1416 1992 1471 dem
2014 1438 2290 1481 sermonem
2318 1434 2415 1498 feci
2440 1434 2500 1486 de
2524 1438 2767 1508 omnibus,
2789 1462 2817 1495 0
2848 1443 3142 1518 TlteOpltile,
3172 1473 3285 1523 qua:
3310 1448 3459 1531 caepit

1894 1506 1912 1531 ,
2062 1516 2084 1531 ,.
2342 1522 2350 1531 .

2755 1506 2760 1508 ν
2988 1506 2998 1518 ι
3134 1506 3142 1515 ι
3184 1506 3276 1523 1⁷⁷⁷⁷
3311 1506 3457 1531 ⁷”Γ”

1879 1506 2027 1564 Iesus
2054 1516 2219 1584 facere
2247 1531 2292 1572 et
2317 1522 2510 1590 docere,
2538 1544 2593 1579 us
2608 1546 2688 1595 ,ue
2714 1532 2763 1584 in
2790 1534 2918 1589 diem
2936 1556 3034 1601 qua
3063 1544 3315 1614 Apbstalis
3335 1566 3458 1621 quos

1888 1601 1925 1621 ,ι
1995 1606 2054 1621 -.ι
2215 1611 2245 1621 ι·
2292 1614 2302 1621 ·
2340 1614 2349 1621 ·

3107 1601 3117 1614 l
3341 1601 3360 1621 ⁷1
3407 1601 3455 1606 vv

1879 1601 2022 1672 elegit
2043 1606 2057 1636 ί
2080 1624 2169 1677 per
2208 1611 2455 1680 Spiritum
2481 1632 2705 1675 sanctum
2737 1628 2984 1683 mandans
2997 1633 3151 1701 jussit
3178 1624 3455 1708 prtedicare

1887 1690 1927 1708 ι)
2096 1698 2122 1708 .-
2243 1704 2252 1708 -
2281 1702 2289 1708 -

1877 1690 2206 1765 Erangelium
2236 1702 2366 1771 (Act.
2402 1722 2439 1767 l,
2476 1708 2497 1761 1
2527 1708 2675 1779 ει2);
2729 1714 2873 1770 dedit
2918 1690 3132 1794 intelligi
3162 1690 3455 1800 quodﬂvjatii

1876 1786 2145 1855 scripserit
2170 1793 2272 1846 Eva
2299 1798 2435 1864 tgelii
2470 1800 2655 1856 librum
2681 1822 2837 1861 unum
2866 1828 2927 1865 ex
2957 1826 3201 1885 quatuor,
3224 1804 3452 1891 quorum

1874 1889 1954 1930 est
1980 1880 2029 1932 in
2047 1882 2277 1939 Ecclesia
2298 1890 2534 1946 sublimis
2558 1902 2861 1957 auctoritas.
2891 1905 3001 1961 Nec
3034 1910 3150 1965 ideo
3170 1916 3290 1983 quia
3320 1902 3452 1974 dixit

1872 1967 1939 2023 de
1962 1974 2205 2027 onmibns
2227 1993 2284 2032 se
2307 1980 2494 2036 fecisse
2518 2002 2837 2058 sermonem,
2868 2012 2985 2064 qua:
3010 2004 3169 2070 cmpit
3186 2004 3338 2061 Jesus
3367 2009 3445 2063 fa—

1870 2075 1991 2115 cere
2019 2075 2070 2118 et
2094 2066 2286 2123 docere
2310 2088 2473 2141 usque
2500 2077 2549 2129 in
2573 2078 2710 2133 dicit)
2734 2098 2837 2151 quo
2864 2090 3128 2145 mandavit
3157 2097 3441 2167 Apostolis,

1870 2156 2042 2219 putari
2070 2156 2226 2212 debet
2254 2164 2431 2217 omnia
2478 2168 2753 2237 scripsiSse
2795 2174 2843 2227 in
2881 2175 3161 2251 Evangelia
3204 2202 3299 2241 suo
3328 2178 3447 2261 qua:

1876 2239 1925 2261 1-
2004 2258 2019 2261 Α
2228 2251 2240 2261 ⁸
2421 2255 2450 2261 ⁵·
2514 2258 2523 2261 ⁸

3025 2239 3053 2251 ν
3215 2239 3292 2241 ⁷⁷⁷-
3333 2239 3441 2261 Ἰ””’“

1867 2239 2023 2297 Jesus
2052 2261 2171 2300 cum
2212 2251 2480 2319 Aposmlis
2512 2258 2562 2310 in
2595 2270 2732 2316 terra
2763 2278 3001 2323 versatus
3046 2271 3167 2329 fecit
3196 2287 3249 2330 et
3279 2272 3441 2349 dixit;

1865 2345 1932 2385 ne
1966 2334 2034 2387 sit
2070 2344 2390 2397 contrarium
2429 2345 2638 2411 Joanni,
2686 2356 2772 2423 qui
2820 2359 2891 2411 ait
2937 2362 3098 2417 multa
3127 2366 3225 2421 alia
3258 2370 3445 2430 iecisse

1864 2421 2069 2491 Jesum,
2099 2447 2214 2494 qum
2242 2435 2286 2488 si
2319 2439 2697 2510 scriberentur,
2731 2450 2982 2505 mundmn
3018 2464 3180 2511 totum
3213 2477 3315 2516 non
3346 2480 3442 2532 po-

1863 2516 2027 2572 tuisse
2057 2536 2246 2589 capere
2276 2526 2394 2583 illos
2422 2530 2581 2586 libros
2615 2535 2790 2604 (Joan.
2830 2558 2939 2608 ΠΙ,
2977 2547 3066 2619 25)
3096 2567 3108 2602 :
3136 2567 3254 2608 cum
3282 2554 3439 2613 etiam

1863 2618 2073 2663 constet
2104 2617 2170 2665 ab
2211 2616 2327 2669 aliis
2358 2626 2691 2689 evangelistis
2719 2647 2820 2684 non
2856 2651 3014 2701 pauca
3062 2653 3291 2711 narrata,
3320 2665 3438 2717 qure

1863 2696 1882 2717 Ι
1908 2714 1933 2717 _.
1956 2716 1985 2717 ..
2064 2702 2074 2713 '
2422 2713 2432 2717 “

2856 2696 2866 2701 -
3226 2696 3291 2711 κη’
3324 2696 3433 2717 ⁷1““““¹

1858 2696 2029 2752 Lucas
2063 2702 2176 2771 ipse
2208 2713 2469 2764 narrando
2493 2731 2595 2769 non
2625 2723 2809 2790 attigit.
2847 2727 2918 2781 De
2946 2733 3126 2786 omnib
3150 2752 3191 2790 as
3216 2752 3342 2806 ergo
3370 2742 3433 2796 le-

1856 2791 1930 2843 cit
1950 2808 2275 2862 sermonem,
2299 2802 2543 2871 eligendo
2572 2808 2637 2863 dc
2667 2815 2909 2870 titilltlblts
2935 2822 3070 2875 unde
3098 2824 3294 2881 faceret
3324 2846 3435 2885 ser-

1855 2898 2088 2948 monem,
2119 2904 2236 2958 qua:
2256 2892 2511 2959 judicavit
2544 2910 2663 2968 apta
2699 2911 2751 2957 et
2780 2922 3006 2977 congrua
3040 2914 3284 2973 sufﬁcere
3314 2922 3431 2975 olli-

1853 2973 1937 3025 cio
1972 2977 2381 3045 dispensationis
2409 3004 2535 3042 sua).
2587 2994 2645 3046 Et
2678 2999 2814 3063 quod
2844 3000 2969 3056 dicit
2997 3008 3187 3063 mullos
3212 3012 3432 3071 conatos

1852 3068 2088 3121 ordinare
2128 3078 2483 3143 narrationem,
2522 3101 2632 3152 gare
2673 3088 2722 3140 in
2752 3092 2889 3147 nobis
2925 3099 3187 3168 campletre
3214 3116 3329 3159 sunt
3352 3125 3433 3162 re-

1851 3171 1981 3222 rum,
2018 3161 2221 3217 videtur
2248 3170 2544 3237 signiﬁcare
2572 3180 2871 3249 nonnullos,
2900 3188 2987 3255 qui
3011 3206 3115 3244 non
3143 3192 3428 3261 potuerutit

1850 3244 1949 3299 hoc
1980 3265 2279 3321 susceptum
2310 3276 2497 3313 llitanS
2526 3265 2746 3333 implere
2776 3290 2789 3325 :
2825 3275 2943 3329 ideo
2966 3290 3141 3341 autem
3172 3284 3297 3346 dicit
3323 3284 3423 3350 sibi

1849 3335 2005 3388 visum
2032 3356 2149 3393 esse
2177 3360 2239 3395 ea:
2262 3347 2435 3401 ordine
2463 3352 2726 3421 diligenter
2757 3362 2988 3435 scribere,
3016 3379 3255 3443 quoniam
3282 3383 3425 3439 multi

1847 3429 2011 3479 conati
2038 3441 2187 3495 sunt;
2207 3434 2299 3487 sed
2326 3451 2415 3490 eos
2438 3439 2692 3501 debemus
2711 3455 2971 3524 accipere,
2992 3429 3215 3531 quorum
3247 3470 3297 3524 in
3322 3472 3421 3529 Ec-

1845 3513 2003 3568 clesia
2051 3522 2188 3579 nulla
2236 3534 2409 3584 exstat
2447 3536 2747 3603 auctoritas,
2794 3513 2912 3611 quia
3059 3556 3198 3621 quod
3246 3560 3418 3617 conati

1843 3613 2251 3683 sunt,implere
2314 3621 2529 3679 minime
2588 3640 2889 3694 potuerunt.
2947 3613 3261 3702 iste'autcm
3315 3668 3419 3709 non

1844 3700 2013 3753 solum
2068 3721 2234 3774 usque
2280 3710 2343 3763 ad
2397 3721 2838 3779 resurrectionem
2894 3737 3417 3815 assumptionemque

1845 3788 2048 3815 l\......‘-_:
2102 3798 2224 3815 _..__l
2304 3798 2334 3815 α-
2562 3808 2574 3815 .

1844 3788 2051 3845 Domini
2101 3798 2341 3863 perduxit
2383 3808 2734 3865 narrationem
2773 3831 2940 3883 suam,
3000 3830 3054 3878 ut
3102 3827 3151 3880 in
3193 3788 3417 3898 qualiter

1841 3885 2144 3937 auctoribus
2184 3894 2500 3959 evangelica:
2539 3896 2821 3970 Scriptura:
2856 3908 3067 3979 dignum
3106 3917 3284 3977 labore
3315 3926 3415 3982 suo

1839 3971 2061 4030 haberet
2092 3979 2261 4034 locum
2289 4000 2505 4042 :verum
2536 3992 2692 4049 etiam
2725 3998 2973 4071 deinceps
3000 4024 3115 4076 quae
3144 4027 3238 4081 per
3265 4016 3410 4086 Apo-

1840 4066 1999 4086 “MM
2050 4083 2072 4086 _
2141 4082 2149 4086 _
2347 4084 2351 4086 λ
2685 4085 2694 4086 ,

1839 4066 2003 4118 stolas
2040 4082 2185 4136 gesta
2236 4084 2390 4139 sunt,
2440 4097 2554 4147 qua:
2610 4085 2853 4144 sufficere
2903 4096 3121 4151 Credidit
3171 4103 3235 4157 ad
3281 4066 3411 4161 addi-

1837 4154 2094 4211 licandam
2125 4162 2277 4216 tidem
2303 4166 2584 4237 legentium
2612 4179 2688 4229 vel
2715 4181 3059 4252 audientium,
3088 4189 3156 4245 ita
3180 4196 3409 4269 scripsit,

1838 4255 1893 4297 ut
1934 4249 2079 4302 solus
2120 4254 2231 4319 ejus
2261 4256 2391 4310 liber
2414 4260 2514 4313 lida
2543 4265 2732 4333 dignus
2763 4271 3047 4331 haberetur
3087 4279 3138 4333 in
3169 4249 3404 4342 Eeclesid

1834 4335 1901 4390 de
1924 4340 1958 4390 Λ
1971 4344 2290 4407 postulorum
2320 4350 2521 4405 actibus
2544 4361 2822 4425 narrantis,
2850 4368 3139 4431 reprobatis
3162 4377 3402 4436 omnibus

1833 4428 1919 4494 qui
1951 4445 2051 4481 non
2081 4447 2141 4484 ea
2166 4434 2265 4488 tide
2287 4453 2387 4504 qua
2417 4447 2663 4509 aportuit,
2696 4449 2827 4504 facta
2861 4428 3098 4526 dictaque
3125 4428 3405 4533 Apostolo:

1831 4531 1947 4570 rum
1976 4522 2087 4573 ausi
2122 4536 2242 4577 sunt
2280 4529 2528 4585 scribere.
2574 4535 2652 4588 Eo
2678 4541 2870 4610 quippe
2901 4556 3134 4617 tempore
3174 4560 3405 4628 scripse-

1829 4618 1953 4663 runt
1990 4612 2193 4668 Marcus
2236 4627 2289 4670 et
2329 4619 2518 4683 Lucas.
2566 4642 2671 4695 quo
2711 4644 2814 4685 non
2858 4638 3025 4692 solum
3067 4644 3133 4698 ab
3168 4612 3402 4709 Ecclesia

1828 4700 2039 4769 Christi,
2071 4722 2253 4763 verum
2283 4715 2438 4768 etiam
2461 4717 2528 4771 ab
2555 4719 2680 4789 ipsis
2709 4724 2880 4783 adimc
2909 4731 2961 4785 in
2994 4750 3151 4792 carne
3174 4756 3399 4800 manen-

1826 4793 1969 4849 tibus
2000 4799 2269 4866 Apostolis
2300 4806 2506 4873 probari
2537 4822 2837 4879 potuerunt.

1826 4885 2048 4941 CAPUT
2089 4890 2177 4944 ΙΧ.
2204 4922 2273 4931 -
2304 4893 2566 4958 Quomodo
2598 4906 2904 4976 ostendatur,
2935 4916 3069 4980 quod
3097 4915 3158 4968 de
3174 4921 3398 4989 piscibus

1891 4979 2055 5046 captis
2100 4978 2266 5035 Lucas
2306 4994 2705 5046 cannnemoravit
2747 5012 2846 5051 non
2877 4978 3122 5066 pertinere
3157 4978 3226 5060 (id
3267 5009 3396 5066 illud

1890 5069 2029 5138 quod
2065 5070 2257 5125 videtur
2292 5075 2454 5131 simile
2493 5079 2721 5138 Joannes
2757 5102 2991 5144 narrasse
3036 5106 3146 5161 post
3188 5092 3395 5156 Domini

1893 5162 2329 5231 resurrectionem,
2359 5178 2506 5237 atque
2524 5172 2645 5226 inde
2674 5175 2780 5239 iam
2806 5193 2960 5246 usque
2984 5183 3054 5235 ad
3074 5194 3266 5242 caenam
3290 5189 3392 5247 Do-

1887 5249 2029 5311 mini,
2057 5254 2191 5306 unde
2211 5257 2433 5309 anmium
2459 5264 2626 5313 omnia
2650 5278 2805 5333 usque
2828 5267 2881 5320 in
2901 5270 3051 5341 ﬁnem
3077 5277 3392 5337 cansidérdth

1884 5350 2022 5401 sunt.
2047 5344 2240 5397 nullam
2260 5356 2413 5400 etiam
2440 5364 2503 5403 ea:
2520 5350 2800 5425 Evangelia
2819 5357 2975 5417 Luca:
2995 5371 3259 5426 tractatam

1881 5432 2221 5498 quwstionem.

1883 5520 1969 5574 t0.
2011 5520 2099 5575 Sic
2140 5539 2267 5595 ergo
2305 5543 2522 5589 narrare
2562 5534 2731 5593 Lucas
2768 5540 2951 5612 incipit
2990 5545 3381 5622 Evangellam:

1811 5608 1937 5665 Fuit
1962 5613 2015 5665 in
2042 5614 2213 5668 diebus
2250 5616 2488 5689 Herodis,
2518 5629 2648 5695 regis
2677 5608 2893 5698 Iudaica,

1808 5703 2010 5758 nomine
2030 5703 2324 5777 Zacharias,
2356 5713 2417 5769 de
2444 5716 2548 5772 vice
2568 5719 2735 5790 Abiu;
2759 5737 2805 5781 et
2828 5744 2959 5788 uxor
2987 5734 3068 5793 illi
3092 5738 3159 5797 de

1875 5827 1895 5859 ί
1919 5832 1984 5877 Ita
2008 5827 2053 5876 in
2078 5826 2248 5895 aliquot
2276 5841 2380 5884 Mss.
2415 5846 2459 5887 At
2485 5839 2531 5890 in
2559 5844 2713 5911 editis,
2734 5861 2827 5913 qua
2852 5856 3085 5918 Apostolus
3101 5860 3256 5929 elegit.
