3888 6320
418 314 550 383 129.3

410 435 607 499 Aaron,
623 439 863 487 etnomen
886 426 996 500 ejus
1023 423 1301 489 Elisabetlt,
1323 433 1454 488 ctc.,
1477 437 1644 493 usque
1670 420 1735 475 ad
1768 435 1891 476 eum
1914 419 1999 475 lo-

408 543 531 585 cum
563 525 651 581 tibi
679 525 776 588 ait,
817 520 886 578 Ut
924 518 1138 576 cessarit
1168 531 1338 573 autem
1364 517 1524 588 loqui,
1562 515 1694 570 dixit
1717 514 1786 567 ad
1825 513 2003 569 Simo-

410 635 525 675 nem
547 632 566 673 :
588 615 709 685 Duc
730 618 783 669 in
816 614 999 676 altum,
1026 622 1073 666 et
1103 611 1276 666 laxate
1304 609 1430 664 retia
1460 619 1621 663 vestra
1648 606 1701 661 in
1737 615 2004 676 capturum

413 710 564 786 (Luc.
592 726 631 777 ι,
662 709 807 777 5;v,
836 707 915 776 4).
956 705 1071 761 lloc
1096 714 1263 760 totum
1308 718 1413 757 non
1442 701 1602 757 habet
1645 700 1806 755 ullam
1843 714 2005 770 repu-

412 802 645 874 guantia:
672 801 1043 871 quaestionem.
1071 794 1307 852 Joannes
1340 792 1556 864 quidem
1595 790 1808 847 videtur
1831 789 2007 846 simile

412 892 610 966 aliquid
635 892 840 954 dicere,
862 889 956 945 sed
984 886 1115 943 illud
1144 889 1302 957 longe
1329 884 1473 939 aliud
1504 892 1607 947 est,
1635 882 1777 953 quod
1806 880 2006 951 laetum

412 995 498 1044 est
526 994 647 1057 post
681 982 1133 1041 resurrectionem
1177 977 1385 1033 Domini
1430 976 1497 1030 ad
1529 991 1679 1030 mare
1706 971 2009 1029 'l’iberiadis

418 1078 598 1154 (Ιοιυι.
628 1092 741 1144 xxI,
770 1073 943 1147 1-11).
976 1072 1051 1129 Ihi
1074 1070 1221 1127 enim
1251 1085 1359 1126 non
1392 1070 1566 1124 solum
1598 1067 1772 1136 ipsum
1798 1074 2009 1154 tempus

416 1153 570 1227 ualde
595 1168 866 1224 diversum
890 1175 997 1230 est,
1024 1162 1120 1219 sed
1150 1162 1312 1218 etiam
1351 1176 1439 1217 res
1472 1158 1585 1230 ipsa
1611 1157 1896 1229 pluritnttm
1920 1153 2007 1210 di-

413 1268 539 1318 stat.
572 1258 705 1316 Nam
745 1257 877 1314 retia
908 1257 1015 1312 illic
1045 1256 1098 1310 in
1118 1254 1401 1309 dexteram
1432 1259 1637 1322 partem
1664 1247 1851 1309 missa.
1879 1262 2011 1304 cen-

413 1361 526 1411 tum
559 1349 940 1424 quinquaginta
971 1357 1079 1403 tres
1106 1346 1284 1417 pisces
1321 1352 1612 1414 ceperunt;
1643 1354 1865 1412 magnos
1889 1339 2010 1411 qui-

414 1444 538 1501 dem
568 1459 584 1498 :
612 1441 708 1498 sed
747 1439 1002 1512 pertinuit
1046 1437 1114 1493 ad
1163 1433 1555 1506 Evangelistam
1610 1430 1815 1497 dicere,
1864 1427 2010 1501 quod

415 1548 539 1592 cum
570 1543 679 1588 tam
705 1532 881 1603 magni
921 1538 1123 1594 essent,
1169 1526 1303 1583 retia
1332 1540 1440 1580 non
1469 1533 1594 1578 sunt
1631 1522 1895 1591 disrupta,
1927 1534 2012 1576 re-

415 1622 733 1697 spicientem
760 1620 972 1677 sci'icet
996 1617 1063 1673 ad
1092 1618 1195 1673 hoc
1234 1617 1453 1681 factum,
1491 1612 1631 1684 quod
1661 1611 1831 1668 Lucas
1859 1624 2010 1667 com-

414 1724 698 1777 memorat,
730 1712 818 1767 ubi
851 1727 962 1781 pra:
997 1705 1335 1765 multitudine
1363 1704 1588 1776 piscium
1629 1702 1761 1758 retia
1792 1714 2007 1772 rumpe-

414 1806 630 1864 bantttr.
668 1803 788 1861 Jam
825 1812 1020 1859 caetera
1063 1799 1257 1856 similia
1281 1797 1474 1853 Joanni
1506 1795 1679 1851 Lucas
1720 1809 1828 1849 non
1854 1792 2007 1861 dixit,

416 1896 520 1953 nisi
546 1896 691 1952 circa
719 1892 929 1950 Domini
963 1891 1266 1963 passionem
1301 1897 1359 1945 et
1398 1886 1847 1944 resurrectionem
1876 1900 1891 1938 :
1916 1883 2009 1956 qui

414 1989 733 2047 tutuslocus
757 2003 790 2043 a
810 2002 961 2045 coena
992 1985 1158 2057 ipsius
1181 1997 1350 2055 usque
1405 1981 1473 2037 ad
1505 1981 1665 2036 tinem
1694 1978 1773 2036 sic
1796 1993 1826 2032 a
1856 1976 2010 2034 nobis

414 2091 675 2141 tractatus
696 2090 799 2148 est,
822 2089 882 2136 ut
898 2079 1138 2135 omnium
1160 2075 1379 2132 collatis
1404 2072 1728 2131 testimoniis
1756 2070 1887 2127 nihil
1913 2084 2010 2127 eos

417 2176 703 2234 dissentire
725 2173 1066 2231 duceremus.

416 2267 645 2327 CAPUT
680 2266 752 2324 Χ.
775 2264 947 2320 -υε
979 2261 1184 2320 Joanne
1209 2259 1539 2332 erangelista,
1577 2256 1700 2330 quid
1739 2272 1774 2311 a
1813 2253 2011 2311 ceteris

1037 2355 1196 2412 tribus
1224 2355 1395 2411 distet.

484 2453 577 2510 ll.
615 2451 852 2508 Joannes
895 2456 983 2506 est
1020 2448 1276 2519 reliquus,
1306 2447 1396 2517 qui
1417 2443 1529 2515 jam
1576 2457 1684 2499 non
1712 2448 1880 2499 restat
1919 2440 2007 2497 cui

412 2547 742 2606 conferatur.
779 2541 1046 2615 Quidquid
1072 2542 1216 2599 cuitu
1253 2540 1449 2612 singuli
1490 2539 1758 2603 dixerunt,
1789 2552 1909 2608 qu:e
1938 2534 2009 2591 ab

408 2641 531 2699 aliis
565 2657 672 2696 non
706 2638 848 2695 dicta
885 2644 1033 2702 sunt,
1060 2633 1277 2692 diltlcile
1314 2644 1398 2689 est
1432 2640 1490 2687 ut
1516 2630 1747 2687 habeant
1773 2629 2005 2700 aliquam

409 2732 775 2805 repugnantia:
801 2728 1176 2802 quaestionem.
1207 2728 1283 2781 Ac
1314 2739 1411 2795 per
1439 2723 1539 2778 hnc
1568 2721 1771 2793 liquido
1795 2727 2008 2775 constat

410 2835 520 2881 tres
568 2823 734 2889 istos,
776 2818 1085 2877 “attint-um
1118 2816 1358 2882 scilicet,
1400 2813 1633 2869 Marcum
1681 2821 1737 2867 ct
1776 2810 2002 2875 Lucam,

408 2915 639 2971 maxime
656 2914 799 2969 circa
829 2909 1217 2967 humanitatem
1247 2904 1455 2961 Domini
1487 2902 1663 2959 nostri
1693 2900 1822 2958 Jesu
1844 2899 2004 2957 Chri-

407 3007 476 3063 sti
501 3022 622 3063 esse
647 3013 910 3065 versatos.
942 3000 1238 3057 secundum
1264 3012 1426 3069 quant
1469 3005 1525 3051 et
1552 3010 1647 3050 rex
1670 3004 1723 3051 et
1751 2991 2005 3049 sacerdos

405 3109 509 3155 est.
532 3097 598 3154 Et
621 3097 742 3152 ideo
772 3095 998 3161 Marcus,
1018 3092 1108 3161 qui
1139 3090 1192 3144 in
1221 3089 1314 3144 illo
1349 3087 1606 3158 mysterio
1629 3095 1861 3158 quatuor
1888 3083 2008 3141 aui-

408 3188 626 3246 malium
653 3186 840 3260 (Apoc.
867 3200 939 3250 tv,
962 3183 1018 3246 ϐ,
1040 3182 1119 3254 7),
1150 3180 1385 3236 hominis
1405 3178 1612 3235 videtur
1629 3177 2005 3234 demonstrare

409 3295 711 3355 personant.
757 3277 843 3333 vel
886 3274 1118 3331 Mattha-i
1170 3272 1337 3342 magis
1381 3286 1564 3327 comes
1607 3270 1834 3338 videtur,
1877 3270 2004 3341 quia

405 3391 528 3432 cum
555 3374 645 3429 illo
671 3373 821 3444 plura
849 3370 977 3426 dicit
1007 3376 1223 3439 propter
1247 3366 1445 3436 regiam
1474 3378 1755 3435 personam
1783 3380 1903 3434 qua:
1924 3363 2004 3419 itt-

404 3465 656 3524 comitata
682 3478 807 3520 esse.
832 3477 940 3517 non
966 3461 1126 3526 solet,
1151 3458 1293 3531 quod
1326 3457 1379 3512 in
1406 3457 1579 3529 primo
1605 3456 1739 3511 libro
1763 3471 2002 3513 comme-

407 3556 611 3615 morati
638 3554 776 3628 (Lib.
804 3554 858 3617 l,
889 3569 1005 3625 cap.
1034 3552 1129 3621 3);
1170 3550 1254 3606 vel
1280 3548 1422 3621 quod
1453 3548 1781 3620 probabilius
1810 3548 2004 3606 intelli-

405 3649 571 3719 gitur,
594 3662 715 3701 cum
740 3644 1002 3701 ambobus
1021 3641 1240 3698 incedit.
1262 3639 1394 3696 Nam
1417 3641 1660 3711 quamvis
1679 3639 1928 3696 Mattiaco
1947 3641 2001 3697 in

413 3740 675 3814 pluribus,
706 3749 883 3793 tamen
932 3735 987 3792 in
1034 3734 1152 3789 aliis
1182 3732 1449 3788 nonnullis
1474 3730 1631 3787 Luca:
1660 3732 1828 3803 magis
1866 3747 2000 3788 con-

405 3834 587 3907 gruit:
617 3842 676 3887 ut
704 3833 805 3888 hoc
834 3829 951 3899 ipso
987 3827 1386 3884 demonstretur
1408 3824 1476 3880 ad
1504 3825 1713 3881 leonem
1752 3832 1809 3880 et
1829 3823 1898 3879 ad
1925 3824 2003 3881 vi-

408 3925 598 3989 tulum,
629 3922 733 3977 hoc
760 3928 867 3987 esi,
895 3928 952 3975 et
977 3918 1044 3974 ad
1072 3917 1302 3989 regalem
1332 3932 1493 3988 qttam
1526 3916 1826 3982 Matuta-us,
1851 3926 1907 3973 et
1930 3916 2001 3974 ad

407 4010 794 4069 sacerdotalem
818 4024 978 4080 quam
1008 4007 1180 4063 Lucas
1199 4007 1431 4062 insinuat
1451 4022 1757 4078 personam,
1785 4006 1836 4063 id
1856 4007 2000 4079 quod

405 4104 653 4161 Christus
679 4101 842 4157 homo
867 4109 980 4168 est,
1025 4099 1319 4172 pertinere.
1350 4113 1509 4168 quam
1545 4098 1764 4169 ﬁguram
1794 4099 2001 4155 Marcus

407 4196 547 4269 gerit
585 4194 856 4266 pertinens
899 4191 967 4247 ad
1019 4192 1324 4262 utrumque.
1363 4188 1619 4245 Divinitas
1647 4205 1776 4245 vero
1801 4186 1999 4247 Christi

412 4304 508 4360 'pta
539 4283 757 4354 a-quatis
783 4293 866 4340 est
892 4283 1057 4349 Patri,
1086 4282 1379 4339 secundum
1406 4279 1549 4351 quod
1576 4279 1812 4336 Verbum
1839 4290 2002 4339 estet

415 4379 549 4433 licus
567 4376 706 4447 apud
737 4376 924 4440 Deum,
954 4384 1011 4430 et
1034 4373 1265 4429 \"erbum
1285 4388 1413 4428 caro
1434 4372 1628 4428 factum
1652 4384 1707 4427 ιιι
1734 4372 2001 4431 habitaret

417 4484 461 4530 ιι
492 4468 647 4524 nobis
673 4465 852 4539 (Joan.
878 4481 915 4531 ι,
946 4465 1429 4532 ll-t),se'cnndnm
1456 4466 1599 4537 quod
1630 4465 1741 4536 ipse
1764 4477 1819 4524 et
1842 4467 2001 4525 Pater

411 4575 573 4618 anum
620 4566 745 4612 sunt
786 4556 895 4619 (la.
928 4572 987 4621 ι.
1019 4556 1132 4627 50),
1162 4571 1192 4610 a
1231 4555 1437 4611 Joanne
1464 4556 1693 4612 maxime
1726 4572 2001 4616 commcn-

407 4649 578 4704 tlanda
609 4658 853 4718 suscepta
874 4655 990 4711 est;
1020 4650 1109 4718 qui
1136 4648 1276 4702 sicut
1303 4648 1478 4719 aquila
1501 4649 1552 4703 in
1582 4647 1664 4702 his
1691 4665 1811 4719 qua:
1839 4651 1996 4706 Chri-

405 4753 520 4798 stus
543 4740 823 4797 sublimius
852 4742 1059 4794 locutus
1098 4750 1200 4804 est,
1235 4741 1566 4809 immoratur,
1597 4757 1696 4799 nec
1723 4744 1774 4798 in
1802 4753 1996 4800 terram

405 4833 802 4909 quodanunndo
846 4832 944 4887 nisi
993 4848 1115 4886 “aro
1151 4832 1447 4889 descendit.
1483 4834 1718 4905 Denique
1755 4836 1998 4905 quamvis

405 4938 633 4985 matrem
675 4925 871 4982 Christi
914 4939 974 4981 se
1017 4938 1177 4978 nosse
1216 4924 1370 4992 plane
1408 4935 1649 4992 testctnr,
1692 4937 1869 4982 tamen
1900 4943 1998 4985 nec

405 5024 458 5079 in
478 5023 596 5089 ejus
622 5019 899 5076 nativitate
928 5033 1051 5073 cum
1080 5015 1329 5071 Matthaco
1360 5028 1414 5070 et
1443 5015 1583 5073 Luca
1621 5018 1818 5090 aliquid
1845 5019 1994 5087 dicit,

404 5132 503 5173 nec
520 5115 638 5186 ejus
659 5114 977 5184 baptismum
1002 5126 1124 5168 cum
1148 5108 1318 5165 tribus
1338 5121 1739 5174 coniunctum-at,
1770 5110 1868 5168 sed
1890 5122 1999 5169 tan-

404 5208 681 5266 tummodo
712 5208 781 5263 ibi
809 5205 1173 5263 tcstimonitnn
1201 5203 1421 5259 Joannis
1460 5204 1567 5259 alte
1588 5204 1996 5277 sublimiterque

402 5302 809 5369 commendans,
836 5302 1034 5357 relictis
1058 5300 1137 5354 eis
1164 5298 1330 5370 pergit
1351 5314 1473 5353 cmn
1502 5298 1591 5353 illo
1615 5298 1681 5353 ad
1705 5299 1916 5368 nuptias
1942 5300 1993 5355 in

401 5395 545 5453 Cana
574 5394 812 5452 Galilace
845 5410 859 5448 :
888 5394 974 5446 uh't
997 5391 1240 5461 quamvis
1267 5392 1379 5460 ipse
1400 5389 1734 5462 Evangelista
1766 5402 1992 5446 matrem

401 5491 522 5561 ejus
550 5486 715 5544 fuisse
751 5494 1157 5550 connucmoret,
1193 5483 1282 5540 ille
1309 5492 1484 5539 tamen
1513 5485 1663 5551 dicit,
1705 5484 1843 5551 Quid
1870 5485 1995 5540 milii

402 5592 451 5638 et
472 5582 560 5637 tibi
590 5590 684 5641 est.
714 5580 893 5634 mulier
923 5577 1034 5651 (Ιά.
1067 5594 1125 5643 n,
1159 5579 1346 5649 l-ll)?
1371 5596 1476 5634 non
1505 5580 1773 5650 repellens
1792 5580 1860 5635 de
1887 5595 1992 5652 qua

403 5672 639 5742 suscepit
681 5687 921 5738 carnem,
964 5669 1057 5725 sed
1103 5686 1253 5724 suam
1284 5679 1407 5724 tunc
1454 5673 1684 5726 maxime
1718 5671 1994 5729 insinuans

405 5763 757 5834 divinitatem,
785 5779 979 5834 aquam
997 5776 1353 5822 conversurus
1376 5761 1433 5822 iu
1456 5761 1637 5821 viuum
1663 5780 1680 5823 :
1706 5779 1829 5839 quae
1855 5763 1993 5824 divi-

1209 307 1300 368 ΒΕ
1337 252 1686 367 CONSENSU
1728 296 2375 371 EVANGELlSTARUM,
2414 304 2473 362 S.
2512 303 2881 364 AUGUSTIN!

3568 310 3720 370 ιω

2109 422 2249 474 altas
2278 414 2422 473 illam
2459 418 2621 475 etiam
2658 416 2913 475 feminam
2938 415 3161 487 fecerat,
3200 432 3309 475 non
3348 419 3405 477 in
3451 421 3540 480 illa
3567 431 3719 485 tacta

2109 526 2170 567 ετ
2170 518 2245 565 at.
3228 526 3231 529 ’

2184 602 2273 660 ιε.
2312 601 2441 661 Inde
2466 613 2584 674 post
2622 619 2823 676 paucos
2850 604 2968 662 dies
3009 603 3178 665 factm
3215 606 3270 664 in
3296 607 3713 683 Capharnautn,

2112 696 2252 751 redit
2283 695 2352 752 ad
2385 696 2662 766 templum,
2700 696 2789 752 ubi
2831 712 2954 754 cum
2985 712 3372 759 commemorat
3406 704 3617 760 dixisse
3642 706 3720 762 o‘o

2113 789 2314 859 templo
2342 789 2586 861 corporis
2608 789 2715 852 sui,
2742 789 2939 846 Solvite
2957 793 3200 864 templum
3236 795 3353 862 ltoe,
3387 806 3437 852 et
3470 798 3523 852 in
3551 797 3722 854 tribas

2112 882 2285 939 diebus
2304 883 2533 939 excitabo
2567 883 2699 938 illud
2725 881 2911 953 (lbid.,
2929 884 3114 957 {2.22)
3142 905 3158 943 :
3189 888 3277 944 ttbi
3302 890 3537 947 maxime
3583 891 3723 947 insi-

2112 984 2241 1030 nuat
2284 990 2392 1029 non
2433 975 2610 1031 solum
2645 975 2768 1046 quia
2809 975 2951 1033 Deus
2989 987 3106 1034 erat
3145 980 3198 1035 in
3240 983 3441 1054 templo
3472 982 3720 1039 Verbum

2113 1079 2241 1122 caro
2264 1065 2494 1134 factum;
2522 1083 2705 1124 rerum
2728 1069 2910 1133 etiam,
2931 1071 3055 1142 quia
3075 1071 3318 1128 canalem
3344 1088 3570 1131 carnem
3599 1075 3725 1144 igne

2119 1158 2479 1224 resuscitarit,
2505 1174 2611 1214 non
2643 1160 2826 1230 utique
2850 1160 2952 1216 nisi
2976 1162 3270 1218 secundum
3291 1163 3345 1220 id
3366 1165 3510 1236 quod
3540 1181 3723 1223 ιιιιιιιιι

2113 1260 2198 1307 est
2225 1264 2349 1306 cum
2389 1249 2569 1317 Patre,
2609 1265 2711 1307 nec
2737 1251 3109 1321 separabiliter
3126 1263 3383 1325 operatur
3403 1275 3420 1310 :
3446 1272 3573 1312 cum
3602 1272 3726 1313 ca:-

2115 1341 2247 1398 teris
2277 1342 2408 1398 locis
2432 1340 2675 1398 fortassis
2696 1342 2947 1400 omnibus
2968 1344 3244 1417 Scriptura
3271 1362 3378 1403 non
3402 1347 3571 1415 ditat,
3610 1348 3724 1406 nisi

2115 1431 2257 1505 quod
2290 1433 2430 1489 Deus
2458 1433 2609 1488 illttm
2633 1433 3001 1502 suscitaverit;
3030 1450 3133 1493 nec
3151 1437 3349 1493 alicubi
3379 1437 3461 1495 sic
3483 1453 3724 1509 expres-

2114 1541 2235 1582 sum
2262 1535 2366 1591 est,
2392 1525 2534 1598 quod
2559 1542 2683 1582 cum
2710 1527 2852 1585 Deus
2867 1530 3197 1587 resuscitarit
3218 1530 3515 1599 Christum,
3541 1534 3719 1590 etiam

2115 1615 2233 1688 ipse
2258 1631 2319 1672 se
2359 1618 2715 1683 resnscitavit,
2753 1620 2878 1690 quia
2906 1605 3033 1677 cum
3063 1620 3221 1679 Patre
3245 1638 3384 1678 unus
3423 1622 3577 1681 Deus
3604 1633 3716 1693 est,

2115 1708 2253 1764 sicut
2281 1708 2383 1765 hoc
2409 1708 2530 1765 loco
2558 1709 2646 1765 ubi
2671 1710 2768 1776 ait,
2800 1710 2998 1769 Soluite
3031 1713 3274 1786 temptant
3307 1714 3426 1785 liae,
3452 1725 3503 1772 et
3526 1716 3589 1771 in
3612 1718 3718 1772 tri-

2114 1798 2206 1855 bus
2223 1800 2397 1856 diebus
2418 1800 2668 1858 suscitabo
2689 1801 2841 1858 illud.

2188 1893 2276 1950 13.
2300 1892 2429 1950 Inde
2450 1909 2572 1951 cum
2601 1894 2696 1951 illo
2714 1894 3005 1954 Nicodemo
3020 1912 3181 1970 quam
3208 1914 3422 1970 magna,
3438 1915 3607 1973 quam
3634 1900 3722 1959 di-

2114 1986 2236 2043 vina
2266 1986 2475 2044 locutus
2518 1989 2631 2045 est!
2671 1988 2801 2047 Inde
2845 2005 3034 2047 rursus
3051 1991 3222 2064 pergit
3241 1993 3308 2049 ad
3338 1994 3723 2054 testimonium

2114 2077 2337 2134 Joannis
2356 2119 2373 2145 ,
2401 2088 2458 2135 et
2491 2080 2833 2138 commendat
2861 2082 3095 2140 amicum
3126 2085 3313 2156 sponsi
3339 2101 3449 2142 non
3470 2090 3723 2160 gantiae

2113 2169 2215 2224 nisi
2230 2179 2449 2242 propter
2462 2185 2647 2228 vocem
2664 2174 2866 2244 sponsi.
2881 2172 2981 2231 libi
2993 2174 3247 2232 adtttonet
3261 2177 3499 2235 animam
3516 2178 3724 2237 homo

2114 2276 2238 2317 nam
2264 2278 2370 2317 non
2391 2261 2461 2319 de
2489 2263 2664 2335 seipsa
2685 2264 2787 2320 sibi
2815 2266 2995 2323 lucere
3010 2308 3026 2328 .
3052 2283 3151 2323 nec
3171 2266 3340 2327 beari.
3366 2271 3469 2325 nisi
3498 2272 3719 2330 incol-

2118 2354 2396 2410 mutabilis
2425 2355 2831 2426 partieipatione
2854 2359 3148 2428 sapienthe.
3177 2358 3309 2417 Inde
3330 2361 3400 2418 ad
3425 2365 3720 2422 mulierem

2111 2444 2499 2503 Samaritanam
2522 2488 2540 2514 ,
2573 2448 2662 2504 ubi
2687 2460 3142 2508 commemoratur
3164 2468 3302 2525 aqua
3328 2454 3475 2513 unde
3495 2459 3588 2529 qui
3636 2458 3720 2515 bi-

2111 2538 2253 2595 berit
2292 2555 2400 2596 non
2449 2540 2595 2596 sitiet
2638 2541 2692 2598 in
2735 2550 3017 2598 teteruum.
3061 2542 3192 2601 Inde
3231 2561 3423 2603 rursus
3463 2547 3519 2604 in
3557 2548 3719 2607 Cana

2111 2628 2379 2697 Galilzeat,
2410 2632 2500 2688 ubi
2530 2630 2734 2689 fecerat
2756 2631 2826 2690 de
2850 2648 2986 2706 aqua
3010 2634 3195 2691 viuum
3225 2654 3243 2692 :
3269 2637 3358 2694 ubi
3385 2654 3512 2696 eum
3539 2656 3707 2697 corn-

2110 2733 2376 2780 memorat
2418 2725 2623 2783 dixisse
2667 2727 2893 2799 regulo.
2940 2728 3094 2801 cttjus
3130 2729 3271 2787 lilius
3313 2732 3716 2805 intlrmabattr,

2112 2813 2231 2871 Νἱεὶ
2257 2815 2404 2888 signa
2431 2826 2479 2871 et
2499 2817 2731 2891 prodigia
2783 2819 3011 2875 videritis
3029 2860 3047 2886 ,
3093 2836 3197 2876 non
3243 2822 3449 2880 creditis
3475 2841 3495 2896 ι
3504 2823 3591 2880 id.
3625 2842 3710 2894 In,

2111 2906 2251 2973 l-tv,
2280 2904 2412 2979 54);
2444 2923 2613 2979 usque
2640 2908 2777 2966 adeo
2815 2925 2980 2982 super
3000 2910 3183 2968 omnia
3215 2915 3488 2973 mutabilia
3511 2919 3714 2976 volens

2110 3011 2345 3057 mentem
2375 3000 2645 3059 credentis
2689 3004 2971 3073 attollere,
3016 3017 3077 3063 ut
3124 3023 3227 3066 nec
3264 3008 3375 3081 ipsa
3418 3009 3710 3081 minaria,

2107 3106 2230 3163 qua:
2246 3093 2489 3163 quamvis
2514 3092 2770 3152 divinitus
2785 3095 2855 3152 de
2869 3092 3226 3157 mutabilitate
3238 3115 3514 3172 corporum
3538 3103 3711 3172 ϐιωι,

2106 3196 2140 3238 a
2170 3182 2412 3240 lltlcliluts
2433 3185 2602 3256 quani
2628 3187 2777 3244 velit.

2182 3275 2271 3330 14.
2295 3273 2421 3331 Inde
2439 3275 2829 3351 Jerosolymam
2856 3280 3029 3349 redit;
3061 3284 3123 3339 lit
3148 3299 3313 3341 sanus
3337 3285 3544 3359 triginta
3569 3297 3711 3348 oeto

2107 3381 2374 3423 annorqu
2406 3369 2704 3440 languidus.
2735 3371 2814 3429 Ex
2848 3373 2947 3429 hac
2972 3376 3255 3433 occasione
3271 3393 3392 3449 qum
3415 3377 3708 3438 dicuntur!

2107 3475 2265 3531 quant
2296 3459 2387 3515 ditt
2415 3460 2698 3519 dicuntur!
2763 3462 2839 3521 lbi
2863 3465 3065 3521 dictum
3093 3477 3214 3537 est,
3257 3469 3561 3536 Qun-reboat
3584 3489 3711 3529 eum

2105 3549 2281 3604 Judtri
2308 3550 2621 3621 interﬁcere,
2661 3554 2782 3625 quia
2816 3572 2918 3612 non
2959 3558 3125 3623 solum
3165 3560 3387 3615 solvebat
3412 3562 3704 3633 sabbatum,

2107 3641 2197 3695 sed
2222 3650 2269 3695 et
2307 3650 2502 3711 patrem
2538 3661 2687 3700 suum
2713 3646 2906 3702 dicebat
2938 3645 3139 3717 Deum,
3165 3652 3413 3721 aqualem
3431 3670 3488 3709 se
3509 3656 3710 3727 facim

2107 3730 2222 3787 Deo
2251 3746 2273 3786 :
2302 3730 2397 3787 ubi
2435 3734 2566 3790 satis
2604 3737 2903 3794 ostenditur
2939 3755 3099 3810 quant
3141 3757 3247 3797 non
3289 3744 3524 3814 usitate,
3563 3746 3711 3804 sicut

2106 3826 2290 3882 solent
2320 3827 2487 3883 sancti
2529 3826 2776 3885 homines
2814 3828 3033 3897 dicere,
3076 3831 3273 3889 dixerit
3307 3845 3516 3906 patrem
3544 3853 3705 3894 stIIIIII

2106 3917 2312 3988 Deum,
2362 3920 2458 3977 sed
2503 3919 2647 3992 quod
2693 3920 2744 3976 ei
2788 3921 2860 3977 sit
2897 3924 3119 3995 tequalis
3160 3926 3478 3983 insinuans:
3503 3944 3707 4004 quipp

2107 4012 2263 4083 paulo
2292 4012 2538 4084 superius
2580 4012 2791 4070 dixerat
2836 4015 2915 4070 eis
2954 4015 3023 4072 de
3057 4017 3280 4075 sablmo
3319 4020 3702 4077 calumnianti-

2105 4103 2240 4172 bus,
2282 4102 2441 4160 l’ater
2464 4121 2605 4160 meus
2634 4121 2791 4176 usque
2826 4106 2976 4162 modo
3001 4117 3271 4179 operatur,
3300 4120 3351 4166 et
3371 4128 3467 4184 ego
3490 4130 3700 4187 operor.

2107 4193 2181 4250 lhi
2208 4208 2549 4264 exarserunt,
2572 4214 2677 4252 non
2704 4197 2827 4269 quia
2858 4208 3062 4270 patrem
3088 4214 3245 4256 suum
3265 4200 3472 4259 diceret
3497 4204 3698 4274 Deum;

2107 4286 2202 4342 sed
2229 4287 2371 4358 quod
2415 4287 2466 4343 ei
2502 4288 2726 4358 a-qualis
2764 4289 2925 4345 vellet
2961 4288 3209 4361 intelligi,
3239 4291 3505 4361 dicendo,
3542 4294 3704 4351 l’ater

2107 4395 2246 4433 meus
2266 4394 2426 4449 usque
2453 4379 2602 4434 modo
2628 4391 2896 4452 operatur,
2924 4389 2970 4435 et
2989 4396 3081 4452 ego
3105 4397 3288 4455 operor
3312 4399 3329 4437 :
3358 4398 3699 4457 consequens

2105 4482 2226 4523 esse
2250 4468 2561 4533 ostendens,
2590 4478 2649 4524 ttt
2676 4469 2926 4540 quoniam
2957 4470 3115 4527 Pater
3137 4484 3425 4543 operatur,
3449 4486 3501 4531 et
3529 4474 3570 4530 Ε
3571 4475 3701 4533 ilius

2105 4570 2389 4632 operetur;
2437 4560 2561 4632 quia
2605 4559 2766 4617 Pater
2802 4561 2919 4618 sine
2961 4561 3098 4618 Filio
3135 4578 3243 4620 non
3290 4576 3568 4637 operatur.
3616 4566 3695 4624 lbi

2106 4654 2250 4709 enim
2275 4665 2329 4709 ct
2349 4654 2510 4726 paulo
2544 4665 2666 4726 post
2688 4655 2791 4721 ait,
2816 4654 2929 4726 jam
2960 4656 3067 4713 illis
3093 4658 3165 4713 ob
3193 4657 3294 4715 hoc
3313 4657 3694 4728 irascentibus,

2108 4746 2449 4819 Quacumque
2475 4749 2607 4803 enim
2628 4747 2714 4804 ille
2733 4748 2936 4819 fecerit,
2967 4749 3141 4834 lurc'et
3159 4748 3331 4809 Filius
3352 4752 3590 4809 similiter
3612 4754 3698 4826 fo-

2103 4840 2170 4893 eit
2195 4838 2308 4910 (Id.
2338 4839 2412 4911 ι’).

2175 4930 2264 4988 15.
2308 4929 2437 4987 Inde
2477 4931 2687 4989 tandem
2722 4932 3000 4991 descendit
3041 4935 3277 4994 Joannes
3309 4937 3377 4993 ad
3419 4938 3546 4994 illos
3585 4949 3692 4996 tres

2103 5040 2222 5081 cum
2250 5024 2439 5081 eodem
2468 5026 2693 5083 Domino
2720 5027 2774 5083 in
2811 5037 2950 5085 terra
2984 5029 3288 5101 gradientes
3308 5072 3326 5099 ,
3366 5042 3425 5086 ut
3460 5031 3723 5104 quinque-

2103 5116 2269 5172 millia
2313 5115 2589 5174 hominum
2633 5118 2859 5189 panibus
2882 5120 3116 5193 quinque
3141 5134 3427 5192 pascantur
3453 5101 3590 5178 :vubi
3613 5101 3733 5179 ξιτ-⁸

2104 5223 2228 5263 men
2250 5209 2398 5264 solus
2424 5212 2964 5283 conuuemoratquod
2990 5227 3111 5268 cum
3139 5212 3339 5271 vellent
3357 5229 3480 5270 eum
3507 5228 3693 5286 regem

2103 5300 2315 5369 facere,
2355 5303 2502 5357 solus
2529 5302 2662 5373 fugit
2685 5303 2738 5359 in
2764 5315 3020 5360 montem.
3059 5305 3172 5375 Qua
3200 5306 3253 5362 in
3283 5321 3344 5363 re
3378 5305 3510 5363 nihil
3558 5307 3686 5364 mihi

2101 5394 2244 5450 aliud
2262 5393 2470 5451 videtur
2483 5396 2714 5451 animam
2741 5397 3051 5455 rationalem
3070 5414 3412 5456 commonere
3432 5400 3685 5465 voluisse,

2103 5487 2202 5542 nisi
2236 5502 2303 5543 eo
2328 5502 2389 5544 se
2430 5498 2626 5545 nostra:
2662 5490 2825 5546 tuenti
2852 5490 3153 5563 rationique
3180 5507 3405 5565 regnare
3423 5533 3439 5559 ,
3467 5508 3579 5564 quo
3603 5501 3684 5548 est

2103 5577 2155 5634 in
2181 5577 2448 5647 excelsis,
2494 5577 2639 5635 nulla
2670 5594 2792 5636 cum
2841 5580 3145 5638 hominibus
3186 5582 3563 5640 communione
3589 5597 3684 5640 na-

2104 5680 2235 5726 tura:
2257 5712 2274 5739 ,
2313 5672 2497 5741 solus,
2539 5672 2663 5745 quia
2701 5673 2889 5730 unicus
2913 5673 3056 5729 Patri
3086 5691 3102 5728 :
3133 5672 3238 5732 hoc
3269 5683 3451 5733 autem
3485 5684 3685 5749 myste-

2103 5764 2244 5825 rium
2267 5763 2522 5827 deorsuan
2547 5776 2797 5836 repentes
2819 5767 3062 5829 carnales
3083 5767 3331 5830 homines
3353 5766 3526 5837 lusit.
3562 5766 3685 5840 quia
