3888 6318
201 278 352 334 i125

195 391 365 447 valde
385 389 606 446 sublime
625 395 732 454 est;
764 386 903 442 unde
929 384 1052 442 illos
1076 391 1130 439 et
1158 384 1270 454 ipse
1290 382 1422 454 fugit
1446 383 1496 437 iu
1520 391 1776 446 montem,

195 483 301 556 qui
343 498 564 554 regnum
607 480 721 551 ejus
765 489 976 535 terreno
1013 477 1192 532 animo
1224 475 1600 545 requirebant;
1647 475 1788 530 unde

199 583 261 632 et
305 575 428 631 alibi
471 573 631 640 dicit,
681 571 910 644 Regnum
951 587 1116 625 meum
1152 586 1253 624 non
1285 578 1356 622 est
1382 568 1444 622 de
1477 568 1572 622 hoc
1597 567 1786 622 mundo

200 665 390 736 (Joan.
424 681 547 721 xvm
573 706 587 730 ,
622 663 711 734 36)
741 683 754 718 :
785 678 956 734 neque
980 663 1140 718 etiam
1165 661 1266 715 hoc
1288 660 1388 716 nisi
1426 659 1788 729 Joannesipse

201 765 630 825 commemorat,
683 756 858 811 volatu
888 752 1279 824 quodammodo
1316 751 1550 807 atthereo
1597 766 1783 820 super-

198 850 451 906 eminens
486 848 671 913 terris,
701 858 754 903 et
773 845 1008 918 gaudens
1038 846 1154 900 luce
1175 843 1302 898 solis
1323 842 1559 913 justitice.
1592 842 1674 896 Ab
1698 842 1788 896 iilo

197 939 391 996 itidem
439 949 620 996 monte
659 947 778 1010 post
815 937 1128 992 miraculum
1175 935 1242 990 de
1283 935 1515 1005 quinque
1559 933 1785 1002 panibus

199 1029 426 1094 factum,
448 1046 569 1087 cum
598 1029 782 1086 iisdem
807 1029 976 1084 tribus
993 1027 1262 1100 paululum
1285 1034 1600 1090 remoratus,
1618 1024 1789 1079 donec

198 1139 357 1181 mare
378 1123 707 1186 transissent,
735 1119 944 1192 quando
962 1118 1250 1175 ambulavit
1269 1132 1429 1185 super
1454 1130 1637 1185 aquas,
1661 1131 1788 1169 con-

200 1217 358 1272 tinuo
385 1229 567 1270 rursus
594 1230 654 1269 se
683 1214 735 1267 in
765 1212 986 1268 verbum
1017 1208 1225 1263 Domini
1254 1207 1463 1272 attollit,
1490 1221 1648 1276 quam
1678 1221 1790 1260 ma-

200 1324 392 1381 gnum,
417 1324 571 1377 quam
601 1307 882 1378 prolixum,
919 1317 1076 1372 quam
1099 1301 1190 1356 diu
1213 1315 1501 1370 supernum
1529 1307 1584 1354 et
1610 1301 1788 1354 excel-

202 1415 349 1468 sum,
366 1417 432 1456 ex
452 1399 730 1455 occasione
753 1395 902 1467 panis
923 1403 1185 1459 exortum,
1209 1407 1328 1447 cum
1351 1391 1571 1446 dixisset
1595 1391 1782 1456 turbis,

202 1492 403 1558 Amen,
434 1507 580 1546 amen
605 1489 716 1543 dico
755 1487 921 1554 vobis,
961 1485 1182 1555 quaeritis
1210 1498 1320 1551 me,
1354 1499 1453 1536 non
1485 1484 1605 1552 quia
1646 1482 1789 1554 signa

200 1581 438 1648 uidistis,
487 1581 575 1635 sed
620 1579 739 1651 quia
779 1578 953 1634 edistis
990 1577 1052 1630 de
1075 1576 1320 1648 panibus,
1362 1584 1406 1630 et
1434 1574 1604 1629 satiati
1631 1575 1748 1628 estis
1771 1590 1790 1627 :

203 1673 488 1745 operamini
553 1689 653 1726 non
706 1672 870 1725 cibum
922 1669 1007 1740 qui
1075 1668 1238 1738 perit,
1297 1666 1384 1721 sed
1433 1668 1518 1734 qui
1589 1683 1790 1737 perma-

214 1777 311 1821 net
363 1767 415 1819 in
471 1765 622 1819 vitam
663 1773 900 1818 azternam
941 1778 962 1816 :
1003 1770 1059 1816 et
1109 1760 1233 1816 inde
1269 1759 1378 1829 jam
1432 1759 1553 1814 talia
1609 1758 1793 1813 diutis-

212 1858 352 1913 sime
377 1867 536 1927 atque
573 1855 953 1912 excelsissime.
1003 1852 1152 1908 Tunc
1183 1852 1250 1905 ab
1274 1850 1373 1905 ista
1398 1850 1546 1905 verbi
1574 1850 1790 1904 celsitu-

207 1949 335 2006 dine
355 1949 695 2016 ceciderunt,
727 1948 816 2019 qui
851 1956 970 2018 post
993 1961 1113 2001 eum
1141 1944 1392 2014 deinceps
1422 1958 1527 1997 non
1556 1942 1793 1996 ambula—

207 2041 551 2108 verunt;cui
589 2056 715 2096 sane
752 2038 1111 2104 inhazserunt,
1151 2038 1242 2106 qui
1274 2041 1558 2105 potuerunt
1600 2033 1797 2088 intelli—

207 2147 358 2203 gere,
391 2131 613 2200 Spiritus
637 2139 710 2184 est
737 2129 822 2200 qui
846 2128 1080 2197 uiviﬁcat,
1107 2142 1224 2180 caro
1243 2134 1406 2178 autem
1436 2124 1565 2178 nihil
1593 2123 1798 2194 prodest

211 2219 325 2291 (Id.
357 2220 432 2293 vi)
465 2239 478 2275 :
507 2221 625 2291 quia
651 2220 833 2291 utique
852 2230 904 2274 et
927 2235 1021 2290 per
1039 2231 1253 2273 carnem
1269 2217 1488 2286 Spiritus
1508 2215 1793 2286 prodest‘;

211 2321 267 2367 et
320 2312 466 2367 solus
511 2312 726 2382 spiritus
768 2311 1021 2382 prodest;
1064 2326 1188 2367 caro
1226 2319 1403 2366 autem
1447 2311 1565 2365 sine
1603 2307 1790 2378 spiritu

213 2405 346 2458 nihil
373 2404 605 2476 prodest.

284 2497 372 2553 16.
417 2497 618 2552 Deinde
643 2496 753 2553 suis
797 2496 1084 2562 fratribus,
1130 2495 1182 2550 id
1221 2502 1303 2550 est
1339 2493 1578 2565 cognatis
1621 2492 1796 2547 carnis

214 2606 325 2648 suae
349 2633 364 2658 ,
392 2591 793 2662 suggerentibus
820 2601 879 2644 ut
907 2589 1161 2645 ascendat
1184 2588 1249 2642 ad
1278 2588 1418 2643 diem
1446 2588 1660 2650 festum,
1691 2570 1796 2656 quo

214 2683 384 2755 possit
445 2682 778 2737 innotescere
832 2679 1197 2745 multitudini;
1269 2687 1463 2749 quanta
1519 2676 1797 2732 altitudine

214 2773 506 2844 respondit,
539 2772 758 2844 Tempus
787 2789 950 2826 meum
976 2772 1197 2826 nondum
1217 2771 1415 2824 advenit
1438 2785 1457 2834 ;
1484 2779 1677 2840 tempus
1705 2785 1800 2824 att-

217 2873 315 2920 tem
347 2874 558 2918 vestrum
588 2880 782 2932 semper
818 2873 892 2918 est
921 2873 1175 2934 paratum.
1226 2861 1347 2916 Non
1389 2870 1548 2933 potest
1580 2860 1798 2914 mundus

213 2955 380 3009 odisse
403 2972 523 3020 vos;
567 2971 644 3008 me
671 2965 839 3008 autem
865 2954 969 3008 odit
996 2994 1010 3020 ,
1050 2953 1167 3024 quia
1193 2969 1282 3024 ego
1320 2953 1651 3006 testimonium
1684 2968 1800 3022 per-

215 3048 356 3103 hich
378 3049 440 3103 dc
465 3048 575 3114 illo,
601 3049 720 3119 quia
748 3065 899 3120 opera
915 3048 1028 3118 eius
1052 3047 1189 3100 mala
1214 3045 1372 3100 sunt!
1403 3044 1514 3099 Hoc
1530 3054 1612 3100 est
1641 3060 1790 3114 ergo,

219 3139 436 3212 Tempus
461 3151 676 3196 vestrum
717 3158 910 3213 semper
947 3151 1019 3194 est
1066 3149 1329 3210 paratum,
1378 3139 1497 3207 quia
1533 3152 1627 3190 vos
1655 3138 1796 3192 diem

215 3232 373 3288 istum
401 3235 772 3303 concupiscitis
795 3277 810 3300 ,
841 3235 909 3289 de
934 3249 1038 3303 quo
1067 3233 1321 3303 pr0pheta
1350 3231 1516 3295 dicit,
1558 3229 1670 3300 Ego
1700 3249 1798 3285 au-

214 3333 312 3379 tem
344 3341 443 3378 non
486 3326 706 3379 laboravi
741 3324 1041 3394 subsequens
1067 3332 1112 3376 te
1135 3364 1149 3387 ,
1179 3321 1396 3374 Domine
1423 3335 1442 3372 :
1471 3329 1516 3372 et
1539 3321 1670 3372 diem
1705 3323 1800 3375 ho-

213 3415 366 3468 minis
405 3432 506 3468 non
543 3416 843 3485 concupiui;
882 3425 936 3467 tu
977 3413 1074 3467 scis
1117 3412 1328 3482 (Jerem.
1362 3425 1502 3475 xvn,
1535 3410 1624 3483 16)
1660 3413 1803 3469 :hoc

212 3514 295 3562 est
319 3508 497 3562 volare
523 3507 588 3561 ad
613 3509 778 3560 lucem
806 3507 982 3573 Verbi,
1013 3515 1066 3560 et
1090 3504 1469 3574 concupiscere
1496 3505 1643 3563 illum
1659 3510 1800 3565 diem

212 3614 372 3670 quem
413 3599 594 3655 videre
639 3601 937 3669 concupivit
971 3602 1232 3680 Abraham
1259 3615 1347 3671 ,et
1385 3607 1534 3672 vidit,
1566 3615 1620 3661 et
1658 3610 1803 3678 gavi-

214 3707 308 3748 sus
335 3701 418 3748 est
445 3691 622 3763 (Joan.
654 3710 763 3758 \‘lll,
791 3694 904 3763 56).
936 3694 1061 3750 inde
1082 3696 1192 3765 jam
1211 3697 1276 3752 ad
1298 3697 1440 3753 diem
1467 3699 1657 3755 festum
1681 3718 1802 3759 cum

216 3783 547 3846 ascendisset
575 3786 626 3839 in
658 3785 947 3855 templum,
976 3803 1094 3857 qua:
1127 3789 1273 3843 illum
1301 3790 1538 3848 Joannes
1568 3800 1802 3852 locutum

219 3889 342 3929 esse
388 3885 808 3940 commemorat,
849 3894 1006 3949 quam
1052 3879 1348 3952 mirabilia,
1398 3903 1554 3957 quam
1600 3887 1799 3957 divina,

222 3979 382 4037 quam
406 3967 616 4022 excelsa
641 3969 653 4022 Ξ
684 3968 824 4039 quod
846 3969 945 4040 ipsi
969 3974 1147 4028 venire
1169 3990 1274 4030 non
1300 3990 1518 4046 possent
1537 3996 1641 4051 quo
1663 3992 1804 4039 esset

222 4057 427 4124 iturus;
460 4058 600 4129 quod
622 4067 676 4114 et
701 4061 869 4130 ipsum
894 4073 1127 4128 nossent,
1161 4075 1215 4120 et
1235 4069 1375 4124 unde
1401 4074 1759 4129 essetscirent
1787 4092 1800 4140 ;

221 4156 279 4208 et
304 4161 448 4206 esset
485 4168 642 4208 verus
672 4154 760 4224 qui
788 4170 907 4210 eum
938 4157 1175 4226 miserit,
1207 4177 1363 4229 quem
1393 4163 1466 4218 illi
1493 4167 1796 4224 nescirent:

223 4249 475 4312 tanquam
505 4243 744 4308 diceret,
789 4245 856 4300 Et
903 4247 1042 4303 unde
1083 4250 1182 4303 sim
1222 4251 1404 4320 scitis,
1456 4263 1509 4308 et
1538 4256 1676 4312 unde
1701 4259 1800 4312 sim

225 4333 464 4390 nescitis.
509 4334 624 4402 Quo
649 4335 772 4406 quid
803 4337 943 4392 aliud
972 4339 1136 4394 voluit
1167 4340 1385 4413 intelligi
1412 4384 1428 4410 ,
1480 4346 1579 4401 nisi
1610 4363 1800 4406 secun-

225 4422 350 4478 dum
377 4439 587 4480 carnem
616 4435 795 4480 notum
822 4442 880 4482 se
910 4427 1014 4482 illis
1038 4443 1156 4485 esse
1187 4431 1420 4500 potuisse
1443 4476 1458 4501 ,
1491 4445 1544 4490 et
1565 4449 1801 4507 gentem,

226 4525 282 4572 et
310 4519 528 4588 patriam
552 4521 610 4584 ²;
657 4519 946 4574 secundum
985 4521 1310 4579 divinitatem
1346 4539 1522 4585 autem
1565 4534 1804 4602 incogni-

227 4611 383 4663 tum?
439 4607 513 4664 lbi
559 4612 718 4666 etiam
764 4611 830 4666 de
875 4612 1016 4666 dono
1060 4613 1287 4683 Spiritus
1337 4622 1504 4676 sancti
1557 4625 1800 4695 locutus,

228 4701 460 4755 ostendit
499 4703 616 4771 quis
642 4714 822 4769 esset,
875 4705 1087 4774 quando
1111 4723 1307 4763 munus
1332 4713 1649 4771 altissimum
1677 4717 1805 4774 dare

227 4792 484 4863 potuisset
514 4791 622 4865 (Id.
659 4795 773 4866 vn).

300 4883 386 4936 l7.
431 4881 635 4939 Rursus
681 4886 804 4941 illuc
839 4888 906 4945 de
932 4891 1119 4949 Oliveti
1164 4906 1344 4954 monte
1387 4899 1797 4970 regredientem,

229 4991 346 5045 qum
376 4984 430 5030 et
453 4987 646 5046 quanta
677 4989 857 5037 narrat
883 4983 1136 5053 locutum,
1168 5001 1288 5061 post
1312 4994 1521 5059 veniam
1549 4995 1623 5050 illi
1651 4995 1800 5052 adul-

232 5077 357 5125 tera:
385 5067 562 5125 datam
581 5113 595 5136 ,
627 5089 744 5143 qua:
773 5076 914 5132 velut
951 5081 1228 5150 lapidanda
1259 5085 1431 5141 oblata
1459 5088 1532 5142 illi
1557 5103 1587 5143 a
1626 5098 1804 5146 tenta-

233 5159 434 5216 toribus
461 5161 628 5218 fuerat
652 5181 666 5232 ;
693 5167 906 5237 quando
933 5169 1098 5241 digito
1117 5175 1379 5232 scribebat
1417 5178 1470 5233 in
1500 5188 1659 5245 terra,
1689 5190 1808 5235 tan-

233 5267 386 5326 quam
414 5253 532 5312 illos
562 5258 693 5314 tales
722 5260 771 5314 in
802 5269 940 5317 terra
979 5266 1291 5323 scribendos
1314 5271 1635 5341 significaret
1657 5314 1670 5337 ,
1700 5289 1808 5330 non

237 5345 288 5439 in
310 5348 447 5403 ccelo
468 5391 483 5414 ,
511 5350 598 5407 ubi
627 5355 831 5411 monuit
859 5357 1150 5430 discipulos
1177 5376 1235 5418 se
1261 5364 1488 5433 scriptos
1525 5382 1644 5423 esse
1670 5384 1803 5439 gau-

237 5437 419 5496 derent
443 5441 590 5513 (Luc.
618 5462 680 5513 χ,
708 5448 834 5521 20);
875 5460 963 5506 aut
991 5452 1133 5522 quod
1165 5468 1224 5510 se
1260 5454 1588 5514 humiliando
1609 5501 1624 5526 ,
1664 5437 1806 5530 quod

234 5599 437 5725 .
451 5601 502 5650 in
523 5604 872 5665 septemdecim
909 5616 1017 5661 Mss.
1041 5617 1100 5662 At
1139 5613 1191 5662 in
1213 5613 1374 5678 editis,
1396 5621 1442 5668 et
1461 5615 1601 5668 carni
1618 5613 1816 5682 ερὶήιω

240 5768 244 5771 ,
297 5725 317 5756 ³
338 5731 411 5776 Er.
435 5727 582 5790 Lugd.
601 5736 720 5779 Ven.
738 5736 871 5793 l.ov.,
894 5739 940 5783 et
959 5741 1097 5800 gente
1118 5742 1164 5789 et
1185 5739 1363 5804 patria.
1385 5747 1442 5793 Il.

509 5809 733 5873 Ssscr.
771 5815 1041 5880 Ληουεῖ.
1071 5820 1180 5882 III.

1569 265 1764 323 LIBER
1802 266 2121 326 TERTIUS.

3330 276 3467 333 1226
3496 291 3517 374 ί

1887 383 2074 452 capitis
2115 381 2453 437 inclinatione
2482 385 2843 451 monstrabat,
2884 385 3033 458 signa
3059 386 3110 441 in
3140 394 3278 444 terra
3324 390 3468 448 face-
3497 395 3512 461 ’ς
3537 399 3551 416 ⁸

1892 482 2006 539 ret;
2049 483 2141 528 aut
2169 473 2309 544 quod
2333 474 2443 544 jam
2471 483 2676 546 tempus
2701 488 2842 533 esset
2871 487 2930 533 ut
2955 479 3007 534 in
3045 489 3183 536 terra
3212 498 3330 553 qua:
3355 483 3468 540 {ru-
3506 477 3510 485 ’

1893 574 2036 619 ctum
2062 564 2233 630 daret,
2262 581 2367 620 non
2395 566 2448 620 in
2477 567 2648 638 lapide
2673 570 2858 634 sterili,
2883 571 3018 625 sicut
3039 581 3214 639 antea,
3241 573 3322 629 lex
3353 575 3472 644 ejus

1893 658 2344 714 conscriberetur!
2374 658 2514 728 Ergo
2541 669 2659 729 post
2682 659 2799 714 haec
2819 661 2991 717 lucem
3019 664 3202 718 mundi
3231 679 3289 720 se
3313 664 3467 732 dixit,

1894 758 1949 804 et
1972 749 2063 820 qui
2091 765 2210 804 eum
2240 759 2551 819 sequeretur
2571 765 2676 805 non
2708 751 3098 807 ambulaturum
3124 755 3175 809 in
3213 757 3468 823 tenebris,

1894 840 1990 895 sed
2022 839 2324 894 habiturum
2356 841 2529 895 lucem
2561 841 2700 895 vitae.
2747 842 2888 897 Dixit
2907 844 3064 898 etiam
3089 859 3148 900 se
3173 861 3290 900 esse
3321 848 3470 916 prin-

1894 931 2089 1001 cipium
2113 972 2127 996 ,
2155 931 2296 1001 quod
2322 940 2376 986 et
2413 932 2716 1002 loqueretur
2757 933 2854 988 eis.
2901 934 3016 1001 Quo
3044 937 3258 992 nomine
3293 939 3476 1008 utique

1895 1040 1953 1080 se
1977 1024 2221 1078 distinxit
2249 1024 2316 1078 ab
2343 1023 2430 1079 illa
2456 1025 2574 1080 luce
2606 1041 2762 1095 quam
2793 1025 2918 1080 fecit
2941 1067 2955 1090 ,
2986 1035 3233 1097 tanquam
3265 1029 3355 1084 lux
3381 1045 3479 1100 per

1897 1130 2052 1184 quam
2078 1114 2219 1170 facta
2241 1124 2365 1170 sunt
2389 1117 2565 1171 omnia
2601 1136 2613 1170 :
2643 1127 2699 1172 ut
2737 1117 2864 1172 illud
2892 1119 3033 1188 quod
3063 1135 3122 1174 se
3150 1121 3358 1177 dixerat
3397 1122 3481 1177 lu-

1897 1222 2012 1261 cem
2063 1207 2280 1274 mundi,
2314 1223 2418 1262 non
2468 1208 2545 1262 sic
2567 1209 2894 1278 acciperetur
2919 1210 3368 1280 quemadmodum
3396 1213 3479 1268 di-

1897 1297 2113 1365 scipulis
2139 1297 2252 1364 ait,
2298 1298 2395 1353 Vos
2419 1300 2535 1354 estis
2562 1300 2653 1354 lux
2689 1301 2883 1354 mundi.
2932 1301 3011 1356 llli
3038 1303 3181 1358 enim
3227 1315 3478 1376 tanquam

1897 1387 2112 1444 lucerna
2140 1431 2154 1455 ,
2181 1406 2298 1460 qum
2325 1407 2430 1445 non
2462 1401 2545 1446 est
2580 1392 2821 1462 ponenda
2849 1395 2955 1449 sub
2973 1395 3170 1461 modio,
3196 1397 3290 1452 sed
3319 1413 3482 1470 super

1898 1481 2276 1536 candelabrum
2303 1483 2513 1555 (Matth.
2547 1498 2581 1537 v
2608 1524 2622 1550 ,
2666 1485 2753 1550 Η,
2788 1483 2914 1556 15),
2947 1485 3084 1542 sicut
3108 1497 3162 1544 et
3183 1487 3252 1544 de
3278 1487 3485 1547 Joanne

1897 1572 2132 1642 Baptista
2154 1615 2168 1637 ,
2210 1573 2312 1628 Ille
2350 1583 2488 1640 erat,
2535 1575 2740 1646 inquit,
2793 1576 2995 1632 lucerna
3032 1580 3216 1635 ardens
3242 1590 3287 1634 et
3312 1583 3482 1637 lucens

1904 1662 2079 1736 (Joan.
2113 1681 2181 1732 ν,
2211 1666 2302 1735 55)
2343 1683 2356 1719 :
2399 1665 2493 1722 sed
2544 1668 2656 1736 ipse
2699 1668 2834 1723 sicut
2875 1671 3222 1740 principium,
3264 1673 3330 1727 de
3373 1691 3480 1744 quo

1899 1755 2098 1809 dictum
2123 1764 2206 1811 est
2226 1797 2241 1823 ,
2291 1755 2404 1811 Nos
2428 1775 2596 1812 onmcs
2622 1758 2685 1812 de
2727 1759 3036 1829 plenitudine
3061 1761 3171 1830 ejus
3199 1763 3480 1834 accepimus

1900 1844 2011 1919 (Id.
2045 1862 2084 1906 ι,
2115 1845 2228 1919 16).
2258 1845 2332 1902 lbi
2359 1847 2491 1902 dixh
2513 1863 2572 1903 se
2597 1849 2788 1904 Filium
2815 1865 2932 1906 esse
2961 1853 3239 1908 veritatem
3267 1855 3283 1886 ³
3310 1896 3325 1922 ,
3365 1871 3487 1926 qua:

1900 1936 2005 1991 nisi
2031 1937 2372 2005 liberaverit,
2405 1955 2562 1994 nemo
2587 1940 2689 1994 erit
2718 1941 2850 1996 liber
2870 1941 2980 2012 (Id.
3006 1959 3129 2010 vui,
3161 1945 3341 2017 1-56).

1976 2029 2063 2085 18.
2115 2030 2244 2085 Inde
2285 2040 2628 2102 posteaquam
2668 2033 3040 2087 illuminavita
3075 2036 3350 2092 nativitate
3373 2052 3487 2094 cm-

1904 2135 2025 2176 cum
2047 2163 2062 2188 ,
2095 2137 2161 2176 ex
2193 2121 2305 2191 ipsa
2332 2123 2611 2177 occasione
2641 2123 2694 2177 in
2733 2124 2943 2192 prolixo
2971 2126 3086 2193 ejus
3117 2140 3363 2183 sermone
3386 2129 3484 2185 de-

1904 2224 2144 2270 moratur
2168 2214 2420 2281 Joannes,
2451 2215 2520 2270 de
2546 2215 2756 2283 ovibus,
2788 2226 2843 2272 et
2863 2226 3080 2288 pastore
3099 2261 3113 2286 ,
3143 2229 3197 2274 et
3223 2219 3402 2291 jauua,
3431 2233 3488 2280 et

1905 2307 1971 2362 de
2001 2317 2264 2378 potestate
2285 2309 2514 2379 ponendi
2539 2309 2768 2364 animam
2783 2326 2931 2365 suam
2955 2320 3007 2367 et
3028 2313 3218 2367 iterum
3243 2317 3489 2372 sumendi

1904 2415 2047 2469 eam,
2078 2402 2130 2455 in
2160 2417 2266 2472 quo
2292 2403 2794 2458 excellentissimam
2817 2413 3132 2473 potestatem
3159 2422 3271 2462 sum
3298 2408 3490 2464 divini-

1904 2495 2030 2549 tatis
2069 2494 2322 2549 ostendit.
2369 2495 2493 2549 lude
2517 2510 2641 2550 cum
2675 2495 2918 2550 Enczenia
2945 2497 2997 2551 in
3023 2496 3368 2569 Jerosolymis
3398 2499 3492 2556 lie;

1904 2594 2059 2652 rent,
2091 2595 2475 2640 commemorat
2502 2587 2551 2641 ei
2575 2586 2772 2642 dixisse
2796 2587 3009 2642 Judaeos
3034 2605 3046 2642 :
3077 2590 3346 2660 Quousque
3379 2593 3493 2646 ani-

1906 2693 2042 2732 mam
2064 2688 2290 2733 nostram
2320 2679 2492 2734 tollis?
2518 2680 2561 2733 si
2596 2691 2649 2732 tu
2675 2697 2725 2734 es
2746 2679 3003 2746 Christus,
3027 2681 3110 2733 dic
3130 2682 3271 2736 nobis
3297 2683 3489 2754 palam.

1905 2771 2080 2839 Atque
2096 2769 2220 2824 inde
2240 2779 2449 2839 sumpta
2470 2771 2860 2840 opportunitate
2882 2772 3164 2836 sermonis,
3188 2788 3306 2843 qua:
3329 2775 3492 2832 etiam

1907 2862 2154 2917 sublimia
2181 2863 2399 2930 dixerit,
2430 2874 2633 2919 narrat.
2661 2864 2734 2918 lbi
2765 2865 2916 2928 dixit,
2945 2862 3060 2936 Ego
3090 2876 3136 2920 et
3158 2866 3314 2922 Pater
3337 2887 3494 2925 unum

1906 2963 2103 3001 sumus.
2136 2947 2261 3001 lude
2286 2947 2397 3018 jam
2429 2949 2802 3004 resuscitatum
2823 2949 2891 3003 ab
2921 2966 2986 3005 eo
3009 2951 3268 3006 Lazarum
3300 2955 3497 3022 prmdi-

1909 3047 2013 3103 cat,
2045 3038 2131 3094 ubi
2159 3037 2330 3106 dixit,
2378 3038 2491 3111 Ego
2517 3057 2627 3094 sum
2654 3041 2954 3095 resurrectio
2981 3051 3029 3095 et
3054 3044 3153 3095 vita
3185 3060 3198 3097 :
3227 3045 3313 3113 qui
3339 3047 3497 3100 credit

1907 3133 1962 3187 in
1987 3149 2085 3196 me,
2118 3133 2267 3186 etiam
2297 3134 2339 3187 si
2370 3144 2594 3189 mortuus
2625 3135 2794 3206 fuerit,
2821 3142 2976 3202 vivet;
3016 3145 3064 3190 et
3091 3137 3254 3192 omnis
3273 3139 3362 3210 qui
3379 3140 3497 3195 vivit

1909 3234 1955 3276 et
1982 3225 2138 3281 credit
2163 3225 2215 3278 in
2243 3241 2354 3290 me,
2404 3243 2504 3278 non
2549 3228 2790 3280 morietur
2814 3228 2868 3280 in
2905 3237 3164 3284 aeternum.
3214 3229 3270 3283 ln
3302 3231 3496 3300 quibus

1910 3320 2088 3374 verbis
2112 3319 2240 3389 quid
2266 3320 2366 3374 nisi
2393 3321 2725 3375 altitudinem
2767 3321 3056 3374 divinitatis
3097 3322 3211 3391 ejus
3253 3328 3498 3395 agnosci-

1914 3425 2055 3474 mus,
2073 3411 2226 3480 cujus
2275 3411 2327 3464 in
2365 3421 2626 3466 mtcrnum
2652 3412 3052 3482 participatione
3069 3413 3493 3476 vivemus?lnde

1913 3503 2103 3557 iterum
2151 3501 2384 3560 Joannes
2447 3504 2681 3559 occurrit
2727 3504 2779 3558 in
2831 3505 3084 3561 Bethania
3145 3506 3396 3565 Matthmo
3441 3522 3499 3568 et

1912 3591 2089 3647 Marco
2118 3593 2328 3663 (Matth.
2361 3609 2486 3648 xxvi
2509 3636 2523 3659 ,
2567 3594 2755 3662 6-l5,
2780 3604 2825 3649 et
2852 3595 3016 3650 Marc.
3049 3613 3165 3665 xiv,
3197 3599 3333 3672 5-9)
3360 3643 3376 3670 ,
3408 3603 3501 3659 ubi

1912 3683 2108 3739 factum
2146 3695 2227 3740 est
2270 3685 2399 3739 illud
2439 3686 2506 3741 de
2550 3696 2819 3757 unguento
2864 3691 3133 3759 pretioso,
3178 3709 3285 3764 quo
3334 3699 3497 3767 pedes

1914 3777 2029 3848 ejus
2063 3793 2091 3832 a
2119 3778 2279 3832 Maria
2307 3788 2569 3850 caputque
2598 3782 2867 3850 perfusum
2898 3792 2980 3838 est
3011 3782 3188 3856 (Joan.
3219 3802 3297 3853 ix,
3333 3790 3496 3858 l-xu,

1914 3871 1969 3943 8)
2002 3889 2015 3925 :
2045 3881 2204 3942 atque
2230 3871 2355 3927 hinc
2381 3873 2632 3944 deinceps
2668 3891 2838 3946 usque
2877 3877 2944 3932 ad
2993 3885 3294 3950 passionem
3319 3893 3373 3939 et
3409 3901 3500 3941 re-

1914 3965 2301 4020 surrectionem
2329 3965 2539 4021 Domini
2562 3983 2682 4024 cum
2710 3968 2878 4025 tribus
2897 3971 3244 4044 Evangelistis
3265 3975 3500 4034 Joannes

1913 4057 2150 4129 graditur
2171 4099 2187 4125 ,
2217 4057 2313 4113 sed
2341 4058 2393 4112 in
2420 4059 2550 4114 locis
2574 4061 2775 4117 eisdem
2798 4066 3099 4123 narratione
3124 4077 3386 4126 versante.
3518 4114 3523 4125 .

1987 4149 2076 4204 19.
2108 4148 2371 4205 Cteterum
2415 4151 2558 4221 quod
2600 4153 2665 4206 ad
2713 4168 2988 4211 sermones
3031 4158 3239 4212 Domini
3284 4160 3494 4227 attinet,

1917 4256 2023 4297 non
2053 4251 2228 4298 cessat
2265 4258 2323 4297 se
2349 4243 2591 4297 attollere
2613 4243 2665 4297 in
2692 4259 2754 4298 ea
2795 4260 2914 4314 qute
2948 4246 3036 4302 ille
3076 4247 3146 4301 ab
3174 4248 3297 4305 hinc
3336 4251 3496 4306 etiam

1914 4333 2214 4388 sublimiter
2243 4332 2595 4402 diuturueque
2638 4333 2845 4389 locutus
2869 4344 2972 4391 est.
3019 4336 3150 4391 Nam
3193 4348 3248 4394 et
3282 4340 3498 4411 quando

1915 4440 2036 4480 eum
2066 4425 2349 4480 voluerunt
2370 4424 2550 4479 videre
2577 4423 2813 4499 Gentiles
2847 4441 2942 4496 per
2970 4427 3272 4499 Philippum
3303 4441 3356 4486 et
3384 4435 3500 4488 An-

1914 4517 2097 4571 dream
2124 4557 2137 4580 ,
2188 4515 2374 4570 habuit
2413 4516 2680 4572 excelsum
2708 4497 3012 4574 serinonem
3036 4559 3052 4584 ,
3082 4497 3240 4591 quem
3266 4522 3492 4578 aliorum

1915 4608 2377 4679 Evangelistarum
2415 4609 2591 4664 nullus
2622 4610 2879 4665 inseruit:
2911 4612 2980 4667 ibi
3008 4615 3261 4682 prmclara
3300 4617 3493 4674 iterum

1914 4703 1983 4758 de
2014 4703 2131 4758 luce
2159 4703 2490 4759 illuminante
2515 4712 2567 4757 et
2588 4703 2721 4758 lucis
2750 4705 2886 4760 ﬁlios
2920 4703 3144 4763 faciente
3166 4723 3496 4768 commemoa

1915 4806 1999 4850 rat
2026 4795 2135 4865 (Id.
2168 4811 2280 4860 xu,
2305 4795 2524 4867 20-50).
2569 4796 2771 4853 Deinde
2810 4799 2862 4853 in
2904 4799 3021 4870 ipsa
3056 4816 3243 4871 caena,
3285 4804 3351 4859 de
3393 4822 3496 4875 qua
3535 4855 3546 4867 .

1915 4889 2374 4959 Evangelistarum
2414 4891 2588 4946 nullus
2626 4893 2825 4959 tacuit,
2871 4911 3027 4964 quam
3056 4898 3218 4951 multa
3257 4907 3310 4952 et
3339 4914 3498 4970 quam

1917 4984 2131 5037 excelsa
2167 4984 2327 5038 verba
2367 4984 2482 5053 ejus
2509 4985 2744 5040 Joannes
2780 4996 3198 5056 commemorat,
3246 5007 3364 5062 qua:
3413 4996 3501 5051 alii

1919 5083 2195 5130 tacuerunt
2219 5076 2232 5130 l
2266 5091 2370 5131 non
2398 5077 2568 5132 solum
2584 5078 2652 5132 de
2669 5079 3131 5134 commendatione
3161 5081 3493 5154 humilitatis,

1920 5167 2132 5237 quando
2160 5167 2324 5237 pedes
2352 5169 2731 5239 discipulorum
2759 5169 2916 5234 lavit;
2954 5170 3048 5224 sed
3068 5185 3187 5225 cum
3214 5189 3514 5244 expressus.

1920 5274 2016 5329 per
2044 5260 2334 5316 buccellam
2375 5260 2600 5315 traditor
2640 5259 2754 5330 ejus
2790 5262 3041 5331 exiisset,
3095 5270 3498 5324 retnauentibus

1921 5364 2042 5405 cum
2083 5350 2173 5406 illo
2203 5350 2469 5417 undecim,
2500 5353 2551 5405 in
2582 5366 2829 5408 sermone
2862 5353 3028 5423 ipsius
3053 5357 3362 5414 mirabiliter
3389 5371 3494 5416 stu-

1919 5444 2096 5514 pendo
2130 5444 2463 5514 maximeque
2491 5443 2740 5500 diuturno
2767 5445 2905 5501 idem
2925 5448 3160 5506 Joannes
3188 5452 3502 5508 iimnoratus

1920 5545 2018 5604 est,
2053 5535 2305 5603 ubidixit,
2341 5535 2441 5601 Qui
2462 5536 2584 5591 vidit
2603 5555 2699 5607 me,
2727 5538 2851 5592 vidit
2872 5549 2918 5594 et
2944 5538 3153 5597 Patrem
3182 5558 3202 5597 :
3229 5543 3312 5598 ubi
3341 5545 3506 5602 multa

1922 5677 2099 5792 “iuga
2119 5685 2290 5726 omnes
2333 5682 2436 5726 Mss.
2477 5682 2528 5728 et
2556 5680 2630 5725 Fr.
2658 5681 2712 5726 At
2735 5681 2865 5737 t.ov.,
2886 5673 3116 5730 veritatis.
3151 5684 3272 5741 nan,
3307 5684 3354 5731 et
3377 5676 3504 5746 veris

2804 5825 3300 5910 (Treanta-ueni.)
3326 5895 3338 5913 Δ
