  <div class='ocr_page' id='page_1' title='image "/cluster/home/n/w/nwhite01/storage/ocr_20150623/34/uva.x000826574/635.png"; bbox 0 0 3888 6350; ppageno 0'>
   <div class='ocr_carea' id='block_1_1' title="bbox 372 280 575 336">
    <p class='ocr_par' dir='ltr' id='par_1_1' title="bbox 372 280 575 336">
     <span class='ocr_line' id='line_1_1' title="bbox 372 280 575 336; baseline -0.005 0"><span class='ocrx_word' id='word_1_1' title='bbox 372 320 375 323; x_wconf 95' lang='grc'><strong>-</strong></span> <span class='ocrx_word' id='word_1_2' title='bbox 441 280 575 336; x_wconf 66' lang='grc' dir='ltr'><strong>ίῖἳτ</strong></span> 
     </span>
    </p>
   </div>
   <div class='ocr_carea' id='block_1_2' title="bbox 364 385 2016 457">
    <p class='ocr_par' dir='ltr' id='par_1_2' title="bbox 364 385 2016 457">
     <span class='ocr_line' id='line_1_2' title="bbox 364 385 2016 457; baseline -0.002 -12"><span class='ocrx_word' id='word_1_3' title='bbox 364 410 386 452; x_wconf 61' lang='grc' dir='ltr'><strong>ι</strong></span> <span class='ocrx_word' id='word_1_4' title='bbox 438 392 645 445; x_wconf 83' lang='lat' dir='ltr'><strong>loculus</strong></span> <span class='ocrx_word' id='word_1_5' title='bbox 672 396 755 442; x_wconf 88' lang='lat' dir='ltr'><strong>est</strong></span> <span class='ocrx_word' id='word_1_6' title='bbox 792 386 861 444; x_wconf 89' lang='lat' dir='ltr'><strong>de</strong></span> <span class='ocrx_word' id='word_1_7' title='bbox 883 385 1084 457; x_wconf 84' lang='lat' dir='ltr'><strong>Spiritu</strong></span> <span class='ocrx_word' id='word_1_8' title='bbox 1114 396 1297 439; x_wconf 83' lang='lat' dir='ltr'><strong>saneto</strong></span> <span class='ocrx_word' id='word_1_9' title='bbox 1321 387 1591 457; x_wconf 86' lang='lat' dir='ltr'><strong>paracleto</strong></span> <span class='ocrx_word' id='word_1_10' title='bbox 1614 398 1772 457; x_wconf 82' lang='lat' dir='ltr'><strong>quem</strong></span> <span class='ocrx_word' id='word_1_11' title='bbox 1822 386 2016 441; x_wconf 81' lang='lat' dir='ltr'><strong>missu-</strong></span> 
     </span>
    </p>
   </div>
   <div class='ocr_carea' id='block_1_3' title="bbox 365 458 2021 551">
    <p class='ocr_par' dir='ltr' id='par_1_3' title="bbox 365 458 2021 551">
     <span class='ocr_line' id='line_1_3' title="bbox 365 458 2021 551; baseline -0.002 -13"><span class='ocrx_word' id='word_1_12' title='bbox 365 458 374 466; x_wconf 34' lang='lat'><em>.</em></span> <span class='ocrx_word' id='word_1_13' title='bbox 436 499 529 538; x_wconf 89' lang='lat' dir='ltr'><strong>rus</strong></span> <span class='ocrx_word' id='word_1_14' title='bbox 562 481 643 537; x_wconf 87' lang='lat' dir='ltr'><strong>eis</strong></span> <span class='ocrx_word' id='word_1_15' title='bbox 683 490 834 545; x_wconf 86' lang='lat' dir='ltr'><strong>erat;</strong></span> <span class='ocrx_word' id='word_1_16' title='bbox 885 488 941 535; x_wconf 91' lang='lat' dir='ltr'><strong>et</strong></span> <span class='ocrx_word' id='word_1_17' title='bbox 970 479 1037 533; x_wconf 89' lang='lat' dir='ltr'><strong>de</strong></span> <span class='ocrx_word' id='word_1_18' title='bbox 1071 492 1166 533; x_wconf 89' lang='lat' dir='ltr'><strong>sua</strong></span> <span class='ocrx_word' id='word_1_19' title='bbox 1213 479 1592 535; x_wconf 85' lang='lat' dir='ltr'><strong>clarificatione</strong></span> <span class='ocrx_word' id='word_1_20' title='bbox 1632 492 1789 551; x_wconf 84' lang='lat' dir='ltr'><strong>quam</strong></span> <span class='ocrx_word' id='word_1_21' title='bbox 1840 480 2021 535; x_wconf 88' lang='lat' dir='ltr'><strong>habuit</strong></span> 
     </span>
    </p>
   </div>
   <div class='ocr_carea' id='block_1_4' title="bbox 350 566 2019 645">
    <p class='ocr_par' dir='ltr' id='par_1_4' title="bbox 350 566 2019 645">
     <span class='ocr_line' id='line_1_4' title="bbox 350 566 2019 645; baseline -0.002 -15"><span class='ocrx_word' id='word_1_22' title='bbox 435 574 575 645; x_wconf 86' lang='lat' dir='ltr'><strong>apud</strong></span> <span class='ocrx_word' id='word_1_23' title='bbox 591 574 802 629; x_wconf 73' lang='lat' dir='ltr'><strong>Patrem</strong></span> <span class='ocrx_word' id='word_1_24' title='bbox 830 571 1132 642; x_wconf 76' lang='lat' dir='ltr'><strong>priusquam</strong></span> <span class='ocrx_word' id='word_1_25' title='bbox 1159 570 1388 626; x_wconf 83' lang='lat' dir='ltr'><strong>mundus</strong></span> <span class='ocrx_word' id='word_1_26' title='bbox 1413 581 1586 637; x_wconf 85' lang='lat' dir='ltr'><strong>esset;</strong></span> <span class='ocrx_word' id='word_1_27' title='bbox 1618 579 1672 626; x_wconf 93' lang='lat' dir='ltr'><strong>et</strong></span> <span class='ocrx_word' id='word_1_28' title='bbox 1693 569 1833 642; x_wconf 90' lang='lat' dir='ltr'><strong>quod</strong></span> <span class='ocrx_word' id='word_1_29' title='bbox 1854 580 2019 627; x_wconf 85' lang='lat' dir='ltr'><strong>unum</strong></span> 
     </span>
    </p>
   </div>
   <div class='ocr_carea' id='block_1_5' title="bbox 366 664 2019 735">
    <p class='ocr_par' dir='ltr' id='par_1_5' title="bbox 366 664 2019 735">
     <span class='ocr_line' id='line_1_5' title="bbox 366 664 2019 735; baseline -0.002 -11"><span class='ocrx_word' id='word_1_30' title='bbox 366 664 369 667; x_wconf 82' lang='grc'><em>’</em></span> <span class='ocrx_word' id='word_1_31' title='bbox 432 682 535 724; x_wconf 86' lang='lat' dir='ltr'><strong>nos</strong></span> <span class='ocrx_word' id='word_1_32' title='bbox 561 666 758 723; x_wconf 85' lang='lat' dir='ltr'><strong>faceret</strong></span> <span class='ocrx_word' id='word_1_33' title='bbox 782 666 837 721; x_wconf 89' lang='lat' dir='ltr'><strong>in</strong></span> <span class='ocrx_word' id='word_1_34' title='bbox 858 679 939 733; x_wconf 84' lang='lat' dir='ltr'><strong>se,</strong></span> <span class='ocrx_word' id='word_1_35' title='bbox 965 668 1101 721; x_wconf 90' lang='lat' dir='ltr'><strong>sicut</strong></span> <span class='ocrx_word' id='word_1_36' title='bbox 1123 666 1235 735; x_wconf 87' lang='lat' dir='ltr'><strong>ipse</strong></span> <span class='ocrx_word' id='word_1_37' title='bbox 1261 675 1316 721; x_wconf 89' lang='lat' dir='ltr'><strong>et</strong></span> <span class='ocrx_word' id='word_1_38' title='bbox 1338 665 1497 721; x_wconf 87' lang='lat' dir='ltr'><strong>Pater</strong></span> <span class='ocrx_word' id='word_1_39' title='bbox 1516 678 1683 720; x_wconf 88' lang='lat' dir='ltr'><strong>unum</strong></span> <span class='ocrx_word' id='word_1_40' title='bbox 1715 674 1872 732; x_wconf 87' lang='lat' dir='ltr'><strong>sunt;</strong></span> <span class='ocrx_word' id='word_1_41' title='bbox 1912 676 2019 721; x_wconf 88' lang='lat' dir='ltr'><strong>non</strong></span> 
     </span>
    </p>
   </div>
   <div class='ocr_carea' id='block_1_6' title="bbox 430 756 2018 831">
    <p class='ocr_par' dir='ltr' id='par_1_6' title="bbox 430 756 2018 831">
     <span class='ocr_line' id='line_1_6' title="bbox 430 756 2018 831; baseline -0.003 -15"><span class='ocrx_word' id='word_1_42' title='bbox 430 770 492 816; x_wconf 88' lang='grc' dir='ltr'><strong>ιιι</strong></span> <span class='ocrx_word' id='word_1_43' title='bbox 512 761 625 831; x_wconf 87' lang='lat' dir='ltr'><strong>ipse</strong></span> <span class='ocrx_word' id='word_1_44' title='bbox 648 768 703 815; x_wconf 92' lang='lat' dir='ltr'><strong>et</strong></span> <span class='ocrx_word' id='word_1_45' title='bbox 723 758 882 815; x_wconf 80' lang='lat' dir='ltr'><strong>Pater</strong></span> <span class='ocrx_word' id='word_1_46' title='bbox 901 767 955 813; x_wconf 90' lang='lat' dir='ltr'><strong>et</strong></span> <span class='ocrx_word' id='word_1_47' title='bbox 981 772 1077 812; x_wconf 87' lang='lat' dir='ltr'><strong>nos</strong></span> <span class='ocrx_word' id='word_1_48' title='bbox 1098 768 1259 812; x_wconf 89' lang='lat' dir='ltr'><strong>unum</strong></span> <span class='ocrx_word' id='word_1_49' title='bbox 1276 799 1290 823; x_wconf 94' lang='lat'><strong>,</strong></span> <span class='ocrx_word' id='word_1_50' title='bbox 1332 758 1425 813; x_wconf 90' lang='lat' dir='ltr'><strong>sed</strong></span> <span class='ocrx_word' id='word_1_51' title='bbox 1448 770 1546 812; x_wconf 85' lang='lat' dir='ltr'><strong>nos</strong></span> <span class='ocrx_word' id='word_1_52' title='bbox 1576 770 1735 812; x_wconf 90' lang='lat' dir='ltr'><strong>unum</strong></span> <span class='ocrx_word' id='word_1_53' title='bbox 1759 758 1892 813; x_wconf 90' lang='lat' dir='ltr'><strong>sicut</strong></span> <span class='ocrx_word' id='word_1_54' title='bbox 1918 756 2018 830; x_wconf 90' lang='lat' dir='ltr'><strong>ipsi</strong></span> 
     </span>
    </p>
   </div>
   <div class='ocr_carea' id='block_1_7' title="bbox 429 844 2019 921">
    <p class='ocr_par' dir='ltr' id='par_1_7' title="bbox 429 844 2019 921">
     <span class='ocr_line' id='line_1_7' title="bbox 429 844 2019 921; baseline -0.003 -12"><span class='ocrx_word' id='word_1_55' title='bbox 429 867 595 909; x_wconf 90' lang='lat' dir='ltr'><strong>unum</strong></span> <span class='ocrx_word' id='word_1_56' title='bbox 630 869 642 906; x_wconf 93' lang='lat'><strong>:</strong></span> <span class='ocrx_word' id='word_1_57' title='bbox 676 850 947 921; x_wconf 85' lang='lat' dir='ltr'><strong>multaque</strong></span> <span class='ocrx_word' id='word_1_58' title='bbox 992 848 1095 904; x_wconf 87' lang='lat' dir='ltr'><strong>alia</strong></span> <span class='ocrx_word' id='word_1_59' title='bbox 1140 850 1378 919; x_wconf 91' lang='lat' dir='ltr'><strong>mireque</strong></span> <span class='ocrx_word' id='word_1_60' title='bbox 1405 849 1649 905; x_wconf 84' lang='lat' dir='ltr'><strong>sublimia</strong></span> <span class='ocrx_word' id='word_1_61' title='bbox 1675 892 1689 916; x_wconf 94' lang='lat'><strong>,</strong></span> <span class='ocrx_word' id='word_1_62' title='bbox 1722 849 1788 904; x_wconf 89' lang='lat' dir='ltr'><strong>de</strong></span> <span class='ocrx_word' id='word_1_63' title='bbox 1826 844 2019 921; x_wconf 80' lang='lat' dir='ltr'><strong>quibus</strong></span> 
     </span>
    </p>
   </div>
   <div class='ocr_carea' id='block_1_8' title="bbox 432 940 2012 1014">
    <p class='ocr_par' dir='ltr' id='par_1_8' title="bbox 432 940 2012 1014">
     <span class='ocr_line' id='line_1_8' title="bbox 432 940 2012 1014; baseline -0.004 -13"><span class='ocrx_word' id='word_1_64' title='bbox 432 945 698 1001; x_wconf 83' lang='lat' dir='ltr'><strong>disserere</strong></span> <span class='ocrx_word' id='word_1_65' title='bbox 722 944 860 998; x_wconf 88' lang='lat' dir='ltr'><strong>sicut</strong></span> <span class='ocrx_word' id='word_1_66' title='bbox 884 942 1101 1014; x_wconf 84' lang='lat' dir='ltr'><strong>dignum</strong></span> <span class='ocrx_word' id='word_1_67' title='bbox 1130 949 1212 996; x_wconf 89' lang='lat' dir='ltr'><strong>est</strong></span> <span class='ocrx_word' id='word_1_68' title='bbox 1235 983 1249 1009; x_wconf 90' lang='lat'><strong>,</strong></span> <span class='ocrx_word' id='word_1_69' title='bbox 1294 940 1502 996; x_wconf 87' lang='lat' dir='ltr'><strong>etiamsi</strong></span> <span class='ocrx_word' id='word_1_70' title='bbox 1540 954 1779 997; x_wconf 79' lang='lat' dir='ltr'><strong>essemus</strong></span> <span class='ocrx_word' id='word_1_71' title='bbox 1814 940 2012 1007; x_wconf 79' lang='lat' dir='ltr'><strong>idonei,</strong></span> 
     </span>
    </p>
   </div>
   <div class='ocr_carea' id='block_1_9' title="bbox 430 1034 2016 1105">
    <p class='ocr_par' dir='ltr' id='par_1_9' title="bbox 430 1034 2016 1105">
     <span class='ocr_line' id='line_1_9' title="bbox 430 1034 2016 1105; baseline -0.002 -13"><span class='ocrx_word' id='word_1_72' title='bbox 430 1038 485 1092; x_wconf 90' lang='lat' dir='ltr'><strong>in</strong></span> <span class='ocrx_word' id='word_1_73' title='bbox 516 1037 618 1093; x_wconf 87' lang='lat' dir='ltr'><strong>hoc</strong></span> <span class='ocrx_word' id='word_1_74' title='bbox 656 1044 831 1091; x_wconf 85' lang='lat' dir='ltr'><strong>tamen</strong></span> <span class='ocrx_word' id='word_1_75' title='bbox 861 1049 1024 1105; x_wconf 89' lang='lat' dir='ltr'><strong>opere</strong></span> <span class='ocrx_word' id='word_1_76' title='bbox 1053 1049 1158 1088; x_wconf 93' lang='lat' dir='ltr'><strong>non</strong></span> <span class='ocrx_word' id='word_1_77' title='bbox 1192 1034 1243 1089; x_wconf 88' lang='lat' dir='ltr'><strong>id</strong></span> <span class='ocrx_word' id='word_1_78' title='bbox 1284 1050 1382 1090; x_wconf 92' lang='lat' dir='ltr'><strong>nos</strong></span> <span class='ocrx_word' id='word_1_79' title='bbox 1421 1034 1726 1104; x_wconf 79' lang='lat' dir='ltr'><strong>suscepisse</strong></span> <span class='ocrx_word' id='word_1_80' title='bbox 1754 1034 1869 1104; x_wconf 91' lang='lat' dir='ltr'><strong>quis</strong></span> <span class='ocrx_word' id='word_1_81' title='bbox 1910 1046 2016 1089; x_wconf 89' lang='lat' dir='ltr'><strong>non</strong></span> 
     </span>
    </p>
   </div>
   <div class='ocr_carea' id='block_1_10' title="bbox 428 1124 2014 1202">
    <p class='ocr_par' dir='ltr' id='par_1_10' title="bbox 428 1124 2014 1202">
     <span class='ocr_line' id='line_1_10' title="bbox 428 1124 2014 1202; baseline -0.003 -17"><span class='ocrx_word' id='word_1_82' title='bbox 428 1128 671 1185; x_wconf 83' lang='lat' dir='ltr'><strong>advertat</strong></span> <span class='ocrx_word' id='word_1_83' title='bbox 704 1124 883 1202; x_wconf 83' lang='lat' dir='ltr'><strong>(Joan.</strong></span> <span class='ocrx_word' id='word_1_84' title='bbox 907 1141 1001 1182; x_wconf 73' lang='lat' dir='ltr'><strong>stu</strong></span> <span class='ocrx_word' id='word_1_85' title='bbox 1035 1124 1163 1198; x_wconf 82' lang='lat' dir='ltr'><strong>xvn)</strong></span> <span class='ocrx_word' id='word_1_86' title='bbox 1184 1126 1365 1196; x_wconf 89' lang='lat' dir='ltr'><strong>?quod</strong></span> <span class='ocrx_word' id='word_1_87' title='bbox 1391 1126 1513 1181; x_wconf 83' lang='lat' dir='ltr'><strong>alibi</strong></span> <span class='ocrx_word' id='word_1_88' title='bbox 1532 1126 1756 1182; x_wconf 89' lang='lat' dir='ltr'><strong>fortasse</strong></span> <span class='ocrx_word' id='word_1_89' title='bbox 1782 1124 2014 1181; x_wconf 87' lang='lat' dir='ltr'><strong>redden-</strong></span> 
     </span>
    </p>
   </div>
   <div class='ocr_carea' id='block_1_11' title="bbox 426 1218 2013 1290">
    <p class='ocr_par' dir='ltr' id='par_1_11' title="bbox 426 1218 2013 1290">
     <span class='ocr_line' id='line_1_11' title="bbox 426 1218 2013 1290; baseline -0.001 -12"><span class='ocrx_word' id='word_1_90' title='bbox 426 1221 555 1278; x_wconf 92' lang='lat' dir='ltr'><strong>dum</strong></span> <span class='ocrx_word' id='word_1_91' title='bbox 577 1229 694 1288; x_wconf 82' lang='lat' dir='ltr'><strong>est,</strong></span> <span class='ocrx_word' id='word_1_92' title='bbox 743 1220 833 1275; x_wconf 87' lang='lat' dir='ltr'><strong>hic</strong></span> <span class='ocrx_word' id='word_1_93' title='bbox 871 1229 1018 1276; x_wconf 88' lang='lat' dir='ltr'><strong>certe</strong></span> <span class='ocrx_word' id='word_1_94' title='bbox 1047 1234 1153 1274; x_wconf 90' lang='lat' dir='ltr'><strong>non</strong></span> <span class='ocrx_word' id='word_1_95' title='bbox 1192 1228 1276 1274; x_wconf 89' lang='lat' dir='ltr'><strong>est</strong></span> <span class='ocrx_word' id='word_1_96' title='bbox 1305 1219 1680 1290; x_wconf 85' lang='lat' dir='ltr'><strong>expetendum.</strong></span> <span class='ocrx_word' id='word_1_97' title='bbox 1724 1218 2013 1276; x_wconf 82' lang='lat' dir='ltr'><strong>Commen-</strong></span> 
     </span>
    </p>
   </div>
   <div class='ocr_carea' id='block_1_12' title="bbox 427 1310 2014 1385">
    <p class='ocr_par' dir='ltr' id='par_1_12' title="bbox 427 1310 2014 1385">
     <span class='ocr_line' id='line_1_12' title="bbox 427 1310 2014 1385; baseline 0 -15"><span class='ocrx_word' id='word_1_98' title='bbox 427 1314 556 1370; x_wconf 90' lang='lat' dir='ltr'><strong>dare</strong></span> <span class='ocrx_word' id='word_1_99' title='bbox 579 1314 775 1385; x_wconf 88' lang='lat' dir='ltr'><strong>quippe</strong></span> <span class='ocrx_word' id='word_1_100' title='bbox 810 1313 1054 1367; x_wconf 88' lang='lat' dir='ltr'><strong>volumus</strong></span> <span class='ocrx_word' id='word_1_101' title='bbox 1082 1311 1408 1367; x_wconf 82' lang='lat' dir='ltr'><strong>amatoribus</strong></span> <span class='ocrx_word' id='word_1_102' title='bbox 1431 1312 1581 1369; x_wconf 80' lang='lat' dir='ltr'><strong>verbi</strong></span> <span class='ocrx_word' id='word_1_103' title='bbox 1611 1310 1699 1369; x_wconf 85' lang='lat' dir='ltr'><strong>Dei</strong></span> <span class='ocrx_word' id='word_1_104' title='bbox 1732 1322 1785 1368; x_wconf 92' lang='lat' dir='ltr'><strong>et</strong></span> <span class='ocrx_word' id='word_1_105' title='bbox 1812 1314 2014 1369; x_wconf 89' lang='lat' dir='ltr'><strong>studio-</strong></span> 
     </span>
    </p>
   </div>
   <div class='ocr_carea' id='block_1_13' title="bbox 428 1403 2013 1476">
    <p class='ocr_par' dir='ltr' id='par_1_13' title="bbox 428 1403 2013 1476">
     <span class='ocr_line' id='line_1_13' title="bbox 428 1403 2013 1476; baseline 0.001 -17"><span class='ocrx_word' id='word_1_106' title='bbox 428 1406 503 1460; x_wconf 89' lang='lat' dir='ltr'><strong>sis</strong></span> <span class='ocrx_word' id='word_1_107' title='bbox 549 1414 747 1461; x_wconf 75' lang='lat' dir='ltr'><strong>sancta:</strong></span> <span class='ocrx_word' id='word_1_108' title='bbox 786 1404 1058 1469; x_wconf 80' lang='lat' dir='ltr'><strong>veritatis,</strong></span> <span class='ocrx_word' id='word_1_109' title='bbox 1114 1404 1358 1474; x_wconf 81' lang='lat' dir='ltr'><strong>quamvis</strong></span> <span class='ocrx_word' id='word_1_110' title='bbox 1399 1403 1639 1475; x_wconf 85' lang='lat' dir='ltr'><strong>ejusdem</strong></span> <span class='ocrx_word' id='word_1_111' title='bbox 1684 1404 1882 1460; x_wconf 86' lang='lat' dir='ltr'><strong>Christi</strong></span> <span class='ocrx_word' id='word_1_112' title='bbox 1923 1406 2013 1476; x_wconf 92' lang='lat' dir='ltr'><strong>qui</strong></span> 
     </span>
    </p>
   </div>
   <div class='ocr_carea' id='block_1_14' title="bbox 424 1496 2016 1568">
    <p class='ocr_par' dir='ltr' id='par_1_14' title="bbox 424 1496 2016 1568">
     <span class='ocr_line' id='line_1_14' title="bbox 424 1496 2016 1568; baseline 0.001 -17"><span class='ocrx_word' id='word_1_113' title='bbox 424 1512 587 1554; x_wconf 79' lang='lat' dir='ltr'><strong>verus</strong></span> <span class='ocrx_word' id='word_1_114' title='bbox 627 1506 683 1553; x_wconf 89' lang='lat' dir='ltr'><strong>et</strong></span> <span class='ocrx_word' id='word_1_115' title='bbox 724 1511 889 1552; x_wconf 84' lang='lat' dir='ltr'><strong>verax</strong></span> <span class='ocrx_word' id='word_1_116' title='bbox 936 1504 1054 1562; x_wconf 88' lang='lat' dir='ltr'><strong>est,</strong></span> <span class='ocrx_word' id='word_1_117' title='bbox 1113 1496 1458 1551; x_wconf 79' lang='lat' dir='ltr'><strong>atinuntiator</strong></span> <span class='ocrx_word' id='word_1_118' title='bbox 1497 1507 1655 1568; x_wconf 86' lang='lat' dir='ltr'><strong>atque</strong></span> <span class='ocrx_word' id='word_1_119' title='bbox 1699 1498 2016 1568; x_wconf 66' lang='lat' dir='ltr'><strong>przcdicator</strong></span> 
     </span>
    </p>
   </div>
   <div class='ocr_carea' id='block_1_15' title="bbox 427 1587 2013 1659">
    <p class='ocr_par' dir='ltr' id='par_1_15' title="bbox 427 1587 2013 1659">
     <span class='ocr_line' id='line_1_15' title="bbox 427 1587 2013 1659; baseline 0 -12"><span class='ocrx_word' id='word_1_120' title='bbox 427 1589 659 1647; x_wconf 80' lang='lat' dir='ltr'><strong>Joannes</strong></span> <span class='ocrx_word' id='word_1_121' title='bbox 690 1591 741 1644; x_wconf 89' lang='lat' dir='ltr'><strong>in</strong></span> <span class='ocrx_word' id='word_1_122' title='bbox 767 1588 1059 1659; x_wconf 85' lang='lat' dir='ltr'><strong>Evangelio</strong></span> <span class='ocrx_word' id='word_1_123' title='bbox 1086 1600 1185 1643; x_wconf 87' lang='lat' dir='ltr'><strong>suo</strong></span> <span class='ocrx_word' id='word_1_124' title='bbox 1219 1587 1376 1645; x_wconf 86' lang='lat' dir='ltr'><strong>fuerit</strong></span> <span class='ocrx_word' id='word_1_125' title='bbox 1396 1631 1409 1655; x_wconf 91' lang='lat'><strong>,</strong></span> <span class='ocrx_word' id='word_1_126' title='bbox 1443 1589 1592 1659; x_wconf 84' lang='lat' dir='ltr'><strong>cujus</strong></span> <span class='ocrx_word' id='word_1_127' title='bbox 1621 1598 1673 1645; x_wconf 92' lang='lat' dir='ltr'><strong>et</strong></span> <span class='ocrx_word' id='word_1_128' title='bbox 1700 1591 1877 1647; x_wconf 73' lang='lat' dir='ltr'><strong>caeteri</strong></span> <span class='ocrx_word' id='word_1_129' title='bbox 1908 1601 2013 1648; x_wconf 88' lang='lat' dir='ltr'><strong>tres</strong></span> 
     </span>
    </p>
   </div>
   <div class='ocr_carea' id='block_1_16' title="bbox 426 1681 2013 1755">
    <p class='ocr_par' dir='ltr' id='par_1_16' title="bbox 426 1681 2013 1755">
     <span class='ocr_line' id='line_1_16' title="bbox 426 1681 2013 1755; baseline 0.001 -18"><span class='ocrx_word' id='word_1_130' title='bbox 426 1681 518 1753; x_wconf 91' lang='lat' dir='ltr'><strong>qui</strong></span> <span class='ocrx_word' id='word_1_131' title='bbox 546 1682 873 1751; x_wconf 86' lang='lat' dir='ltr'><strong>scripserunt</strong></span> <span class='ocrx_word' id='word_1_132' title='bbox 917 1681 1261 1749; x_wconf 84' lang='lat' dir='ltr'><strong>Evangelium</strong></span> <span class='ocrx_word' id='word_1_133' title='bbox 1286 1724 1299 1748; x_wconf 92' lang='lat'><strong>,</strong></span> <span class='ocrx_word' id='word_1_134' title='bbox 1349 1690 1403 1736; x_wconf 91' lang='lat' dir='ltr'><strong>et</strong></span> <span class='ocrx_word' id='word_1_135' title='bbox 1436 1683 1619 1737; x_wconf 66' lang='lat' dir='ltr'><strong>caueri</strong></span> <span class='ocrx_word' id='word_1_136' title='bbox 1652 1682 1892 1752; x_wconf 77' lang='lat' dir='ltr'><strong>Apostoii</strong></span> <span class='ocrx_word' id='word_1_137' title='bbox 1922 1684 2013 1755; x_wconf 86' lang='lat' dir='ltr'><strong>qui</strong></span> 
     </span>
    </p>
   </div>
   <div class='ocr_carea' id='block_1_17' title="bbox 423 1768 2011 1843">
    <p class='ocr_par' dir='ltr' id='par_1_17' title="bbox 423 1768 2011 1843">
     <span class='ocr_line' id='line_1_17' title="bbox 423 1768 2011 1843; baseline 0.002 -15"><span class='ocrx_word' id='word_1_138' title='bbox 423 1786 535 1828; x_wconf 86' lang='lat' dir='ltr'><strong>non</strong></span> <span class='ocrx_word' id='word_1_139' title='bbox 575 1771 787 1843; x_wconf 84' lang='lat' dir='ltr'><strong>quidem</strong></span> <span class='ocrx_word' id='word_1_140' title='bbox 832 1771 1000 1842; x_wconf 85' lang='lat' dir='ltr'><strong>ipsam</strong></span> <span class='ocrx_word' id='word_1_141' title='bbox 1048 1773 1405 1827; x_wconf 88' lang='lat' dir='ltr'><strong>narrationem</strong></span> <span class='ocrx_word' id='word_1_142' title='bbox 1444 1768 1778 1828; x_wconf 82' lang='lat' dir='ltr'><strong>scribendam</strong></span> <span class='ocrx_word' id='word_1_143' title='bbox 1826 1790 2011 1832; x_wconf 88' lang='lat' dir='ltr'><strong>susce-</strong></span> 
     </span>
    </p>
   </div>
   <div class='ocr_carea' id='block_1_18' title="bbox 423 1863 2014 1937">
    <p class='ocr_par' dir='ltr' id='par_1_18' title="bbox 423 1863 2014 1937">
     <span class='ocr_line' id='line_1_18' title="bbox 423 1863 2014 1937; baseline 0.003 -18"><span class='ocrx_word' id='word_1_144' title='bbox 423 1875 620 1937; x_wconf 89' lang='lat' dir='ltr'><strong>perunt</strong></span> <span class='ocrx_word' id='word_1_145' title='bbox 642 1904 657 1930; x_wconf 95' lang='lat'><strong>,</strong></span> <span class='ocrx_word' id='word_1_146' title='bbox 704 1863 757 1918; x_wconf 91' lang='lat' dir='ltr'><strong>in</strong></span> <span class='ocrx_word' id='word_1_147' title='bbox 782 1877 845 1918; x_wconf 87' lang='lat' dir='ltr'><strong>ea</strong></span> <span class='ocrx_word' id='word_1_148' title='bbox 877 1870 1051 1919; x_wconf 86' lang='lat' dir='ltr'><strong>tamen</strong></span> <span class='ocrx_word' id='word_1_149' title='bbox 1097 1863 1473 1933; x_wconf 64' lang='lat' dir='ltr'><strong>praedicatione</strong></span> <span class='ocrx_word' id='word_1_150' title='bbox 1513 1865 1594 1920; x_wconf 86' lang='lat' dir='ltr'><strong>sui</strong></span> <span class='ocrx_word' id='word_1_151' title='bbox 1630 1865 1790 1921; x_wconf 81' lang='lat' dir='ltr'><strong>oi‘iicii</strong></span> <span class='ocrx_word' id='word_1_152' title='bbox 1820 1883 2014 1924; x_wconf 89' lang='lat' dir='ltr'><strong>munus</strong></span> 
     </span>
    </p>
   </div>
   <div class='ocr_carea' id='block_1_19' title="bbox 428 1956 2013 2029">
    <p class='ocr_par' dir='ltr' id='par_1_19' title="bbox 428 1956 2013 2029">
     <span class='ocr_line' id='line_1_19' title="bbox 428 1956 2013 2029; baseline 0.003 -16"><span class='ocrx_word' id='word_1_153' title='bbox 428 1958 785 2029; x_wconf 86' lang='lat' dir='ltr'><strong>impleverunt</strong></span> <span class='ocrx_word' id='word_1_154' title='bbox 808 1974 823 2013; x_wconf 88' lang='lat'><strong>:</strong></span> <span class='ocrx_word' id='word_1_155' title='bbox 849 1957 1005 2028; x_wconf 87' lang='lat' dir='ltr'><strong>longe</strong></span> <span class='ocrx_word' id='word_1_156' title='bbox 1031 1966 1208 2013; x_wconf 87' lang='lat' dir='ltr'><strong>tamen</strong></span> <span class='ocrx_word' id='word_1_157' title='bbox 1230 1958 1372 2014; x_wconf 90' lang='lat' dir='ltr'><strong>hunc</strong></span> <span class='ocrx_word' id='word_1_158' title='bbox 1390 1957 1444 2012; x_wconf 90' lang='lat' dir='ltr'><strong>in</strong></span> <span class='ocrx_word' id='word_1_159' title='bbox 1463 1956 1657 2014; x_wconf 87' lang='lat' dir='ltr'><strong>Christi</strong></span> <span class='ocrx_word' id='word_1_160' title='bbox 1682 1959 1869 2016; x_wconf 83' lang='lat' dir='ltr'><strong>altiora</strong></span> <span class='ocrx_word' id='word_1_161' title='bbox 1890 1956 2013 2017; x_wconf 87' lang='lat' dir='ltr'><strong>sub-</strong></span> 
     </span>
    </p>
   </div>
   <div class='ocr_carea' id='block_1_20' title="bbox 422 2046 2012 2119">
    <p class='ocr_par' dir='ltr' id='par_1_20' title="bbox 422 2046 2012 2119">
     <span class='ocr_line' id='line_1_20' title="bbox 422 2046 2012 2119; baseline 0.003 -18"><span class='ocrx_word' id='word_1_162' title='bbox 422 2056 633 2104; x_wconf 84' lang='lat' dir='ltr'><strong>vectum</strong></span> <span class='ocrx_word' id='word_1_163' title='bbox 662 2046 730 2103; x_wconf 89' lang='lat' dir='ltr'><strong>ab</strong></span> <span class='ocrx_word' id='word_1_164' title='bbox 755 2047 871 2119; x_wconf 86' lang='lat' dir='ltr'><strong>ipso</strong></span> <span class='ocrx_word' id='word_1_165' title='bbox 898 2047 1047 2102; x_wconf 89' lang='lat' dir='ltr'><strong>initio</strong></span> <span class='ocrx_word' id='word_1_166' title='bbox 1074 2048 1193 2103; x_wconf 87' lang='lat' dir='ltr'><strong>libri</strong></span> <span class='ocrx_word' id='word_1_167' title='bbox 1218 2048 1321 2116; x_wconf 89' lang='lat' dir='ltr'><strong>sui,</strong></span> <span class='ocrx_word' id='word_1_168' title='bbox 1363 2063 1485 2104; x_wconf 87' lang='lat' dir='ltr'><strong>raro</strong></span> <span class='ocrx_word' id='word_1_169' title='bbox 1513 2046 1679 2106; x_wconf 89' lang='lat' dir='ltr'><strong>fuisse</strong></span> <span class='ocrx_word' id='word_1_170' title='bbox 1698 2064 1819 2105; x_wconf 91' lang='lat' dir='ltr'><strong>cum</strong></span> <span class='ocrx_word' id='word_1_171' title='bbox 1849 2058 2012 2107; x_wconf 62' lang='lat' dir='ltr'><strong>caete-</strong></span> 
     </span>
    </p>
   </div>
   <div class='ocr_carea' id='block_1_21' title="bbox 421 2139 2012 2211">
    <p class='ocr_par' dir='ltr' id='par_1_21' title="bbox 421 2139 2012 2211">
     <span class='ocr_line' id='line_1_21' title="bbox 421 2139 2012 2211; baseline 0.003 -16"><span class='ocrx_word' id='word_1_172' title='bbox 421 2140 519 2205; x_wconf 84' lang='lat' dir='ltr'><strong>ris,</strong></span> <span class='ocrx_word' id='word_1_173' title='bbox 548 2139 601 2195; x_wconf 89' lang='lat' dir='ltr'><strong>id</strong></span> <span class='ocrx_word' id='word_1_174' title='bbox 623 2146 727 2207; x_wconf 90' lang='lat' dir='ltr'><strong>est,</strong></span> <span class='ocrx_word' id='word_1_175' title='bbox 755 2139 925 2209; x_wconf 92' lang='lat' dir='ltr'><strong>primo</strong></span> <span class='ocrx_word' id='word_1_176' title='bbox 941 2140 1080 2195; x_wconf 90' lang='lat' dir='ltr'><strong>circa</strong></span> <span class='ocrx_word' id='word_1_177' title='bbox 1098 2139 1384 2195; x_wconf 83' lang='lat' dir='ltr'><strong>Jordanem</strong></span> <span class='ocrx_word' id='word_1_178' title='bbox 1411 2148 1628 2211; x_wconf 85' lang='lat' dir='ltr'><strong>preptcr</strong></span> <span class='ocrx_word' id='word_1_179' title='bbox 1648 2143 2012 2199; x_wconf 87' lang='lat' dir='ltr'><strong>testimonium</strong></span> 
     </span>
    </p>
   </div>
   <div class='ocr_carea' id='block_1_22' title="bbox 423 2232 2012 2309">
    <p class='ocr_par' dir='ltr' id='par_1_22' title="bbox 423 2232 2012 2309">
     <span class='ocr_line' id='line_1_22' title="bbox 423 2232 2012 2309; baseline 0.004 -20"><span class='ocrx_word' id='word_1_180' title='bbox 423 2232 647 2289; x_wconf 82' lang='lat' dir='ltr'><strong>Joannis</strong></span> <span class='ocrx_word' id='word_1_181' title='bbox 669 2233 919 2304; x_wconf 67' lang='lat' dir='ltr'><strong>Baptistae</strong></span> <span class='ocrx_word' id='word_1_182' title='bbox 941 2249 957 2301; x_wconf 92' lang='lat'><strong>;</strong></span> <span class='ocrx_word' id='word_1_183' title='bbox 985 2233 1109 2290; x_wconf 91' lang='lat' dir='ltr'><strong>inde</strong></span> <span class='ocrx_word' id='word_1_184' title='bbox 1126 2242 1271 2289; x_wconf 91' lang='lat' dir='ltr'><strong>trans</strong></span> <span class='ocrx_word' id='word_1_185' title='bbox 1290 2250 1437 2291; x_wconf 89' lang='lat' dir='ltr'><strong>mare</strong></span> <span class='ocrx_word' id='word_1_186' title='bbox 1455 2235 1772 2306; x_wconf 89' lang='lat' dir='ltr'><strong>Tiberiadis,</strong></span> <span class='ocrx_word' id='word_1_187' title='bbox 1798 2236 2012 2309; x_wconf 84' lang='lat' dir='ltr'><strong>quando</strong></span> 
     </span>
    </p>
   </div>
   <div class='ocr_carea' id='block_1_23' title="bbox 423 2325 2013 2401">
    <p class='ocr_par' dir='ltr' id='par_1_23' title="bbox 423 2325 2013 2401">
     <span class='ocr_line' id='line_1_23' title="bbox 423 2325 2013 2401; baseline 0.004 -21"><span class='ocrx_word' id='word_1_188' title='bbox 423 2326 610 2381; x_wconf 79' lang='lat' dir='ltr'><strong>turbas</strong></span> <span class='ocrx_word' id='word_1_189' title='bbox 633 2325 702 2381; x_wconf 88' lang='lat' dir='ltr'><strong>de</strong></span> <span class='ocrx_word' id='word_1_190' title='bbox 727 2326 960 2396; x_wconf 87' lang='lat' dir='ltr'><strong>quinque</strong></span> <span class='ocrx_word' id='word_1_191' title='bbox 984 2327 1209 2398; x_wconf 87' lang='lat' dir='ltr'><strong>panibus</strong></span> <span class='ocrx_word' id='word_1_192' title='bbox 1233 2328 1394 2397; x_wconf 85' lang='lat' dir='ltr'><strong>pavit,</strong></span> <span class='ocrx_word' id='word_1_193' title='bbox 1436 2336 1489 2383; x_wconf 90' lang='lat' dir='ltr'><strong>et</strong></span> <span class='ocrx_word' id='word_1_194' title='bbox 1517 2343 1678 2399; x_wconf 86' lang='lat' dir='ltr'><strong>super</strong></span> <span class='ocrx_word' id='word_1_195' title='bbox 1705 2342 1869 2401; x_wconf 87' lang='lat' dir='ltr'><strong>aquas</strong></span> <span class='ocrx_word' id='word_1_196' title='bbox 1899 2344 2013 2387; x_wconf 84' lang='lat' dir='ltr'><strong>am-</strong></span> 
     </span>
    </p>
   </div>
   <div class='ocr_carea' id='block_1_24' title="bbox 420 2414 2013 2492">
    <p class='ocr_par' dir='ltr' id='par_1_24' title="bbox 420 2414 2013 2492">
     <span class='ocr_line' id='line_1_24' title="bbox 420 2414 2013 2492; baseline 0.004 -19"><span class='ocrx_word' id='word_1_197' title='bbox 420 2414 652 2484; x_wconf 81' lang='lat' dir='ltr'><strong>bulavit;</strong></span> <span class='ocrx_word' id='word_1_198' title='bbox 701 2417 858 2473; x_wconf 84' lang='lat' dir='ltr'><strong>tertio</strong></span> <span class='ocrx_word' id='word_1_199' title='bbox 904 2417 958 2473; x_wconf 90' lang='lat' dir='ltr'><strong>in</strong></span> <span class='ocrx_word' id='word_1_200' title='bbox 997 2418 1286 2487; x_wconf 78' lang='lat' dir='ltr'><strong>Bethania,</strong></span> <span class='ocrx_word' id='word_1_201' title='bbox 1338 2419 1425 2474; x_wconf 90' lang='lat' dir='ltr'><strong>ubi</strong></span> <span class='ocrx_word' id='word_1_202' title='bbox 1470 2428 1738 2492; x_wconf 86' lang='lat' dir='ltr'><strong>unguento</strong></span> <span class='ocrx_word' id='word_1_203' title='bbox 1776 2424 2013 2492; x_wconf 86' lang='lat' dir='ltr'><strong>pretioso</strong></span> 
     </span>
    </p>
   </div>
   <div class='ocr_carea' id='block_1_25' title="bbox 421 2510 2013 2583">
    <p class='ocr_par' dir='ltr' id='par_1_25' title="bbox 421 2510 2013 2583">
     <span class='ocr_line' id='line_1_25' title="bbox 421 2510 2013 2583; baseline 0.003 -16"><span class='ocrx_word' id='word_1_204' title='bbox 421 2511 597 2568; x_wconf 78' lang='lat' dir='ltr'><strong>ﬁdelis</strong></span> <span class='ocrx_word' id='word_1_205' title='bbox 640 2510 853 2567; x_wconf 65' lang='lat' dir='ltr'><strong>femina:</strong></span> <span class='ocrx_word' id='word_1_206' title='bbox 899 2511 1183 2568; x_wconf 80' lang='lat' dir='ltr'><strong>devotione</strong></span> <span class='ocrx_word' id='word_1_207' title='bbox 1227 2511 1473 2583; x_wconf 89' lang='lat' dir='ltr'><strong>perfusus</strong></span> <span class='ocrx_word' id='word_1_208' title='bbox 1514 2524 1636 2581; x_wconf 88' lang='lat' dir='ltr'><strong>est;</strong></span> <span class='ocrx_word' id='word_1_209' title='bbox 1689 2512 1860 2571; x_wconf 89' lang='lat' dir='ltr'><strong>donec</strong></span> <span class='ocrx_word' id='word_1_210' title='bbox 1889 2514 2013 2574; x_wconf 89' lang='lat' dir='ltr'><strong>inde</strong></span> 
     </span>
    </p>
   </div>
   <div class='ocr_carea' id='block_1_26' title="bbox 420 2602 2013 2679">
    <p class='ocr_par' dir='ltr' id='par_1_26' title="bbox 420 2602 2013 2679">
     <span class='ocr_line' id='line_1_26' title="bbox 420 2602 2013 2679; baseline 0.003 -18"><span class='ocrx_word' id='word_1_211' title='bbox 420 2602 529 2661; x_wconf 83' lang='lat' dir='ltr'><strong>illis</strong></span> <span class='ocrx_word' id='word_1_212' title='bbox 572 2612 877 2661; x_wconf 82' lang='lat' dir='ltr'><strong>occurreret</strong></span> <span class='ocrx_word' id='word_1_213' title='bbox 911 2604 977 2661; x_wconf 91' lang='lat' dir='ltr'><strong>ad</strong></span> <span class='ocrx_word' id='word_1_214' title='bbox 1018 2605 1280 2677; x_wconf 81' lang='lat' dir='ltr'><strong>passionis</strong></span> <span class='ocrx_word' id='word_1_215' title='bbox 1325 2614 1568 2677; x_wconf 90' lang='lat' dir='ltr'><strong>tempus,</strong></span> <span class='ocrx_word' id='word_1_216' title='bbox 1613 2607 1754 2679; x_wconf 87' lang='lat' dir='ltr'><strong>quod</strong></span> <span class='ocrx_word' id='word_1_217' title='bbox 1784 2622 1907 2665; x_wconf 90' lang='lat' dir='ltr'><strong>cum</strong></span> <span class='ocrx_word' id='word_1_218' title='bbox 1935 2610 2013 2666; x_wconf 89' lang='lat' dir='ltr'><strong>eis</strong></span> 
     </span>
    </p>
   </div>
   <div class='ocr_carea' id='block_1_27' title="bbox 422 2696 2014 2770">
    <p class='ocr_par' dir='ltr' id='par_1_27' title="bbox 422 2696 2014 2770">
     <span class='ocr_line' id='line_1_27' title="bbox 422 2696 2014 2770; baseline 0.002 -17"><span class='ocrx_word' id='word_1_219' title='bbox 422 2704 541 2753; x_wconf 88' lang='lat' dir='ltr'><strong>erat</strong></span> <span class='ocrx_word' id='word_1_220' title='bbox 563 2696 869 2754; x_wconf 82' lang='lat' dir='ltr'><strong>necessario</strong></span> <span class='ocrx_word' id='word_1_221' title='bbox 904 2704 1215 2752; x_wconf 80' lang='lat' dir='ltr'><strong>narraturus</strong></span> <span class='ocrx_word' id='word_1_222' title='bbox 1249 2714 1262 2751; x_wconf 93' lang='lat'><strong>:</strong></span> <span class='ocrx_word' id='word_1_223' title='bbox 1293 2698 1382 2754; x_wconf 87' lang='lat' dir='ltr'><strong>ubi</strong></span> <span class='ocrx_word' id='word_1_224' title='bbox 1423 2705 1601 2755; x_wconf 85' lang='lat' dir='ltr'><strong>tamen</strong></span> <span class='ocrx_word' id='word_1_225' title='bbox 1638 2699 1807 2770; x_wconf 84' lang='lat' dir='ltr'><strong>ipsam</strong></span> <span class='ocrx_word' id='word_1_226' title='bbox 1834 2696 2014 2756; x_wconf 88' lang='lat' dir='ltr'><strong>Domi-</strong></span> 
     </span>
    </p>
   </div>
   <div class='ocr_carea' id='block_1_28' title="bbox 420 2789 2014 2861">
    <p class='ocr_par' dir='ltr' id='par_1_28' title="bbox 420 2789 2014 2861">
     <span class='ocr_line' id='line_1_28' title="bbox 420 2789 2014 2861; baseline 0.003 -16"><span class='ocrx_word' id='word_1_227' title='bbox 420 2790 597 2845; x_wconf 81' lang='lat' dir='ltr'><strong>nieam</strong></span> <span class='ocrx_word' id='word_1_228' title='bbox 624 2804 869 2854; x_wconf 67' lang='lat' dir='ltr'><strong>coenam,</strong></span> <span class='ocrx_word' id='word_1_229' title='bbox 915 2789 982 2845; x_wconf 90' lang='lat' dir='ltr'><strong>de</strong></span> <span class='ocrx_word' id='word_1_230' title='bbox 1018 2802 1121 2860; x_wconf 90' lang='lat' dir='ltr'><strong>qua</strong></span> <span class='ocrx_word' id='word_1_231' title='bbox 1165 2790 1340 2846; x_wconf 90' lang='lat' dir='ltr'><strong>nullus</strong></span> <span class='ocrx_word' id='word_1_232' title='bbox 1383 2804 1569 2847; x_wconf 88' lang='lat' dir='ltr'><strong>eorum</strong></span> <span class='ocrx_word' id='word_1_233' title='bbox 1597 2794 1796 2861; x_wconf 87' lang='lat' dir='ltr'><strong>tacuit,</strong></span> <span class='ocrx_word' id='word_1_234' title='bbox 1846 2794 2014 2850; x_wconf 91' lang='lat' dir='ltr'><strong>multo</strong></span> 
     </span>
    </p>
   </div>
   <div class='ocr_carea' id='block_1_29' title="bbox 420 2880 2013 2955">
    <p class='ocr_par' dir='ltr' id='par_1_29' title="bbox 420 2880 2013 2955">
     <span class='ocr_line' id='line_1_29' title="bbox 420 2880 2013 2955; baseline 0.003 -19"><span class='ocrx_word' id='word_1_235' title='bbox 420 2880 725 2952; x_wconf 84' lang='lat' dir='ltr'><strong>opulentius</strong></span> <span class='ocrx_word' id='word_1_236' title='bbox 745 2888 994 2952; x_wconf 80' lang='lat' dir='ltr'><strong>tanquam</strong></span> <span class='ocrx_word' id='word_1_237' title='bbox 1018 2880 1088 2936; x_wconf 90' lang='lat' dir='ltr'><strong>de</strong></span> <span class='ocrx_word' id='word_1_238' title='bbox 1114 2880 1332 2937; x_wconf 85' lang='lat' dir='ltr'><strong>cellario</strong></span> <span class='ocrx_word' id='word_1_239' title='bbox 1356 2881 1614 2938; x_wconf 89' lang='lat' dir='ltr'><strong>Dominici</strong></span> <span class='ocrx_word' id='word_1_240' title='bbox 1635 2883 1890 2955; x_wconf 87' lang='lat' dir='ltr'><strong>pectoris.</strong></span> <span class='ocrx_word' id='word_1_241' title='bbox 1924 2884 2013 2940; x_wconf 93' lang='lat' dir='ltr'><strong>ubi</strong></span> 
     </span>
    </p>
   </div>
   <div class='ocr_carea' id='block_1_30' title="bbox 423 2972 2012 3045">
    <p class='ocr_par' dir='ltr' id='par_1_30' title="bbox 423 2972 2012 3045">
     <span class='ocr_line' id='line_1_30' title="bbox 423 2972 2012 3045; baseline 0.002 -17"><span class='ocrx_word' id='word_1_242' title='bbox 423 2973 761 3030; x_wconf 87' lang='lat' dir='ltr'><strong>discumbere</strong></span> <span class='ocrx_word' id='word_1_243' title='bbox 786 2973 991 3029; x_wconf 88' lang='lat' dir='ltr'><strong>solebat</strong></span> <span class='ocrx_word' id='word_1_244' title='bbox 1012 3016 1027 3039; x_wconf 91' lang='lat'><strong>,</strong></span> <span class='ocrx_word' id='word_1_245' title='bbox 1054 2972 1315 3029; x_wconf 76' lang='lat' dir='ltr'><strong>exhibuit.</strong></span> <span class='ocrx_word' id='word_1_246' title='bbox 1362 2974 1537 3045; x_wconf 89' lang='lat' dir='ltr'><strong>ipsum</strong></span> <span class='ocrx_word' id='word_1_247' title='bbox 1570 2974 1764 3032; x_wconf 88' lang='lat' dir='ltr'><strong>deinde</strong></span> <span class='ocrx_word' id='word_1_248' title='bbox 1786 2974 2012 3032; x_wconf 87' lang='lat' dir='ltr'><strong>Pilatum</strong></span> 
     </span>
    </p>
   </div>
   <div class='ocr_carea' id='block_1_31' title="bbox 422 3064 2012 3135">
    <p class='ocr_par' dir='ltr' id='par_1_31' title="bbox 422 3064 2012 3135">
     <span class='ocr_line' id='line_1_31' title="bbox 422 3064 2012 3135; baseline -0.001 -12"><span class='ocrx_word' id='word_1_249' title='bbox 422 3066 606 3123; x_wconf 77' lang='lat' dir='ltr'><strong>verbis</strong></span> <span class='ocrx_word' id='word_1_250' title='bbox 629 3064 910 3122; x_wconf 88' lang='lat' dir='ltr'><strong>altioribus</strong></span> <span class='ocrx_word' id='word_1_251' title='bbox 949 3064 1208 3135; x_wconf 88' lang='lat' dir='ltr'><strong>percutit,</strong></span> <span class='ocrx_word' id='word_1_252' title='bbox 1252 3064 1435 3119; x_wconf 89' lang='lat' dir='ltr'><strong>dicens</strong></span> <span class='ocrx_word' id='word_1_253' title='bbox 1464 3081 1687 3135; x_wconf 80' lang='lat' dir='ltr'><strong>regnum</strong></span> <span class='ocrx_word' id='word_1_254' title='bbox 1724 3082 1878 3121; x_wconf 92' lang='lat' dir='ltr'><strong>suum</strong></span> <span class='ocrx_word' id='word_1_255' title='bbox 1907 3084 2012 3122; x_wconf 88' lang='lat' dir='ltr'><strong>non</strong></span> 
     </span>
    </p>
   </div>
   <div class='ocr_carea' id='block_1_32' title="bbox 422 3154 2015 3223">
    <p class='ocr_par' dir='ltr' id='par_1_32' title="bbox 422 3154 2015 3223">
     <span class='ocr_line' id='line_1_32' title="bbox 422 3154 2015 3223; baseline 0.001 -11"><span class='ocrx_word' id='word_1_256' title='bbox 422 3168 548 3212; x_wconf 84' lang='lat' dir='ltr'><strong>esse</strong></span> <span class='ocrx_word' id='word_1_257' title='bbox 571 3156 637 3211; x_wconf 90' lang='lat' dir='ltr'><strong>de</strong></span> <span class='ocrx_word' id='word_1_258' title='bbox 667 3156 766 3210; x_wconf 90' lang='lat' dir='ltr'><strong>hoc</strong></span> <span class='ocrx_word' id='word_1_259' title='bbox 793 3154 993 3209; x_wconf 92' lang='lat' dir='ltr'><strong>mundo</strong></span> <span class='ocrx_word' id='word_1_260' title='bbox 1016 3194 1031 3221; x_wconf 93' lang='lat'><strong>,</strong></span> <span class='ocrx_word' id='word_1_261' title='bbox 1060 3166 1347 3223; x_wconf 78' lang='lat' dir='ltr'><strong>regemque</strong></span> <span class='ocrx_word' id='word_1_262' title='bbox 1378 3168 1437 3209; x_wconf 88' lang='lat' dir='ltr'><strong>se</strong></span> <span class='ocrx_word' id='word_1_263' title='bbox 1468 3161 1647 3209; x_wconf 90' lang='lat' dir='ltr'><strong>natum</strong></span> <span class='ocrx_word' id='word_1_264' title='bbox 1669 3197 1684 3221; x_wconf 95' lang='lat'><strong>,</strong></span> <span class='ocrx_word' id='word_1_265' title='bbox 1730 3162 1782 3212; x_wconf 87' lang='lat' dir='ltr'><strong>et</strong></span> <span class='ocrx_word' id='word_1_266' title='bbox 1806 3157 1873 3211; x_wconf 89' lang='lat' dir='ltr'><strong>ad</strong></span> <span class='ocrx_word' id='word_1_267' title='bbox 1912 3154 2015 3214; x_wconf 92' lang='lat' dir='ltr'><strong>hoc</strong></span> 
     </span>
    </p>
   </div>
   <div class='ocr_carea' id='block_1_33' title="bbox 420 3240 2013 3319">
    <p class='ocr_par' dir='ltr' id='par_1_33' title="bbox 420 3240 2013 3319">
     <span class='ocr_line' id='line_1_33' title="bbox 420 3240 2013 3319; baseline 0.001 -14"><span class='ocrx_word' id='word_1_268' title='bbox 420 3248 637 3305; x_wconf 79' lang='lat' dir='ltr'><strong>venisse</strong></span> <span class='ocrx_word' id='word_1_269' title='bbox 663 3248 714 3303; x_wconf 91' lang='lat' dir='ltr'><strong>in</strong></span> <span class='ocrx_word' id='word_1_270' title='bbox 745 3247 888 3302; x_wconf 91' lang='lat' dir='ltr'><strong>hunc</strong></span> <span class='ocrx_word' id='word_1_271' title='bbox 914 3245 1167 3301; x_wconf 89' lang='lat' dir='ltr'><strong>mundum</strong></span> <span class='ocrx_word' id='word_1_272' title='bbox 1190 3288 1204 3313; x_wconf 92' lang='lat'><strong>,</strong></span> <span class='ocrx_word' id='word_1_273' title='bbox 1249 3253 1310 3301; x_wconf 90' lang='lat' dir='ltr'><strong>ut</strong></span> <span class='ocrx_word' id='word_1_274' title='bbox 1335 3240 1694 3302; x_wconf 82' lang='lat' dir='ltr'><strong>testimOnium</strong></span> <span class='ocrx_word' id='word_1_275' title='bbox 1735 3246 2013 3319; x_wconf 86' lang='lat' dir='ltr'><strong>perhihcat</strong></span> 
     </span>
    </p>
   </div>
   <div class='ocr_carea' id='block_1_34' title="bbox 420 3335 2016 3411">
    <p class='ocr_par' dir='ltr' id='par_1_34' title="bbox 420 3335 2016 3411">
     <span class='ocr_line' id='line_1_34' title="bbox 420 3335 2016 3411; baseline 0.001 -16"><span class='ocrx_word' id='word_1_276' title='bbox 420 3339 633 3397; x_wconf 79' lang='lat' dir='ltr'><strong>veritati</strong></span> <span class='ocrx_word' id='word_1_277' title='bbox 678 3337 787 3410; x_wconf 93' lang='lat' dir='ltr'><strong>(ld.</strong></span> <span class='ocrx_word' id='word_1_278' title='bbox 845 3352 989 3404; x_wconf 82' lang='lat' dir='ltr'><strong>xvtn,</strong></span> <span class='ocrx_word' id='word_1_279' title='bbox 1022 3337 1091 3392; x_wconf 77' lang='lat'><strong>36</strong></span> <span class='ocrx_word' id='word_1_280' title='bbox 1111 3335 1313 3408; x_wconf 71' lang='lat' dir='ltr'><strong>e137).</strong></span> <span class='ocrx_word' id='word_1_281' title='bbox 1366 3335 1583 3392; x_wconf 83' lang='lat' dir='ltr'><strong>Mariam</strong></span> <span class='ocrx_word' id='word_1_282' title='bbox 1625 3353 1836 3410; x_wconf 87' lang='lat' dir='ltr'><strong>quoque</strong></span> <span class='ocrx_word' id='word_1_283' title='bbox 1895 3349 2016 3411; x_wconf 86' lang='lat' dir='ltr'><strong>post</strong></span> 
     </span>
    </p>
   </div>
   <div class='ocr_carea' id='block_1_35' title="bbox 420 3426 2010 3501">
    <p class='ocr_par' dir='ltr' id='par_1_35' title="bbox 420 3426 2010 3501">
     <span class='ocr_line' id='line_1_35' title="bbox 420 3426 2010 3501; baseline -0.003 -11"><span class='ocrx_word' id='word_1_284' title='bbox 420 3431 872 3490; x_wconf 67' lang='lat' dir='ltr'><strong>IeSurreetionem</strong></span> <span class='ocrx_word' id='word_1_285' title='bbox 902 3431 1125 3500; x_wconf 79' lang='lat' dir='ltr'><strong>mystica</strong></span> <span class='ocrx_word' id='word_1_286' title='bbox 1165 3427 1442 3484; x_wconf 90' lang='lat' dir='ltr'><strong>altitudine</strong></span> <span class='ocrx_word' id='word_1_287' title='bbox 1466 3429 1636 3485; x_wconf 80' lang='lat' dir='ltr'><strong>vitans</strong></span> <span class='ocrx_word' id='word_1_288' title='bbox 1666 3432 1683 3462; x_wconf 77' lang='grc' dir='ltr'>ί</span> <span class='ocrx_word' id='word_1_289' title='bbox 1711 3474 1725 3497; x_wconf 93' lang='grc'><strong>,</strong></span> <span class='ocrx_word' id='word_1_290' title='bbox 1758 3426 1883 3485; x_wconf 86' lang='grc' dir='ltr'><strong>ΝοΙὶ</strong></span> <span class='ocrx_word' id='word_1_291' title='bbox 1914 3448 2010 3501; x_wconf 87' lang='lat' dir='ltr'><strong>me,</strong></span> 
     </span>
    </p>
   </div>
   <div class='ocr_carea' id='block_1_36' title="bbox 419 3521 2008 3599">
    <p class='ocr_par' dir='ltr' id='par_1_36' title="bbox 419 3521 2008 3599">
     <span class='ocr_line' id='line_1_36' title="bbox 419 3521 2008 3599; baseline -0.003 -15"><span class='ocrx_word' id='word_1_292' title='bbox 419 3526 615 3599; x_wconf 76' lang='lat' dir='ltr'><strong>inquit,</strong></span> <span class='ocrx_word' id='word_1_293' title='bbox 648 3532 852 3597; x_wconf 81' lang='lat' dir='ltr'><strong>tangere</strong></span> <span class='ocrx_word' id='word_1_294' title='bbox 884 3542 897 3577; x_wconf 90' lang='lat'><strong>:</strong></span> <span class='ocrx_word' id='word_1_295' title='bbox 925 3523 1151 3578; x_wconf 83' lang='lat' dir='ltr'><strong>nondum</strong></span> <span class='ocrx_word' id='word_1_296' title='bbox 1176 3523 1307 3577; x_wconf 84' lang='lat' dir='ltr'><strong>enim</strong></span> <span class='ocrx_word' id='word_1_297' title='bbox 1333 3523 1537 3577; x_wconf 78' lang='lat' dir='ltr'><strong>escendi</strong></span> <span class='ocrx_word' id='word_1_298' title='bbox 1560 3521 1628 3576; x_wconf 88' lang='lat' dir='ltr'><strong>ad</strong></span> <span class='ocrx_word' id='word_1_299' title='bbox 1658 3522 1863 3579; x_wconf 84' lang='lat' dir='ltr'><strong>Patrem</strong></span> <span class='ocrx_word' id='word_1_300' title='bbox 1898 3522 2008 3598; x_wconf 89' lang='lat' dir='ltr'><strong>(Id.</strong></span> 
     </span>
    </p>
   </div>
   <div class='ocr_carea' id='block_1_37' title="bbox 419 3612 2009 3690">
    <p class='ocr_par' dir='ltr' id='par_1_37' title="bbox 419 3612 2009 3690">
     <span class='ocr_line' id='line_1_37' title="bbox 419 3612 2009 3690; baseline -0.002 -15"><span class='ocrx_word' id='word_1_301' title='bbox 419 3634 515 3686; x_wconf 77' lang='lat' dir='ltr'><strong>xx,</strong></span> <span class='ocrx_word' id='word_1_302' title='bbox 548 3617 659 3690; x_wconf 82' lang='lat' dir='ltr'><strong>i7).</strong></span> <span class='ocrx_word' id='word_1_303' title='bbox 709 3614 994 3685; x_wconf 88' lang='lat' dir='ltr'><strong>Discipuiis</strong></span> <span class='ocrx_word' id='word_1_304' title='bbox 1033 3615 1192 3670; x_wconf 89' lang='lat' dir='ltr'><strong>etiam</strong></span> <span class='ocrx_word' id='word_1_305' title='bbox 1240 3612 1561 3670; x_wconf 84' lang='lat' dir='ltr'><strong>insufﬂando</strong></span> <span class='ocrx_word' id='word_1_306' title='bbox 1586 3614 1731 3670; x_wconf 86' lang='lat' dir='ltr'><strong>dedit</strong></span> <span class='ocrx_word' id='word_1_307' title='bbox 1754 3614 2009 3688; x_wconf 83' lang='lat' dir='ltr'><strong>Spiritum</strong></span> 
     </span>
    </p>
   </div>
   <div class='ocr_carea' id='block_1_38' title="bbox 420 3704 2008 3781">
    <p class='ocr_par' dir='ltr' id='par_1_38' title="bbox 420 3704 2008 3781">
     <span class='ocr_line' id='line_1_38' title="bbox 420 3704 2008 3781; baseline -0.003 -13"><span class='ocrx_word' id='word_1_308' title='bbox 420 3718 666 3768; x_wconf 77' lang='lat' dir='ltr'><strong>sanetum</strong></span> <span class='ocrx_word' id='word_1_309' title='bbox 692 3707 855 3781; x_wconf 84' lang='lat' dir='ltr'><strong>(Ibid.</strong></span> <span class='ocrx_word' id='word_1_310' title='bbox 885 3706 1004 3780; x_wconf 70' lang='lat'><strong>2‘2),</strong></span> <span class='ocrx_word' id='word_1_311' title='bbox 1026 3721 1092 3761; x_wconf 90' lang='lat' dir='ltr'><strong>ne</strong></span> <span class='ocrx_word' id='word_1_312' title='bbox 1116 3707 1228 3777; x_wconf 85' lang='lat' dir='ltr'><strong>ipse</strong></span> <span class='ocrx_word' id='word_1_313' title='bbox 1257 3705 1485 3776; x_wconf 85' lang='lat' dir='ltr'><strong>Spiritus</strong></span> <span class='ocrx_word' id='word_1_314' title='bbox 1504 3707 1593 3778; x_wconf 88' lang='lat' dir='ltr'><strong>qui</strong></span> <span class='ocrx_word' id='word_1_315' title='bbox 1617 3704 1861 3763; x_wconf 84' lang='lat' dir='ltr'><strong>Trinitati</strong></span> <span class='ocrx_word' id='word_1_316' title='bbox 1887 3724 2008 3765; x_wconf 90' lang='lat' dir='ltr'><strong>con-</strong></span> 
     </span>
    </p>
   </div>
   <div class='ocr_carea' id='block_1_39' title="bbox 420 3802 2013 3865">
    <p class='ocr_par' dir='ltr' id='par_1_39' title="bbox 420 3802 2013 3865">
     <span class='ocr_line' id='line_1_39' title="bbox 420 3802 2013 3865; baseline -0.001 -4"><span class='ocrx_word' id='word_1_317' title='bbox 420 3803 790 3861; x_wconf 79' lang='lat' dir='ltr'><strong>substantiaiis</strong></span> <span class='ocrx_word' id='word_1_318' title='bbox 816 3808 870 3857; x_wconf 86' lang='lat' dir='ltr'><strong>et</strong></span> <span class='ocrx_word' id='word_1_319' title='bbox 913 3808 1214 3857; x_wconf 67' lang='lat' dir='ltr'><strong>coaeternus</strong></span> <span class='ocrx_word' id='word_1_320' title='bbox 1259 3808 1380 3865; x_wconf 89' lang='lat' dir='ltr'><strong>est,</strong></span> <span class='ocrx_word' id='word_1_321' title='bbox 1429 3802 1796 3858; x_wconf 85' lang='lat' dir='ltr'><strong>tantummodo</strong></span> <span class='ocrx_word' id='word_1_322' title='bbox 1838 3804 2013 3862; x_wconf 86' lang='lat' dir='ltr'><strong>Patris</strong></span> 
     </span>
    </p>
   </div>
   <div class='ocr_carea' id='block_1_40' title="bbox 423 3890 1619 3962">
    <p class='ocr_par' dir='ltr' id='par_1_40' title="bbox 423 3890 1619 3962">
     <span class='ocr_line' id='line_1_40' title="bbox 423 3890 1619 3962; baseline -0.005 -10"><span class='ocrx_word' id='word_1_323' title='bbox 423 3910 566 3960; x_wconf 85' lang='lat' dir='ltr'><strong>esse,</strong></span> <span class='ocrx_word' id='word_1_324' title='bbox 598 3910 704 3950; x_wconf 90' lang='lat' dir='ltr'><strong>non</strong></span> <span class='ocrx_word' id='word_1_325' title='bbox 733 3894 892 3948; x_wconf 89' lang='lat' dir='ltr'><strong>etiam</strong></span> <span class='ocrx_word' id='word_1_326' title='bbox 919 3890 1043 3946; x_wconf 88' lang='lat' dir='ltr'><strong>Filii</strong></span> <span class='ocrx_word' id='word_1_327' title='bbox 1066 3891 1298 3962; x_wconf 72' lang='lat' dir='ltr'><strong>Spiritus</strong></span> <span class='ocrx_word' id='word_1_328' title='bbox 1327 3897 1619 3962; x_wconf 88' lang='lat' dir='ltr'><strong>putaretur.</strong></span> 
     </span>
    </p>
   </div>
   <div class='ocr_carea' id='block_1_41' title="bbox 497 3976 2011 4060">
    <p class='ocr_par' dir='ltr' id='par_1_41' title="bbox 497 3976 2011 4060">
     <span class='ocr_line' id='line_1_41' title="bbox 497 3976 2011 4060; baseline 0.003 -20"><span class='ocrx_word' id='word_1_329' title='bbox 497 3984 590 4040; x_wconf 71' lang='lat'><strong>20.</strong></span> <span class='ocrx_word' id='word_1_330' title='bbox 630 3985 908 4039; x_wconf 78' lang='lat' dir='ltr'><strong>Postremo</strong></span> <span class='ocrx_word' id='word_1_331' title='bbox 935 3996 1060 4037; x_wconf 85' lang='lat' dir='ltr'><strong>suas</strong></span> <span class='ocrx_word' id='word_1_332' title='bbox 1099 3976 1237 4038; x_wconf 79' lang='lat' dir='ltr'><strong>oves</strong></span> <span class='ocrx_word' id='word_1_333' title='bbox 1255 3983 1416 4038; x_wconf 86' lang='lat' dir='ltr'><strong>Petro</strong></span> <span class='ocrx_word' id='word_1_334' title='bbox 1444 4000 1503 4040; x_wconf 86' lang='lat' dir='ltr'><strong>se</strong></span> <span class='ocrx_word' id='word_1_335' title='bbox 1530 3987 1750 4055; x_wconf 86' lang='lat' dir='ltr'><strong>amanti,</strong></span> <span class='ocrx_word' id='word_1_336' title='bbox 1782 4002 2011 4060; x_wconf 84' lang='lat' dir='ltr'><strong>cumque</strong></span> 
     </span>
    </p>
   </div>
   <div class='ocr_carea' id='block_1_42' title="bbox 426 4075 2012 4153">
    <p class='ocr_par' dir='ltr' id='par_1_42' title="bbox 426 4075 2012 4153">
     <span class='ocr_line' id='line_1_42' title="bbox 426 4075 2012 4153; baseline 0.003 -20"><span class='ocrx_word' id='word_1_337' title='bbox 426 4088 667 4133; x_wconf 76' lang='lat' dir='ltr'><strong>amorem</strong></span> <span class='ocrx_word' id='word_1_338' title='bbox 712 4083 795 4132; x_wconf 87' lang='lat' dir='ltr'><strong>ter</strong></span> <span class='ocrx_word' id='word_1_339' title='bbox 844 4075 1117 4131; x_wconf 78' lang='lat' dir='ltr'><strong>conﬁtenti</strong></span> <span class='ocrx_word' id='word_1_340' title='bbox 1173 4075 1572 4153; x_wconf 78' lang='lat' dir='ltr'><strong>commendans,</strong></span> <span class='ocrx_word' id='word_1_341' title='bbox 1606 4077 1733 4133; x_wconf 88' lang='lat' dir='ltr'><strong>dicit</strong></span> <span class='ocrx_word' id='word_1_342' title='bbox 1768 4081 2012 4138; x_wconf 86' lang='lat' dir='ltr'><strong>eumdem</strong></span> 
     </span>
    </p>
   </div>
   <div class='ocr_carea' id='block_1_43' title="bbox 425 4160 2013 4246">
    <p class='ocr_par' dir='ltr' id='par_1_43' title="bbox 425 4160 2013 4246">
     <span class='ocr_line' id='line_1_43' title="bbox 425 4160 2013 4246; baseline 0.004 -20"><span class='ocrx_word' id='word_1_343' title='bbox 425 4169 684 4226; x_wconf 80' lang='lat' dir='ltr'><strong>Joannem</strong></span> <span class='ocrx_word' id='word_1_344' title='bbox 702 4168 848 4224; x_wconf 82' lang='lat' dir='ltr'><strong>sicse</strong></span> <span class='ocrx_word' id='word_1_345' title='bbox 876 4168 1013 4225; x_wconf 89' lang='lat' dir='ltr'><strong>velle</strong></span> <span class='ocrx_word' id='word_1_346' title='bbox 1051 4180 1268 4224; x_wconf 88' lang='lat' dir='ltr'><strong>manere</strong></span> <span class='ocrx_word' id='word_1_347' title='bbox 1286 4160 1457 4225; x_wconf 85' lang='lat' dir='ltr'><strong>donec</strong></span> <span class='ocrx_word' id='word_1_348' title='bbox 1480 4170 1652 4226; x_wconf 78' lang='lat' dir='ltr'><strong>veniat</strong></span> <span class='ocrx_word' id='word_1_349' title='bbox 1673 4168 1780 4246; x_wconf 86' lang='lat' dir='ltr'><strong>(Id.</strong></span> <span class='ocrx_word' id='word_1_350' title='bbox 1812 4177 2013 4243; x_wconf 49' lang='lat' dir='ltr'><strong>D1515</strong></span> 
     </span>
    </p>
   </div>
   <div class='ocr_carea' id='block_1_44' title="bbox 427 4256 2010 4338">
    <p class='ocr_par' dir='ltr' id='par_1_44' title="bbox 427 4256 2010 4338">
     <span class='ocr_line' id='line_1_44' title="bbox 427 4256 2010 4338; baseline 0.004 -20"><span class='ocrx_word' id='word_1_351' title='bbox 427 4272 475 4318; x_wconf 83' lang='lat' dir='ltr'><strong>et</strong></span> <span class='ocrx_word' id='word_1_352' title='bbox 503 4260 573 4318; x_wconf 69' lang='lat'><strong>23</strong></span> <span class='ocrx_word' id='word_1_353' title='bbox 593 4260 616 4336; x_wconf 87' lang='lat'>)</span> <span class='ocrx_word' id='word_1_354' title='bbox 640 4280 652 4317; x_wconf 91' lang='lat'><strong>:</strong></span> <span class='ocrx_word' id='word_1_355' title='bbox 682 4260 771 4317; x_wconf 83' lang='lat' dir='ltr'><strong>ubi</strong></span> <span class='ocrx_word' id='word_1_356' title='bbox 799 4260 958 4316; x_wconf 88' lang='lat' dir='ltr'><strong>etiam</strong></span> <span class='ocrx_word' id='word_1_357' title='bbox 982 4260 1113 4315; x_wconf 88' lang='lat' dir='ltr'><strong>mihi</strong></span> <span class='ocrx_word' id='word_1_358' title='bbox 1131 4259 1338 4316; x_wconf 86' lang='lat' dir='ltr'><strong>videtur</strong></span> <span class='ocrx_word' id='word_1_359' title='bbox 1358 4256 1723 4319; x_wconf 88' lang='lat' dir='ltr'><strong>altodocuisse</strong></span> <span class='ocrx_word' id='word_1_360' title='bbox 1737 4267 2010 4338; x_wconf 83' lang='lat' dir='ltr'><strong>mysterio,</strong></span> 
     </span>
    </p>
   </div>
   <div class='ocr_carea' id='block_1_45' title="bbox 425 4353 2008 4431">
    <p class='ocr_par' dir='ltr' id='par_1_45' title="bbox 425 4353 2008 4431">
     <span class='ocr_line' id='line_1_45' title="bbox 425 4353 2008 4431; baseline 0.003 -19"><span class='ocrx_word' id='word_1_361' title='bbox 425 4358 585 4414; x_wconf 84' lang='lat' dir='ltr'><strong>istam</strong></span> <span class='ocrx_word' id='word_1_362' title='bbox 629 4356 798 4427; x_wconf 87' lang='lat' dir='ltr'><strong>ipsam</strong></span> <span class='ocrx_word' id='word_1_363' title='bbox 827 4353 1094 4411; x_wconf 75' lang='lat' dir='ltr'><strong>&#39;Joaunis</strong></span> <span class='ocrx_word' id='word_1_364' title='bbox 1130 4356 1489 4425; x_wconf 84' lang='lat' dir='ltr'><strong>evangelicam</strong></span> <span class='ocrx_word' id='word_1_365' title='bbox 1534 4355 2008 4431; x_wconf 85' lang='lat' dir='ltr'><strong>dispensationem,</strong></span> 
     </span>
    </p>
   </div>
   <div class='ocr_carea' id='block_1_46' title="bbox 425 4442 2008 4523">
    <p class='ocr_par' dir='ltr' id='par_1_46' title="bbox 425 4442 2008 4523">
     <span class='ocr_line' id='line_1_46' title="bbox 425 4442 2008 4523; baseline 0.003 -20"><span class='ocrx_word' id='word_1_366' title='bbox 425 4464 529 4522; x_wconf 86' lang='lat' dir='ltr'><strong>qua</strong></span> <span class='ocrx_word' id='word_1_367' title='bbox 575 4450 626 4504; x_wconf 90' lang='lat' dir='ltr'><strong>in</strong></span> <span class='ocrx_word' id='word_1_368' title='bbox 672 4449 843 4503; x_wconf 86' lang='lat' dir='ltr'><strong>lucem</strong></span> <span class='ocrx_word' id='word_1_369' title='bbox 885 4446 1286 4518; x_wconf 84' lang='lat' dir='ltr'><strong>iiquidissimam</strong></span> <span class='ocrx_word' id='word_1_370' title='bbox 1311 4442 1469 4504; x_wconf 85' lang='lat' dir='ltr'><strong>Verbi</strong></span> <span class='ocrx_word' id='word_1_371' title='bbox 1499 4448 1796 4507; x_wconf 87' lang='lat' dir='ltr'><strong>sublimiter</strong></span> <span class='ocrx_word' id='word_1_372' title='bbox 1822 4451 2008 4523; x_wconf 79' lang='lat' dir='ltr'><strong>fertur,</strong></span> 
     </span>
    </p>
   </div>
   <div class='ocr_carea' id='block_1_47' title="bbox 423 4542 2013 4619">
    <p class='ocr_par' dir='ltr' id='par_1_47' title="bbox 423 4542 2013 4619">
     <span class='ocr_line' id='line_1_47' title="bbox 423 4542 2013 4619; baseline 0.003 -21"><span class='ocrx_word' id='word_1_373' title='bbox 423 4542 514 4598; x_wconf 89' lang='lat' dir='ltr'><strong>ubi</strong></span> <span class='ocrx_word' id='word_1_374' title='bbox 540 4542 814 4597; x_wconf 84' lang='lat' dir='ltr'><strong>Trinitatis</strong></span> <span class='ocrx_word' id='word_1_375' title='bbox 833 4542 1107 4613; x_wconf 54' lang='lat' dir='ltr'><strong>aequalitas</strong></span> <span class='ocrx_word' id='word_1_376' title='bbox 1123 4552 1175 4597; x_wconf 89' lang='lat' dir='ltr'><strong>et</strong></span> <span class='ocrx_word' id='word_1_377' title='bbox 1199 4542 1699 4601; x_wconf 86' lang='lat' dir='ltr'><strong>incommutabilitas</strong></span> <span class='ocrx_word' id='word_1_378' title='bbox 1723 4546 1887 4602; x_wconf 88' lang='lat' dir='ltr'><strong>videri</strong></span> <span class='ocrx_word' id='word_1_379' title='bbox 1918 4564 2013 4619; x_wconf 83' lang='lat' dir='ltr'><strong>po-</strong></span> 
     </span>
    </p>
   </div>
   <div class='ocr_carea' id='block_1_48' title="bbox 424 4637 2012 4707">
    <p class='ocr_par' dir='ltr' id='par_1_48' title="bbox 424 4637 2012 4707">
     <span class='ocr_line' id='line_1_48' title="bbox 424 4637 2012 4707; baseline 0.004 -15"><span class='ocrx_word' id='word_1_380' title='bbox 424 4647 551 4703; x_wconf 84' lang='lat' dir='ltr'><strong>test,</strong></span> <span class='ocrx_word' id='word_1_381' title='bbox 572 4645 626 4692; x_wconf 82' lang='lat' dir='ltr'><strong>et</strong></span> <span class='ocrx_word' id='word_1_382' title='bbox 644 4652 748 4706; x_wconf 87' lang='lat' dir='ltr'><strong>qua</strong></span> <span class='ocrx_word' id='word_1_383' title='bbox 776 4637 1004 4692; x_wconf 76' lang='lat' dir='ltr'><strong>maxime</strong></span> <span class='ocrx_word' id='word_1_384' title='bbox 1031 4639 1353 4707; x_wconf 88' lang='lat' dir='ltr'><strong>proprietate</strong></span> <span class='ocrx_word' id='word_1_385' title='bbox 1381 4637 1542 4694; x_wconf 86' lang='lat' dir='ltr'><strong>distet</strong></span> <span class='ocrx_word' id='word_1_386' title='bbox 1566 4654 1595 4693; x_wconf 91' lang='lat' dir='ltr'><strong>a</strong></span> <span class='ocrx_word' id='word_1_387' title='bbox 1621 4640 1831 4696; x_wconf 57' lang='lat' dir='ltr'><strong>caeteris</strong></span> <span class='ocrx_word' id='word_1_388' title='bbox 1853 4642 2012 4699; x_wconf 89' lang='lat' dir='ltr'><strong>homo</strong></span> 
     </span>
    </p>
   </div>
   <div class='ocr_carea' id='block_1_49' title="bbox 422 4726 2011 4804">
    <p class='ocr_par' dir='ltr' id='par_1_49' title="bbox 422 4726 2011 4804">
     <span class='ocr_line' id='line_1_49' title="bbox 422 4726 2011 4804; baseline 0.004 -19"><span class='ocrx_word' id='word_1_389' title='bbox 422 4728 577 4799; x_wconf 85' lang='lat' dir='ltr'><strong>cujus</strong></span> <span class='ocrx_word' id='word_1_390' title='bbox 602 4727 940 4797; x_wconf 88' lang='lat' dir='ltr'><strong>susceptione</strong></span> <span class='ocrx_word' id='word_1_391' title='bbox 959 4726 1191 4783; x_wconf 83' lang='lat' dir='ltr'><strong>Verbum</strong></span> <span class='ocrx_word' id='word_1_392' title='bbox 1222 4744 1349 4785; x_wconf 91' lang='lat' dir='ltr'><strong>caro</strong></span> <span class='ocrx_word' id='word_1_393' title='bbox 1378 4729 1570 4787; x_wconf 89' lang='lat' dir='ltr'><strong>factum</strong></span> <span class='ocrx_word' id='word_1_394' title='bbox 1601 4740 1702 4800; x_wconf 86' lang='lat' dir='ltr'><strong>est,</strong></span> <span class='ocrx_word' id='word_1_395' title='bbox 1732 4734 2011 4804; x_wconf 87' lang='lat' dir='ltr'><strong>perspicue</strong></span> 
     </span>
    </p>
   </div>
   <div class='ocr_carea' id='block_1_50' title="bbox 422 4818 2012 4894">
    <p class='ocr_par' dir='ltr' id='par_1_50' title="bbox 422 4818 2012 4894">
     <span class='ocr_line' id='line_1_50' title="bbox 422 4818 2012 4894; baseline 0.003 -15"><span class='ocrx_word' id='word_1_396' title='bbox 422 4820 571 4879; x_wconf 86' lang='lat' dir='ltr'><strong>cerni</strong></span> <span class='ocrx_word' id='word_1_397' title='bbox 602 4818 957 4891; x_wconf 85' lang='lat' dir='ltr'><strong>cognoscique</strong></span> <span class='ocrx_word' id='word_1_398' title='bbox 986 4832 1090 4873; x_wconf 91' lang='lat' dir='ltr'><strong>non</strong></span> <span class='ocrx_word' id='word_1_399' title='bbox 1119 4834 1298 4888; x_wconf 86' lang='lat' dir='ltr'><strong>posse,</strong></span> <span class='ocrx_word' id='word_1_400' title='bbox 1328 4821 1430 4877; x_wconf 89' lang='lat' dir='ltr'><strong>nisi</strong></span> <span class='ocrx_word' id='word_1_401' title='bbox 1461 4838 1580 4878; x_wconf 88' lang='lat' dir='ltr'><strong>eum</strong></span> <span class='ocrx_word' id='word_1_402' title='bbox 1612 4824 1725 4894; x_wconf 86' lang='lat' dir='ltr'><strong>ipse</strong></span> <span class='ocrx_word' id='word_1_403' title='bbox 1754 4825 2012 4884; x_wconf 86' lang='lat' dir='ltr'><strong>Dominus</strong></span> 
     </span>
    </p>
   </div>
   <div class='ocr_carea' id='block_1_51' title="bbox 421 4909 2010 4982">
    <p class='ocr_par' dir='ltr' id='par_1_51' title="bbox 421 4909 2010 4982">
     <span class='ocr_line' id='line_1_51' title="bbox 421 4909 2010 4982; baseline 0.004 -14"><span class='ocrx_word' id='word_1_404' title='bbox 421 4913 631 4969; x_wconf 76' lang='lat' dir='ltr'><strong>venerit</strong></span> <span class='ocrx_word' id='word_1_405' title='bbox 656 4930 671 4968; x_wconf 91' lang='lat'><strong>:</strong></span> <span class='ocrx_word' id='word_1_406' title='bbox 692 4911 813 4968; x_wconf 90' lang='lat' dir='ltr'><strong>ideo</strong></span> <span class='ocrx_word' id='word_1_407' title='bbox 838 4910 917 4965; x_wconf 89' lang='lat' dir='ltr'><strong>sic</strong></span> <span class='ocrx_word' id='word_1_408' title='bbox 943 4910 1177 4965; x_wconf 88' lang='lat' dir='ltr'><strong>manebit</strong></span> <span class='ocrx_word' id='word_1_409' title='bbox 1215 4909 1387 4968; x_wconf 90' lang='lat' dir='ltr'><strong>donec</strong></span> <span class='ocrx_word' id='word_1_410' title='bbox 1410 4915 1617 4982; x_wconf 81' lang='lat' dir='ltr'><strong>veniat;</strong></span> <span class='ocrx_word' id='word_1_411' title='bbox 1649 4918 1882 4974; x_wconf 89' lang='lat' dir='ltr'><strong>manebit</strong></span> <span class='ocrx_word' id='word_1_412' title='bbox 1914 4935 2010 4974; x_wconf 89' lang='lat' dir='ltr'><strong>au-</strong></span> 
     </span>
    </p>
   </div>
   <div class='ocr_carea' id='block_1_52' title="bbox 423 4999 2010 5068">
    <p class='ocr_par' dir='ltr' id='par_1_52' title="bbox 423 4999 2010 5068">
     <span class='ocr_line' id='line_1_52' title="bbox 423 4999 2010 5068; baseline 0.004 -10"><span class='ocrx_word' id='word_1_413' title='bbox 423 5011 535 5058; x_wconf 91' lang='lat' dir='ltr'><strong>tem</strong></span> <span class='ocrx_word' id='word_1_414' title='bbox 566 5002 782 5057; x_wconf 88' lang='lat' dir='ltr'><strong>nuncin</strong></span> <span class='ocrx_word' id='word_1_415' title='bbox 811 5000 917 5057; x_wconf 86' lang='lat' dir='ltr'><strong>iide</strong></span> <span class='ocrx_word' id='word_1_416' title='bbox 944 4999 1298 5068; x_wconf 81' lang='lat' dir='ltr'><strong>credentium,</strong></span> <span class='ocrx_word' id='word_1_417' title='bbox 1328 5011 1452 5059; x_wconf 89' lang='lat' dir='ltr'><strong>tunc</strong></span> <span class='ocrx_word' id='word_1_418' title='bbox 1481 5014 1656 5060; x_wconf 87' lang='lat' dir='ltr'><strong>autem</strong></span> <span class='ocrx_word' id='word_1_419' title='bbox 1689 5006 1822 5064; x_wconf 88' lang='lat' dir='ltr'><strong>facie</strong></span> <span class='ocrx_word' id='word_1_420' title='bbox 1842 5009 1907 5064; x_wconf 86' lang='lat' dir='ltr'><strong>ad</strong></span> <span class='ocrx_word' id='word_1_421' title='bbox 1930 5009 2010 5065; x_wconf 89' lang='lat' dir='ltr'><strong>fa-</strong></span> 
     </span>
    </p>
   </div>
   <div class='ocr_carea' id='block_1_53' title="bbox 423 5095 2011 5176">
    <p class='ocr_par' dir='ltr' id='par_1_53' title="bbox 423 5095 2011 5176">
     <span class='ocr_line' id='line_1_53' title="bbox 423 5095 2011 5176; baseline 0.004 -23"><span class='ocrx_word' id='word_1_422' title='bbox 423 5096 562 5153; x_wconf 84' lang='lat' dir='ltr'><strong>ciem</strong></span> <span class='ocrx_word' id='word_1_423' title='bbox 591 5095 1058 5166; x_wconf 84' lang='lat' dir='ltr'><strong>contemplandum</strong></span> <span class='ocrx_word' id='word_1_424' title='bbox 1086 5095 1190 5151; x_wconf 93' lang='lat' dir='ltr'><strong>erit</strong></span> <span class='ocrx_word' id='word_1_425' title='bbox 1214 5095 1255 5169; x_wconf 92' lang='lat' dir='ltr'><strong>(i</strong></span> <span class='ocrx_word' id='word_1_426' title='bbox 1275 5095 1394 5153; x_wconf 86' lang='lat' dir='ltr'><strong>Cor.</strong></span> <span class='ocrx_word' id='word_1_427' title='bbox 1421 5110 1537 5164; x_wconf 65' lang='grc' dir='ltr'>χιιι,</span> <span class='ocrx_word' id='word_1_428' title='bbox 1567 5098 1678 5172; x_wconf 78' lang='grc'><strong>12),</strong></span> <span class='ocrx_word' id='word_1_429' title='bbox 1707 5116 1825 5158; x_wconf 86' lang='lat' dir='ltr'><strong>enm</strong></span> <span class='ocrx_word' id='word_1_430' title='bbox 1850 5119 2011 5176; x_wconf 88' lang='lat' dir='ltr'><strong>appa-</strong></span> 
     </span>
    </p>
   </div>
   <div class='ocr_carea' id='block_1_54' title="bbox 422 5188 2009 5263">
    <p class='ocr_par' dir='ltr' id='par_1_54' title="bbox 422 5188 2009 5263">
     <span class='ocr_line' id='line_1_54' title="bbox 422 5188 2009 5263; baseline 0.003 -17"><span class='ocrx_word' id='word_1_431' title='bbox 422 5191 597 5246; x_wconf 84' lang='lat' dir='ltr'><strong>ruerit</strong></span> <span class='ocrx_word' id='word_1_432' title='bbox 621 5188 724 5243; x_wconf 90' lang='lat' dir='ltr'><strong>vita</strong></span> <span class='ocrx_word' id='word_1_433' title='bbox 752 5196 950 5255; x_wconf 89' lang='lat' dir='ltr'><strong>nostra,</strong></span> <span class='ocrx_word' id='word_1_434' title='bbox 984 5196 1038 5244; x_wconf 91' lang='lat' dir='ltr'><strong>et</strong></span> <span class='ocrx_word' id='word_1_435' title='bbox 1080 5202 1178 5243; x_wconf 91' lang='lat' dir='ltr'><strong>nos</strong></span> <span class='ocrx_word' id='word_1_436' title='bbox 1219 5204 1339 5244; x_wconf 90' lang='lat' dir='ltr'><strong>cum</strong></span> <span class='ocrx_word' id='word_1_437' title='bbox 1385 5189 1500 5261; x_wconf 85' lang='lat' dir='ltr'><strong>ipso</strong></span> <span class='ocrx_word' id='word_1_438' title='bbox 1542 5191 1914 5263; x_wconf 89' lang='lat' dir='ltr'><strong>apparebimus</strong></span> <span class='ocrx_word' id='word_1_439' title='bbox 1956 5196 2009 5251; x_wconf 91' lang='lat' dir='ltr'><strong>in</strong></span> 
     </span>
    </p>
   </div>
   <div class='ocr_carea' id='block_1_55' title="bbox 421 5277 2008 5353">
    <p class='ocr_par' dir='ltr' id='par_1_55' title="bbox 421 5277 2008 5353">
     <span class='ocr_line' id='line_1_55' title="bbox 421 5277 2008 5353; baseline 0.004 -18"><span class='ocrx_word' id='word_1_440' title='bbox 421 5281 589 5353; x_wconf 78' lang='lat' dir='ltr'><strong>gloria</strong></span> <span class='ocrx_word' id='word_1_441' title='bbox 618 5277 853 5353; x_wconf 73' lang='lat' dir='ltr'><strong>(Colon.</strong></span> <span class='ocrx_word' id='word_1_442' title='bbox 883 5295 961 5347; x_wconf 87' lang='grc' dir='ltr'>ιιι,</span> <span class='ocrx_word' id='word_1_443' title='bbox 988 5281 1023 5334; x_wconf 76' lang='grc'><strong>4</strong></span> <span class='ocrx_word' id='word_1_444' title='bbox 1042 5280 1082 5352; x_wconf 91' lang='grc'><strong>).</strong></span> <span class='ocrx_word' id='word_1_445' title='bbox 1107 5278 1358 5351; x_wconf 83' lang='lat' dir='ltr'><strong>Quisquis</strong></span> <span class='ocrx_word' id='word_1_446' title='bbox 1386 5290 1563 5338; x_wconf 91' lang='lat' dir='ltr'><strong>autem</strong></span> <span class='ocrx_word' id='word_1_447' title='bbox 1592 5281 1881 5338; x_wconf 87' lang='lat' dir='ltr'><strong>arbitratur</strong></span> <span class='ocrx_word' id='word_1_448' title='bbox 1909 5284 2008 5342; x_wconf 90' lang='lat' dir='ltr'><strong>ho-</strong></span> 
     </span>
    </p>
   </div>
   <div class='ocr_carea' id='block_1_56' title="bbox 419 5370 2008 5448">
    <p class='ocr_par' dir='ltr' id='par_1_56' title="bbox 419 5370 2008 5448">
     <span class='ocr_line' id='line_1_56' title="bbox 419 5370 2008 5448; baseline 0.001 -15"><span class='ocrx_word' id='word_1_449' title='bbox 419 5375 555 5433; x_wconf 86' lang='lat' dir='ltr'><strong>mini</strong></span> <span class='ocrx_word' id='word_1_450' title='bbox 590 5374 753 5430; x_wconf 84' lang='lat' dir='ltr'><strong>vitam</strong></span> <span class='ocrx_word' id='word_1_451' title='bbox 778 5373 937 5430; x_wconf 78' lang='lat' dir='ltr'><strong>istam</strong></span> <span class='ocrx_word' id='word_1_452' title='bbox 970 5372 1251 5429; x_wconf 80' lang='lat' dir='ltr'><strong>mortalem</strong></span> <span class='ocrx_word' id='word_1_453' title='bbox 1287 5370 1462 5430; x_wconf 90' lang='lat' dir='ltr'><strong>adhuc</strong></span> <span class='ocrx_word' id='word_1_454' title='bbox 1490 5377 1663 5448; x_wconf 79' lang='lat' dir='ltr'><strong>agenti</strong></span> <span class='ocrx_word' id='word_1_455' title='bbox 1693 5391 1848 5447; x_wconf 82' lang='lat' dir='ltr'><strong>pOSse</strong></span> <span class='ocrx_word' id='word_1_456' title='bbox 1876 5394 2008 5434; x_wconf 89' lang='lat' dir='ltr'><strong>con-</strong></span> 
     </span>
    </p>
   </div>
   <div class='ocr_carea' id='block_1_57' title="bbox 420 5445 2007 5541">
    <p class='ocr_par' dir='ltr' id='par_1_57' title="bbox 420 5445 2007 5541">
     <span class='ocr_line' id='line_1_57' title="bbox 420 5445 2007 5541; baseline 0.003 -18"><span class='ocrx_word' id='word_1_457' title='bbox 420 5445 649 5539; x_wconf 74' lang='lat' dir='ltr'><strong>tingere,</strong></span> <span class='ocrx_word' id='word_1_458' title='bbox 671 5476 732 5521; x_wconf 91' lang='lat' dir='ltr'><strong>ut</strong></span> <span class='ocrx_word' id='word_1_459' title='bbox 755 5462 970 5521; x_wconf 78' lang='lat' dir='ltr'><strong>demota</strong></span> <span class='ocrx_word' id='word_1_460' title='bbox 997 5471 1159 5536; x_wconf 83' lang='lat' dir='ltr'><strong>atque</strong></span> <span class='ocrx_word' id='word_1_461' title='bbox 1183 5464 1425 5522; x_wconf 86' lang='lat' dir='ltr'><strong>discusso</strong></span> <span class='ocrx_word' id='word_1_462' title='bbox 1454 5445 1596 5523; x_wconf 87' lang='lat' dir='ltr'><strong>omni</strong></span> <span class='ocrx_word' id='word_1_463' title='bbox 1626 5445 1806 5524; x_wconf 80' lang='lat' dir='ltr'><strong>nubilo</strong></span> <span class='ocrx_word' id='word_1_464' title='bbox 1836 5468 2007 5541; x_wconf 90' lang='lat' dir='ltr'><strong>phan-</strong></span> 
     </span>
    </p>
   </div>
   <div class='ocr_carea' id='block_1_58' title="bbox 487 5588 2007 5660">
    <p class='ocr_par' dir='ltr' id='par_1_58' title="bbox 487 5588 2007 5660">
     <span class='ocr_line' id='line_1_58' title="bbox 487 5588 2007 5660; baseline 0.007 -16"><span class='ocrx_word' id='word_1_465' title='bbox 487 5595 601 5660; x_wconf 66' lang='grc' dir='ltr'>ξῖιι.</span> <span class='ocrx_word' id='word_1_466' title='bbox 620 5600 729 5646; x_wconf 82' lang='lat' dir='ltr'><strong>Lov.</strong></span> <span class='ocrx_word' id='word_1_467' title='bbox 751 5599 804 5645; x_wconf 88' lang='lat' dir='ltr'><strong>et</strong></span> <span class='ocrx_word' id='word_1_468' title='bbox 825 5601 950 5654; x_wconf 56' lang='lat' dir='ltr'><strong>Msa,</strong></span> <span class='ocrx_word' id='word_1_469' title='bbox 1210 5594 1303 5646; x_wconf 85' lang='lat' dir='ltr'><strong>Sed</strong></span> <span class='ocrx_word' id='word_1_470' title='bbox 1325 5594 1503 5660; x_wconf 85' lang='lat' dir='ltr'><strong>melius</strong></span> <span class='ocrx_word' id='word_1_471' title='bbox 1523 5598 1671 5649; x_wconf 86' lang='lat' dir='ltr'><strong>editio</strong></span> <span class='ocrx_word' id='word_1_472' title='bbox 1695 5607 1813 5660; x_wconf 62' lang='lat' dir='ltr'><strong>Bac,</strong></span> <span class='ocrx_word' id='word_1_473' title='bbox 1838 5600 2007 5655; x_wconf 64' lang='lat' dir='ltr'><strong>citima.</strong></span> 
     </span>
    </p>
   </div>
   <div class='ocr_carea' id='block_1_59' title="bbox 486 5655 2005 5731">
    <p class='ocr_par' dir='ltr' id='par_1_59' title="bbox 486 5655 2005 5731">
     <span class='ocr_line' id='line_1_59' title="bbox 486 5655 2005 5731; baseline 0.007 -26"><span class='ocrx_word' id='word_1_474' title='bbox 486 5657 783 5731; x_wconf 46' lang='grc' dir='ltr'>Ἰῼιιοιιξεεειη</span> <span class='ocrx_word' id='word_1_475' title='bbox 1059 5655 1234 5720; x_wconf 77' lang='lat' dir='ltr'><strong>ipsum.</strong></span> <span class='ocrx_word' id='word_1_476' title='bbox 1254 5658 1395 5708; x_wconf 77' lang='lat' dir='ltr'><strong>Paulo</strong></span> <span class='ocrx_word' id='word_1_477' title='bbox 1420 5668 1526 5721; x_wconf 84' lang='lat' dir='ltr'><strong>post</strong></span> <span class='ocrx_word' id='word_1_478' title='bbox 1561 5668 1666 5713; x_wconf 71' lang='lat' dir='ltr'><strong>Mss.</strong></span> <span class='ocrx_word' id='word_1_479' title='bbox 1684 5655 1865 5717; x_wconf 53' lang='lat' dir='ltr'><strong>tradet</strong></span> <span class='ocrx_word' id='word_1_480' title='bbox 1887 5673 2005 5731; x_wconf 58' lang='lat' dir='ltr'><strong>ttat,</strong></span> 
     </span>
    </p>
   </div>
   <div class='ocr_carea' id='block_1_60' title="bbox 422 5715 1041 5783">
    <p class='ocr_par' dir='ltr' id='par_1_60' title="bbox 422 5715 1041 5783">
     <span class='ocr_line' id='line_1_60' title="bbox 422 5715 1041 5783; baseline -0.002 -16"><span class='ocrx_word' id='word_1_481' title='bbox 422 5715 553 5774; x_wconf 68' lang='lat' dir='ltr'><strong>verbi</strong></span> <span class='ocrx_word' id='word_1_482' title='bbox 574 5716 856 5770; x_wconf 67' lang='lat' dir='ltr'><strong>sublimitate</strong></span> <span class='ocrx_word' id='word_1_483' title='bbox 869 5717 1041 5783; x_wconf 76' lang='lat' dir='ltr'><strong>fertur.</strong></span> 
     </span>
    </p>
   </div>
   <div class='ocr_carea' id='block_1_61' title="bbox 1098 262 3044 341">
    <p class='ocr_par' dir='ltr' id='par_1_61' title="bbox 1098 262 3044 341">
     <span class='ocr_line' id='line_1_61' title="bbox 1098 262 3044 341; baseline 0.005 -11"><span class='ocrx_word' id='word_1_484' title='bbox 1098 276 1184 330; x_wconf 87' lang='lat' dir='ltr'><strong>DE</strong></span> <span class='ocrx_word' id='word_1_485' title='bbox 1226 274 1570 332; x_wconf 80' lang='lat' dir='ltr'><strong>CONSENSU</strong></span> <span class='ocrx_word' id='word_1_486' title='bbox 1615 262 2256 341; x_wconf 75' lang='lat' dir='ltr'><strong>EVANGELISTARUM,</strong></span> <span class='ocrx_word' id='word_1_487' title='bbox 2298 272 2355 329; x_wconf 85' lang='lat' dir='ltr'><strong>S.</strong></span> <span class='ocrx_word' id='word_1_488' title='bbox 2395 277 2759 338; x_wconf 83' lang='lat' dir='ltr'><strong>AUGUSTINI</strong></span> <span class='ocrx_word' id='word_1_489' title='bbox 2785 281 2913 339; x_wconf 86' lang='lat' dir='ltr'><strong>LIB.</strong></span> <span class='ocrx_word' id='word_1_490' title='bbox 2954 284 3044 341; x_wconf 88' lang='lat' dir='ltr'><strong>lli.</strong></span> 
     </span>
    </p>
   </div>
   <div class='ocr_carea' id='block_1_62' title="bbox 3603 290 3717 352">
    <p class='ocr_par' dir='ltr' id='par_1_62' title="bbox 3603 290 3717 352">
     <span class='ocr_line' id='line_1_62' title="bbox 3603 290 3717 352; baseline 0.061 -7"><span class='ocrx_word' id='word_1_491' title='bbox 3603 290 3717 352; x_wconf 65' lang='lat' dir='ltr'><strong>i228</strong></span> 
     </span>
    </p>
   </div>
   <div class='ocr_carea' id='block_1_63' title="bbox 2128 385 3711 470">
    <p class='ocr_par' dir='ltr' id='par_1_63' title="bbox 2128 385 3711 470">
     <span class='ocr_line' id='line_1_63' title="bbox 2128 385 3711 470; baseline 0.015 -30"><span class='ocrx_word' id='word_1_492' title='bbox 2128 385 2378 443; x_wconf 86' lang='lat' dir='ltr'><strong>tasiarum</strong></span> <span class='ocrx_word' id='word_1_493' title='bbox 2414 390 2766 462; x_wconf 85' lang='lat' dir='ltr'><strong>corporalium</strong></span> <span class='ocrx_word' id='word_1_494' title='bbox 2807 405 2966 467; x_wconf 88' lang='lat' dir='ltr'><strong>atque</strong></span> <span class='ocrx_word' id='word_1_495' title='bbox 3001 400 3288 458; x_wconf 88' lang='lat' dir='ltr'><strong>carnalium</strong></span> <span class='ocrx_word' id='word_1_496' title='bbox 3310 446 3328 470; x_wconf 91' lang='lat'><strong>,</strong></span> <span class='ocrx_word' id='word_1_497' title='bbox 3373 406 3711 465; x_wconf 80' lang='lat' dir='ltr'><strong>serenissima</strong></span> 
     </span>
    </p>
   </div>
   <div class='ocr_carea' id='block_1_64' title="bbox 2126 478 3711 569">
    <p class='ocr_par' dir='ltr' id='par_1_64' title="bbox 2126 478 3711 569">
     <span class='ocr_line' id='line_1_64' title="bbox 2126 478 3711 569; baseline 0.014 -36"><span class='ocrx_word' id='word_1_498' title='bbox 2126 478 2571 539; x_wconf 85' lang='lat' dir='ltr'><strong>incommutabilis</strong></span> <span class='ocrx_word' id='word_1_499' title='bbox 2593 484 2830 541; x_wconf 85' lang='lat' dir='ltr'><strong>veritatis</strong></span> <span class='ocrx_word' id='word_1_500' title='bbox 2856 486 2972 544; x_wconf 90' lang='lat' dir='ltr'><strong>luce</strong></span> <span class='ocrx_word' id='word_1_501' title='bbox 3004 491 3251 561; x_wconf 88' lang='lat' dir='ltr'><strong>potiatur,</strong></span> <span class='ocrx_word' id='word_1_502' title='bbox 3273 504 3334 551; x_wconf 88' lang='lat' dir='ltr'><strong>et</strong></span> <span class='ocrx_word' id='word_1_503' title='bbox 3361 506 3559 554; x_wconf 88' lang='lat' dir='ltr'><strong>mente</strong></span> <span class='ocrx_word' id='word_1_504' title='bbox 3588 502 3711 569; x_wconf 83' lang='lat' dir='ltr'><strong>peni-</strong></span> 
     </span>
    </p>
   </div>
   <div class='ocr_carea' id='block_1_65' title="bbox 2126 576 3710 650">
    <p class='ocr_par' dir='ltr' id='par_1_65' title="bbox 2126 576 3710 650">
     <span class='ocr_line' id='line_1_65' title="bbox 2126 576 3710 650; baseline 0.013 -25"><span class='ocrx_word' id='word_1_505' title='bbox 2126 578 2210 626; x_wconf 88' lang='lat' dir='ltr'><strong>tus</strong></span> <span class='ocrx_word' id='word_1_506' title='bbox 2235 582 2263 626; x_wconf 85' lang='lat' dir='ltr'><strong>a</strong></span> <span class='ocrx_word' id='word_1_507' title='bbox 2290 576 2673 633; x_wconf 87' lang='lat' dir='ltr'><strong>consuetudine</strong></span> <span class='ocrx_word' id='word_1_508' title='bbox 2703 576 2825 633; x_wconf 76' lang='lat' dir='ltr'><strong>vine</strong></span> <span class='ocrx_word' id='word_1_509' title='bbox 2855 577 3012 650; x_wconf 88' lang='lat' dir='ltr'><strong>hujus</strong></span> <span class='ocrx_word' id='word_1_510' title='bbox 3046 581 3271 641; x_wconf 89' lang='lat' dir='ltr'><strong>alienata</strong></span> <span class='ocrx_word' id='word_1_511' title='bbox 3299 586 3383 641; x_wconf 90' lang='lat' dir='ltr'><strong>illi</strong></span> <span class='ocrx_word' id='word_1_512' title='bbox 3412 597 3710 649; x_wconf 78' lang='lat' dir='ltr'><strong>constanter</strong></span> 
     </span>
    </p>
   </div>
   <div class='ocr_carea' id='block_1_66' title="bbox 2126 662 3711 754">
    <p class='ocr_par' dir='ltr' id='par_1_66' title="bbox 2126 662 3711 754">
     <span class='ocr_line' id='line_1_66' title="bbox 2126 662 3711 754; baseline 0.013 -37"><span class='ocrx_word' id='word_1_513' title='bbox 2126 670 2178 718; x_wconf 91' lang='lat' dir='ltr'><strong>et</strong></span> <span class='ocrx_word' id='word_1_514' title='bbox 2208 662 2650 723; x_wconf 87' lang='lat' dir='ltr'><strong>indeclinabiiitcr</strong></span> <span class='ocrx_word' id='word_1_515' title='bbox 2676 666 2904 737; x_wconf 66' lang='lat' dir='ltr'><strong>haereat;</strong></span> <span class='ocrx_word' id='word_1_516' title='bbox 2932 686 3033 728; x_wconf 90' lang='lat' dir='ltr'><strong>nec</strong></span> <span class='ocrx_word' id='word_1_517' title='bbox 3054 675 3178 745; x_wconf 92' lang='lat' dir='ltr'><strong>quid</strong></span> <span class='ocrx_word' id='word_1_518' title='bbox 3200 679 3420 747; x_wconf 80' lang='lat' dir='ltr'><strong>quaerat</strong></span> <span class='ocrx_word' id='word_1_519' title='bbox 3440 722 3456 745; x_wconf 90' lang='lat'><strong>,</strong></span> <span class='ocrx_word' id='word_1_520' title='bbox 3492 695 3593 735; x_wconf 91' lang='lat' dir='ltr'><strong>nec</strong></span> <span class='ocrx_word' id='word_1_521' title='bbox 3615 685 3711 754; x_wconf 80' lang='lat' dir='ltr'><strong>quis</strong></span> 
     </span>
    </p>
   </div>
   <div class='ocr_carea' id='block_1_67' title="bbox 2122 756 3708 836">
    <p class='ocr_par' dir='ltr' id='par_1_67' title="bbox 2122 756 3708 836">
     <span class='ocr_line' id='line_1_67' title="bbox 2122 756 3708 836; baseline 0.013 -27"><span class='ocrx_word' id='word_1_522' title='bbox 2122 764 2325 825; x_wconf 66' lang='lat' dir='ltr'><strong>qumrat</strong></span> <span class='ocrx_word' id='word_1_523' title='bbox 2350 756 2594 830; x_wconf 81' lang='lat' dir='ltr'><strong>intelligit</strong></span> <span class='ocrx_word' id='word_1_524' title='bbox 2620 778 2633 815; x_wconf 92' lang='lat'><strong>:</strong></span> <span class='ocrx_word' id='word_1_525' title='bbox 2665 758 2849 817; x_wconf 85' lang='lat' dir='ltr'><strong>credat</strong></span> <span class='ocrx_word' id='word_1_526' title='bbox 2878 772 3009 834; x_wconf 82' lang='lat' dir='ltr'><strong>ergo</strong></span> <span class='ocrx_word' id='word_1_527' title='bbox 3035 765 3209 836; x_wconf 90' lang='lat' dir='ltr'><strong>potius</strong></span> <span class='ocrx_word' id='word_1_528' title='bbox 3233 765 3467 825; x_wconf 85' lang='lat' dir='ltr'><strong>sublimi</strong></span> <span class='ocrx_word' id='word_1_529' title='bbox 3493 775 3708 829; x_wconf 85' lang='lat' dir='ltr'><strong>auctori-</strong></span> 
     </span>
    </p>
   </div>
   <div class='ocr_carea' id='block_1_68' title="bbox 2124 846 3710 938">
    <p class='ocr_par' dir='ltr' id='par_1_68' title="bbox 2124 846 3710 938">
     <span class='ocr_line' id='line_1_68' title="bbox 2124 846 3710 938; baseline 0.016 -37"><span class='ocrx_word' id='word_1_530' title='bbox 2124 846 2217 902; x_wconf 86' lang='lat' dir='ltr'><strong>tati</strong></span> <span class='ocrx_word' id='word_1_531' title='bbox 2266 849 2591 924; x_wconf 86' lang='lat' dir='ltr'><strong>minimeque</strong></span> <span class='ocrx_word' id='word_1_532' title='bbox 2638 848 2831 922; x_wconf 85' lang='lat' dir='ltr'><strong>Iaiiacl,</strong></span> <span class='ocrx_word' id='word_1_533' title='bbox 2874 856 3129 926; x_wconf 84' lang='lat' dir='ltr'><strong>quamdiu</strong></span> <span class='ocrx_word' id='word_1_534' title='bbox 3169 875 3359 919; x_wconf 86' lang='lat' dir='ltr'><strong>sumus</strong></span> <span class='ocrx_word' id='word_1_535' title='bbox 3407 860 3466 918; x_wconf 88' lang='lat' dir='ltr'><strong>in</strong></span> <span class='ocrx_word' id='word_1_536' title='bbox 3504 880 3710 938; x_wconf 77' lang='lat' dir='ltr'><strong>corpore</strong></span> 
     </span>
    </p>
   </div>
   <div class='ocr_carea' id='block_1_69' title="bbox 2121 942 3705 1026">
    <p class='ocr_par' dir='ltr' id='par_1_69' title="bbox 2121 942 3705 1026">
     <span class='ocr_line' id='line_1_69' title="bbox 2121 942 3705 1026; baseline 0.013 -32"><span class='ocrx_word' id='word_1_537' title='bbox 2121 942 2444 1011; x_wconf 84' lang='lat' dir='ltr'><strong>peregrinari</strong></span> <span class='ocrx_word' id='word_1_538' title='bbox 2489 958 2587 999; x_wconf 89' lang='lat' dir='ltr'><strong>nos</strong></span> <span class='ocrx_word' id='word_1_539' title='bbox 2626 961 2655 1000; x_wconf 91' lang='lat' dir='ltr'><strong>a</strong></span> <span class='ocrx_word' id='word_1_540' title='bbox 2696 944 2939 1014; x_wconf 84' lang='lat' dir='ltr'><strong>Domino,</strong></span> <span class='ocrx_word' id='word_1_541' title='bbox 2980 956 3038 1005; x_wconf 90' lang='lat' dir='ltr'><strong>et</strong></span> <span class='ocrx_word' id='word_1_542' title='bbox 3078 948 3360 1010; x_wconf 84' lang='lat' dir='ltr'><strong>ambulare</strong></span> <span class='ocrx_word' id='word_1_543' title='bbox 3404 971 3506 1026; x_wconf 86' lang='lat' dir='ltr'><strong>per</strong></span> <span class='ocrx_word' id='word_1_544' title='bbox 3544 954 3705 1021; x_wconf 85' lang='lat' dir='ltr'><strong>iidem.</strong></span> 
     </span>
    </p>
   </div>
   <div class='ocr_carea' id='block_1_70' title="bbox 2123 1031 3708 1120">
    <p class='ocr_par' dir='ltr' id='par_1_70' title="bbox 2123 1031 3708 1120">
     <span class='ocr_line' id='line_1_70' title="bbox 2123 1031 3708 1120; baseline 0.014 -34"><span class='ocrx_word' id='word_1_545' title='bbox 2123 1031 2355 1088; x_wconf 90' lang='lat' dir='ltr'><strong>nondum</strong></span> <span class='ocrx_word' id='word_1_546' title='bbox 2386 1046 2479 1105; x_wconf 86' lang='lat' dir='ltr'><strong>per</strong></span> <span class='ocrx_word' id='word_1_547' title='bbox 2504 1038 2735 1108; x_wconf 85' lang='lat' dir='ltr'><strong>speciem</strong></span> <span class='ocrx_word' id='word_1_548' title='bbox 2764 1036 2832 1110; x_wconf 91' lang='lat' dir='ltr'><strong>(li</strong></span> <span class='ocrx_word' id='word_1_549' title='bbox 2861 1036 2978 1095; x_wconf 85' lang='lat' dir='ltr'><strong>Cor.</strong></span> <span class='ocrx_word' id='word_1_550' title='bbox 3001 1058 3053 1107; x_wconf 85' lang='lat' dir='ltr'><strong>v,</strong></span> <span class='ocrx_word' id='word_1_551' title='bbox 3079 1038 3132 1109; x_wconf 86' lang='lat'><strong>6,</strong></span> <span class='ocrx_word' id='word_1_552' title='bbox 3160 1040 3235 1116; x_wconf 84' lang='lat'><strong>7);</strong></span> <span class='ocrx_word' id='word_1_553' title='bbox 3266 1061 3333 1102; x_wconf 91' lang='lat' dir='ltr'><strong>ac</strong></span> <span class='ocrx_word' id='word_1_554' title='bbox 3365 1045 3452 1103; x_wconf 91' lang='lat' dir='ltr'><strong>sic</strong></span> <span class='ocrx_word' id='word_1_555' title='bbox 3482 1064 3708 1120; x_wconf 80' lang='lat' dir='ltr'><strong>perseve-</strong></span> 
     </span>
    </p>
   </div>
   <div class='ocr_carea' id='block_1_71' title="bbox 2122 1124 3701 1208">
    <p class='ocr_par' dir='ltr' id='par_1_71' title="bbox 2122 1124 3701 1208">
     <span class='ocr_line' id='line_1_71' title="bbox 2122 1124 3701 1208; baseline 0.014 -32"><span class='ocrx_word' id='word_1_556' title='bbox 2122 1130 2303 1179; x_wconf 88' lang='lat' dir='ltr'><strong>ranter</strong></span> <span class='ocrx_word' id='word_1_557' title='bbox 2329 1124 2564 1180; x_wconf 88' lang='lat' dir='ltr'><strong>retinens</strong></span> <span class='ocrx_word' id='word_1_558' title='bbox 2593 1136 2751 1199; x_wconf 88' lang='lat' dir='ltr'><strong>atque</strong></span> <span class='ocrx_word' id='word_1_559' title='bbox 2778 1130 3080 1189; x_wconf 89' lang='lat' dir='ltr'><strong>custodiens</strong></span> <span class='ocrx_word' id='word_1_560' title='bbox 3108 1132 3289 1202; x_wconf 89' lang='lat' dir='ltr'><strong>fidem,</strong></span> <span class='ocrx_word' id='word_1_561' title='bbox 3312 1152 3480 1208; x_wconf 89' lang='lat' dir='ltr'><strong>spem</strong></span> <span class='ocrx_word' id='word_1_562' title='bbox 3511 1148 3566 1195; x_wconf 91' lang='lat' dir='ltr'><strong>et</strong></span> <span class='ocrx_word' id='word_1_563' title='bbox 3590 1132 3701 1197; x_wconf 78' lang='lat' dir='ltr'><strong>cita-</strong></span> 
     </span>
    </p>
   </div>
   <div class='ocr_carea' id='block_1_72' title="bbox 2121 1215 3702 1299">
    <p class='ocr_par' dir='ltr' id='par_1_72' title="bbox 2121 1215 3702 1299">
     <span class='ocr_line' id='line_1_72' title="bbox 2121 1215 3702 1299; baseline 0.011 -31"><span class='ocrx_word' id='word_1_564' title='bbox 2121 1216 2353 1283; x_wconf 90' lang='lat' dir='ltr'><strong>ritatcm,</strong></span> <span class='ocrx_word' id='word_1_565' title='bbox 2383 1215 2621 1273; x_wconf 89' lang='lat' dir='ltr'><strong>intendat</strong></span> <span class='ocrx_word' id='word_1_566' title='bbox 2649 1219 2701 1273; x_wconf 88' lang='lat' dir='ltr'><strong>in</strong></span> <span class='ocrx_word' id='word_1_567' title='bbox 2735 1221 2966 1289; x_wconf 85' lang='lat' dir='ltr'><strong>speciem</strong></span> <span class='ocrx_word' id='word_1_568' title='bbox 2995 1239 3061 1279; x_wconf 79' lang='lat' dir='ltr'><strong>cx</strong></span> <span class='ocrx_word' id='word_1_569' title='bbox 3087 1224 3308 1295; x_wconf 88' lang='lat' dir='ltr'><strong>pignore</strong></span> <span class='ocrx_word' id='word_1_570' title='bbox 3333 1220 3491 1299; x_wconf 90' lang='lat' dir='ltr'><strong>quod</strong></span> <span class='ocrx_word' id='word_1_571' title='bbox 3513 1231 3702 1299; x_wconf 85' lang='lat' dir='ltr'><strong>accepi-</strong></span> 
     </span>
    </p>
   </div>
   <div class='ocr_carea' id='block_1_73' title="bbox 2120 1306 3698 1381">
    <p class='ocr_par' dir='ltr' id='par_1_73' title="bbox 2120 1306 3698 1381">
     <span class='ocr_line' id='line_1_73' title="bbox 2120 1306 3698 1381; baseline 0.011 -22"><span class='ocrx_word' id='word_1_572' title='bbox 2120 1320 2241 1361; x_wconf 90' lang='lat' dir='ltr'><strong>mus</strong></span> <span class='ocrx_word' id='word_1_573' title='bbox 2267 1306 2434 1362; x_wconf 89' lang='lat' dir='ltr'><strong>sancti</strong></span> <span class='ocrx_word' id='word_1_574' title='bbox 2454 1307 2701 1378; x_wconf 86' lang='lat' dir='ltr'><strong>Spiritus,</strong></span> <span class='ocrx_word' id='word_1_575' title='bbox 2722 1311 2811 1381; x_wconf 91' lang='lat' dir='ltr'><strong>qui</strong></span> <span class='ocrx_word' id='word_1_576' title='bbox 2839 1326 2935 1367; x_wconf 90' lang='lat' dir='ltr'><strong>nos</strong></span> <span class='ocrx_word' id='word_1_577' title='bbox 2955 1310 3169 1371; x_wconf 88' lang='lat' dir='ltr'><strong>docebit</strong></span> <span class='ocrx_word' id='word_1_578' title='bbox 3193 1328 3422 1374; x_wconf 88' lang='lat' dir='ltr'><strong>omnem</strong></span> <span class='ocrx_word' id='word_1_579' title='bbox 3447 1322 3698 1378; x_wconf 82' lang='lat' dir='ltr'><strong>veritatem</strong></span> 
     </span>
    </p>
   </div>
   <div class='ocr_carea' id='block_1_74' title="bbox 2122 1395 3699 1475">
    <p class='ocr_par' dir='ltr' id='par_1_74' title="bbox 2122 1395 3699 1475">
     <span class='ocr_line' id='line_1_74' title="bbox 2122 1395 3699 1475; baseline 0.012 -25"><span class='ocrx_word' id='word_1_580' title='bbox 2122 1395 2298 1471; x_wconf 81' lang='lat' dir='ltr'><strong>(Joan.</strong></span> <span class='ocrx_word' id='word_1_581' title='bbox 2322 1412 2434 1466; x_wconf 78' lang='lat' dir='ltr'><strong>xvr,</strong></span> <span class='ocrx_word' id='word_1_582' title='bbox 2465 1400 2575 1473; x_wconf 77' lang='grc'><strong>15),</strong></span> <span class='ocrx_word' id='word_1_583' title='bbox 2608 1416 2726 1457; x_wconf 91' lang='lat' dir='ltr'><strong>cum</strong></span> <span class='ocrx_word' id='word_1_584' title='bbox 2752 1396 2892 1458; x_wconf 87' lang='lat' dir='ltr'><strong>Deus</strong></span> <span class='ocrx_word' id='word_1_585' title='bbox 2919 1404 3007 1475; x_wconf 87' lang='lat' dir='ltr'><strong>qui</strong></span> <span class='ocrx_word' id='word_1_586' title='bbox 3044 1408 3319 1464; x_wconf 65' lang='lat' dir='ltr'><strong>suscitarit</strong></span> <span class='ocrx_word' id='word_1_587' title='bbox 3346 1400 3539 1465; x_wconf 70' lang='lat' dir='ltr'><strong>Iesum</strong></span> <span class='ocrx_word' id='word_1_588' title='bbox 3565 1406 3699 1468; x_wconf 88' lang='lat' dir='ltr'><strong>Chri-</strong></span> 
     </span>
    </p>
   </div>
   <div class='ocr_carea' id='block_1_75' title="bbox 2119 1492 3695 1574">
    <p class='ocr_par' dir='ltr' id='par_1_75' title="bbox 2119 1492 3695 1574">
     <span class='ocr_line' id='line_1_75' title="bbox 2119 1492 3695 1574; baseline 0.012 -31"><span class='ocrx_word' id='word_1_589' title='bbox 2119 1496 2259 1543; x_wconf 88' lang='lat' dir='ltr'><strong>stum</strong></span> <span class='ocrx_word' id='word_1_590' title='bbox 2286 1506 2313 1544; x_wconf 93' lang='lat' dir='ltr'><strong>a</strong></span> <span class='ocrx_word' id='word_1_591' title='bbox 2337 1492 2581 1560; x_wconf 88' lang='lat' dir='ltr'><strong>mortuis,</strong></span> <span class='ocrx_word' id='word_1_592' title='bbox 2606 1492 2893 1551; x_wconf 86' lang='lat' dir='ltr'><strong>vlviiicabit</strong></span> <span class='ocrx_word' id='word_1_593' title='bbox 2916 1500 2968 1552; x_wconf 90' lang='lat' dir='ltr'><strong>et</strong></span> <span class='ocrx_word' id='word_1_594' title='bbox 2994 1500 3238 1556; x_wconf 84' lang='lat' dir='ltr'><strong>merlalia</strong></span> <span class='ocrx_word' id='word_1_595' title='bbox 3263 1516 3503 1574; x_wconf 86' lang='lat' dir='ltr'><strong>corpora</strong></span> <span class='ocrx_word' id='word_1_596' title='bbox 3539 1516 3695 1562; x_wconf 85' lang='lat' dir='ltr'><strong>nostra</strong></span> 
     </span>
    </p>
   </div>
   <div class='ocr_carea' id='block_1_76' title="bbox 2122 1578 3696 1670">
    <p class='ocr_par' dir='ltr' id='par_1_76' title="bbox 2122 1578 3696 1670">
     <span class='ocr_line' id='line_1_76' title="bbox 2122 1578 3696 1670; baseline 0.011 -34"><span class='ocrx_word' id='word_1_597' title='bbox 2122 1596 2219 1651; x_wconf 87' lang='lat' dir='ltr'><strong>per</strong></span> <span class='ocrx_word' id='word_1_598' title='bbox 2263 1578 2642 1640; x_wconf 86' lang='lat' dir='ltr'><strong>inbabitantem</strong></span> <span class='ocrx_word' id='word_1_599' title='bbox 2672 1582 2925 1657; x_wconf 87' lang='lat' dir='ltr'><strong>Spiritum</strong></span> <span class='ocrx_word' id='word_1_600' title='bbox 2955 1591 3070 1660; x_wconf 84' lang='lat' dir='ltr'><strong>ejus</strong></span> <span class='ocrx_word' id='word_1_601' title='bbox 3099 1586 3151 1645; x_wconf 90' lang='lat' dir='ltr'><strong>in</strong></span> <span class='ocrx_word' id='word_1_602' title='bbox 3181 1589 3339 1649; x_wconf 81' lang='lat' dir='ltr'><strong>nobis</strong></span> <span class='ocrx_word' id='word_1_603' title='bbox 3419 1590 3574 1651; x_wconf 83' lang='lat' dir='ltr'><strong>Rom.</strong></span> <span class='ocrx_word' id='word_1_604' title='bbox 3601 1614 3696 1667; x_wconf 87' lang='lat' dir='ltr'><strong>vut,</strong></span> 
     </span>
    </p>
   </div>
   <div class='ocr_carea' id='block_1_77' title="bbox 2119 1672 3691 1761">
    <p class='ocr_par' dir='ltr' id='par_1_77' title="bbox 2119 1672 3691 1761">
     <span class='ocr_line' id='line_1_77' title="bbox 2119 1672 3691 1761; baseline 0.013 -35"><span class='ocrx_word' id='word_1_605' title='bbox 2119 1672 2207 1736; x_wconf 89' lang='grc'><strong>10,</strong></span> <span class='ocrx_word' id='word_1_606' title='bbox 2243 1672 2352 1746; x_wconf 84' lang='grc'><strong>11).</strong></span> <span class='ocrx_word' id='word_1_607' title='bbox 2379 1675 2534 1731; x_wconf 89' lang='lat' dir='ltr'><strong>Prius</strong></span> <span class='ocrx_word' id='word_1_608' title='bbox 2563 1687 2739 1733; x_wconf 88' lang='lat' dir='ltr'><strong>autem</strong></span> <span class='ocrx_word' id='word_1_609' title='bbox 2767 1692 2925 1749; x_wconf 82' lang='lat' dir='ltr'><strong>quam</strong></span> <span class='ocrx_word' id='word_1_610' title='bbox 2952 1681 3245 1739; x_wconf 84' lang='lat' dir='ltr'><strong>viviiicetur</strong></span> <span class='ocrx_word' id='word_1_611' title='bbox 3274 1678 3385 1742; x_wconf 86' lang='lat' dir='ltr'><strong>hoc</strong></span> <span class='ocrx_word' id='word_1_612' title='bbox 3409 1680 3555 1761; x_wconf 79' lang='lat' dir='ltr'><strong>quod</strong></span> <span class='ocrx_word' id='word_1_613' title='bbox 3571 1706 3691 1746; x_wconf 85' lang='lat' dir='ltr'><strong>mor-</strong></span> 
     </span>
    </p>
   </div>
   <div class='ocr_carea' id='block_1_78' title="bbox 2120 1768 3695 1851">
    <p class='ocr_par' dir='ltr' id='par_1_78' title="bbox 2120 1768 3695 1851">
     <span class='ocr_line' id='line_1_78' title="bbox 2120 1768 3695 1851; baseline 0.013 -33"><span class='ocrx_word' id='word_1_614' title='bbox 2120 1772 2265 1819; x_wconf 87' lang='lat' dir='ltr'><strong>tuum</strong></span> <span class='ocrx_word' id='word_1_615' title='bbox 2289 1774 2367 1821; x_wconf 88' lang='lat' dir='ltr'><strong>est</strong></span> <span class='ocrx_word' id='word_1_616' title='bbox 2394 1778 2613 1838; x_wconf 85' lang='lat' dir='ltr'><strong>propter</strong></span> <span class='ocrx_word' id='word_1_617' title='bbox 2641 1778 2936 1840; x_wconf 80' lang='lat' dir='ltr'><strong>peccatum,</strong></span> <span class='ocrx_word' id='word_1_618' title='bbox 2966 1774 3153 1844; x_wconf 85' lang='lat' dir='ltr'><strong>procul</strong></span> <span class='ocrx_word' id='word_1_619' title='bbox 3179 1768 3343 1832; x_wconf 89' lang='lat' dir='ltr'><strong>dubio</strong></span> <span class='ocrx_word' id='word_1_620' title='bbox 3371 1778 3695 1851; x_wconf 85' lang='lat' dir='ltr'><strong>corruptibiie</strong></span> 
     </span>
    </p>
   </div>
   <div class='ocr_carea' id='block_1_79' title="bbox 2120 1860 3691 1942">
    <p class='ocr_par' dir='ltr' id='par_1_79' title="bbox 2120 1860 3691 1942">
     <span class='ocr_line' id='line_1_79' title="bbox 2120 1860 3691 1942; baseline 0.012 -33"><span class='ocrx_word' id='word_1_621' title='bbox 2120 1862 2223 1921; x_wconf 88' lang='lat' dir='ltr'><strong>est,</strong></span> <span class='ocrx_word' id='word_1_622' title='bbox 2250 1862 2303 1911; x_wconf 82' lang='lat' dir='ltr'><strong>et</strong></span> <span class='ocrx_word' id='word_1_623' title='bbox 2331 1865 2581 1928; x_wconf 81' lang='lat' dir='ltr'><strong>aggravat</strong></span> <span class='ocrx_word' id='word_1_624' title='bbox 2608 1860 2837 1916; x_wconf 88' lang='lat' dir='ltr'><strong>animam</strong></span> <span class='ocrx_word' id='word_1_625' title='bbox 2870 1862 2887 1935; x_wconf 95' lang='lat'><strong>(</strong></span> <span class='ocrx_word' id='word_1_626' title='bbox 2915 1861 3045 1936; x_wconf 73' lang='lat' dir='ltr'><strong>Sep.</strong></span> <span class='ocrx_word' id='word_1_627' title='bbox 3080 1877 3158 1932; x_wconf 68' lang='grc' dir='ltr'>ιι,</span> <span class='ocrx_word' id='word_1_628' title='bbox 3188 1864 3254 1923; x_wconf 84' lang='grc'><strong>15</strong></span> <span class='ocrx_word' id='word_1_629' title='bbox 3276 1868 3318 1940; x_wconf 88' lang='grc'><strong>);</strong></span> <span class='ocrx_word' id='word_1_630' title='bbox 3345 1877 3405 1925; x_wconf 90' lang='lat' dir='ltr'><strong>et</strong></span> <span class='ocrx_word' id='word_1_631' title='bbox 3430 1868 3477 1925; x_wconf 81' lang='lat' dir='ltr'><strong>si</strong></span> <span class='ocrx_word' id='word_1_632' title='bbox 3506 1871 3691 1942; x_wconf 79' lang='lat' dir='ltr'><strong>quando</strong></span> 
     </span>
    </p>
   </div>
   <div class='ocr_carea' id='block_1_80' title="bbox 2118 1946 3694 2029">
    <p class='ocr_par' dir='ltr' id='par_1_80' title="bbox 2118 1946 3694 2029">
     <span class='ocr_line' id='line_1_80' title="bbox 2118 1946 3694 2029; baseline 0.012 -28"><span class='ocrx_word' id='word_1_633' title='bbox 2118 1946 2293 2017; x_wconf 89' lang='lat' dir='ltr'><strong>adjuta</strong></span> <span class='ocrx_word' id='word_1_634' title='bbox 2317 1948 2525 2005; x_wconf 78' lang='lat' dir='ltr'><strong>excedit</strong></span> <span class='ocrx_word' id='word_1_635' title='bbox 2552 1946 2691 2007; x_wconf 87' lang='lat' dir='ltr'><strong>hanc</strong></span> <span class='ocrx_word' id='word_1_636' title='bbox 2717 1953 2984 2024; x_wconf 85' lang='lat' dir='ltr'><strong>nebulam,</strong></span> <span class='ocrx_word' id='word_1_637' title='bbox 3011 1968 3114 2027; x_wconf 90' lang='lat' dir='ltr'><strong>qua</strong></span> <span class='ocrx_word' id='word_1_638' title='bbox 3146 1960 3341 2029; x_wconf 85' lang='lat' dir='ltr'><strong>tegitur</strong></span> <span class='ocrx_word' id='word_1_639' title='bbox 3371 1954 3550 2017; x_wconf 89' lang='lat' dir='ltr'><strong>omnis</strong></span> <span class='ocrx_word' id='word_1_640' title='bbox 3576 1972 3694 2019; x_wconf 81' lang='lat' dir='ltr'><strong>terra</strong></span> 
     </span>
    </p>
   </div>
   <div class='ocr_carea' id='block_1_81' title="bbox 2121 2036 3688 2125">
    <p class='ocr_par' dir='ltr' id='par_1_81' title="bbox 2121 2036 3688 2125">
     <span class='ocr_line' id='line_1_81' title="bbox 2121 2036 3688 2125; baseline 0.011 -33"><span class='ocrx_word' id='word_1_641' title='bbox 2121 2036 2306 2112; x_wconf 71' lang='lat' dir='ltr'><strong>(Ec-cii.</strong></span> <span class='ocrx_word' id='word_1_642' title='bbox 2329 2052 2480 2107; x_wconf 77' lang='lat' dir='ltr'><strong>xxiv,</strong></span> <span class='ocrx_word' id='word_1_643' title='bbox 2505 2039 2585 2113; x_wconf 73' lang='grc' dir='ltr'><strong>ϐ),</strong></span> <span class='ocrx_word' id='word_1_644' title='bbox 2615 2041 2665 2097; x_wconf 89' lang='lat' dir='ltr'><strong>id</strong></span> <span class='ocrx_word' id='word_1_645' title='bbox 2693 2052 2794 2112; x_wconf 81' lang='lat' dir='ltr'><strong>est,</strong></span> <span class='ocrx_word' id='word_1_646' title='bbox 2818 2044 2955 2101; x_wconf 86' lang='lat' dir='ltr'><strong>hanc</strong></span> <span class='ocrx_word' id='word_1_647' title='bbox 2982 2049 3253 2104; x_wconf 88' lang='lat' dir='ltr'><strong>carnalem</strong></span> <span class='ocrx_word' id='word_1_648' title='bbox 3276 2049 3584 2124; x_wconf 77' lang='lat' dir='ltr'><strong>caliginem,</strong></span> <span class='ocrx_word' id='word_1_649' title='bbox 3605 2069 3688 2125; x_wconf 78' lang='lat' dir='ltr'><strong>qua</strong></span> 
     </span>
    </p>
   </div>
   <div class='ocr_carea' id='block_1_82' title="bbox 2119 2128 3692 2215">
    <p class='ocr_par' dir='ltr' id='par_1_82' title="bbox 2119 2128 3692 2215">
     <span class='ocr_line' id='line_1_82' title="bbox 2119 2128 3692 2215; baseline 0.011 -30"><span class='ocrx_word' id='word_1_650' title='bbox 2119 2128 2316 2203; x_wconf 84' lang='lat' dir='ltr'><strong>tegitur</strong></span> <span class='ocrx_word' id='word_1_651' title='bbox 2339 2132 2514 2188; x_wconf 89' lang='lat' dir='ltr'><strong>omnis</strong></span> <span class='ocrx_word' id='word_1_652' title='bbox 2547 2135 2651 2191; x_wconf 86' lang='lat' dir='ltr'><strong>vita</strong></span> <span class='ocrx_word' id='word_1_653' title='bbox 2689 2146 2924 2205; x_wconf 85' lang='lat' dir='ltr'><strong>terrena,</strong></span> <span class='ocrx_word' id='word_1_654' title='bbox 2969 2146 3216 2212; x_wconf 86' lang='lat' dir='ltr'><strong>tanquam</strong></span> <span class='ocrx_word' id='word_1_655' title='bbox 3248 2136 3442 2215; x_wconf 89' lang='lat' dir='ltr'><strong>rapida</strong></span> <span class='ocrx_word' id='word_1_656' title='bbox 3472 2160 3692 2202; x_wconf 78' lang='lat' dir='ltr'><strong>corusca-</strong></span> 
     </span>
    </p>
   </div>
   <div class='ocr_carea' id='block_1_83' title="bbox 2120 2222 3685 2304">
    <p class='ocr_par' dir='ltr' id='par_1_83' title="bbox 2120 2222 3685 2304">
     <span class='ocr_line' id='line_1_83' title="bbox 2120 2222 3685 2304; baseline 0.011 -27"><span class='ocrx_word' id='word_1_657' title='bbox 2120 2222 2265 2279; x_wconf 87' lang='lat' dir='ltr'><strong>tioue</strong></span> <span class='ocrx_word' id='word_1_658' title='bbox 2287 2226 2682 2298; x_wconf 86' lang='lat' dir='ltr'><strong>perstringitur,</strong></span> <span class='ocrx_word' id='word_1_659' title='bbox 2711 2232 2763 2285; x_wconf 90' lang='lat' dir='ltr'><strong>et</strong></span> <span class='ocrx_word' id='word_1_660' title='bbox 2795 2231 2844 2284; x_wconf 91' lang='lat' dir='ltr'><strong>in</strong></span> <span class='ocrx_word' id='word_1_661' title='bbox 2876 2245 3024 2287; x_wconf 90' lang='lat' dir='ltr'><strong>suam</strong></span> <span class='ocrx_word' id='word_1_662' title='bbox 3054 2232 3425 2292; x_wconf 81' lang='lat' dir='ltr'><strong>infirmitatem</strong></span> <span class='ocrx_word' id='word_1_663' title='bbox 3451 2234 3597 2304; x_wconf 85' lang='lat' dir='ltr'><strong>redit,</strong></span> <span class='ocrx_word' id='word_1_664' title='bbox 3623 2238 3685 2294; x_wconf 82' lang='lat' dir='ltr'><strong>vi-</strong></span> 
     </span>
    </p>
   </div>
   <div class='ocr_carea' id='block_1_84' title="bbox 2118 2317 3688 2397">
    <p class='ocr_par' dir='ltr' id='par_1_84' title="bbox 2118 2317 3688 2397">
     <span class='ocr_line' id='line_1_84' title="bbox 2118 2317 3688 2397; baseline 0.012 -27"><span class='ocrx_word' id='word_1_665' title='bbox 2118 2320 2275 2372; x_wconf 86' lang='lat' dir='ltr'><strong>vente</strong></span> <span class='ocrx_word' id='word_1_666' title='bbox 2302 2317 2569 2375; x_wconf 88' lang='lat' dir='ltr'><strong>desiderio</strong></span> <span class='ocrx_word' id='word_1_667' title='bbox 2598 2332 2704 2391; x_wconf 85' lang='lat' dir='ltr'><strong>quo</strong></span> <span class='ocrx_word' id='word_1_668' title='bbox 2750 2337 2934 2379; x_wconf 87' lang='lat' dir='ltr'><strong>rursus</strong></span> <span class='ocrx_word' id='word_1_669' title='bbox 2973 2324 3225 2397; x_wconf 83' lang='lat' dir='ltr'><strong>erigatur,</strong></span> <span class='ocrx_word' id='word_1_670' title='bbox 3268 2345 3375 2385; x_wconf 90' lang='lat' dir='ltr'><strong>nec</strong></span> <span class='ocrx_word' id='word_1_671' title='bbox 3418 2328 3688 2389; x_wconf 84' lang='lat' dir='ltr'><strong>sufficiente</strong></span> 
     </span>
    </p>
   </div>
   <div class='ocr_carea' id='block_1_85' title="bbox 2118 2411 3683 2495">
    <p class='ocr_par' dir='ltr' id='par_1_85' title="bbox 2118 2411 3683 2495">
     <span class='ocr_line' id='line_1_85' title="bbox 2118 2411 3683 2495; baseline 0.01 -31"><span class='ocrx_word' id='word_1_672' title='bbox 2118 2411 2375 2466; x_wconf 87' lang='lat' dir='ltr'><strong>munditia</strong></span> <span class='ocrx_word' id='word_1_673' title='bbox 2418 2428 2520 2483; x_wconf 87' lang='lat' dir='ltr'><strong>qua</strong></span> <span class='ocrx_word' id='word_1_674' title='bbox 2560 2413 2769 2485; x_wconf 86' lang='lat' dir='ltr'><strong>figatur.</strong></span> <span class='ocrx_word' id='word_1_675' title='bbox 2800 2417 2867 2471; x_wconf 88' lang='lat' dir='ltr'><strong>Et</strong></span> <span class='ocrx_word' id='word_1_676' title='bbox 2902 2428 3100 2488; x_wconf 86' lang='lat' dir='ltr'><strong>quanto</strong></span> <span class='ocrx_word' id='word_1_677' title='bbox 3136 2420 3367 2492; x_wconf 90' lang='lat' dir='ltr'><strong>quisque</strong></span> <span class='ocrx_word' id='word_1_678' title='bbox 3397 2420 3501 2480; x_wconf 89' lang='lat' dir='ltr'><strong>hoc</strong></span> <span class='ocrx_word' id='word_1_679' title='bbox 3541 2423 3683 2495; x_wconf 65' lang='lat' dir='ltr'><strong>magis</strong></span> 
     </span>
    </p>
   </div>
   <div class='ocr_carea' id='block_1_86' title="bbox 2117 2504 3681 2581">
    <p class='ocr_par' dir='ltr' id='par_1_86' title="bbox 2117 2504 3681 2581">
     <span class='ocr_line' id='line_1_86' title="bbox 2117 2504 3681 2581; baseline 0.01 -27"><span class='ocrx_word' id='word_1_680' title='bbox 2117 2508 2314 2571; x_wconf 83' lang='lat' dir='ltr'><strong>potest,</strong></span> <span class='ocrx_word' id='word_1_681' title='bbox 2344 2510 2492 2558; x_wconf 89' lang='lat' dir='ltr'><strong>tanto</strong></span> <span class='ocrx_word' id='word_1_682' title='bbox 2521 2504 2692 2577; x_wconf 88' lang='lat' dir='ltr'><strong>major</strong></span> <span class='ocrx_word' id='word_1_683' title='bbox 2719 2512 2800 2562; x_wconf 88' lang='lat' dir='ltr'><strong>est</strong></span> <span class='ocrx_word' id='word_1_684' title='bbox 2831 2525 2844 2562; x_wconf 91' lang='lat'>:</span> <span class='ocrx_word' id='word_1_685' title='bbox 2877 2517 3076 2579; x_wconf 87' lang='lat' dir='ltr'><strong>quanto</strong></span> <span class='ocrx_word' id='word_1_686' title='bbox 3104 2516 3279 2567; x_wconf 89' lang='lat' dir='ltr'><strong>autem</strong></span> <span class='ocrx_word' id='word_1_687' title='bbox 3321 2515 3532 2581; x_wconf 89' lang='lat' dir='ltr'><strong>minus,</strong></span> <span class='ocrx_word' id='word_1_688' title='bbox 3559 2521 3681 2569; x_wconf 85' lang='lat' dir='ltr'><strong>tanto</strong></span> 
     </span>
    </p>
   </div>
   <div class='ocr_carea' id='block_1_87' title="bbox 2120 2592 3683 2661">
    <p class='ocr_par' dir='ltr' id='par_1_87' title="bbox 2120 2592 3683 2661">
     <span class='ocr_line' id='line_1_87' title="bbox 2120 2592 3683 2661; baseline 0.008 -14"><span class='ocrx_word' id='word_1_689' title='bbox 2120 2592 2313 2649; x_wconf 89' lang='lat' dir='ltr'><strong>minor.</strong></span> <span class='ocrx_word' id='word_1_690' title='bbox 2342 2592 2399 2649; x_wconf 86' lang='lat' dir='ltr'><strong>Si</strong></span> <span class='ocrx_word' id='word_1_691' title='bbox 2426 2601 2603 2650; x_wconf 87' lang='lat' dir='ltr'><strong>autem</strong></span> <span class='ocrx_word' id='word_1_692' title='bbox 2635 2595 2766 2651; x_wconf 88' lang='lat' dir='ltr'><strong>nihil</strong></span> <span class='ocrx_word' id='word_1_693' title='bbox 2805 2596 2980 2655; x_wconf 85' lang='lat' dir='ltr'><strong>adhuc</strong></span> <span class='ocrx_word' id='word_1_694' title='bbox 3026 2600 3129 2657; x_wconf 91' lang='lat' dir='ltr'><strong>tale</strong></span> <span class='ocrx_word' id='word_1_695' title='bbox 3165 2618 3320 2658; x_wconf 89' lang='lat' dir='ltr'><strong>mens</strong></span> <span class='ocrx_word' id='word_1_696' title='bbox 3355 2604 3577 2661; x_wconf 90' lang='lat' dir='ltr'><strong>hominis</strong></span> <span class='ocrx_word' id='word_1_697' title='bbox 3607 2621 3683 2660; x_wconf 79' lang='lat' dir='ltr'><strong>er-</strong></span> 
     </span>
    </p>
   </div>
   <div class='ocr_carea' id='block_1_88' title="bbox 2121 2687 3677 2769">
    <p class='ocr_par' dir='ltr' id='par_1_88' title="bbox 2121 2687 3677 2769">
     <span class='ocr_line' id='line_1_88' title="bbox 2121 2687 3677 2769; baseline 0.009 -32"><span class='ocrx_word' id='word_1_698' title='bbox 2121 2693 2269 2755; x_wconf 87' lang='lat' dir='ltr'><strong>perta</strong></span> <span class='ocrx_word' id='word_1_699' title='bbox 2300 2692 2401 2751; x_wconf 91' lang='lat' dir='ltr'><strong>est,</strong></span> <span class='ocrx_word' id='word_1_700' title='bbox 2447 2687 2501 2741; x_wconf 91' lang='lat' dir='ltr'><strong>in</strong></span> <span class='ocrx_word' id='word_1_701' title='bbox 2545 2700 2648 2758; x_wconf 88' lang='lat' dir='ltr'><strong>qua</strong></span> <span class='ocrx_word' id='word_1_702' title='bbox 2685 2698 2859 2745; x_wconf 88' lang='lat' dir='ltr'><strong>tamen</strong></span> <span class='ocrx_word' id='word_1_703' title='bbox 2906 2689 3106 2748; x_wconf 86' lang='lat' dir='ltr'><strong>habitat</strong></span> <span class='ocrx_word' id='word_1_704' title='bbox 3133 2692 3382 2754; x_wconf 81' lang='lat' dir='ltr'><strong>Christus</strong></span> <span class='ocrx_word' id='word_1_705' title='bbox 3409 2713 3503 2769; x_wconf 89' lang='lat' dir='ltr'><strong>per</strong></span> <span class='ocrx_word' id='word_1_706' title='bbox 3525 2694 3677 2765; x_wconf 89' lang='lat' dir='ltr'><strong>fidem,</strong></span> 
     </span>
    </p>
   </div>
   <div class='ocr_carea' id='block_1_89' title="bbox 2120 2774 3680 2859">
    <p class='ocr_par' dir='ltr' id='par_1_89' title="bbox 2120 2774 3680 2859">
     <span class='ocr_line' id='line_1_89' title="bbox 2120 2774 3680 2859; baseline 0.009 -28"><span class='ocrx_word' id='word_1_707' title='bbox 2120 2778 2317 2833; x_wconf 88' lang='lat' dir='ltr'><strong>instare</strong></span> <span class='ocrx_word' id='word_1_708' title='bbox 2362 2774 2521 2834; x_wconf 88' lang='lat' dir='ltr'><strong>debet</strong></span> <span class='ocrx_word' id='word_1_709' title='bbox 2571 2778 2875 2838; x_wconf 87' lang='lat' dir='ltr'><strong>minuendis</strong></span> <span class='ocrx_word' id='word_1_710' title='bbox 2930 2783 3281 2858; x_wconf 80' lang='lat' dir='ltr'><strong>ﬁniendisque</strong></span> <span class='ocrx_word' id='word_1_711' title='bbox 3336 2782 3680 2859; x_wconf 82' lang='lat' dir='ltr'><strong>cupiditatibus</strong></span> 
     </span>
    </p>
   </div>
   <div class='ocr_carea' id='block_1_90' title="bbox 2120 2868 3677 2954">
    <p class='ocr_par' dir='ltr' id='par_1_90' title="bbox 2120 2868 3677 2954">
     <span class='ocr_line' id='line_1_90' title="bbox 2120 2868 3677 2954; baseline 0.011 -32"><span class='ocrx_word' id='word_1_712' title='bbox 2120 2868 2279 2940; x_wconf 85' lang='lat' dir='ltr'><strong>hujus</strong></span> <span class='ocrx_word' id='word_1_713' title='bbox 2304 2871 2505 2939; x_wconf 68' lang='lat' dir='ltr'><strong>saeculi,</strong></span> <span class='ocrx_word' id='word_1_714' title='bbox 2535 2872 2754 2929; x_wconf 81' lang='lat' dir='ltr'><strong>moralis</strong></span> <span class='ocrx_word' id='word_1_715' title='bbox 2780 2875 2991 2933; x_wconf 90' lang='lat' dir='ltr'><strong>virtutis</strong></span> <span class='ocrx_word' id='word_1_716' title='bbox 3009 2878 3241 2946; x_wconf 88' lang='lat' dir='ltr'><strong>actione,</strong></span> <span class='ocrx_word' id='word_1_717' title='bbox 3270 2890 3515 2954; x_wconf 86' lang='lat' dir='ltr'><strong>tanquam</strong></span> <span class='ocrx_word' id='word_1_718' title='bbox 3537 2880 3583 2936; x_wconf 89' lang='lat' dir='ltr'><strong>in</strong></span> <span class='ocrx_word' id='word_1_719' title='bbox 3602 2896 3677 2939; x_wconf 65' lang='grc' dir='ltr'><strong>ωε</strong></span> 
     </span>
    </p>
   </div>
   <div class='ocr_carea' id='block_1_91' title="bbox 2119 2963 3678 3041">
    <p class='ocr_par' dir='ltr' id='par_1_91' title="bbox 2119 2963 3678 3041">
     <span class='ocr_line' id='line_1_91' title="bbox 2119 2963 3678 3041; baseline 0.01 -25"><span class='ocrx_word' id='word_1_720' title='bbox 2119 2963 2306 3017; x_wconf 90' lang='lat' dir='ltr'><strong>mitatu</strong></span> <span class='ocrx_word' id='word_1_721' title='bbox 2352 2966 2507 3019; x_wconf 92' lang='lat' dir='ltr'><strong>trium</strong></span> <span class='ocrx_word' id='word_1_722' title='bbox 2539 2965 2752 3023; x_wconf 87' lang='lat' dir='ltr'><strong>illorum</strong></span> <span class='ocrx_word' id='word_1_723' title='bbox 2782 2966 3236 3041; x_wconf 82' lang='lat' dir='ltr'><strong>Evangeiistarum</strong></span> <span class='ocrx_word' id='word_1_724' title='bbox 3266 2990 3391 3031; x_wconf 91' lang='lat' dir='ltr'><strong>cum</strong></span> <span class='ocrx_word' id='word_1_725' title='bbox 3416 2968 3678 3032; x_wconf 82' lang='lat' dir='ltr'><strong>mediatore</strong></span> 
     </span>
    </p>
   </div>
   <div class='ocr_carea' id='block_1_92' title="bbox 2118 3051 3673 3136">
    <p class='ocr_par' dir='ltr' id='par_1_92' title="bbox 2118 3051 3673 3136">
     <span class='ocr_line' id='line_1_92' title="bbox 2118 3051 3673 3136; baseline 0.008 -30"><span class='ocrx_word' id='word_1_726' title='bbox 2118 3051 2330 3110; x_wconf 89' lang='lat' dir='ltr'><strong>Christo</strong></span> <span class='ocrx_word' id='word_1_727' title='bbox 2352 3055 2630 3113; x_wconf 88' lang='lat' dir='ltr'><strong>ambulans</strong></span> <span class='ocrx_word' id='word_1_728' title='bbox 2658 3077 2672 3114; x_wconf 92' lang='lat'><strong>:</strong></span> <span class='ocrx_word' id='word_1_729' title='bbox 2704 3072 2931 3131; x_wconf 84' lang='lat' dir='ltr'><strong>eumque</strong></span> <span class='ocrx_word' id='word_1_730' title='bbox 2952 3063 3041 3133; x_wconf 90' lang='lat' dir='ltr'><strong>qui</strong></span> <span class='ocrx_word' id='word_1_731' title='bbox 3067 3061 3234 3120; x_wconf 88' lang='lat' dir='ltr'><strong>Filius</strong></span> <span class='ocrx_word' id='word_1_732' title='bbox 3255 3064 3347 3121; x_wconf 88' lang='lat' dir='ltr'><strong>Dei</strong></span> <span class='ocrx_word' id='word_1_733' title='bbox 3372 3081 3568 3136; x_wconf 88' lang='lat' dir='ltr'><strong>semper</strong></span> <span class='ocrx_word' id='word_1_734' title='bbox 3585 3072 3673 3133; x_wconf 85' lang='lat' dir='ltr'><strong>est,</strong></span> 
     </span>
    </p>
   </div>
   <div class='ocr_carea' id='block_1_93' title="bbox 2119 3149 3672 3229">
    <p class='ocr_par' dir='ltr' id='par_1_93' title="bbox 2119 3149 3672 3229">
     <span class='ocr_line' id='line_1_93' title="bbox 2119 3149 3672 3229; baseline 0.008 -30"><span class='ocrx_word' id='word_1_735' title='bbox 2119 3155 2340 3216; x_wconf 85' lang='lat' dir='ltr'><strong>propter</strong></span> <span class='ocrx_word' id='word_1_736' title='bbox 2380 3163 2478 3203; x_wconf 91' lang='lat' dir='ltr'><strong>nos</strong></span> <span class='ocrx_word' id='word_1_737' title='bbox 2529 3149 2695 3207; x_wconf 85' lang='lat' dir='ltr'><strong>filium</strong></span> <span class='ocrx_word' id='word_1_738' title='bbox 2744 3151 2973 3209; x_wconf 87' lang='lat' dir='ltr'><strong>hominis</strong></span> <span class='ocrx_word' id='word_1_739' title='bbox 3021 3153 3241 3227; x_wconf 83' lang='lat' dir='ltr'><strong>factum,</strong></span> <span class='ocrx_word' id='word_1_740' title='bbox 3286 3167 3345 3215; x_wconf 86' lang='lat' dir='ltr'><strong>ut</strong></span> <span class='ocrx_word' id='word_1_741' title='bbox 3384 3156 3672 3229; x_wconf 81' lang='lat' dir='ltr'><strong>sempiterna</strong></span> 
     </span>
    </p>
   </div>
   <div class='ocr_carea' id='block_1_94' title="bbox 2120 3236 3668 3311">
    <p class='ocr_par' dir='ltr' id='par_1_94' title="bbox 2120 3236 3668 3311">
     <span class='ocr_line' id='line_1_94' title="bbox 2120 3236 3668 3311; baseline 0.007 -20"><span class='ocrx_word' id='word_1_742' title='bbox 2120 3238 2287 3293; x_wconf 81' lang='lat' dir='ltr'><strong>virtus</strong></span> <span class='ocrx_word' id='word_1_743' title='bbox 2314 3236 2431 3311; x_wconf 88' lang='lat' dir='ltr'><strong>ejus</strong></span> <span class='ocrx_word' id='word_1_744' title='bbox 2455 3247 2509 3297; x_wconf 88' lang='lat' dir='ltr'><strong>et</strong></span> <span class='ocrx_word' id='word_1_745' title='bbox 2534 3241 2783 3301; x_wconf 86' lang='lat' dir='ltr'><strong>divinitas</strong></span> <span class='ocrx_word' id='word_1_746' title='bbox 2808 3254 3005 3303; x_wconf 68' lang='lat' dir='ltr'><strong>nostrtn</strong></span> <span class='ocrx_word' id='word_1_747' title='bbox 3045 3247 3341 3306; x_wconf 87' lang='lat' dir='ltr'><strong>infirmitati</strong></span> <span class='ocrx_word' id='word_1_748' title='bbox 3380 3264 3432 3309; x_wconf 90' lang='lat' dir='ltr'><strong>et</strong></span> <span class='ocrx_word' id='word_1_749' title='bbox 3463 3246 3668 3305; x_wconf 84' lang='lat' dir='ltr'><strong>mortali-</strong></span> 
     </span>
    </p>
   </div>
   <div class='ocr_carea' id='block_1_95' title="bbox 2121 3329 3672 3414">
    <p class='ocr_par' dir='ltr' id='par_1_95' title="bbox 2121 3329 3672 3414">
     <span class='ocr_line' id='line_1_95' title="bbox 2121 3329 3672 3414; baseline 0.008 -32"><span class='ocrx_word' id='word_1_750' title='bbox 2121 3329 2215 3383; x_wconf 86' lang='lat' dir='ltr'><strong>tati</strong></span> <span class='ocrx_word' id='word_1_751' title='bbox 2240 3338 2635 3404; x_wconf 76' lang='lat' dir='ltr'><strong>contempsi-ala</strong></span> <span class='ocrx_word' id='word_1_752' title='bbox 2673 3333 2742 3391; x_wconf 90' lang='lat' dir='ltr'><strong>de</strong></span> <span class='ocrx_word' id='word_1_753' title='bbox 2777 3347 2958 3393; x_wconf 87' lang='lat' dir='ltr'><strong>nostro</strong></span> <span class='ocrx_word' id='word_1_754' title='bbox 2995 3338 3148 3395; x_wconf 87' lang='lat' dir='ltr'><strong>nobis</strong></span> <span class='ocrx_word' id='word_1_755' title='bbox 3181 3340 3232 3395; x_wconf 92' lang='lat' dir='ltr'><strong>in</strong></span> <span class='ocrx_word' id='word_1_756' title='bbox 3273 3357 3333 3398; x_wconf 89' lang='lat' dir='ltr'><strong>se</strong></span> <span class='ocrx_word' id='word_1_757' title='bbox 3366 3349 3513 3414; x_wconf 88' lang='lat' dir='ltr'><strong>atque</strong></span> <span class='ocrx_word' id='word_1_758' title='bbox 3540 3338 3597 3394; x_wconf 86' lang='lat' dir='ltr'><strong>ad</strong></span> <span class='ocrx_word' id='word_1_759' title='bbox 3621 3352 3672 3394; x_wconf 80' lang='lat' dir='ltr'><strong>se</strong></span> 
     </span>
    </p>
   </div>
   <div class='ocr_carea' id='block_1_96' title="bbox 2119 3419 3666 3502">
    <p class='ocr_par' dir='ltr' id='par_1_96' title="bbox 2119 3419 3666 3502">
     <span class='ocr_line' id='line_1_96' title="bbox 2119 3419 3666 3502; baseline 0.009 -26"><span class='ocrx_word' id='word_1_760' title='bbox 2119 3419 2317 3479; x_wconf 87' lang='lat' dir='ltr'><strong>faceret</strong></span> <span class='ocrx_word' id='word_1_761' title='bbox 2346 3423 2510 3492; x_wconf 86' lang='lat' dir='ltr'><strong>viam,</strong></span> <span class='ocrx_word' id='word_1_762' title='bbox 2534 3440 2654 3483; x_wconf 90' lang='lat' dir='ltr'><strong>cum</strong></span> <span class='ocrx_word' id='word_1_763' title='bbox 2678 3442 2882 3501; x_wconf 67' lang='lat' dir='ltr'><strong>magna:</strong></span> <span class='ocrx_word' id='word_1_764' title='bbox 2905 3434 3017 3502; x_wconf 90' lang='lat' dir='ltr'><strong>spei</strong></span> <span class='ocrx_word' id='word_1_765' title='bbox 3045 3432 3224 3490; x_wconf 60' lang='lat' dir='ltr'><strong>lastitia</strong></span> <span class='ocrx_word' id='word_1_766' title='bbox 3254 3434 3478 3493; x_wconf 87' lang='lat' dir='ltr'><strong>fideliter</strong></span> <span class='ocrx_word' id='word_1_767' title='bbox 3502 3439 3666 3492; x_wconf 84' lang='lat' dir='ltr'><strong>teneat.</strong></span> 
     </span>
    </p>
   </div>
   <div class='ocr_carea' id='block_1_97' title="bbox 2118 3510 3669 3600">
    <p class='ocr_par' dir='ltr' id='par_1_97' title="bbox 2118 3510 3669 3600">
     <span class='ocr_line' id='line_1_97' title="bbox 2118 3510 3669 3600; baseline 0.011 -34"><span class='ocrx_word' id='word_1_768' title='bbox 2118 3510 2195 3566; x_wconf 88' lang='lat' dir='ltr'><strong>Ne</strong></span> <span class='ocrx_word' id='word_1_769' title='bbox 2229 3518 2442 3583; x_wconf 82' lang='lat' dir='ltr'><strong>peccet,</strong></span> <span class='ocrx_word' id='word_1_770' title='bbox 2475 3528 2504 3570; x_wconf 86' lang='lat' dir='ltr'><strong>a</strong></span> <span class='ocrx_word' id='word_1_771' title='bbox 2533 3531 2657 3589; x_wconf 88' lang='lat' dir='ltr'><strong>rege</strong></span> <span class='ocrx_word' id='word_1_772' title='bbox 2684 3518 2896 3577; x_wconf 86' lang='lat' dir='ltr'><strong>Christo</strong></span> <span class='ocrx_word' id='word_1_773' title='bbox 2921 3531 3161 3595; x_wconf 87' lang='lat' dir='ltr'><strong>regatur;</strong></span> <span class='ocrx_word' id='word_1_774' title='bbox 3194 3526 3239 3582; x_wconf 89' lang='lat' dir='ltr'><strong>si</strong></span> <span class='ocrx_word' id='word_1_775' title='bbox 3283 3526 3422 3585; x_wconf 87' lang='lat' dir='ltr'><strong>forte</strong></span> <span class='ocrx_word' id='word_1_776' title='bbox 3453 3538 3669 3600; x_wconf 33' lang='lat' dir='ltr'><strong>peccatve;</strong></span> 
     </span>
    </p>
   </div>
   <div class='ocr_carea' id='block_1_98' title="bbox 2118 3602 3665 3689">
    <p class='ocr_par' dir='ltr' id='par_1_98' title="bbox 2118 3602 3665 3689">
     <span class='ocr_line' id='line_1_98' title="bbox 2118 3602 3665 3689; baseline 0.01 -33"><span class='ocrx_word' id='word_1_777' title='bbox 2118 3602 2221 3669; x_wconf 91' lang='lat' dir='ltr'><strong>rit,</strong></span> <span class='ocrx_word' id='word_1_778' title='bbox 2257 3603 2328 3659; x_wconf 85' lang='lat' dir='ltr'><strong>ab</strong></span> <span class='ocrx_word' id='word_1_779' title='bbox 2363 3604 2550 3663; x_wconf 85' lang='lat' dir='ltr'><strong>eodem</strong></span> <span class='ocrx_word' id='word_1_780' title='bbox 2582 3609 2856 3668; x_wconf 82' lang='lat' dir='ltr'><strong>sacerdote</strong></span> <span class='ocrx_word' id='word_1_781' title='bbox 2891 3612 3104 3671; x_wconf 86' lang='lat' dir='ltr'><strong>Christo</strong></span> <span class='ocrx_word' id='word_1_782' title='bbox 3131 3617 3418 3689; x_wconf 78' lang='lat' dir='ltr'><strong>expietur:</strong></span> <span class='ocrx_word' id='word_1_783' title='bbox 3447 3627 3585 3689; x_wconf 84' lang='lat' dir='ltr'><strong>atque</strong></span> <span class='ocrx_word' id='word_1_784' title='bbox 3608 3616 3665 3672; x_wconf 80' lang='lat' dir='ltr'><strong>ita</strong></span> 
     </span>
    </p>
   </div>
   <div class='ocr_carea' id='block_1_99' title="bbox 2118 3694 3661 3776">
    <p class='ocr_par' dir='ltr' id='par_1_99' title="bbox 2118 3694 3661 3776">
     <span class='ocr_line' id='line_1_99' title="bbox 2118 3694 3661 3776; baseline 0.012 -27"><span class='ocrx_word' id='word_1_785' title='bbox 2118 3694 2172 3749; x_wconf 77' lang='lat' dir='ltr'><strong>in</strong></span> <span class='ocrx_word' id='word_1_786' title='bbox 2219 3697 2427 3754; x_wconf 85' lang='lat' dir='ltr'><strong>actione</strong></span> <span class='ocrx_word' id='word_1_787' title='bbox 2471 3698 2624 3757; x_wconf 77' lang='lat' dir='ltr'><strong>homo</strong></span> <span class='ocrx_word' id='word_1_788' title='bbox 2670 3707 3087 3764; x_wconf 86' lang='lat' dir='ltr'><strong>conversationis</strong></span> <span class='ocrx_word' id='word_1_789' title='bbox 3130 3719 3185 3765; x_wconf 92' lang='lat' dir='ltr'><strong>et</strong></span> <span class='ocrx_word' id='word_1_790' title='bbox 3233 3711 3355 3769; x_wconf 67' lang='lat' dir='ltr'><strong>vitae</strong></span> <span class='ocrx_word' id='word_1_791' title='bbox 3404 3709 3661 3776; x_wconf 78' lang='lat' dir='ltr'><strong>nutritus’,</strong></span> 
     </span>
    </p>
   </div>
   <div class='ocr_carea' id='block_1_100' title="bbox 2118 3790 3662 3872">
    <p class='ocr_par' dir='ltr' id='par_1_100' title="bbox 2118 3790 3662 3872">
     <span class='ocr_line' id='line_1_100' title="bbox 2118 3790 3662 3872; baseline 0.01 -30"><span class='ocrx_word' id='word_1_792' title='bbox 2118 3790 2310 3857; x_wconf 86' lang='lat' dir='ltr'><strong>pennis</strong></span> <span class='ocrx_word' id='word_1_793' title='bbox 2327 3792 2554 3862; x_wconf 70' lang='lat' dir='ltr'><strong>geminae</strong></span> <span class='ocrx_word' id='word_1_794' title='bbox 2577 3791 2875 3852; x_wconf 89' lang='lat' dir='ltr'><strong>dilectionis</strong></span> <span class='ocrx_word' id='word_1_795' title='bbox 2901 3805 3147 3872; x_wconf 87' lang='lat' dir='ltr'><strong>tanquam</strong></span> <span class='ocrx_word' id='word_1_796' title='bbox 3169 3800 3380 3862; x_wconf 88' lang='lat' dir='ltr'><strong>duabus</strong></span> <span class='ocrx_word' id='word_1_797' title='bbox 3403 3805 3495 3860; x_wconf 90' lang='lat' dir='ltr'><strong>alis</strong></span> <span class='ocrx_word' id='word_1_798' title='bbox 3511 3797 3662 3859; x_wconf 82' lang='lat' dir='ltr'><strong>validis</strong></span> 
     </span>
    </p>
   </div>
   <div class='ocr_carea' id='block_1_101' title="bbox 2119 3887 3658 3962">
    <p class='ocr_par' dir='ltr' id='par_1_101' title="bbox 2119 3887 3658 3962">
     <span class='ocr_line' id='line_1_101' title="bbox 2119 3887 3658 3962; baseline 0.008 -25"><span class='ocrx_word' id='word_1_799' title='bbox 2119 3891 2332 3939; x_wconf 86' lang='lat' dir='ltr'><strong>evectus</strong></span> <span class='ocrx_word' id='word_1_800' title='bbox 2358 3900 2388 3939; x_wconf 88' lang='lat' dir='ltr'><strong>a</strong></span> <span class='ocrx_word' id='word_1_801' title='bbox 2417 3887 2591 3954; x_wconf 88' lang='lat' dir='ltr'><strong>terris,</strong></span> <span class='ocrx_word' id='word_1_802' title='bbox 2614 3887 2682 3943; x_wconf 90' lang='lat' dir='ltr'><strong>ab</strong></span> <span class='ocrx_word' id='word_1_803' title='bbox 2709 3889 2897 3946; x_wconf 90' lang='lat' dir='ltr'><strong>eodem</strong></span> <span class='ocrx_word' id='word_1_804' title='bbox 2926 3894 3042 3962; x_wconf 89' lang='lat' dir='ltr'><strong>ipso</strong></span> <span class='ocrx_word' id='word_1_805' title='bbox 3067 3894 3280 3953; x_wconf 89' lang='lat' dir='ltr'><strong>Christo</strong></span> <span class='ocrx_word' id='word_1_806' title='bbox 3304 3896 3476 3962; x_wconf 73' lang='lat' dir='ltr'><strong>Verbo</strong></span> <span class='ocrx_word' id='word_1_807' title='bbox 3504 3892 3658 3952; x_wconf 69' lang='lat' dir='ltr'><strong>iliumi~</strong></span> 
     </span>
    </p>
   </div>
   <div class='ocr_carea' id='block_1_102' title="bbox 2117 3977 3659 4056">
    <p class='ocr_par' dir='ltr' id='par_1_102' title="bbox 2117 3977 3659 4056">
     <span class='ocr_line' id='line_1_102' title="bbox 2117 3977 3659 4056; baseline 0.007 -26"><span class='ocrx_word' id='word_1_808' title='bbox 2117 3985 2293 4043; x_wconf 89' lang='lat' dir='ltr'><strong>netur,</strong></span> <span class='ocrx_word' id='word_1_809' title='bbox 2325 3977 2503 4033; x_wconf 83' lang='lat' dir='ltr'><strong>Verbo</strong></span> <span class='ocrx_word' id='word_1_810' title='bbox 2526 3978 2668 4050; x_wconf 88' lang='lat' dir='ltr'><strong>quod</strong></span> <span class='ocrx_word' id='word_1_811' title='bbox 2698 3979 2752 4036; x_wconf 93' lang='lat' dir='ltr'><strong>in</strong></span> <span class='ocrx_word' id='word_1_812' title='bbox 2784 3983 3042 4055; x_wconf 88' lang='lat' dir='ltr'><strong>principio</strong></span> <span class='ocrx_word' id='word_1_813' title='bbox 3068 3996 3202 4056; x_wconf 88' lang='lat' dir='ltr'><strong>erat,</strong></span> <span class='ocrx_word' id='word_1_814' title='bbox 3226 3998 3280 4045; x_wconf 92' lang='lat' dir='ltr'><strong>et</strong></span> <span class='ocrx_word' id='word_1_815' title='bbox 3300 3986 3525 4046; x_wconf 78' lang='lat' dir='ltr'><strong>Verbum</strong></span> <span class='ocrx_word' id='word_1_816' title='bbox 3549 3980 3659 4056; x_wconf 83' lang='lat' dir='ltr'><strong>apud</strong></span> 
     </span>
    </p>
   </div>
   <div class='ocr_carea' id='block_1_103' title="bbox 2118 4068 3659 4155">
    <p class='ocr_par' dir='ltr' id='par_1_103' title="bbox 2118 4068 3659 4155">
     <span class='ocr_line' id='line_1_103' title="bbox 2118 4068 3659 4155; baseline 0.006 -32"><span class='ocrx_word' id='word_1_817' title='bbox 2118 4068 2284 4124; x_wconf 86' lang='lat' dir='ltr'><strong>Deum</strong></span> <span class='ocrx_word' id='word_1_818' title='bbox 2312 4078 2446 4139; x_wconf 84' lang='lat' dir='ltr'><strong>erat,</strong></span> <span class='ocrx_word' id='word_1_819' title='bbox 2475 4080 2529 4128; x_wconf 92' lang='lat' dir='ltr'><strong>et</strong></span> <span class='ocrx_word' id='word_1_820' title='bbox 2549 4071 2783 4129; x_wconf 80' lang='lat' dir='ltr'><strong>Verbum</strong></span> <span class='ocrx_word' id='word_1_821' title='bbox 2808 4077 2947 4133; x_wconf 88' lang='lat' dir='ltr'><strong>Deus</strong></span> <span class='ocrx_word' id='word_1_822' title='bbox 2972 4087 3086 4134; x_wconf 90' lang='lat' dir='ltr'><strong>erat</strong></span> <span class='ocrx_word' id='word_1_823' title='bbox 3117 4078 3294 4154; x_wconf 83' lang='lat' dir='ltr'><strong>(Joan.</strong></span> <span class='ocrx_word' id='word_1_824' title='bbox 3321 4098 3361 4151; x_wconf 89' lang='grc' dir='ltr'>ι,</span> <span class='ocrx_word' id='word_1_825' title='bbox 3388 4080 3461 4155; x_wconf 89' lang='grc'><strong>1);</strong></span> <span class='ocrx_word' id='word_1_826' title='bbox 3482 4081 3567 4138; x_wconf 87' lang='lat' dir='ltr'><strong>etsi</strong></span> <span class='ocrx_word' id='word_1_827' title='bbox 3583 4093 3659 4150; x_wconf 86' lang='lat' dir='ltr'><strong>per</strong></span> 
     </span>
    </p>
   </div>
   <div class='ocr_carea' id='block_1_104' title="bbox 2118 4163 3656 4243">
    <p class='ocr_par' dir='ltr' id='par_1_104' title="bbox 2118 4163 3656 4243">
     <span class='ocr_line' id='line_1_104' title="bbox 2118 4163 3656 4243; baseline 0.006 -26"><span class='ocrx_word' id='word_1_828' title='bbox 2118 4163 2391 4233; x_wconf 88' lang='lat' dir='ltr'><strong>speculum</strong></span> <span class='ocrx_word' id='word_1_829' title='bbox 2427 4174 2482 4221; x_wconf 81' lang='lat' dir='ltr'><strong>et</strong></span> <span class='ocrx_word' id='word_1_830' title='bbox 2520 4165 2574 4221; x_wconf 90' lang='lat' dir='ltr'><strong>in</strong></span> <span class='ocrx_word' id='word_1_831' title='bbox 2621 4168 2920 4239; x_wconf 59' lang='lat' dir='ltr'><strong>aenigmate,</strong></span> <span class='ocrx_word' id='word_1_832' title='bbox 2946 4168 3101 4243; x_wconf 84' lang='lat' dir='ltr'><strong>longe</strong></span> <span class='ocrx_word' id='word_1_833' title='bbox 3130 4180 3307 4230; x_wconf 89' lang='lat' dir='ltr'><strong>tamen</strong></span> <span class='ocrx_word' id='word_1_834' title='bbox 3336 4171 3656 4233; x_wconf 82' lang='lat' dir='ltr'><strong>subiimiusab</strong></span> 
     </span>
    </p>
   </div>
   <div class='ocr_carea' id='block_1_105' title="bbox 2119 4256 3656 4341">
    <p class='ocr_par' dir='ltr' id='par_1_105' title="bbox 2119 4256 3656 4341">
     <span class='ocr_line' id='line_1_105' title="bbox 2119 4256 3656 4341; baseline 0.005 -32"><span class='ocrx_word' id='word_1_835' title='bbox 2119 4256 2262 4311; x_wconf 90' lang='lat' dir='ltr'><strong>omni</strong></span> <span class='ocrx_word' id='word_1_836' title='bbox 2297 4258 2643 4317; x_wconf 87' lang='lat' dir='ltr'><strong>similitudine</strong></span> <span class='ocrx_word' id='word_1_837' title='bbox 2671 4262 2951 4332; x_wconf 89' lang='lat' dir='ltr'><strong>corporali.</strong></span> <span class='ocrx_word' id='word_1_838' title='bbox 2975 4262 3331 4338; x_wconf 86' lang='lat' dir='ltr'><strong>Quapropter,</strong></span> <span class='ocrx_word' id='word_1_839' title='bbox 3360 4265 3582 4341; x_wconf 86' lang='lat' dir='ltr'><strong>quamvis</strong></span> <span class='ocrx_word' id='word_1_840' title='bbox 3613 4263 3656 4316; x_wconf 86' lang='lat' dir='ltr'><strong>in</strong></span> 
     </span>
    </p>
   </div>
   <div class='ocr_carea' id='block_1_106' title="bbox 2120 4347 3657 4431">
    <p class='ocr_par' dir='ltr' id='par_1_106' title="bbox 2120 4347 3657 4431">
     <span class='ocr_line' id='line_1_106' title="bbox 2120 4347 3657 4431; baseline 0.005 -30"><span class='ocrx_word' id='word_1_841' title='bbox 2120 4347 2222 4403; x_wconf 87' lang='lat' dir='ltr'><strong>illis</strong></span> <span class='ocrx_word' id='word_1_842' title='bbox 2249 4349 2419 4404; x_wconf 90' lang='lat' dir='ltr'><strong>tribus</strong></span> <span class='ocrx_word' id='word_1_843' title='bbox 2445 4351 2661 4418; x_wconf 72' lang='lat' dir='ltr'><strong>activte,</strong></span> <span class='ocrx_word' id='word_1_844' title='bbox 2692 4353 2745 4407; x_wconf 90' lang='lat' dir='ltr'><strong>in</strong></span> <span class='ocrx_word' id='word_1_845' title='bbox 2770 4348 2990 4412; x_wconf 84' lang='lat' dir='ltr'><strong>Joannis</strong></span> <span class='ocrx_word' id='word_1_846' title='bbox 3026 4365 3203 4414; x_wconf 88' lang='lat' dir='ltr'><strong>autem</strong></span> <span class='ocrx_word' id='word_1_847' title='bbox 3243 4359 3520 4431; x_wconf 86' lang='lat' dir='ltr'><strong>Evangelio</strong></span> <span class='ocrx_word' id='word_1_848' title='bbox 3546 4355 3657 4412; x_wconf 73' lang='lat' dir='ltr'><strong>dona</strong></span> 
     </span>
    </p>
   </div>
   <div class='ocr_carea' id='block_1_107' title="bbox 2119 4440 3656 4524">
    <p class='ocr_par' dir='ltr' id='par_1_107' title="bbox 2119 4440 3656 4524">
     <span class='ocr_line' id='line_1_107' title="bbox 2119 4440 3656 4524; baseline 0.008 -30"><span class='ocrx_word' id='word_1_849' title='bbox 2119 4440 2542 4510; x_wconf 75' lang='lat' dir='ltr'><strong>contemplativa:</strong></span> <span class='ocrx_word' id='word_1_850' title='bbox 2560 4443 2767 4499; x_wconf 89' lang='lat' dir='ltr'><strong>virtutis</strong></span> <span class='ocrx_word' id='word_1_851' title='bbox 2782 4444 3029 4502; x_wconf 88' lang='lat' dir='ltr'><strong>eiuceant</strong></span> <span class='ocrx_word' id='word_1_852' title='bbox 3047 4449 3125 4506; x_wconf 91' lang='lat' dir='ltr'><strong>eis</strong></span> <span class='ocrx_word' id='word_1_853' title='bbox 3141 4450 3229 4522; x_wconf 90' lang='lat' dir='ltr'><strong>qui</strong></span> <span class='ocrx_word' id='word_1_854' title='bbox 3256 4448 3368 4509; x_wconf 73' lang='lat' dir='ltr'><strong>haec</strong></span> <span class='ocrx_word' id='word_1_855' title='bbox 3391 4454 3656 4524; x_wconf 74' lang='lat' dir='ltr'><strong>dignoscere</strong></span> 
     </span>
    </p>
   </div>
   <div class='ocr_carea' id='block_1_108' title="bbox 2120 4531 3653 4613">
    <p class='ocr_par' dir='ltr' id='par_1_108' title="bbox 2120 4531 3653 4613">
     <span class='ocr_line' id='line_1_108' title="bbox 2120 4531 3653 4613; baseline 0.01 -28"><span class='ocrx_word' id='word_1_856' title='bbox 2120 4539 2242 4586; x_wconf 90' lang='lat' dir='ltr'><strong>sunt</strong></span> <span class='ocrx_word' id='word_1_857' title='bbox 2265 4531 2477 4598; x_wconf 87' lang='lat' dir='ltr'><strong>idonei;</strong></span> <span class='ocrx_word' id='word_1_858' title='bbox 2503 4542 2679 4590; x_wconf 87' lang='lat' dir='ltr'><strong>tamen</strong></span> <span class='ocrx_word' id='word_1_859' title='bbox 2709 4545 2763 4591; x_wconf 90' lang='lat' dir='ltr'><strong>et</strong></span> <span class='ocrx_word' id='word_1_860' title='bbox 2792 4532 2896 4592; x_wconf 91' lang='lat' dir='ltr'><strong>hoc</strong></span> <span class='ocrx_word' id='word_1_861' title='bbox 2920 4537 3162 4610; x_wconf 82' lang='lat' dir='ltr'><strong>Joannis,</strong></span> <span class='ocrx_word' id='word_1_862' title='bbox 3190 4546 3434 4613; x_wconf 84' lang='lat' dir='ltr'><strong>quoniam</strong></span> <span class='ocrx_word' id='word_1_863' title='bbox 3457 4559 3513 4599; x_wconf 76' lang='lat' dir='ltr'><strong>ex</strong></span> <span class='ocrx_word' id='word_1_864' title='bbox 3535 4545 3653 4611; x_wconf 67' lang='lat' dir='ltr'><strong>parte</strong></span> 
     </span>
    </p>
   </div>
   <div class='ocr_carea' id='block_1_109' title="bbox 2118 4623 3653 4706">
    <p class='ocr_par' dir='ltr' id='par_1_109' title="bbox 2118 4623 3653 4706">
     <span class='ocr_line' id='line_1_109' title="bbox 2118 4623 3653 4706; baseline 0.004 -29"><span class='ocrx_word' id='word_1_865' title='bbox 2118 4631 2229 4686; x_wconf 85' lang='lat' dir='ltr'><strong>est,</strong></span> <span class='ocrx_word' id='word_1_866' title='bbox 2270 4623 2348 4678; x_wconf 91' lang='lat' dir='ltr'><strong>sic</strong></span> <span class='ocrx_word' id='word_1_867' title='bbox 2390 4624 2627 4679; x_wconf 86' lang='lat' dir='ltr'><strong>manebit</strong></span> <span class='ocrx_word' id='word_1_868' title='bbox 2669 4626 2841 4683; x_wconf 90' lang='lat' dir='ltr'><strong>donec</strong></span> <span class='ocrx_word' id='word_1_869' title='bbox 2888 4629 3063 4685; x_wconf 84' lang='lat' dir='ltr'><strong>veniat</strong></span> <span class='ocrx_word' id='word_1_870' title='bbox 3107 4632 3250 4703; x_wconf 88' lang='lat' dir='ltr'><strong>quod</strong></span> <span class='ocrx_word' id='word_1_871' title='bbox 3288 4636 3556 4706; x_wconf 87' lang='lat' dir='ltr'><strong>perfectum</strong></span> <span class='ocrx_word' id='word_1_872' title='bbox 3590 4635 3653 4685; x_wconf 83' lang='lat' dir='ltr'><strong>est</strong></span> 
     </span>
    </p>
   </div>
   <div class='ocr_carea' id='block_1_110' title="bbox 2119 4711 3649 4796">
    <p class='ocr_par' dir='ltr' id='par_1_110' title="bbox 2119 4711 3649 4796">
     <span class='ocr_line' id='line_1_110' title="bbox 2119 4711 3649 4796; baseline 0.007 -30"><span class='ocrx_word' id='word_1_873' title='bbox 2119 4711 2163 4784; x_wconf 92' lang='lat' dir='ltr'><strong>(l</strong></span> <span class='ocrx_word' id='word_1_874' title='bbox 2194 4712 2310 4768; x_wconf 88' lang='lat' dir='ltr'><strong>Cor.</strong></span> <span class='ocrx_word' id='word_1_875' title='bbox 2340 4730 2451 4782; x_wconf 79' lang='lat' dir='ltr'><strong>xm,</strong></span> <span class='ocrx_word' id='word_1_876' title='bbox 2481 4715 2569 4778; x_wconf 73' lang='grc'><strong>12,</strong></span> <span class='ocrx_word' id='word_1_877' title='bbox 2598 4716 2651 4781; x_wconf 87' lang='lat'><strong>9,</strong></span> <span class='ocrx_word' id='word_1_878' title='bbox 2682 4716 2788 4790; x_wconf 88' lang='lat' dir='ltr'><strong>i0).</strong></span> <span class='ocrx_word' id='word_1_879' title='bbox 2823 4718 2890 4774; x_wconf 81' lang='lat' dir='ltr'><strong>Et</strong></span> <span class='ocrx_word' id='word_1_880' title='bbox 2918 4719 3006 4775; x_wconf 89' lang='lat' dir='ltr'><strong>alii</strong></span> <span class='ocrx_word' id='word_1_881' title='bbox 3036 4722 3250 4791; x_wconf 79' lang='lat' dir='ltr'><strong>quidem</strong></span> <span class='ocrx_word' id='word_1_882' title='bbox 3281 4725 3432 4783; x_wconf 90' lang='lat' dir='ltr'><strong>datur</strong></span> <span class='ocrx_word' id='word_1_883' title='bbox 3455 4739 3537 4796; x_wconf 82' lang='lat' dir='ltr'><strong>per</strong></span> <span class='ocrx_word' id='word_1_884' title='bbox 3554 4719 3649 4790; x_wconf 82' lang='lat' dir='ltr'><strong>Spi-</strong></span> 
     </span>
    </p>
   </div>
   <div class='ocr_carea' id='block_1_111' title="bbox 2117 4806 3647 4880">
    <p class='ocr_par' dir='ltr' id='par_1_111' title="bbox 2117 4806 3647 4880">
     <span class='ocr_line' id='line_1_111' title="bbox 2117 4806 3647 4880; baseline 0.005 -18"><span class='ocrx_word' id='word_1_885' title='bbox 2117 4806 2277 4862; x_wconf 84' lang='lat' dir='ltr'><strong>ritum</strong></span> <span class='ocrx_word' id='word_1_886' title='bbox 2309 4824 2485 4864; x_wconf 87' lang='lat' dir='ltr'><strong>sermo</strong></span> <span class='ocrx_word' id='word_1_887' title='bbox 2515 4811 2807 4880; x_wconf 67' lang='lat' dir='ltr'><strong>sapientiaa,</strong></span> <span class='ocrx_word' id='word_1_888' title='bbox 2830 4813 2919 4867; x_wconf 91' lang='lat' dir='ltr'><strong>alii</strong></span> <span class='ocrx_word' id='word_1_889' title='bbox 2947 4829 3126 4870; x_wconf 88' lang='lat' dir='ltr'><strong>sermo</strong></span> <span class='ocrx_word' id='word_1_890' title='bbox 3150 4818 3383 4875; x_wconf 66' lang='lat' dir='ltr'><strong>scientia:</strong></span> <span class='ocrx_word' id='word_1_891' title='bbox 3407 4813 3647 4875; x_wconf 84' lang='lat' dir='ltr'><strong>secundum</strong></span> 
     </span>
    </p>
   </div>
   <div class='ocr_carea' id='block_1_112' title="bbox 2117 4899 3645 4979">
    <p class='ocr_par' dir='ltr' id='par_1_112' title="bbox 2117 4899 3645 4979">
     <span class='ocr_line' id='line_1_112' title="bbox 2117 4899 3645 4979; baseline 0.005 -25"><span class='ocrx_word' id='word_1_892' title='bbox 2117 4899 2362 4954; x_wconf 90' lang='lat' dir='ltr'><strong>eumdem</strong></span> <span class='ocrx_word' id='word_1_893' title='bbox 2391 4900 2645 4971; x_wconf 81' lang='lat' dir='ltr'><strong>Spiritum</strong></span> <span class='ocrx_word' id='word_1_894' title='bbox 2688 4901 2707 4977; x_wconf 96' lang='lat'><strong>(</strong></span> <span class='ocrx_word' id='word_1_895' title='bbox 2735 4900 2821 4958; x_wconf 86' lang='lat' dir='ltr'><strong>Id.</strong></span> <span class='ocrx_word' id='word_1_896' title='bbox 2847 4920 2942 4971; x_wconf 82' lang='lat' dir='ltr'><strong>xu,</strong></span> <span class='ocrx_word' id='word_1_897' title='bbox 2965 4904 3075 4979; x_wconf 85' lang='lat'><strong>8);</strong></span> <span class='ocrx_word' id='word_1_898' title='bbox 3120 4908 3256 4965; x_wconf 88' lang='lat' dir='ltr'><strong>alius</strong></span> <span class='ocrx_word' id='word_1_899' title='bbox 3294 4912 3429 4969; x_wconf 91' lang='lat' dir='ltr'><strong>diem</strong></span> <span class='ocrx_word' id='word_1_900' title='bbox 3468 4905 3645 4964; x_wconf 83' lang='lat' dir='ltr'><strong>Domino</strong></span> 
     </span>
    </p>
   </div>
   <div class='ocr_carea' id='block_1_113' title="bbox 2119 4991 3645 5072">
    <p class='ocr_par' dir='ltr' id='par_1_113' title="bbox 2119 4991 3645 5072">
     <span class='ocr_line' id='line_1_113' title="bbox 2119 4991 3645 5072; baseline 0.005 -27"><span class='ocrx_word' id='word_1_901' title='bbox 2119 4992 2256 5061; x_wconf 87' lang='lat' dir='ltr'><strong>sapit</strong></span> <span class='ocrx_word' id='word_1_902' title='bbox 2279 4991 2453 5063; x_wconf 83' lang='lat' dir='ltr'><strong>(Rom.</strong></span> <span class='ocrx_word' id='word_1_903' title='bbox 2476 5008 2589 5063; x_wconf 69' lang='grc' dir='ltr'><strong>κεν,</strong></span> <span class='ocrx_word' id='word_1_904' title='bbox 2617 4996 2695 5065; x_wconf 87' lang='grc'><strong>6),</strong></span> <span class='ocrx_word' id='word_1_905' title='bbox 2719 4996 2855 5053; x_wconf 85' lang='lat' dir='ltr'><strong>alius</strong></span> <span class='ocrx_word' id='word_1_906' title='bbox 2879 4996 2945 5054; x_wconf 86' lang='lat' dir='ltr'><strong>de</strong></span> <span class='ocrx_word' id='word_1_907' title='bbox 2975 5008 3188 5069; x_wconf 80' lang='lat' dir='ltr'><strong>pectore</strong></span> <span class='ocrx_word' id='word_1_908' title='bbox 3218 4998 3421 5060; x_wconf 87' lang='lat' dir='ltr'><strong>Domini</strong></span> <span class='ocrx_word' id='word_1_909' title='bbox 3447 4996 3645 5072; x_wconf 82' lang='lat' dir='ltr'><strong>liquidius</strong></span> 
     </span>
    </p>
   </div>
   <div class='ocr_carea' id='block_1_114' title="bbox 2118 5081 3641 5162">
    <p class='ocr_par' dir='ltr' id='par_1_114' title="bbox 2118 5081 3641 5162">
     <span class='ocr_line' id='line_1_114' title="bbox 2118 5081 3641 5162; baseline 0.011 -27"><span class='ocrx_word' id='word_1_910' title='bbox 2118 5081 2316 5152; x_wconf 88' lang='lat' dir='ltr'><strong>aliquid</strong></span> <span class='ocrx_word' id='word_1_911' title='bbox 2356 5083 2516 5152; x_wconf 91' lang='lat' dir='ltr'><strong>bibit,</strong></span> <span class='ocrx_word' id='word_1_912' title='bbox 2548 5086 2685 5142; x_wconf 85' lang='lat' dir='ltr'><strong>alios</strong></span> <span class='ocrx_word' id='word_1_913' title='bbox 2714 5088 2915 5145; x_wconf 84' lang='lat' dir='ltr'><strong>levatus</strong></span> <span class='ocrx_word' id='word_1_914' title='bbox 2943 5104 3110 5162; x_wconf 87' lang='lat' dir='ltr'><strong>usque</strong></span> <span class='ocrx_word' id='word_1_915' title='bbox 3137 5092 3202 5148; x_wconf 92' lang='lat' dir='ltr'><strong>ad</strong></span> <span class='ocrx_word' id='word_1_916' title='bbox 3235 5095 3437 5150; x_wconf 89' lang='lat' dir='ltr'><strong>tertium</strong></span> <span class='ocrx_word' id='word_1_917' title='bbox 3467 5090 3641 5151; x_wconf 66' lang='lat' dir='ltr'><strong>caelum.</strong></span> 
     </span>
    </p>
   </div>
   <div class='ocr_carea' id='block_1_115' title="bbox 2116 5174 3640 5258">
    <p class='ocr_par' dir='ltr' id='par_1_115' title="bbox 2116 5174 3640 5258">
     <span class='ocr_line' id='line_1_115' title="bbox 2116 5174 3640 5258; baseline 0.005 -26"><span class='ocrx_word' id='word_1_918' title='bbox 2116 5174 2400 5233; x_wconf 83' lang='lat' dir='ltr'><strong>ineffabilia</strong></span> <span class='ocrx_word' id='word_1_919' title='bbox 2418 5179 2574 5234; x_wconf 89' lang='lat' dir='ltr'><strong>verba</strong></span> <span class='ocrx_word' id='word_1_920' title='bbox 2596 5180 2745 5235; x_wconf 86' lang='lat' dir='ltr'><strong>audit</strong></span> <span class='ocrx_word' id='word_1_921' title='bbox 2766 5180 2830 5253; x_wconf 93' lang='lat' dir='ltr'><strong>(ii</strong></span> <span class='ocrx_word' id='word_1_922' title='bbox 2856 5182 2973 5238; x_wconf 87' lang='lat' dir='ltr'><strong>Cor.</strong></span> <span class='ocrx_word' id='word_1_923' title='bbox 3004 5198 3098 5251; x_wconf 81' lang='lat' dir='ltr'><strong>xu,</strong></span> <span class='ocrx_word' id='word_1_924' title='bbox 3119 5182 3242 5258; x_wconf 67' lang='lat'><strong>2-4)</strong></span> <span class='ocrx_word' id='word_1_925' title='bbox 3263 5205 3276 5241; x_wconf 92' lang='lat'>:</span> <span class='ocrx_word' id='word_1_926' title='bbox 3294 5203 3467 5244; x_wconf 88' lang='lat' dir='ltr'><strong>omnes</strong></span> <span class='ocrx_word' id='word_1_927' title='bbox 3484 5193 3640 5240; x_wconf 77' lang='lat' dir='ltr'><strong>tamen.</strong></span> 
     </span>
    </p>
   </div>
   <div class='ocr_carea' id='block_1_116' title="bbox 2118 5270 3641 5349">
    <p class='ocr_par' dir='ltr' id='par_1_116' title="bbox 2118 5270 3641 5349">
     <span class='ocr_line' id='line_1_116' title="bbox 2118 5270 3641 5349; baseline -0.001 -25"><span class='ocrx_word' id='word_1_928' title='bbox 2118 5270 2367 5341; x_wconf 81' lang='lat' dir='ltr'><strong>quamdiu</strong></span> <span class='ocrx_word' id='word_1_929' title='bbox 2415 5279 2539 5326; x_wconf 88' lang='lat' dir='ltr'><strong>sunt</strong></span> <span class='ocrx_word' id='word_1_930' title='bbox 2585 5273 2636 5328; x_wconf 89' lang='lat' dir='ltr'><strong>in</strong></span> <span class='ocrx_word' id='word_1_931' title='bbox 2669 5284 2928 5345; x_wconf 81' lang='lat' dir='ltr'><strong>corpore,</strong></span> <span class='ocrx_word' id='word_1_932' title='bbox 2971 5278 3372 5349; x_wconf 86' lang='lat' dir='ltr'><strong>peregrinantur</strong></span> <span class='ocrx_word' id='word_1_933' title='bbox 3404 5296 3431 5335; x_wconf 86' lang='lat' dir='ltr'><strong>a</strong></span> <span class='ocrx_word' id='word_1_934' title='bbox 3464 5271 3641 5332; x_wconf 86' lang='lat' dir='ltr'><strong>Domino</strong></span> 
     </span>
    </p>
   </div>
   <div class='ocr_carea' id='block_1_117' title="bbox 2121 5361 3642 5443">
    <p class='ocr_par' dir='ltr' id='par_1_117' title="bbox 2121 5361 3642 5443">
     <span class='ocr_line' id='line_1_117' title="bbox 2121 5361 3642 5443; baseline -0.003 -22"><span class='ocrx_word' id='word_1_935' title='bbox 2121 5361 2211 5436; x_wconf 87' lang='lat' dir='ltr'><strong>(Id</strong></span> <span class='ocrx_word' id='word_1_936' title='bbox 2220 5378 2292 5430; x_wconf 91' lang='lat' dir='ltr'><strong>.v,</strong></span> <span class='ocrx_word' id='word_1_937' title='bbox 2315 5364 2393 5439; x_wconf 83' lang='lat'><strong>6);</strong></span> <span class='ocrx_word' id='word_1_938' title='bbox 2415 5374 2470 5422; x_wconf 91' lang='lat' dir='ltr'><strong>et</strong></span> <span class='ocrx_word' id='word_1_939' title='bbox 2492 5367 2739 5424; x_wconf 88' lang='lat' dir='ltr'><strong>omnibus</strong></span> <span class='ocrx_word' id='word_1_940' title='bbox 2757 5368 2911 5427; x_wconf 81' lang='lat' dir='ltr'><strong>home</strong></span> <span class='ocrx_word' id='word_1_941' title='bbox 2936 5372 3049 5443; x_wconf 88' lang='lat' dir='ltr'><strong>spei</strong></span> <span class='ocrx_word' id='word_1_942' title='bbox 3076 5361 3318 5433; x_wconf 81' lang='lat' dir='ltr'><strong>ﬁdelibus</strong></span> <span class='ocrx_word' id='word_1_943' title='bbox 3337 5376 3386 5432; x_wconf 90' lang='lat' dir='ltr'><strong>in</strong></span> <span class='ocrx_word' id='word_1_944' title='bbox 3416 5372 3532 5430; x_wconf 86' lang='lat' dir='ltr'><strong>libro</strong></span> <span class='ocrx_word' id='word_1_945' title='bbox 3549 5366 3642 5421; x_wconf 64' lang='lat' dir='ltr'><strong>vita</strong></span> 
     </span>
    </p>
   </div>
   <div class='ocr_carea' id='block_1_118' title="bbox 2117 5455 3635 5539">
    <p class='ocr_par' dir='ltr' id='par_1_118' title="bbox 2117 5455 3635 5539">
     <span class='ocr_line' id='line_1_118' title="bbox 2117 5455 3635 5539; baseline 0.005 -29"><span class='ocrx_word' id='word_1_946' title='bbox 2117 5455 2333 5526; x_wconf 83' lang='lat' dir='ltr'><strong>scriptis</strong></span> <span class='ocrx_word' id='word_1_947' title='bbox 2360 5464 2601 5514; x_wconf 80' lang='lat' dir='ltr'><strong>servatur</strong></span> <span class='ocrx_word' id='word_1_948' title='bbox 2617 5459 2758 5531; x_wconf 89' lang='lat' dir='ltr'><strong>quod</strong></span> <span class='ocrx_word' id='word_1_949' title='bbox 2780 5459 2977 5519; x_wconf 88' lang='lat' dir='ltr'><strong>dictum</strong></span> <span class='ocrx_word' id='word_1_950' title='bbox 2993 5472 3095 5534; x_wconf 89' lang='lat' dir='ltr'><strong>est,</strong></span> <span class='ocrx_word' id='word_1_951' title='bbox 3120 5462 3188 5520; x_wconf 84' lang='lat' dir='ltr'><strong>Et</strong></span> <span class='ocrx_word' id='word_1_952' title='bbox 3211 5481 3304 5539; x_wconf 82' lang='lat' dir='ltr'><strong>ego</strong></span> <span class='ocrx_word' id='word_1_953' title='bbox 3326 5464 3512 5539; x_wconf 75' lang='lat' dir='ltr'><strong>diligam</strong></span> <span class='ocrx_word' id='word_1_954' title='bbox 3534 5471 3635 5519; x_wconf 68' lang='lat' dir='ltr'><strong>eum.</strong></span> 
     </span>
    </p>
   </div>
   <div class='ocr_carea' id='block_1_119' title="bbox 2112 5670 3637 5801">
    <p class='ocr_par' dir='ltr' id='par_1_119' title="bbox 2112 5670 3637 5801">
     <span class='ocr_line' id='line_1_119' title="bbox 2112 5670 3637 5801; baseline 0.005 -72"><span class='ocrx_word' id='word_1_955' title='bbox 2112 5675 2613 5801; x_wconf 40' lang='lat' dir='ltr'><strong>péngls&#39;septemms.</strong></span> <span class='ocrx_word' id='word_1_956' title='bbox 2637 5679 2951 5743; x_wconf 61' lang='lat' dir='ltr'><strong>probatione</strong></span> <span class='ocrx_word' id='word_1_957' title='bbox 2973 5689 3024 5736; x_wconf 89' lang='lat' dir='ltr'><strong>et</strong></span> 
     </span>
    </p>
   </div>
  </div>
