3888 6322
263 273 412 336 1899
1075 275 1162 332 DE
1200 272 1405 332 SERM.
1446 275 1605 332 DOM.
1652 267 1716 332 ΙΝ
1755 277 1798 333 Μ

2051 278 2108 332 S.
2152 274 2517 334 AUGUSTINI
2556 275 2682 332 LIB.
2726 277 2765 332 Ι.
3414 285 3553 341 ιξδο

165 398 183 435 τ
262 405 317 472 et
342 393 601 450 ostendam
628 395 870 465 meipsum
893 393 970 448 illi
996 391 1175 463 (Joan.
1202 393 1451 465 xrv,2l).
1479 394 1856 452 Verumtamen
1968 393 2198 464 amplius
2243 395 2532 464 praecipere
2576 395 2643 448 de
2685 393 2966 450 dulcedine
3010 394 3284 450 cbaritatis
3310 414 3322 450 :
3352 407 3405 452 et
3433 401 3553 470 quia

263 490 323 545 in
355 489 452 544 bac
479 488 906 560 peregrinatione
933 496 1187 558 quantum
1235 487 1288 542 in
1334 489 1410 543 rci
1457 487 1614 558 hujus
1659 489 1857 546 intelli-
1967 488 2094 543 illud
2138 495 2462 558 praeceptum
2506 487 2842 542 verissimum
2891 504 2954 544 ac
2995 489 3401 545 saluberrimum
3445 502 3548 561 est,

262 582 446 652 gentia
474 580 563 634 vel
611 581 829 635 scientia
879 581 1102 650 quisque
1148 579 1451 650 profecerit,
1503 589 1648 636 tanto
1691 581 1858 652 magis
1971 582 2169 648 Quanto
2199 597 2411 652 magnus
2437 598 2508 646 es,
2548 589 2686 635 tanto
2721 581 2932 636 humilia
2959 593 3006 638 te
3029 583 3083 638 in
3111 583 3340 639 omnibus
3365 583 3554 656 (Eccli.

261 683 457 752 caveat
481 673 740 729 diabolica
773 673 916 738 vitia,
942 673 1244 744 superbiam
1273 681 1329 729 et
1357 673 1719 729 invidentiam.
1751 674 1859 730 Me-
1966 689 2044 737 tn,
2072 673 2189 743 20);
2222 673 2313 744 qui
2340 675 2664 744 evangelista
2685 672 2956 729 Christum
2987 674 3142 746 longe
3166 677 3374 732 caneris
3395 677 3556 734 altius

262 768 486 823 miuerit
526 767 628 823 hoc
670 770 842 838 ipsum
871 768 1211 838 Evangelium
1241 767 1461 822 Joannis
1499 783 1658 838 quam
1690 767 1858 822 multo
1965 767 2333 835 commendat,
2363 767 2503 842 apud
2531 783 2652 823 eum
2682 766 2957 840 discipulis
2987 767 3151 840 pedes
3179 769 3317 824 lavat
3349 767 3552 843 (Joan.

261 860 492 928 amplius
509 860 661 930 erigit
681 859 746 914 ad
763 860 1266 930 contemplationem
1278 860 1536 927 veritatis,
1558 869 1662 914 tam
1685 859 1850 914 multo
1965 876 2078 928 xm,
2105 861 2183 931 5).

2453 977 3551 1033 ἓ

1455 1017 2068 1028 ῌω--ᾑ-

854 1257 920 1314 ΙΝ
952 1253 1491 1323 SUBSEQUENTES
1529 1254 1774 1311 LIBROS
1816 1253 1902 1309 DE
1943 1254 2266 1312 SERMONE
2307 1254 2542 1316 DOMINI
2579 1255 2645 1313 IN
2685 1258 2941 1316 ΜΟΝΤΕ.

1223 1380 1226 1382 ⁷
1759 1369 2076 1425 (Θὶτεᾶεέθιῑεῦ

342 1480 425 1540 Ad
449 1479 644 1542 Christi
675 1491 875 1536 annum
913 1475 1019 1532 595
1040 1517 1056 1544 ,
1079 1479 1192 1532 sive
1229 1474 1357 1540 594,
1392 1475 1627 1546 pertinet
1675 1473 1777 1530 hoc
1823 1487 1977 1542 opus,
2020 1472 2089 1528 ab
2111 1474 2410 1545 Augustino
2437 1475 2753 1548 presbyterii
2796 1478 2877 1533 sui
2919 1487 3158 1549 tempore
3190 1479 3540 1538 elaboratum.

261 1577 481 1649 Quippe
514 1576 566 1630 in
596 1574 769 1646 primo
791 1571 1246 1628 Retractationum
1281 1569 1434 1633 libro,
1463 1584 1584 1640 cap.
1611 1568 1677 1625 l9
1702 1609 1716 1632 .
1752 1574 1869 1637 post
1909 1568 2226 1622 reccnsitam
2263 1569 2431 1634 illam,
2469 1586 2628 1640 quant
2662 1571 2715 1626 in
2742 1571 3243 1644 l-lippone-regiensi
3287 1575 3412 1629 anni
3439 1573 3550 1631 393

263 1670 496 1732 concilio
519 1668 702 1724 habuit
729 1667 796 1722 de
816 1665 942 1719 Fide
960 1674 1012 1719 et
1034 1663 1286 1736 Symboiu
1304 1661 1738 1732 disputationem,
1769 1659 2082 1716 recordatus
2100 1662 2426 1732 Augustinus
2443 1663 2564 1719 libri
2587 1665 2669 1720 sui
2698 1665 2763 1721 de
2789 1664 2982 1722 Genesi
3013 1667 3079 1722 ad
3097 1668 3326 1724 litteram
3351 1668 3550 1739 imper-

261 1764 418 1828 fecti,
451 1776 622 1834 neque
648 1759 750 1814 alia
783 1774 940 1828 quam
967 1772 1084 1827 quae
1113 1771 1176 1812 ex
1211 1761 1336 1810 ante
1373 1753 1588 1809 laudato
1625 1753 1854 1809 concilio
1893 1754 2028 1808 sumi
2069 1755 2271 1826 possit,
2303 1758 2476 1812 :etatis
2508 1758 2774 1828 assignate
2804 1768 2960 1830 nuta,
2993 1761 3116 1817 facit
3152 1763 3398 1835 proximo
3433 1742 3552 1819 loco

262 1855 592 1914 mentionem
623 1851 778 1921 hujus
805 1848 982 1920 operis
1013 1849 1066 1906 in
1087 1847 1274 1904 istittec
1301 1846 1458 1903 verba
1489 1863 1502 1900 :
1531 1843 1636 1901 Per
1669 1846 1801 1901 idem
1831 1856 2026 1918 tempus
2052 1846 2116 1900 de
2141 1847 2388 1902 Sermone
2415 1847 2624 1904 Domini
2647 1851 2701 1905 in
2733 1861 2900 1907 monte
2940 1853 3214 1908 secundum
3251 1852 3555 1910 Matthanun

262 1930 365 2006 duo
381 1949 635 2008 volumina
656 1944 857 2014 scripsi.

336 2044 502 2100 Porro
523 2057 628 2098 uno
667 2037 936 2094 volumine
967 2036 1194 2105 explicat
1232 2033 1455 2104 primam
1492 2031 1731 2102 ejusdem
1772 2033 2036 2089 sermonis
2062 2041 2270 2102 partem
2311 2042 2614 2090 contentam
2643 2035 2874 2093 Matthzei
2909 2039 3082 2108 capite
3104 2040 3328 2110 quinto:
3359 2041 3554 2110 altero,

269 2137 632 2210 posteriorem
663 2134 716 2190 in
739 2130 1085 2201 sequentibus
1114 2128 1377 2198 capitibus
1417 2137 1571 2184 sexto
1597 2135 1651 2182 et
1679 2125 1907 2196 septimo
1933 2125 2402 2196 comprehensam.
2432 2127 2540 2183 Cur
2563 2139 2738 2185 autem
2773 2147 2838 2186 ex
2861 2139 2971 2186 toto
2995 2131 3285 2204 Evangeiio
3307 2135 3465 2190 istum
3487 2137 3542 2192 in

263 2232 454 2304 primis
480 2243 784 2288 sermonem
814 2225 1146 2282 tractandum
1179 2222 1495 2288 susceperit,
1523 2236 1640 2278 eam
1669 2220 1878 2278 videtur
1911 2220 1962 2274 in
1992 2221 2172 2291 operis
2194 2221 2348 2278 initio
2376 2221 2715 2279 subindicare
2735 2239 2947 2279 causam
2965 2268 2980 2294 ,
3005 2227 3145 2297 quod
3168 2227 3341 2298 ipsum
3363 2243 3556 2299 nempe

263 2326 498 2382 omnibus
524 2323 791 2395 prwceptis
813 2322 992 2390 quibus
1018 2319 1297 2372 christiana
1324 2318 1425 2371 vita
1445 2317 1772 2388 informatur,
1805 2333 1838 2385 p
1856 2313 2100 2381 erfectum
2119 2331 2226 2369 esse
2249 2315 2620 2372 intellexisset.
2663 2316 2792 2384 Qum
2817 2319 3030 2387 quidem
3066 2330 3324 2391 praecepta
3343 2321 3518 2376 omnia
3537 2360 3554 2388 ,

267 2435 332 2476 ea
359 2434 462 2489 qua
487 2417 791 2472 referuntur
831 2413 967 2484 apud
996 2411 1314 2467 Mattltteum
1365 2409 1504 2464 serie
1558 2407 1636 2463 sic
1657 2407 1896 2477 exponit,
1921 2417 1978 2460 ut
2003 2406 2085 2459 illa
2111 2406 2177 2460 ad
2209 2408 2422 2477 priores
2449 2418 2652 2479 septem
2693 2411 2986 2466 sententias
3011 2412 3078 2467 de
3114 2412 3292 2468 Beatis
3319 2413 3373 2469 in
3394 2413 3561 2486 ipsius

259 2508 528 2567 sermonis
557 2505 780 2562 exordio
812 2519 945 2573 prun
966 2503 1198 2560 untiatas
1224 2500 1514 2570 pertinere,
1539 2497 1713 2567 iisque
1738 2513 1802 2552 ex
1829 2495 2017 2553 ordine
2041 2497 2365 2582 respondere
2389 2497 2736 2555 demonstret.

341 2599 638 2657 Pollentius
665 2596 906 2666 plurimis
936 2603 1055 2666 post
1087 2592 1241 2652 annis
1268 2591 1368 2647 hoc
1397 2605 1532 2661 opus
1556 2589 1832 2655 evolvens,
1865 2589 2069 2659 aliquot
2115 2588 2455 2643 difﬁcultates
2485 2589 2549 2645 de
2574 2606 2741 2646 uxore
2760 2607 2877 2662 quae
2903 2609 2933 2648 a
2956 2594 3069 2649 viro
3084 2609 3182 2651 suo
3201 2594 3555 2662 discessisset,

264 2692 509 2758 oll'eudit,
546 2705 740 2759 easque
762 2695 947 2742 sancto
974 2685 1188 2742 Ductori
1219 2683 1513 2754 proposuit,
1546 2697 1680 2752 quas
1705 2680 1792 2735 ille
1809 2681 1986 2750 priore
2012 2679 2082 2734 de
2106 2679 2433 2736 Adulterinis
2453 2682 2724 2754 Conjugiis
2753 2684 2888 2738 libro
2913 2687 3183 2743 enodavit,

340 2791 498 2854 Vide
524 2789 754 2852 librum
789 2789 818 2848 1
843 2830 859 2860 ,
880 2804 1019 2865 cap.
1037 2784 1135 2856 19,
1165 2781 1738 2851 Retractationum,
1761 2776 1879 2837 col.
1905 2773 2048 2848 61h,
2078 2795 2117 2836 ο
2144 2775 2370 2851 verbis,
2397 2778 2518 2840 Per
2540 2777 2709 2840 idem
2737 2782 2990 2860 tempus
3013 2780 3091 2844 de
3115 2781 3561 2846 SermoneDo-

255 2896 442 2970 nlui,
472 2910 664 2974 usque
692 2891 772 2952 ad
804 2888 923 2950 col.
955 2887 1097 2959 017,
1127 2882 1352 2950 verbis,
1389 2882 1593 2956 Quem
1619 2880 1873 2941 locutus
1919 2881 2019 2938 est
2043 2876 2383 2939 Dominus.
2963 2881 3050 2943 Μ,

1514 979 2075 990 .-..........-μ

256 3025 3559 3098 m

1213 3069 1568 3078 ——_—————

877 3083 1865 3286 5.50331.“
1937 3083 3052 3280 'Aueus'rmr

1255 3367 2013 3448 HIPPONENSIS
2075 3368 2584 3446 EPISCOPI

266 3551 540 3704 DE
639 3540 1598 3698 SERMONE
1694 3535 2446 3688 DOMINI
2547 3542 2752 3689 IN
2794 3527 3551 3699 'MONTE

1263 3781 1607 3854 GECUN
1614 3782 1846 3854 DUM
1886 3783 2577 3867 MATTHEUM

1336 3949 1856 4063 LIBRI
1915 3951 2288 4068 DUO
2341 3941 2485 4066 (α).

1585 4125 2218 4215 φωφω

1301 4272 1768 4384 LIBER
1839 4273 2493 4387 PRIMUS.

705 4481 976 4548 Explicattn‘
992 4481 1123 4547 prior
1143 4493 1256 4546 pars
1271 4483 1510 4535 sermonis
1531 4495 1560 4534 a
1579 4483 1778 4535 Domino
1799 4484 1851 4534 in
1872 4489 2040 4534 monte
2061 4479 2227 4544 habiti,
2255 4482 2486 4529 contenta
2507 4475 2711 4528 Matthxi
2733 4476 2891 4540 capite
2914 4483 3102 4542 qumto.

1682 4612 2102 4668 (εἰς)ωωῦ

335 4736 559 4796 CAPUT
585 4735 867 4793 PRIMUM.
901 4737 953 4790 l.
990 4735 1304 4790 Sermonem
1334 4749 1491 4805 quem
1522 4743 1729 4791 ιοοιιιιιει
1761 4744 1852 4792 est
1960 4735 2263 4792 christiana:
2311 4735 2526 4790 modum
2561 4753 2574 4790 :
2602 4735 2742 4808 quod
2775 4734 3014 4806 polliceri
3057 4749 3165 4792 non
3208 4743 3411 4794 temere
3449 4751 3550 4793 aus

267 4831 520 4890 Dominus
560 4839 741 4885 noster
778 4829 933 4884 Jesus
968 4827 1212 4882 Christus
1261 4827 1314 4883 in
1360 4837 1562 4895 monte,
1613 4827 1754 4882 sicut
1795 4829 1849 4882 in
1959 4830 2165 4896 demus,
2211 4828 2305 4884 sed
2346 4843 2411 4883 ex
2457 4827 2585 4897 ipsis
2623 4827 2860 4897 ejusdem
2911 4828 3120 4882 Domini
3159 4829 3338 4883 verbis
3380 4829 3551 4897 ccnji-

264 4923 552 4992 Evangelio
577 4920 868 4976 secundum
911 4918 1214 4974 Mattbzrum
1254 4919 1476 4989 legimus
1498 4960 1512 4984 ,
1545 4919 1590 4974 si
1617 4919 1736 4990 quis
1767 4919 1855 4989 pie
1961 4921 2180 4976 cientes.
2208 4919 2340 4974 Nam
2368 4919 2447 4974 sic
2482 4917 2596 4988 ipse
2625 4933 2802 4974 sermo
2831 4918 3186 4981 concluditur,
3216 4926 3272 4972 ut
3297 4928 3553 4987 appareat

266 5014 549 5084 sobrieque
575 5012 1017 5079 eousideraverit,
1058 5021 1185 5082 puto
1217 5012 1358 5082 quod
1401 5011 1632 5067 inveniet
1677 5013 1728 5065 in
1760 5027 1845 5079 eo,
1962 5013 2014 5066 in
2036 5027 2102 5068 eo
2128 5021 2390 5083 prmcepta
2423 5026 2543 5066 esse
2571 5011 2750 5066 omnia
2793 5027 2912 5080 quae
2951 5009 3016 5064 ad
3046 5011 3432 5066 informandum
3466 5029 3550 5065 n-

266 5117 519 5180 quantutn
549 5107 615 5162 ad
645 5121 822 5162 mores
861 5107 1094 5176 optimos
1136 5107 1388 5176 pertinet,
1413 5106 1703 5176 perfectum
1732 5106 1856 5159 vitae
1963 5114 2067 5158 tam
2099 5104 2385 5174 pertinent.
2431 5102 2522 5159 Sic
2544 5104 2684 5158 enim
2718 5102 2847 5156 dicit
2878 5120 2890 5155 :
2925 5119 2943 5152 ι
2967 5100 3152 5157 Omnis
3179 5117 3305 5173 ergo
3334 5118 3423 5172 qut
3453 5119 3552 5157 anv

1499 5210 1761 5247 Αυκοιιιτιο
1793 5211 1866 5244 PP.
1901 5209 2325 5246 BENEDICTINORUII.

323 5283 404 5334 uis
425 5281 715 5346 castigandis
731 5280 870 5331 libris
886 5277 1194 5330 adhibuimus
1214 5286 1320 5346 uss.
1347 5286 1675 5346 Atptnensem,
1701 5277 2054 5346 Arnuliensem,
2094 5279 2487 5346 cisterciensem,
2523 5273 2865 5346 Qolbertinum,
2887 5276 3252 5346 (gurbelensem,
3275 5277 3547 5328 Floriaeen-

265 5358 386 5403 sum,
411 5339 866 5400 Getnn'teticensem,
898 5349 1177 5406 Lyrensem,
1215 5339 1567 5399 Micliaelinum,
1603 5339 1978 5406 pratclleusem,
2019 5341 2319 5406 sagieusem,
2363 5339 2779 5406 \‘indocincnsem,
2817 5339 3234 5406 \_'aticanos_duus,
3276 5348 3552 5392 Beueenses

265 5399 482 5467 totidem,
501 5415 551 5457 et
572 5399 1315 5468 Lovauieusium"t‘beulogorum
1339 5407 1580 5468 variantes
1603 5403 1927 5468 lectiuncsex
1950 5415 2039 5451 sex
2082 5399 2284 5468 Belgicis
2308 5416 2319 5451 :
2357 5414 2546 5468 necnon
2570 5412 2714 5468 supra
2737 5399 3310 5468 laudataseditiunestir.
3340 5410 3391 5452 ct
3414 5409 3547 5468 boy,

265 5471 441 5532 quibus
461 5461 540 5532 bic
563 5469 767 5532 accessit
789 5468 938 5518 editio
960 5461 1474 5532 Joannis'Amerbaebii
1500 5467 1715 5532 perfecta
1755 5464 1969 5532 Basiliam,
1992 5478 2076 5532 an.
2098 5465 2218 5515 1506
2236 5501 2248 5521 ,
2280 5471 2333 5513 et
2357 5462 2511 5532 altera
2533 5461 2692 5532 Jacobi
2718 5461 3025 5532 atarescltallit
3049 5465 3264 5532 _Lugd_un.
3301 5478 3378 5532 an.
3402 5461 3547 5532 l52ti'.

265 5523 594 5581 Consuluimus
624 5531 822 5592 insuper
845 5529 1038 5595 Eugypii
1061 5530 1250 5580 abbatis
1264 5523 1568 5594 excerpta'in
1595 5537 1697 5579 διεδ.
1723 5527 2004 5578 Corueiensi
2027 5539 2082 5574 ac
2099 5528 2429 5582 Germaneusi.
2452 5534 2505 5575 et
2545 5523 2664 5575 t-‘lori
2685 5523 3024 5576 collectionem
3046 5527 3095 5576 in
3121 5523 3225 5578 alio
3243 5527 3547 5580 Oorbeiensi.

341 5615 854 5694 Comparaotmus
873 5621 1181 5694 praeterea
1207 5631 1306 5675 eos
1339 5631 1542 5675 omnes
1573 5610 1874 5675 editiones
1908 5607 2096 5674 initio
2128 5609 2302 5670 lletr.
2323 5613 2384 5668 et
2399 5605 2712 5687 Confess.,
2735 5616 2781 5670 ι.
2815 5607 2874 5681 1,
2905 5616 3300 5672 memoratas.
3386 5609 3470 5674 Μ.

325 5717 399 5782 (α)
422 5714 590 5780 scripti
612 5714 806 5766 circiter
829 5714 1016 5786 Christi,
1039 5727 1221 5770 annum
1239 5715 1353 5768 393.
