  <div class='ocr_page' id='page_1' title='image "/cluster/home/n/w/nwhite01/storage/ocr_20150623/34/uva.x000826574/637.png"; bbox 0 0 3888 6364; ppageno 0'>
   <div class='ocr_carea' id='block_1_1' title="bbox 324 274 456 334">
    <p class='ocr_par' dir='ltr' id='par_1_1' title="bbox 324 274 456 334">
     <span class='ocr_line' id='line_1_1' title="bbox 324 274 456 334; baseline -0.03 1"><span class='ocrx_word' id='word_1_1' title='bbox 324 274 456 334; x_wconf 71' lang='grc'><strong>1251</strong></span> 
     </span>
    </p>
   </div>
   <div class='ocr_carea' id='block_1_2' title="bbox 322 368 1910 448">
    <p class='ocr_par' dir='ltr' id='par_1_2' title="bbox 322 368 1910 448">
     <span class='ocr_line' id='line_1_2' title="bbox 322 368 1910 448; baseline -0.016 -1"><span class='ocrx_word' id='word_1_2' title='bbox 322 392 403 448; x_wconf 89' lang='lat' dir='ltr'><strong>dit</strong></span> <span class='ocrx_word' id='word_1_3' title='bbox 430 386 591 444; x_wconf 88' lang='lat' dir='ltr'><strong>verba</strong></span> <span class='ocrx_word' id='word_1_4' title='bbox 619 396 736 440; x_wconf 89' lang='lat' dir='ltr'><strong>mea</strong></span> <span class='ocrx_word' id='word_1_5' title='bbox 756 380 872 437; x_wconf 64' lang='lat' dir='ltr'><strong>haec</strong></span> <span class='ocrx_word' id='word_1_6' title='bbox 901 386 955 435; x_wconf 91' lang='lat' dir='ltr'><strong>et</strong></span> <span class='ocrx_word' id='word_1_7' title='bbox 975 375 1100 432; x_wconf 99' lang='lat' dir='ltr'><strong>facit</strong></span> <span class='ocrx_word' id='word_1_8' title='bbox 1126 389 1190 431; x_wconf 87' lang='lat' dir='ltr'><strong>ea</strong></span> <span class='ocrx_word' id='word_1_9' title='bbox 1213 416 1227 441; x_wconf 90' lang='lat'><strong>,</strong></span> <span class='ocrx_word' id='word_1_10' title='bbox 1259 372 1505 430; x_wconf 88' lang='lat' dir='ltr'><strong>similabo</strong></span> <span class='ocrx_word' id='word_1_11' title='bbox 1526 386 1650 428; x_wconf 89' lang='lat' dir='ltr'><strong>eum</strong></span> <span class='ocrx_word' id='word_1_12' title='bbox 1678 368 1798 425; x_wconf 91' lang='lat' dir='ltr'><strong>viro</strong></span> <span class='ocrx_word' id='word_1_13' title='bbox 1824 382 1910 424; x_wconf 86' lang='lat' dir='ltr'><strong>sa-</strong></span> 
     </span>
    </p>
   </div>
   <div class='ocr_carea' id='block_1_3' title="bbox 321 468 1909 554">
    <p class='ocr_par' dir='ltr' id='par_1_3' title="bbox 321 468 1909 554">
     <span class='ocr_line' id='line_1_3' title="bbox 321 468 1909 554; baseline -0.014 -17"><span class='ocrx_word' id='word_1_14' title='bbox 321 480 487 554; x_wconf 90' lang='lat' dir='ltr'><strong>pienti</strong></span> <span class='ocrx_word' id='word_1_15' title='bbox 535 476 623 551; x_wconf 94' lang='lat' dir='ltr'><strong>qui</strong></span> <span class='ocrx_word' id='word_1_16' title='bbox 670 471 950 531; x_wconf 65' lang='lat' dir='ltr'><strong>aediﬁcavit</strong></span> <span class='ocrx_word' id='word_1_17' title='bbox 994 468 1211 524; x_wconf 88' lang='lat' dir='ltr'><strong>domum</strong></span> <span class='ocrx_word' id='word_1_18' title='bbox 1258 480 1409 521; x_wconf 88' lang='lat' dir='ltr'><strong>suam</strong></span> <span class='ocrx_word' id='word_1_19' title='bbox 1455 477 1615 533; x_wconf 82' lang='lat' dir='ltr'><strong>supra</strong></span> <span class='ocrx_word' id='word_1_20' title='bbox 1663 470 1909 533; x_wconf 89' lang='lat' dir='ltr'><strong>petram:</strong></span> 
     </span>
    </p>
   </div>
   <div class='ocr_carea' id='block_1_4' title="bbox 323 552 1912 641">
    <p class='ocr_par' dir='ltr' id='par_1_4' title="bbox 323 552 1912 641">
     <span class='ocr_line' id='line_1_4' title="bbox 323 552 1912 641; baseline -0.016 -9"><span class='ocrx_word' id='word_1_21' title='bbox 323 552 603 632; x_wconf 81' lang='lat' dir='ltr'><strong>descendit</strong></span> <span class='ocrx_word' id='word_1_22' title='bbox 626 568 800 641; x_wconf 90' lang='lat' dir='ltr'><strong>pluvia</strong></span> <span class='ocrx_word' id='word_1_23' title='bbox 824 606 839 632; x_wconf 92' lang='lat'><strong>,</strong></span> <span class='ocrx_word' id='word_1_24' title='bbox 871 570 1132 620; x_wconf 88' lang='lat' dir='ltr'><strong>venerunt</strong></span> <span class='ocrx_word' id='word_1_25' title='bbox 1168 558 1384 615; x_wconf 87' lang='lat' dir='ltr'><strong>ﬁumina</strong></span> <span class='ocrx_word' id='word_1_26' title='bbox 1409 599 1425 626; x_wconf 92' lang='lat'><strong>,</strong></span> <span class='ocrx_word' id='word_1_27' title='bbox 1455 555 1715 611; x_wconf 86' lang='lat' dir='ltr'><strong>ﬁaverunt</strong></span> <span class='ocrx_word' id='word_1_28' title='bbox 1741 552 1912 620; x_wconf 85' lang='lat' dir='ltr'><strong>venti,</strong></span> 
     </span>
    </p>
   </div>
   <div class='ocr_carea' id='block_1_5' title="bbox 326 646 1914 726">
    <p class='ocr_par' dir='ltr' id='par_1_5' title="bbox 326 646 1914 726">
     <span class='ocr_line' id='line_1_5' title="bbox 326 646 1914 726; baseline -0.015 0"><span class='ocrx_word' id='word_1_29' title='bbox 326 679 381 726; x_wconf 92' lang='lat' dir='ltr'><strong>ct</strong></span> <span class='ocrx_word' id='word_1_30' title='bbox 408 666 744 722; x_wconf 75' lang='lat' dir='ltr'><strong>offenderunt</strong></span> <span class='ocrx_word' id='word_1_31' title='bbox 771 661 823 716; x_wconf 94' lang='lat' dir='ltr'><strong>in</strong></span> <span class='ocrx_word' id='word_1_32' title='bbox 851 658 1070 716; x_wconf 89' lang='lat' dir='ltr'><strong>domum</strong></span> <span class='ocrx_word' id='word_1_33' title='bbox 1101 656 1270 722; x_wconf 86' lang='lat' dir='ltr'><strong>illam,</strong></span> <span class='ocrx_word' id='word_1_34' title='bbox 1297 662 1352 710; x_wconf 89' lang='lat' dir='ltr'><strong>et</strong></span> <span class='ocrx_word' id='word_1_35' title='bbox 1394 667 1500 708; x_wconf 93' lang='lat' dir='ltr'><strong>non</strong></span> <span class='ocrx_word' id='word_1_36' title='bbox 1526 649 1714 707; x_wconf 88' lang='lat' dir='ltr'><strong>cecidit</strong></span> <span class='ocrx_word' id='word_1_37' title='bbox 1741 665 1757 713; x_wconf 88' lang='lat'><strong>;</strong></span> <span class='ocrx_word' id='word_1_38' title='bbox 1788 646 1914 703; x_wconf 90' lang='lat' dir='ltr'><strong>fun-</strong></span> 
     </span>
    </p>
   </div>
   <div class='ocr_carea' id='block_1_6' title="bbox 324 738 1919 821">
    <p class='ocr_par' dir='ltr' id='par_1_6' title="bbox 324 738 1919 821">
     <span class='ocr_line' id='line_1_6' title="bbox 324 738 1919 821; baseline -0.014 -5"><span class='ocrx_word' id='word_1_39' title='bbox 324 759 448 816; x_wconf 88' lang='lat' dir='ltr'><strong>data</strong></span> <span class='ocrx_word' id='word_1_40' title='bbox 472 756 615 813; x_wconf 89' lang='lat' dir='ltr'><strong>enim</strong></span> <span class='ocrx_word' id='word_1_41' title='bbox 656 761 774 810; x_wconf 87' lang='lat' dir='ltr'><strong>erat</strong></span> <span class='ocrx_word' id='word_1_42' title='bbox 819 765 979 821; x_wconf 80' lang='lat' dir='ltr'><strong>super</strong></span> <span class='ocrx_word' id='word_1_43' title='bbox 1024 756 1254 820; x_wconf 92' lang='lat' dir='ltr'><strong>petram.</strong></span> <span class='ocrx_word' id='word_1_44' title='bbox 1299 745 1367 801; x_wconf 87' lang='lat' dir='ltr'><strong>Et</strong></span> <span class='ocrx_word' id='word_1_45' title='bbox 1412 743 1588 799; x_wconf 88' lang='lat' dir='ltr'><strong>omnis</strong></span> <span class='ocrx_word' id='word_1_46' title='bbox 1630 741 1724 813; x_wconf 89' lang='lat' dir='ltr'><strong>qui</strong></span> <span class='ocrx_word' id='word_1_47' title='bbox 1770 738 1919 796; x_wconf 81' lang='lat' dir='ltr'><strong>audit</strong></span> 
     </span>
    </p>
   </div>
   <div class='ocr_carea' id='block_1_7' title="bbox 326 831 1920 907">
    <p class='ocr_par' dir='ltr' id='par_1_7' title="bbox 326 831 1920 907">
     <span class='ocr_line' id='line_1_7' title="bbox 326 831 1920 907; baseline -0.012 -2"><span class='ocrx_word' id='word_1_48' title='bbox 326 850 489 907; x_wconf 81' lang='lat' dir='ltr'><strong>verba</strong></span> <span class='ocrx_word' id='word_1_49' title='bbox 517 860 634 903; x_wconf 88' lang='lat' dir='ltr'><strong>mea</strong></span> <span class='ocrx_word' id='word_1_50' title='bbox 661 844 777 900; x_wconf 83' lang='lat' dir='ltr'><strong>haec</strong></span> <span class='ocrx_word' id='word_1_51' title='bbox 804 850 858 897; x_wconf 90' lang='lat' dir='ltr'><strong>et</strong></span> <span class='ocrx_word' id='word_1_52' title='bbox 900 857 1009 897; x_wconf 90' lang='lat' dir='ltr'><strong>non</strong></span> <span class='ocrx_word' id='word_1_53' title='bbox 1057 837 1187 894; x_wconf 80' lang='lat' dir='ltr'><strong>facit</strong></span> <span class='ocrx_word' id='word_1_54' title='bbox 1227 851 1311 902; x_wconf 90' lang='lat' dir='ltr'><strong>ea,</strong></span> <span class='ocrx_word' id='word_1_55' title='bbox 1359 834 1605 891; x_wconf 88' lang='lat' dir='ltr'><strong>similabo</strong></span> <span class='ocrx_word' id='word_1_56' title='bbox 1641 848 1765 888; x_wconf 86' lang='lat' dir='ltr'><strong>eum</strong></span> <span class='ocrx_word' id='word_1_57' title='bbox 1802 831 1920 886; x_wconf 85' lang='lat' dir='ltr'><strong>viro</strong></span> 
     </span>
    </p>
   </div>
   <div class='ocr_carea' id='block_1_8' title="bbox 327 932 1913 1010">
    <p class='ocr_par' dir='ltr' id='par_1_8' title="bbox 327 932 1913 1010">
     <span class='ocr_line' id='line_1_8' title="bbox 327 932 1913 1010; baseline -0.016 -12"><span class='ocrx_word' id='word_1_58' title='bbox 327 942 491 999; x_wconf 86' lang='lat' dir='ltr'><strong>stulto</strong></span> <span class='ocrx_word' id='word_1_59' title='bbox 533 938 624 1010; x_wconf 86' lang='lat' dir='ltr'><strong>qui</strong></span> <span class='ocrx_word' id='word_1_60' title='bbox 652 934 935 997; x_wconf 62' lang='lat' dir='ltr'><strong>aediﬁcavit</strong></span> <span class='ocrx_word' id='word_1_61' title='bbox 980 932 1199 987; x_wconf 92' lang='lat' dir='ltr'><strong>domum</strong></span> <span class='ocrx_word' id='word_1_62' title='bbox 1247 943 1398 984; x_wconf 90' lang='lat' dir='ltr'><strong>suam</strong></span> <span class='ocrx_word' id='word_1_63' title='bbox 1446 940 1609 998; x_wconf 83' lang='lat' dir='ltr'><strong>super</strong></span> <span class='ocrx_word' id='word_1_64' title='bbox 1655 937 1913 979; x_wconf 89' lang='lat' dir='ltr'><strong>arenam:</strong></span> 
     </span>
    </p>
   </div>
   <div class='ocr_carea' id='block_1_9' title="bbox 332 1013 1921 1100">
    <p class='ocr_par' dir='ltr' id='par_1_9' title="bbox 332 1013 1921 1100">
     <span class='ocr_line' id='line_1_9' title="bbox 332 1013 1921 1100; baseline -0.015 -10"><span class='ocrx_word' id='word_1_65' title='bbox 332 1031 609 1092; x_wconf 82' lang='lat' dir='ltr'><strong>descendit</strong></span> <span class='ocrx_word' id='word_1_66' title='bbox 645 1028 840 1100; x_wconf 88' lang='lat' dir='ltr'><strong>pluvia,</strong></span> <span class='ocrx_word' id='word_1_67' title='bbox 885 1031 1148 1083; x_wconf 86' lang='lat' dir='ltr'><strong>venerunt</strong></span> <span class='ocrx_word' id='word_1_68' title='bbox 1186 1019 1426 1086; x_wconf 83' lang='lat' dir='ltr'><strong>ﬁumina,</strong></span> <span class='ocrx_word' id='word_1_69' title='bbox 1456 1018 1718 1074; x_wconf 84' lang='lat' dir='ltr'><strong>ﬁaverunt</strong></span> <span class='ocrx_word' id='word_1_70' title='bbox 1755 1013 1921 1079; x_wconf 90' lang='lat' dir='ltr'><strong>venti,</strong></span> 
     </span>
    </p>
   </div>
   <div class='ocr_carea' id='block_1_10' title="bbox 334 1104 1923 1184">
    <p class='ocr_par' dir='ltr' id='par_1_10' title="bbox 334 1104 1923 1184">
     <span class='ocr_line' id='line_1_10' title="bbox 334 1104 1923 1184; baseline -0.015 -1"><span class='ocrx_word' id='word_1_71' title='bbox 334 1137 389 1184; x_wconf 90' lang='lat' dir='ltr'><strong>et</strong></span> <span class='ocrx_word' id='word_1_72' title='bbox 416 1122 755 1180; x_wconf 78' lang='lat' dir='ltr'><strong>olfcnderunt</strong></span> <span class='ocrx_word' id='word_1_73' title='bbox 798 1119 851 1174; x_wconf 93' lang='lat' dir='ltr'><strong>in</strong></span> <span class='ocrx_word' id='word_1_74' title='bbox 878 1117 1096 1174; x_wconf 91' lang='lat' dir='ltr'><strong>domum</strong></span> <span class='ocrx_word' id='word_1_75' title='bbox 1136 1115 1284 1170; x_wconf 82' lang='lat' dir='ltr'><strong>illam</strong></span> <span class='ocrx_word' id='word_1_76' title='bbox 1308 1153 1323 1178; x_wconf 92' lang='lat'><strong>,</strong></span> <span class='ocrx_word' id='word_1_77' title='bbox 1354 1119 1407 1167; x_wconf 92' lang='lat' dir='ltr'><strong>ct</strong></span> <span class='ocrx_word' id='word_1_78' title='bbox 1433 1108 1659 1174; x_wconf 82' lang='lat' dir='ltr'><strong>cecidit;</strong></span> <span class='ocrx_word' id='word_1_79' title='bbox 1692 1116 1748 1163; x_wconf 90' lang='lat' dir='ltr'><strong>et</strong></span> <span class='ocrx_word' id='word_1_80' title='bbox 1788 1104 1923 1162; x_wconf 89' lang='lat' dir='ltr'><strong>facta</strong></span> 
     </span>
    </p>
   </div>
   <div class='ocr_carea' id='block_1_11' title="bbox 333 1198 1924 1285">
    <p class='ocr_par' dir='ltr' id='par_1_11' title="bbox 333 1198 1924 1285">
     <span class='ocr_line' id='line_1_11' title="bbox 333 1198 1924 1285; baseline -0.015 -10"><span class='ocrx_word' id='word_1_81' title='bbox 333 1226 418 1274; x_wconf 87' lang='lat' dir='ltr'><strong>est</strong></span> <span class='ocrx_word' id='word_1_82' title='bbox 446 1214 596 1272; x_wconf 88' lang='lat' dir='ltr'><strong>ruina</strong></span> <span class='ocrx_word' id='word_1_83' title='bbox 641 1211 756 1285; x_wconf 85' lang='lat' dir='ltr'><strong>ejus</strong></span> <span class='ocrx_word' id='word_1_84' title='bbox 786 1224 997 1282; x_wconf 91' lang='lat' dir='ltr'><strong>magna.</strong></span> <span class='ocrx_word' id='word_1_85' title='bbox 1026 1226 1046 1260; x_wconf 72' lang='grc' dir='ltr'><strong>ι</strong></span> <span class='ocrx_word' id='word_1_86' title='bbox 1076 1206 1211 1262; x_wconf 86' lang='lat' dir='ltr'><strong>Cum</strong></span> <span class='ocrx_word' id='word_1_87' title='bbox 1254 1219 1382 1276; x_wconf 90' lang='lat' dir='ltr'><strong>ergo</strong></span> <span class='ocrx_word' id='word_1_88' title='bbox 1407 1218 1515 1258; x_wconf 92' lang='lat' dir='ltr'><strong>non</strong></span> <span class='ocrx_word' id='word_1_89' title='bbox 1540 1200 1694 1267; x_wconf 76' lang='lat' dir='ltr'><strong>dixit,</strong></span> <span class='ocrx_word' id='word_1_90' title='bbox 1724 1198 1810 1271; x_wconf 86' lang='lat' dir='ltr'><strong>qui</strong></span> <span class='ocrx_word' id='word_1_91' title='bbox 1829 1214 1924 1252; x_wconf 85' lang='lat' dir='ltr'><strong>au-</strong></span> 
     </span>
    </p>
   </div>
   <div class='ocr_carea' id='block_1_12' title="bbox 334 1288 1927 1368">
    <p class='ocr_par' dir='ltr' id='par_1_12' title="bbox 334 1288 1927 1368">
     <span class='ocr_line' id='line_1_12' title="bbox 334 1288 1927 1368; baseline -0.013 -6"><span class='ocrx_word' id='word_1_92' title='bbox 334 1309 407 1363; x_wconf 85' lang='lat' dir='ltr'><strong>dit</strong></span> <span class='ocrx_word' id='word_1_93' title='bbox 426 1306 575 1363; x_wconf 85' lang='lat' dir='ltr'><strong>verba</strong></span> <span class='ocrx_word' id='word_1_94' title='bbox 602 1321 713 1360; x_wconf 87' lang='lat' dir='ltr'><strong>mea</strong></span> <span class='ocrx_word' id='word_1_95' title='bbox 742 1311 945 1358; x_wconf 89' lang='lat' dir='ltr'><strong>tantum</strong></span> <span class='ocrx_word' id='word_1_96' title='bbox 970 1342 986 1368; x_wconf 93' lang='lat'><strong>,</strong></span> <span class='ocrx_word' id='word_1_97' title='bbox 1017 1296 1112 1354; x_wconf 91' lang='lat' dir='ltr'><strong>sed</strong></span> <span class='ocrx_word' id='word_1_98' title='bbox 1151 1294 1357 1352; x_wconf 81' lang='lat' dir='ltr'><strong>addidit</strong></span> <span class='ocrx_word' id='word_1_99' title='bbox 1394 1293 1580 1350; x_wconf 90' lang='lat' dir='ltr'><strong>dicens</strong></span> <span class='ocrx_word' id='word_1_100' title='bbox 1602 1333 1616 1355; x_wconf 89' lang='lat'><strong>,</strong></span> <span class='ocrx_word' id='word_1_101' title='bbox 1650 1290 1737 1361; x_wconf 87' lang='lat' dir='ltr'><strong>qui</strong></span> <span class='ocrx_word' id='word_1_102' title='bbox 1782 1288 1927 1342; x_wconf 81' lang='lat' dir='ltr'><strong>audit</strong></span> 
     </span>
    </p>
   </div>
   <div class='ocr_carea' id='block_1_13' title="bbox 335 1382 1931 1465">
    <p class='ocr_par' dir='ltr' id='par_1_13' title="bbox 335 1382 1931 1465">
     <span class='ocr_line' id='line_1_13' title="bbox 335 1382 1931 1465; baseline -0.014 -6"><span class='ocrx_word' id='word_1_103' title='bbox 335 1402 488 1461; x_wconf 78' lang='lat' dir='ltr'><strong>verba</strong></span> <span class='ocrx_word' id='word_1_104' title='bbox 512 1417 622 1457; x_wconf 86' lang='lat' dir='ltr'><strong>mea</strong></span> <span class='ocrx_word' id='word_1_105' title='bbox 648 1396 965 1465; x_wconf 77' lang='lat' dir='ltr'><strong>hwc;satis,</strong></span> <span class='ocrx_word' id='word_1_106' title='bbox 1010 1401 1068 1449; x_wconf 90' lang='lat' dir='ltr'><strong>ut</strong></span> <span class='ocrx_word' id='word_1_107' title='bbox 1111 1390 1343 1447; x_wconf 82' lang='lat' dir='ltr'><strong>arbitror</strong></span> <span class='ocrx_word' id='word_1_108' title='bbox 1367 1430 1383 1457; x_wconf 94' lang='lat'><strong>,</strong></span> <span class='ocrx_word' id='word_1_109' title='bbox 1430 1385 1786 1459; x_wconf 88' lang='lat' dir='ltr'><strong>signiﬁcavit,</strong></span> <span class='ocrx_word' id='word_1_110' title='bbox 1814 1382 1931 1437; x_wconf 66' lang='lat' dir='ltr'><strong>haec</strong></span> 
     </span>
    </p>
   </div>
   <div class='ocr_carea' id='block_1_14' title="bbox 333 1475 1929 1566">
    <p class='ocr_par' dir='ltr' id='par_1_14' title="bbox 333 1475 1929 1566">
     <span class='ocr_line' id='line_1_14' title="bbox 333 1475 1929 1566; baseline -0.013 -16"><span class='ocrx_word' id='word_1_111' title='bbox 333 1496 496 1553; x_wconf 86' lang='lat' dir='ltr'><strong>verba</strong></span> <span class='ocrx_word' id='word_1_112' title='bbox 525 1509 644 1566; x_wconf 67' lang='lat' dir='ltr'><strong>quae</strong></span> <span class='ocrx_word' id='word_1_113' title='bbox 686 1491 739 1546; x_wconf 92' lang='lat' dir='ltr'><strong>in</strong></span> <span class='ocrx_word' id='word_1_114' title='bbox 781 1496 964 1544; x_wconf 91' lang='lat' dir='ltr'><strong>monte</strong></span> <span class='ocrx_word' id='word_1_115' title='bbox 1004 1487 1214 1541; x_wconf 91' lang='lat' dir='ltr'><strong>locutus</strong></span> <span class='ocrx_word' id='word_1_116' title='bbox 1257 1489 1379 1545; x_wconf 85' lang='lat' dir='ltr'><strong>est,</strong></span> <span class='ocrx_word' id='word_1_117' title='bbox 1413 1488 1521 1536; x_wconf 84' lang='lat' dir='ltr'><strong>tam</strong></span> <span class='ocrx_word' id='word_1_118' title='bbox 1568 1478 1799 1550; x_wconf 89' lang='lat' dir='ltr'><strong>perfecte</strong></span> <span class='ocrx_word' id='word_1_119' title='bbox 1845 1475 1929 1530; x_wconf 91' lang='lat' dir='ltr'><strong>in-</strong></span> 
     </span>
    </p>
   </div>
   <div class='ocr_carea' id='block_1_15' title="bbox 336 1567 1933 1648">
    <p class='ocr_par' dir='ltr' id='par_1_15' title="bbox 336 1567 1933 1648">
     <span class='ocr_line' id='line_1_15' title="bbox 336 1567 1933 1648; baseline -0.013 -5"><span class='ocrx_word' id='word_1_120' title='bbox 336 1595 545 1643; x_wconf 87' lang='lat' dir='ltr'><strong>struere</strong></span> <span class='ocrx_word' id='word_1_121' title='bbox 572 1584 733 1638; x_wconf 85' lang='lat' dir='ltr'><strong>vitam</strong></span> <span class='ocrx_word' id='word_1_122' title='bbox 760 1594 947 1635; x_wconf 88' lang='lat' dir='ltr'><strong>eorum</strong></span> <span class='ocrx_word' id='word_1_123' title='bbox 994 1576 1083 1648; x_wconf 88' lang='lat' dir='ltr'><strong>qui</strong></span> <span class='ocrx_word' id='word_1_124' title='bbox 1123 1575 1393 1631; x_wconf 80' lang='lat' dir='ltr'><strong>voluerint</strong></span> <span class='ocrx_word' id='word_1_125' title='bbox 1422 1570 1716 1628; x_wconf 90' lang='lat' dir='ltr'><strong>secundum</strong></span> <span class='ocrx_word' id='word_1_126' title='bbox 1760 1583 1823 1625; x_wconf 90' lang='lat' dir='ltr'><strong>ea</strong></span> <span class='ocrx_word' id='word_1_127' title='bbox 1849 1567 1933 1623; x_wconf 88' lang='lat' dir='ltr'><strong>vi-</strong></span> 
     </span>
    </p>
   </div>
   <div class='ocr_carea' id='block_1_16' title="bbox 334 1665 1925 1746">
    <p class='ocr_par' dir='ltr' id='par_1_16' title="bbox 334 1665 1925 1746">
     <span class='ocr_line' id='line_1_16' title="bbox 334 1665 1925 1746; baseline -0.011 -13"><span class='ocrx_word' id='word_1_128' title='bbox 334 1694 483 1746; x_wconf 90' lang='lat' dir='ltr'><strong>vere,</strong></span> <span class='ocrx_word' id='word_1_129' title='bbox 508 1684 565 1731; x_wconf 91' lang='lat' dir='ltr'><strong>ut</strong></span> <span class='ocrx_word' id='word_1_130' title='bbox 594 1674 784 1730; x_wconf 89' lang='lat' dir='ltr'><strong>merito</strong></span> <span class='ocrx_word' id='word_1_131' title='bbox 803 1676 1181 1740; x_wconf 85' lang='lat' dir='ltr'><strong>comparentur</strong></span> <span class='ocrx_word' id='word_1_132' title='bbox 1201 1665 1482 1722; x_wconf 64' lang='lat' dir='ltr'><strong>aedificanti</strong></span> <span class='ocrx_word' id='word_1_133' title='bbox 1509 1679 1673 1735; x_wconf 90' lang='lat' dir='ltr'><strong>super</strong></span> <span class='ocrx_word' id='word_1_134' title='bbox 1700 1672 1925 1734; x_wconf 89' lang='lat' dir='ltr'><strong>petram.</strong></span> 
     </span>
    </p>
   </div>
   <div class='ocr_carea' id='block_1_17' title="bbox 339 1754 1933 1832">
    <p class='ocr_par' dir='ltr' id='par_1_17' title="bbox 339 1754 1933 1832">
     <span class='ocr_line' id='line_1_17' title="bbox 339 1754 1933 1832; baseline -0.011 -7"><span class='ocrx_word' id='word_1_135' title='bbox 339 1770 458 1825; x_wconf 78' lang='lat' dir='ltr'><strong>lloe</strong></span> <span class='ocrx_word' id='word_1_136' title='bbox 479 1765 612 1831; x_wconf 82' lang='lat' dir='ltr'><strong>dixi,</strong></span> <span class='ocrx_word' id='word_1_137' title='bbox 643 1772 701 1818; x_wconf 88' lang='lat' dir='ltr'><strong>ut</strong></span> <span class='ocrx_word' id='word_1_138' title='bbox 722 1768 977 1832; x_wconf 87' lang='lat' dir='ltr'><strong>appareat</strong></span> <span class='ocrx_word' id='word_1_139' title='bbox 1004 1759 1163 1813; x_wconf 89' lang='lat' dir='ltr'><strong>istum</strong></span> <span class='ocrx_word' id='word_1_140' title='bbox 1194 1771 1497 1812; x_wconf 85' lang='lat' dir='ltr'><strong>sermonem</strong></span> <span class='ocrx_word' id='word_1_141' title='bbox 1523 1754 1772 1810; x_wconf 90' lang='lat' dir='ltr'><strong>omnibus</strong></span> <span class='ocrx_word' id='word_1_142' title='bbox 1795 1768 1933 1823; x_wconf 70' lang='lat' dir='ltr'><strong>prte—</strong></span> 
     </span>
    </p>
   </div>
   <div class='ocr_carea' id='block_1_18' title="bbox 338 1847 1934 1932">
    <p class='ocr_par' dir='ltr' id='par_1_18' title="bbox 338 1847 1934 1932">
     <span class='ocr_line' id='line_1_18' title="bbox 338 1847 1934 1932; baseline -0.013 -14"><span class='ocrx_word' id='word_1_143' title='bbox 338 1861 508 1932; x_wconf 83' lang='lat' dir='ltr'><strong>ceptis</strong></span> <span class='ocrx_word' id='word_1_144' title='bbox 519 1857 712 1930; x_wconf 89' lang='lat' dir='ltr'><strong>quibus</strong></span> <span class='ocrx_word' id='word_1_145' title='bbox 725 1853 1013 1909; x_wconf 85' lang='lat' dir='ltr'><strong>christiana</strong></span> <span class='ocrx_word' id='word_1_146' title='bbox 1026 1851 1130 1906; x_wconf 81' lang='lat' dir='ltr'><strong>vita</strong></span> <span class='ocrx_word' id='word_1_147' title='bbox 1152 1849 1612 1914; x_wconf 84' lang='lat' dir='ltr'><strong>informatur,csse</strong></span> <span class='ocrx_word' id='word_1_148' title='bbox 1624 1847 1934 1918; x_wconf 87' lang='lat' dir='ltr'><strong>perfectum:</strong></span> 
     </span>
    </p>
   </div>
   <div class='ocr_carea' id='block_1_19' title="bbox 341 1937 1934 2017">
    <p class='ocr_par' dir='ltr' id='par_1_19' title="bbox 341 1937 1934 2017">
     <span class='ocr_line' id='line_1_19' title="bbox 341 1937 1934 2017; baseline -0.011 -8"><span class='ocrx_word' id='word_1_149' title='bbox 341 1968 466 2009; x_wconf 91' lang='lat' dir='ltr'><strong>nam</strong></span> <span class='ocrx_word' id='word_1_150' title='bbox 496 1949 564 2006; x_wconf 91' lang='lat' dir='ltr'><strong>de</strong></span> <span class='ocrx_word' id='word_1_151' title='bbox 593 1948 694 2003; x_wconf 86' lang='lat' dir='ltr'><strong>hoc</strong></span> <span class='ocrx_word' id='word_1_152' title='bbox 718 1944 953 2017; x_wconf 90' lang='lat' dir='ltr'><strong>capitulo</strong></span> <span class='ocrx_word' id='word_1_153' title='bbox 994 1941 1299 2013; x_wconf 90' lang='lat' dir='ltr'><strong>diligentius</strong></span> <span class='ocrx_word' id='word_1_154' title='bbox 1334 1956 1432 1996; x_wconf 88' lang='lat' dir='ltr'><strong>suo</strong></span> <span class='ocrx_word' id='word_1_155' title='bbox 1458 1939 1576 1996; x_wconf 91' lang='lat' dir='ltr'><strong>loco</strong></span> <span class='ocrx_word' id='word_1_156' title='bbox 1604 1937 1934 1993; x_wconf 89' lang='lat' dir='ltr'><strong>tractabitur.</strong></span> 
     </span>
    </p>
   </div>
   <div class='ocr_carea' id='block_1_20' title="bbox 411 2030 1935 2112">
    <p class='ocr_par' dir='ltr' id='par_1_20' title="bbox 411 2030 1935 2112">
     <span class='ocr_line' id='line_1_20' title="bbox 411 2030 1935 2112; baseline -0.01 -13"><span class='ocrx_word' id='word_1_157' title='bbox 411 2041 667 2112; x_wconf 74' lang='lat' dir='ltr'><strong>2.1Iujus</strong></span> <span class='ocrx_word' id='word_1_158' title='bbox 709 2037 869 2110; x_wconf 82' lang='lat' dir='ltr'><strong>igitur</strong></span> <span class='ocrx_word' id='word_1_159' title='bbox 915 2034 1178 2092; x_wconf 85' lang='lat' dir='ltr'><strong>sermonis</strong></span> <span class='ocrx_word' id='word_1_160' title='bbox 1221 2032 1427 2088; x_wconf 91' lang='lat' dir='ltr'><strong>initium</strong></span> <span class='ocrx_word' id='word_1_161' title='bbox 1474 2031 1553 2086; x_wconf 89' lang='lat' dir='ltr'><strong>sic</strong></span> <span class='ocrx_word' id='word_1_162' title='bbox 1595 2030 1935 2087; x_wconf 88' lang='lat' dir='ltr'><strong>assumitur:</strong></span> 
     </span>
    </p>
   </div>
   <div class='ocr_carea' id='block_1_21' title="bbox 341 2121 1936 2193">
    <p class='ocr_par' dir='ltr' id='par_1_21' title="bbox 341 2121 1936 2193">
     <span class='ocr_line' id='line_1_21' title="bbox 341 2121 1936 2193; baseline -0.013 -1"><span class='ocrx_word' id='word_1_163' title='bbox 341 2134 472 2193; x_wconf 84' lang='lat' dir='ltr'><strong>Cant</strong></span> <span class='ocrx_word' id='word_1_164' title='bbox 499 2132 699 2188; x_wconf 76' lang='lat' dir='ltr'><strong>vidisset</strong></span> <span class='ocrx_word' id='word_1_165' title='bbox 731 2136 902 2184; x_wconf 88' lang='lat' dir='ltr'><strong>autem</strong></span> <span class='ocrx_word' id='word_1_166' title='bbox 930 2125 1101 2180; x_wconf 79' lang='lat' dir='ltr'><strong>turbas</strong></span> <span class='ocrx_word' id='word_1_167' title='bbox 1129 2122 1345 2191; x_wconf 86' lang='lat' dir='ltr'><strong>multas,</strong></span> <span class='ocrx_word' id='word_1_168' title='bbox 1368 2121 1595 2177; x_wconf 76' lang='lat' dir='ltr'><strong>ascendit</strong></span> <span class='ocrx_word' id='word_1_169' title='bbox 1615 2121 1669 2175; x_wconf 88' lang='lat' dir='ltr'><strong>iu</strong></span> <span class='ocrx_word' id='word_1_170' title='bbox 1694 2129 1936 2185; x_wconf 81' lang='lat' dir='ltr'><strong>montem,</strong></span> 
     </span>
    </p>
   </div>
   <div class='ocr_carea' id='block_1_22' title="bbox 347 2214 1940 2288">
    <p class='ocr_par' dir='ltr' id='par_1_22' title="bbox 347 2214 1940 2288">
     <span class='ocr_line' id='line_1_22' title="bbox 347 2214 1940 2288; baseline -0.011 -5"><span class='ocrx_word' id='word_1_171' title='bbox 347 2237 395 2283; x_wconf 86' lang='lat' dir='ltr'><strong>et</strong></span> <span class='ocrx_word' id='word_1_172' title='bbox 418 2242 533 2283; x_wconf 89' lang='lat' dir='ltr'><strong>cum</strong></span> <span class='ocrx_word' id='word_1_173' title='bbox 547 2222 776 2288; x_wconf 78' lang='lat' dir='ltr'><strong>sedisset,</strong></span> <span class='ocrx_word' id='word_1_174' title='bbox 795 2225 1107 2274; x_wconf 88' lang='lat' dir='ltr'><strong>accesserunt</strong></span> <span class='ocrx_word' id='word_1_175' title='bbox 1122 2216 1190 2271; x_wconf 88' lang='lat' dir='ltr'><strong>ad</strong></span> <span class='ocrx_word' id='word_1_176' title='bbox 1204 2232 1316 2271; x_wconf 89' lang='lat' dir='ltr'><strong>eum</strong></span> <span class='ocrx_word' id='word_1_177' title='bbox 1337 2214 1574 2285; x_wconf 83' lang='lat' dir='ltr'><strong>discipuli</strong></span> <span class='ocrx_word' id='word_1_178' title='bbox 1593 2215 1702 2286; x_wconf 86' lang='lat' dir='ltr'><strong>ejus</strong></span> <span class='ocrx_word' id='word_1_179' title='bbox 1721 2230 1739 2279; x_wconf 88' lang='lat'><strong>;</strong></span> <span class='ocrx_word' id='word_1_180' title='bbox 1755 2223 1804 2269; x_wconf 88' lang='lat' dir='ltr'><strong>et</strong></span> <span class='ocrx_word' id='word_1_181' title='bbox 1817 2230 1940 2283; x_wconf 89' lang='lat' dir='ltr'><strong>ape-</strong></span> 
     </span>
    </p>
   </div>
   <div class='ocr_carea' id='block_1_23' title="bbox 345 2305 1945 2377">
    <p class='ocr_par' dir='ltr' id='par_1_23' title="bbox 345 2305 1945 2377">
     <span class='ocr_line' id='line_1_23' title="bbox 345 2305 1945 2377; baseline -0.007 -5"><span class='ocrx_word' id='word_1_182' title='bbox 345 2319 483 2372; x_wconf 86' lang='lat' dir='ltr'><strong>riens</strong></span> <span class='ocrx_word' id='word_1_183' title='bbox 498 2332 554 2371; x_wconf 91' lang='lat' dir='ltr'><strong>os</strong></span> <span class='ocrx_word' id='word_1_184' title='bbox 573 2329 719 2370; x_wconf 86' lang='lat' dir='ltr'><strong>suum</strong></span> <span class='ocrx_word' id='word_1_185' title='bbox 736 2310 942 2368; x_wconf 85' lang='lat' dir='ltr'><strong>docebat</strong></span> <span class='ocrx_word' id='word_1_186' title='bbox 957 2326 1064 2377; x_wconf 89' lang='lat' dir='ltr'><strong>eos,</strong></span> <span class='ocrx_word' id='word_1_187' title='bbox 1088 2307 1277 2363; x_wconf 86' lang='lat' dir='ltr'><strong>dicens.</strong></span> <span class='ocrx_word' id='word_1_188' title='bbox 1296 2306 1352 2362; x_wconf 91' lang='lat' dir='ltr'><strong>Si</strong></span> <span class='ocrx_word' id='word_1_189' title='bbox 1370 2306 1623 2377; x_wconf 66' lang='lat' dir='ltr'><strong>quaeritur</strong></span> <span class='ocrx_word' id='word_1_190' title='bbox 1637 2305 1765 2376; x_wconf 90' lang='lat' dir='ltr'><strong>quid</strong></span> <span class='ocrx_word' id='word_1_191' title='bbox 1781 2305 1945 2377; x_wconf 85' lang='lat' dir='ltr'><strong>signi-</strong></span> 
     </span>
    </p>
   </div>
   <div class='ocr_carea' id='block_1_24' title="bbox 348 2397 1943 2472">
    <p class='ocr_par' dir='ltr' id='par_1_24' title="bbox 348 2397 1943 2472">
     <span class='ocr_line' id='line_1_24' title="bbox 348 2397 1943 2472; baseline -0.008 -5"><span class='ocrx_word' id='word_1_192' title='bbox 348 2410 475 2467; x_wconf 83' lang='lat' dir='ltr'><strong>ﬁcet</strong></span> <span class='ocrx_word' id='word_1_193' title='bbox 498 2421 655 2464; x_wconf 91' lang='lat' dir='ltr'><strong>mons</strong></span> <span class='ocrx_word' id='word_1_194' title='bbox 678 2448 693 2472; x_wconf 90' lang='lat'><strong>,</strong></span> <span class='ocrx_word' id='word_1_195' title='bbox 724 2405 860 2460; x_wconf 84' lang='lat' dir='ltr'><strong>bene</strong></span> <span class='ocrx_word' id='word_1_196' title='bbox 898 2400 1210 2471; x_wconf 75' lang='lat' dir='ltr'><strong>intelligitur</strong></span> <span class='ocrx_word' id='word_1_197' title='bbox 1238 2397 1539 2470; x_wconf 90' lang='lat' dir='ltr'><strong>signiﬁcare</strong></span> <span class='ocrx_word' id='word_1_198' title='bbox 1568 2404 1773 2470; x_wconf 83' lang='lat' dir='ltr'><strong>majora</strong></span> <span class='ocrx_word' id='word_1_199' title='bbox 1804 2414 1943 2469; x_wconf 79' lang='lat' dir='ltr'><strong>pra:-</strong></span> 
     </span>
    </p>
   </div>
   <div class='ocr_carea' id='block_1_25' title="bbox 349 2489 1942 2574">
    <p class='ocr_par' dir='ltr' id='par_1_25' title="bbox 349 2489 1942 2574">
     <span class='ocr_line' id='line_1_25' title="bbox 349 2489 1942 2574; baseline -0.011 -13"><span class='ocrx_word' id='word_1_200' title='bbox 349 2512 502 2574; x_wconf 87' lang='lat' dir='ltr'><strong>cepta</strong></span> <span class='ocrx_word' id='word_1_201' title='bbox 514 2498 762 2572; x_wconf 71' lang='lat' dir='ltr'><strong>justitite;</strong></span> <span class='ocrx_word' id='word_1_202' title='bbox 781 2497 901 2568; x_wconf 86' lang='lat' dir='ltr'><strong>quia</strong></span> <span class='ocrx_word' id='word_1_203' title='bbox 922 2496 1127 2550; x_wconf 90' lang='lat' dir='ltr'><strong>minora</strong></span> <span class='ocrx_word' id='word_1_204' title='bbox 1144 2501 1297 2548; x_wconf 91' lang='lat' dir='ltr'><strong>erant</strong></span> <span class='ocrx_word' id='word_1_205' title='bbox 1311 2506 1427 2562; x_wconf 64' lang='lat' dir='ltr'><strong>qua:</strong></span> <span class='ocrx_word' id='word_1_206' title='bbox 1440 2489 1642 2546; x_wconf 64' lang='lat' dir='ltr'><strong>.ludaeis</strong></span> <span class='ocrx_word' id='word_1_207' title='bbox 1661 2490 1783 2547; x_wconf 89' lang='lat' dir='ltr'><strong>data</strong></span> <span class='ocrx_word' id='word_1_208' title='bbox 1799 2498 1942 2546; x_wconf 87' lang='lat' dir='ltr'><strong>sunt.</strong></span> 
     </span>
    </p>
   </div>
   <div class='ocr_carea' id='block_1_26' title="bbox 346 2581 1946 2657">
    <p class='ocr_par' dir='ltr' id='par_1_26' title="bbox 346 2581 1946 2657">
     <span class='ocr_line' id='line_1_26' title="bbox 346 2581 1946 2657; baseline -0.01 -5"><span class='ocrx_word' id='word_1_209' title='bbox 346 2594 503 2653; x_wconf 86' lang='lat' dir='ltr'><strong>Unus</strong></span> <span class='ocrx_word' id='word_1_210' title='bbox 538 2602 713 2647; x_wconf 90' lang='lat' dir='ltr'><strong>tamen</strong></span> <span class='ocrx_word' id='word_1_211' title='bbox 749 2589 889 2643; x_wconf 87' lang='lat' dir='ltr'><strong>Dens</strong></span> <span class='ocrx_word' id='word_1_212' title='bbox 917 2601 1012 2657; x_wconf 90' lang='lat' dir='ltr'><strong>per</strong></span> <span class='ocrx_word' id='word_1_213' title='bbox 1050 2592 1266 2640; x_wconf 88' lang='lat' dir='ltr'><strong>sanctos</strong></span> <span class='ocrx_word' id='word_1_214' title='bbox 1296 2582 1593 2652; x_wconf 81' lang='lat' dir='ltr'><strong>Prophetas</strong></span> <span class='ocrx_word' id='word_1_215' title='bbox 1622 2591 1678 2639; x_wconf 92' lang='lat' dir='ltr'><strong>et</strong></span> <span class='ocrx_word' id='word_1_216' title='bbox 1719 2581 1946 2637; x_wconf 86' lang='lat' dir='ltr'><strong>famulos</strong></span> 
     </span>
    </p>
   </div>
   <div class='ocr_carea' id='block_1_27' title="bbox 351 2673 1951 2750">
    <p class='ocr_par' dir='ltr' id='par_1_27' title="bbox 351 2673 1951 2750">
     <span class='ocr_line' id='line_1_27' title="bbox 351 2673 1951 2750; baseline -0.008 -7"><span class='ocrx_word' id='word_1_217' title='bbox 351 2699 482 2743; x_wconf 86' lang='lat' dir='ltr'><strong>suos</strong></span> <span class='ocrx_word' id='word_1_218' title='bbox 505 2726 521 2750; x_wconf 94' lang='lat'><strong>,</strong></span> <span class='ocrx_word' id='word_1_219' title='bbox 555 2680 848 2739; x_wconf 90' lang='lat' dir='ltr'><strong>secundum</strong></span> <span class='ocrx_word' id='word_1_220' title='bbox 880 2675 1329 2734; x_wconf 87' lang='lat' dir='ltr'><strong>ordinatissimam</strong></span> <span class='ocrx_word' id='word_1_221' title='bbox 1358 2673 1790 2732; x_wconf 89' lang='lat' dir='ltr'><strong>distributionem</strong></span> <span class='ocrx_word' id='word_1_222' title='bbox 1815 2684 1951 2732; x_wconf 78' lang='lat' dir='ltr'><strong>teni-</strong></span> 
     </span>
    </p>
   </div>
   <div class='ocr_carea' id='block_1_28' title="bbox 348 2764 1951 2852">
    <p class='ocr_par' dir='ltr' id='par_1_28' title="bbox 348 2764 1951 2852">
     <span class='ocr_line' id='line_1_28' title="bbox 348 2764 1951 2852; baseline -0.009 -16"><span class='ocrx_word' id='word_1_223' title='bbox 348 2793 565 2852; x_wconf 91' lang='lat' dir='ltr'><strong>porum,</strong></span> <span class='ocrx_word' id='word_1_224' title='bbox 586 2774 735 2831; x_wconf 90' lang='lat' dir='ltr'><strong>dedit</strong></span> <span class='ocrx_word' id='word_1_225' title='bbox 758 2771 968 2828; x_wconf 89' lang='lat' dir='ltr'><strong>minora</strong></span> <span class='ocrx_word' id='word_1_226' title='bbox 990 2776 1256 2841; x_wconf 85' lang='lat' dir='ltr'><strong>praecepta</strong></span> <span class='ocrx_word' id='word_1_227' title='bbox 1276 2764 1473 2838; x_wconf 87' lang='lat' dir='ltr'><strong>populo</strong></span> <span class='ocrx_word' id='word_1_228' title='bbox 1496 2783 1655 2839; x_wconf 90' lang='lat' dir='ltr'><strong>quem</strong></span> <span class='ocrx_word' id='word_1_229' title='bbox 1689 2767 1865 2824; x_wconf 87' lang='lat' dir='ltr'><strong>adhuc</strong></span> <span class='ocrx_word' id='word_1_230' title='bbox 1885 2767 1951 2823; x_wconf 83' lang='lat' dir='ltr'><strong>ti-</strong></span> 
     </span>
    </p>
   </div>
   <div class='ocr_carea' id='block_1_29' title="bbox 353 2859 1951 2939">
    <p class='ocr_par' dir='ltr' id='par_1_29' title="bbox 353 2859 1951 2939">
     <span class='ocr_line' id='line_1_29' title="bbox 353 2859 1951 2939; baseline -0.009 -10"><span class='ocrx_word' id='word_1_231' title='bbox 353 2886 507 2930; x_wconf 85' lang='lat' dir='ltr'><strong>more</strong></span> <span class='ocrx_word' id='word_1_232' title='bbox 538 2866 742 2939; x_wconf 87' lang='lat' dir='ltr'><strong>alligari</strong></span> <span class='ocrx_word' id='word_1_233' title='bbox 773 2870 1084 2937; x_wconf 86' lang='lat' dir='ltr'><strong>oportebat;</strong></span> <span class='ocrx_word' id='word_1_234' title='bbox 1121 2869 1175 2916; x_wconf 90' lang='lat' dir='ltr'><strong>et</strong></span> <span class='ocrx_word' id='word_1_235' title='bbox 1201 2875 1298 2931; x_wconf 88' lang='lat' dir='ltr'><strong>per</strong></span> <span class='ocrx_word' id='word_1_236' title='bbox 1317 2876 1510 2918; x_wconf 75' lang='lat' dir='ltr'><strong>riuum</strong></span> <span class='ocrx_word' id='word_1_237' title='bbox 1534 2875 1690 2917; x_wconf 90' lang='lat' dir='ltr'><strong>suum</strong></span> <span class='ocrx_word' id='word_1_238' title='bbox 1707 2901 1725 2927; x_wconf 95' lang='lat'><strong>,</strong></span> <span class='ocrx_word' id='word_1_239' title='bbox 1748 2859 1951 2930; x_wconf 86' lang='lat' dir='ltr'><strong>majora</strong></span> 
     </span>
    </p>
   </div>
   <div class='ocr_carea' id='block_1_30' title="bbox 354 2951 1952 3035">
    <p class='ocr_par' dir='ltr' id='par_1_30' title="bbox 354 2951 1952 3035">
     <span class='ocr_line' id='line_1_30' title="bbox 354 2951 1952 3035; baseline -0.008 -15"><span class='ocrx_word' id='word_1_240' title='bbox 354 2963 553 3035; x_wconf 88' lang='lat' dir='ltr'><strong>populo</strong></span> <span class='ocrx_word' id='word_1_241' title='bbox 581 2974 738 3032; x_wconf 90' lang='lat' dir='ltr'><strong>quem</strong></span> <span class='ocrx_word' id='word_1_242' title='bbox 765 2956 1026 3015; x_wconf 88' lang='lat' dir='ltr'><strong>cbaritate</strong></span> <span class='ocrx_word' id='word_1_243' title='bbox 1049 2957 1161 3026; x_wconf 84' lang='lat' dir='ltr'><strong>jam</strong></span> <span class='ocrx_word' id='word_1_244' title='bbox 1201 2952 1417 3010; x_wconf 90' lang='lat' dir='ltr'><strong>liberari</strong></span> <span class='ocrx_word' id='word_1_245' title='bbox 1446 2961 1786 3010; x_wconf 85' lang='lat' dir='ltr'><strong>convenerat.</strong></span> <span class='ocrx_word' id='word_1_246' title='bbox 1819 2951 1952 3010; x_wconf 80' lang='lat' dir='ltr'><strong>Cum</strong></span> 
     </span>
    </p>
   </div>
   <div class='ocr_carea' id='block_1_31' title="bbox 355 3042 1954 3115">
    <p class='ocr_par' dir='ltr' id='par_1_31' title="bbox 355 3042 1954 3115">
     <span class='ocr_line' id='line_1_31' title="bbox 355 3042 1954 3115; baseline -0.006 -4"><span class='ocrx_word' id='word_1_247' title='bbox 355 3063 535 3111; x_wconf 86' lang='lat' dir='ltr'><strong>autem</strong></span> <span class='ocrx_word' id='word_1_248' title='bbox 554 3052 756 3108; x_wconf 89' lang='lat' dir='ltr'><strong>minora</strong></span> <span class='ocrx_word' id='word_1_249' title='bbox 777 3048 1092 3111; x_wconf 89' lang='lat' dir='ltr'><strong>minoribus,</strong></span> <span class='ocrx_word' id='word_1_250' title='bbox 1113 3042 1316 3114; x_wconf 81' lang='lat' dir='ltr'><strong>majora</strong></span> <span class='ocrx_word' id='word_1_251' title='bbox 1343 3045 1637 3115; x_wconf 88' lang='lat' dir='ltr'><strong>majoribus</strong></span> <span class='ocrx_word' id='word_1_252' title='bbox 1656 3044 1867 3111; x_wconf 88' lang='lat' dir='ltr'><strong>dantur,</strong></span> <span class='ocrx_word' id='word_1_253' title='bbox 1886 3046 1954 3102; x_wconf 91' lang='lat' dir='ltr'><strong>ab</strong></span> 
     </span>
    </p>
   </div>
   <div class='ocr_carea' id='block_1_32' title="bbox 360 3135 1955 3210">
    <p class='ocr_par' dir='ltr' id='par_1_32' title="bbox 360 3135 1955 3210">
     <span class='ocr_line' id='line_1_32' title="bbox 360 3135 1955 3210; baseline -0.008 -7"><span class='ocrx_word' id='word_1_254' title='bbox 360 3161 427 3204; x_wconf 92' lang='lat' dir='ltr'><strong>co</strong></span> <span class='ocrx_word' id='word_1_255' title='bbox 441 3146 634 3201; x_wconf 88' lang='lat' dir='ltr'><strong>dantur</strong></span> <span class='ocrx_word' id='word_1_256' title='bbox 657 3144 748 3210; x_wconf 91' lang='lat' dir='ltr'><strong>qui</strong></span> <span class='ocrx_word' id='word_1_257' title='bbox 774 3143 919 3197; x_wconf 90' lang='lat' dir='ltr'><strong>solus</strong></span> <span class='ocrx_word' id='word_1_258' title='bbox 938 3139 1086 3194; x_wconf 90' lang='lat' dir='ltr'><strong>novit</strong></span> <span class='ocrx_word' id='word_1_259' title='bbox 1099 3145 1481 3209; x_wconf 90' lang='lat' dir='ltr'><strong>congruentem</strong></span> <span class='ocrx_word' id='word_1_260' title='bbox 1497 3136 1608 3191; x_wconf 90' lang='lat' dir='ltr'><strong>suis</strong></span> <span class='ocrx_word' id='word_1_261' title='bbox 1622 3135 1955 3206; x_wconf 86' lang='lat' dir='ltr'><strong>temporibus</strong></span> 
     </span>
    </p>
   </div>
   <div class='ocr_carea' id='block_1_33' title="bbox 360 3227 1956 3311">
    <p class='ocr_par' dir='ltr' id='par_1_33' title="bbox 360 3227 1956 3311">
     <span class='ocr_line' id='line_1_33' title="bbox 360 3227 1956 3311; baseline -0.007 -16"><span class='ocrx_word' id='word_1_262' title='bbox 360 3237 543 3311; x_wconf 90' lang='lat' dir='ltr'><strong>generi</strong></span> <span class='ocrx_word' id='word_1_263' title='bbox 572 3235 808 3290; x_wconf 89' lang='lat' dir='ltr'><strong>humano</strong></span> <span class='ocrx_word' id='word_1_264' title='bbox 833 3231 1088 3288; x_wconf 79' lang='lat' dir='ltr'><strong>exhibere</strong></span> <span class='ocrx_word' id='word_1_265' title='bbox 1115 3230 1472 3311; x_wconf 48' lang='lat' dir='ltr'><strong>medicinam:</strong></span> <span class='ocrx_word' id='word_1_266' title='bbox 1506 3227 1617 3285; x_wconf 88' lang='lat' dir='ltr'><strong>Nec</strong></span> <span class='ocrx_word' id='word_1_267' title='bbox 1652 3229 1846 3284; x_wconf 91' lang='lat' dir='ltr'><strong>mirum</strong></span> <span class='ocrx_word' id='word_1_268' title='bbox 1872 3236 1956 3285; x_wconf 86' lang='lat' dir='ltr'><strong>est</strong></span> 
     </span>
    </p>
   </div>
   <div class='ocr_carea' id='block_1_34' title="bbox 360 3301 1952 3402">
    <p class='ocr_par' dir='ltr' id='par_1_34' title="bbox 360 3301 1952 3402">
     <span class='ocr_line' id='line_1_34' title="bbox 360 3301 1952 3402; baseline -0.006 -16"><span class='ocrx_word' id='word_1_269' title='bbox 360 3301 504 3402; x_wconf 69' lang='lat' dir='ltr'><strong>quod</strong></span> <span class='ocrx_word' id='word_1_270' title='bbox 535 3327 728 3384; x_wconf 89' lang='lat' dir='ltr'><strong>dantur</strong></span> <span class='ocrx_word' id='word_1_271' title='bbox 753 3332 1016 3398; x_wconf 71' lang='lat' dir='ltr'><strong>prmeepta</strong></span> <span class='ocrx_word' id='word_1_272' title='bbox 1050 3322 1254 3394; x_wconf 89' lang='lat' dir='ltr'><strong>majora</strong></span> <span class='ocrx_word' id='word_1_273' title='bbox 1280 3301 1498 3394; x_wconf 63' lang='lat' dir='ltr'><strong>proptEr</strong></span> <span class='ocrx_word' id='word_1_274' title='bbox 1527 3336 1752 3393; x_wconf 87' lang='lat' dir='ltr'><strong>regnum</strong></span> <span class='ocrx_word' id='word_1_275' title='bbox 1781 3322 1952 3378; x_wconf 79' lang='lat' dir='ltr'><strong>ctels-</strong></span> 
     </span>
    </p>
   </div>
   <div class='ocr_carea' id='block_1_35' title="bbox 361 3406 1952 3490">
    <p class='ocr_par' dir='ltr' id='par_1_35' title="bbox 361 3406 1952 3490">
     <span class='ocr_line' id='line_1_35' title="bbox 361 3406 1952 3490; baseline -0.006 -10"><span class='ocrx_word' id='word_1_276' title='bbox 361 3438 483 3480; x_wconf 89' lang='lat' dir='ltr'><strong>rum</strong></span> <span class='ocrx_word' id='word_1_277' title='bbox 511 3424 553 3490; x_wconf 80' lang='grc'><strong>¹,</strong></span> <span class='ocrx_word' id='word_1_278' title='bbox 579 3429 634 3478; x_wconf 92' lang='lat' dir='ltr'><strong>ct</strong></span> <span class='ocrx_word' id='word_1_279' title='bbox 653 3419 859 3476; x_wconf 90' lang='lat' dir='ltr'><strong>minora</strong></span> <span class='ocrx_word' id='word_1_280' title='bbox 885 3416 1006 3473; x_wconf 87' lang='lat' dir='ltr'><strong>data</strong></span> <span class='ocrx_word' id='word_1_281' title='bbox 1028 3425 1154 3473; x_wconf 91' lang='lat' dir='ltr'><strong>sunt</strong></span> <span class='ocrx_word' id='word_1_282' title='bbox 1177 3424 1394 3486; x_wconf 88' lang='lat' dir='ltr'><strong>propter</strong></span> <span class='ocrx_word' id='word_1_283' title='bbox 1414 3406 1636 3486; x_wconf 82' lang='lat' dir='ltr'><strong>regnum</strong></span> <span class='ocrx_word' id='word_1_284' title='bbox 1662 3424 1952 3485; x_wconf 89' lang='lat' dir='ltr'><strong>terrenum,</strong></span> 
     </span>
    </p>
   </div>
   <div class='ocr_carea' id='block_1_36' title="bbox 361 3507 1956 3582">
    <p class='ocr_par' dir='ltr' id='par_1_36' title="bbox 361 3507 1956 3582">
     <span class='ocr_line' id='line_1_36' title="bbox 361 3507 1956 3582; baseline -0.005 -10"><span class='ocrx_word' id='word_1_285' title='bbox 361 3516 431 3572; x_wconf 89' lang='lat' dir='ltr'><strong>ab</strong></span> <span class='ocrx_word' id='word_1_286' title='bbox 450 3515 637 3572; x_wconf 85' lang='lat' dir='ltr'><strong>eodem</strong></span> <span class='ocrx_word' id='word_1_287' title='bbox 664 3527 771 3568; x_wconf 89' lang='lat' dir='ltr'><strong>uno</strong></span> <span class='ocrx_word' id='word_1_288' title='bbox 800 3512 907 3567; x_wconf 88' lang='lat' dir='ltr'><strong>Deo</strong></span> <span class='ocrx_word' id='word_1_289' title='bbox 931 3509 1019 3582; x_wconf 89' lang='lat' dir='ltr'><strong>qui</strong></span> <span class='ocrx_word' id='word_1_290' title='bbox 1044 3508 1170 3565; x_wconf 91' lang='lat' dir='ltr'><strong>fecit</strong></span> <span class='ocrx_word' id='word_1_291' title='bbox 1198 3508 1391 3564; x_wconf 89' lang='lat' dir='ltr'><strong>coelum</strong></span> <span class='ocrx_word' id='word_1_292' title='bbox 1419 3516 1476 3563; x_wconf 90' lang='lat' dir='ltr'><strong>et</strong></span> <span class='ocrx_word' id='word_1_293' title='bbox 1502 3515 1724 3562; x_wconf 90' lang='lat' dir='ltr'><strong>terram.</strong></span> <span class='ocrx_word' id='word_1_294' title='bbox 1755 3507 1832 3564; x_wconf 86' lang='lat' dir='ltr'><strong>De</strong></span> <span class='ocrx_word' id='word_1_295' title='bbox 1853 3507 1956 3564; x_wconf 85' lang='lat' dir='ltr'><strong>bac</strong></span> 
     </span>
    </p>
   </div>
   <div class='ocr_carea' id='block_1_37' title="bbox 363 3596 1955 3679">
    <p class='ocr_par' dir='ltr' id='par_1_37' title="bbox 363 3596 1955 3679">
     <span class='ocr_line' id='line_1_37' title="bbox 363 3596 1955 3679; baseline -0.007 -15"><span class='ocrx_word' id='word_1_296' title='bbox 363 3622 493 3679; x_wconf 85' lang='lat' dir='ltr'><strong>ergo</strong></span> <span class='ocrx_word' id='word_1_297' title='bbox 516 3603 720 3676; x_wconf 88' lang='lat' dir='ltr'><strong>justitia</strong></span> <span class='ocrx_word' id='word_1_298' title='bbox 748 3617 867 3674; x_wconf 65' lang='lat' dir='ltr'><strong>qua:</strong></span> <span class='ocrx_word' id='word_1_299' title='bbox 888 3599 1061 3669; x_wconf 88' lang='lat' dir='ltr'><strong>major</strong></span> <span class='ocrx_word' id='word_1_300' title='bbox 1085 3607 1168 3656; x_wconf 89' lang='lat' dir='ltr'><strong>est</strong></span> <span class='ocrx_word' id='word_1_301' title='bbox 1191 3640 1206 3665; x_wconf 86' lang='lat'><strong>,</strong></span> <span class='ocrx_word' id='word_1_302' title='bbox 1235 3614 1330 3670; x_wconf 90' lang='lat' dir='ltr'><strong>per</strong></span> <span class='ocrx_word' id='word_1_303' title='bbox 1374 3596 1691 3669; x_wconf 84' lang='lat' dir='ltr'><strong>prophetam</strong></span> <span class='ocrx_word' id='word_1_304' title='bbox 1737 3596 1955 3667; x_wconf 88' lang='lat' dir='ltr'><strong>dicitur,</strong></span> 
     </span>
    </p>
   </div>
   <div class='ocr_carea' id='block_1_38' title="bbox 366 3687 1960 3764">
    <p class='ocr_par' dir='ltr' id='par_1_38' title="bbox 366 3687 1960 3764">
     <span class='ocr_line' id='line_1_38' title="bbox 366 3687 1960 3764; baseline -0.005 -9"><span class='ocrx_word' id='word_1_305' title='bbox 366 3696 579 3756; x_wconf 79' lang='lat' dir='ltr'><strong>Justitia</strong></span> <span class='ocrx_word' id='word_1_306' title='bbox 616 3705 705 3751; x_wconf 87' lang='lat' dir='ltr'><strong>tua</strong></span> <span class='ocrx_word' id='word_1_307' title='bbox 728 3695 855 3750; x_wconf 83' lang='lat' dir='ltr'><strong>sicut</strong></span> <span class='ocrx_word' id='word_1_308' title='bbox 880 3701 1076 3748; x_wconf 67' lang='lat' dir='ltr'><strong>montes</strong></span> <span class='ocrx_word' id='word_1_309' title='bbox 1105 3690 1200 3745; x_wconf 82' lang='lat' dir='ltr'><strong>Dei</strong></span> <span class='ocrx_word' id='word_1_310' title='bbox 1232 3687 1402 3764; x_wconf 87' lang='lat' dir='ltr'><strong>(Psal.</strong></span> <span class='ocrx_word' id='word_1_311' title='bbox 1432 3706 1597 3757; x_wconf 80' lang='lat' dir='ltr'><strong>xxxv,</strong></span> <span class='ocrx_word' id='word_1_312' title='bbox 1643 3690 1732 3761; x_wconf 79' lang='lat'><strong>7):</strong></span> <span class='ocrx_word' id='word_1_313' title='bbox 1763 3698 1817 3746; x_wconf 91' lang='lat' dir='ltr'><strong>et</strong></span> <span class='ocrx_word' id='word_1_314' title='bbox 1857 3690 1960 3747; x_wconf 89' lang='lat' dir='ltr'><strong>hoc</strong></span> 
     </span>
    </p>
   </div>
   <div class='ocr_carea' id='block_1_39' title="bbox 365 3783 1960 3862">
    <p class='ocr_par' dir='ltr' id='par_1_39' title="bbox 365 3783 1960 3862">
     <span class='ocr_line' id='line_1_39' title="bbox 365 3783 1960 3862; baseline -0.005 -13"><span class='ocrx_word' id='word_1_315' title='bbox 365 3792 507 3849; x_wconf 87' lang='lat' dir='ltr'><strong>bene</strong></span> <span class='ocrx_word' id='word_1_316' title='bbox 533 3788 833 3862; x_wconf 83' lang='lat' dir='ltr'><strong>signiﬁcat,</strong></span> <span class='ocrx_word' id='word_1_317' title='bbox 860 3786 1003 3858; x_wconf 89' lang='lat' dir='ltr'><strong>quod</strong></span> <span class='ocrx_word' id='word_1_318' title='bbox 1040 3785 1108 3841; x_wconf 90' lang='lat' dir='ltr'><strong>ab</strong></span> <span class='ocrx_word' id='word_1_319' title='bbox 1133 3799 1240 3840; x_wconf 89' lang='lat' dir='ltr'><strong>uno</strong></span> <span class='ocrx_word' id='word_1_320' title='bbox 1269 3783 1524 3855; x_wconf 88' lang='lat' dir='ltr'><strong>magistro</strong></span> <span class='ocrx_word' id='word_1_321' title='bbox 1548 3783 1665 3841; x_wconf 88' lang='lat' dir='ltr'><strong>solo</strong></span> <span class='ocrx_word' id='word_1_322' title='bbox 1703 3783 1960 3841; x_wconf 82' lang='lat' dir='ltr'><strong>docendis</strong></span> 
     </span>
    </p>
   </div>
   <div class='ocr_carea' id='block_1_40' title="bbox 365 3874 1959 3944">
    <p class='ocr_par' dir='ltr' id='par_1_40' title="bbox 365 3874 1959 3944">
     <span class='ocr_line' id='line_1_40' title="bbox 365 3874 1959 3944; baseline -0.004 -6"><span class='ocrx_word' id='word_1_323' title='bbox 365 3882 532 3940; x_wconf 85' lang='lat' dir='ltr'><strong>tantis</strong></span> <span class='ocrx_word' id='word_1_324' title='bbox 560 3881 720 3938; x_wconf 89' lang='lat' dir='ltr'><strong>rebus</strong></span> <span class='ocrx_word' id='word_1_325' title='bbox 747 3877 962 3944; x_wconf 89' lang='lat' dir='ltr'><strong>idoneo,</strong></span> <span class='ocrx_word' id='word_1_326' title='bbox 998 3876 1220 3933; x_wconf 66' lang='lat' dir='ltr'><strong>locetur</strong></span> <span class='ocrx_word' id='word_1_327' title='bbox 1245 3876 1297 3930; x_wconf 92' lang='lat' dir='ltr'><strong>in</strong></span> <span class='ocrx_word' id='word_1_328' title='bbox 1327 3884 1530 3931; x_wconf 89' lang='lat' dir='ltr'><strong>monte.</strong></span> <span class='ocrx_word' id='word_1_329' title='bbox 1559 3874 1765 3932; x_wconf 88' lang='lat' dir='ltr'><strong>Sedens</strong></span> <span class='ocrx_word' id='word_1_330' title='bbox 1779 3885 1959 3933; x_wconf 89' lang='lat' dir='ltr'><strong>autem</strong></span> 
     </span>
    </p>
   </div>
   <div class='ocr_carea' id='block_1_41' title="bbox 369 3964 1959 4044">
    <p class='ocr_par' dir='ltr' id='par_1_41' title="bbox 369 3964 1959 4044">
     <span class='ocr_line' id='line_1_41' title="bbox 369 3964 1959 4044; baseline -0.004 -13"><span class='ocrx_word' id='word_1_331' title='bbox 369 3973 548 4040; x_wconf 91' lang='lat' dir='ltr'><strong>docet,</strong></span> <span class='ocrx_word' id='word_1_332' title='bbox 578 3969 719 4044; x_wconf 91' lang='lat' dir='ltr'><strong>quod</strong></span> <span class='ocrx_word' id='word_1_333' title='bbox 751 3964 981 4039; x_wconf 78' lang='lat' dir='ltr'><strong>pertinet</strong></span> <span class='ocrx_word' id='word_1_334' title='bbox 1005 3966 1073 4022; x_wconf 89' lang='lat' dir='ltr'><strong>ad</strong></span> <span class='ocrx_word' id='word_1_335' title='bbox 1097 3964 1407 4038; x_wconf 85' lang='lat' dir='ltr'><strong>dignitatem</strong></span> <span class='ocrx_word' id='word_1_336' title='bbox 1430 3967 1722 4039; x_wconf 84' lang='lat' dir='ltr'><strong>magisterii</strong></span> <span class='ocrx_word' id='word_1_337' title='bbox 1746 3986 1760 4023; x_wconf 90' lang='lat'><strong>:</strong></span> <span class='ocrx_word' id='word_1_338' title='bbox 1793 3978 1849 4024; x_wconf 92' lang='lat' dir='ltr'><strong>et</strong></span> <span class='ocrx_word' id='word_1_339' title='bbox 1865 3983 1959 4024; x_wconf 90' lang='lat' dir='ltr'><strong>ac-</strong></span> 
     </span>
    </p>
   </div>
   <div class='ocr_carea' id='block_1_42' title="bbox 368 4055 1962 4131">
    <p class='ocr_par' dir='ltr' id='par_1_42' title="bbox 368 4055 1962 4131">
     <span class='ocr_line' id='line_1_42' title="bbox 368 4055 1962 4131; baseline -0.003 -7"><span class='ocrx_word' id='word_1_340' title='bbox 368 4066 566 4125; x_wconf 90' lang='lat' dir='ltr'><strong>ccdunt</strong></span> <span class='ocrx_word' id='word_1_341' title='bbox 587 4062 654 4120; x_wconf 92' lang='lat' dir='ltr'><strong>ad</strong></span> <span class='ocrx_word' id='word_1_342' title='bbox 666 4055 792 4119; x_wconf 83' lang='lat' dir='ltr'><strong>eum</strong></span> <span class='ocrx_word' id='word_1_343' title='bbox 813 4060 1057 4131; x_wconf 89' lang='lat' dir='ltr'><strong>discipuli</strong></span> <span class='ocrx_word' id='word_1_344' title='bbox 1081 4060 1218 4129; x_wconf 90' lang='lat' dir='ltr'><strong>ejus,</strong></span> <span class='ocrx_word' id='word_1_345' title='bbox 1236 4069 1294 4116; x_wconf 93' lang='lat' dir='ltr'><strong>ut</strong></span> <span class='ocrx_word' id='word_1_346' title='bbox 1318 4059 1598 4116; x_wconf 88' lang='lat' dir='ltr'><strong>audiendis</strong></span> <span class='ocrx_word' id='word_1_347' title='bbox 1615 4061 1759 4118; x_wconf 88' lang='lat' dir='ltr'><strong>illius</strong></span> <span class='ocrx_word' id='word_1_348' title='bbox 1782 4063 1962 4120; x_wconf 83' lang='lat' dir='ltr'><strong>verbis</strong></span> 
     </span>
    </p>
   </div>
   <div class='ocr_carea' id='block_1_43' title="bbox 372 4151 1963 4224">
    <p class='ocr_par' dir='ltr' id='par_1_43' title="bbox 372 4151 1963 4224">
     <span class='ocr_line' id='line_1_43' title="bbox 372 4151 1963 4224; baseline -0.003 -10"><span class='ocrx_word' id='word_1_349' title='bbox 372 4157 432 4216; x_wconf 86' lang='lat' dir='ltr'><strong>bi</strong></span> <span class='ocrx_word' id='word_1_350' title='bbox 448 4163 630 4215; x_wconf 85' lang='lat' dir='ltr'><strong>essent</strong></span> <span class='ocrx_word' id='word_1_351' title='bbox 644 4153 804 4211; x_wconf 90' lang='lat' dir='ltr'><strong>etiam</strong></span> <span class='ocrx_word' id='word_1_352' title='bbox 824 4166 1052 4224; x_wconf 90' lang='lat' dir='ltr'><strong>corpore</strong></span> <span class='ocrx_word' id='word_1_353' title='bbox 1064 4151 1367 4220; x_wconf 86' lang='lat' dir='ltr'><strong>viciniores,</strong></span> <span class='ocrx_word' id='word_1_354' title='bbox 1385 4152 1475 4223; x_wconf 91' lang='lat' dir='ltr'><strong>qui</strong></span> <span class='ocrx_word' id='word_1_355' title='bbox 1494 4153 1774 4224; x_wconf 64' lang='lat' dir='ltr'><strong>praeceptis</strong></span> <span class='ocrx_word' id='word_1_356' title='bbox 1786 4154 1963 4211; x_wconf 86' lang='lat' dir='ltr'><strong>adim-</strong></span> 
     </span>
    </p>
   </div>
   <div class='ocr_carea' id='block_1_44' title="bbox 369 4242 1964 4323">
    <p class='ocr_par' dir='ltr' id='par_1_44' title="bbox 369 4242 1964 4323">
     <span class='ocr_line' id='line_1_44' title="bbox 369 4242 1964 4323; baseline -0.003 -16"><span class='ocrx_word' id='word_1_357' title='bbox 369 4248 587 4323; x_wconf 89' lang='lat' dir='ltr'><strong>plendis</strong></span> <span class='ocrx_word' id='word_1_358' title='bbox 622 4246 783 4303; x_wconf 89' lang='lat' dir='ltr'><strong>etiam</strong></span> <span class='ocrx_word' id='word_1_359' title='bbox 812 4246 992 4301; x_wconf 90' lang='lat' dir='ltr'><strong>animo</strong></span> <span class='ocrx_word' id='word_1_360' title='bbox 1041 4243 1484 4316; x_wconf 85' lang='lat' dir='ltr'><strong>propinquabant.</strong></span> <span class='ocrx_word' id='word_1_361' title='bbox 1531 4242 1602 4300; x_wconf 86' lang='lat' dir='ltr'><strong>Et</strong></span> <span class='ocrx_word' id='word_1_362' title='bbox 1638 4245 1870 4316; x_wconf 87' lang='lat' dir='ltr'><strong>aperiens</strong></span> <span class='ocrx_word' id='word_1_363' title='bbox 1907 4262 1964 4302; x_wconf 89' lang='lat' dir='ltr'><strong>os</strong></span> 
     </span>
    </p>
   </div>
   <div class='ocr_carea' id='block_1_45' title="bbox 375 4337 1967 4414">
    <p class='ocr_par' dir='ltr' id='par_1_45' title="bbox 375 4337 1967 4414">
     <span class='ocr_line' id='line_1_45' title="bbox 375 4337 1967 4414; baseline -0.002 -13"><span class='ocrx_word' id='word_1_364' title='bbox 375 4361 548 4411; x_wconf 88' lang='lat' dir='ltr'><strong>suum,</strong></span> <span class='ocrx_word' id='word_1_365' title='bbox 575 4340 782 4398; x_wconf 87' lang='lat' dir='ltr'><strong>docebat</strong></span> <span class='ocrx_word' id='word_1_366' title='bbox 810 4356 917 4405; x_wconf 92' lang='lat' dir='ltr'><strong>eos,</strong></span> <span class='ocrx_word' id='word_1_367' title='bbox 946 4338 1137 4394; x_wconf 87' lang='lat' dir='ltr'><strong>dicens.</strong></span> <span class='ocrx_word' id='word_1_368' title='bbox 1162 4337 1267 4394; x_wconf 87' lang='lat' dir='ltr'><strong>Ista</strong></span> <span class='ocrx_word' id='word_1_369' title='bbox 1291 4339 1695 4396; x_wconf 88' lang='lat' dir='ltr'><strong>circumlocutio</strong></span> <span class='ocrx_word' id='word_1_370' title='bbox 1712 4356 1814 4414; x_wconf 90' lang='lat' dir='ltr'><strong>qua</strong></span> <span class='ocrx_word' id='word_1_371' title='bbox 1836 4342 1967 4398; x_wconf 89' lang='lat' dir='ltr'><strong>scri-</strong></span> 
     </span>
    </p>
   </div>
   <div class='ocr_carea' id='block_1_46' title="bbox 370 4430 1969 4505">
    <p class='ocr_par' dir='ltr' id='par_1_46' title="bbox 370 4430 1969 4505">
     <span class='ocr_line' id='line_1_46' title="bbox 370 4430 1969 4505; baseline -0.003 -11"><span class='ocrx_word' id='word_1_372' title='bbox 370 4436 542 4503; x_wconf 85' lang='lat' dir='ltr'><strong>bitur,</strong></span> <span class='ocrx_word' id='word_1_373' title='bbox 573 4434 641 4489; x_wconf 85' lang='lat' dir='ltr'><strong>Et</strong></span> <span class='ocrx_word' id='word_1_374' title='bbox 665 4432 897 4505; x_wconf 87' lang='lat' dir='ltr'><strong>aperiens</strong></span> <span class='ocrx_word' id='word_1_375' title='bbox 916 4448 973 4487; x_wconf 91' lang='lat' dir='ltr'><strong>os</strong></span> <span class='ocrx_word' id='word_1_376' title='bbox 998 4448 1146 4487; x_wconf 89' lang='lat' dir='ltr'><strong>suum</strong></span> <span class='ocrx_word' id='word_1_377' title='bbox 1171 4474 1188 4500; x_wconf 92' lang='lat'><strong>,</strong></span> <span class='ocrx_word' id='word_1_378' title='bbox 1216 4430 1464 4488; x_wconf 80' lang='lat' dir='ltr'><strong>fortassis</strong></span> <span class='ocrx_word' id='word_1_379' title='bbox 1491 4431 1604 4503; x_wconf 91' lang='lat' dir='ltr'><strong>ipsa</strong></span> <span class='ocrx_word' id='word_1_380' title='bbox 1647 4448 1794 4489; x_wconf 88' lang='lat' dir='ltr'><strong>mora</strong></span> <span class='ocrx_word' id='word_1_381' title='bbox 1819 4449 1969 4490; x_wconf 83' lang='lat' dir='ltr'><strong>eom-</strong></span> 
     </span>
    </p>
   </div>
   <div class='ocr_carea' id='block_1_47' title="bbox 373 4521 1963 4596">
    <p class='ocr_par' dir='ltr' id='par_1_47' title="bbox 373 4521 1963 4596">
     <span class='ocr_line' id='line_1_47' title="bbox 373 4521 1963 4596; baseline -0.001 -11"><span class='ocrx_word' id='word_1_382' title='bbox 373 4527 596 4585; x_wconf 86' lang='lat' dir='ltr'><strong>mendat</strong></span> <span class='ocrx_word' id='word_1_383' title='bbox 615 4526 886 4596; x_wconf 83' lang='lat' dir='ltr'><strong>aliquanto</strong></span> <span class='ocrx_word' id='word_1_384' title='bbox 905 4524 1199 4595; x_wconf 81' lang='lat' dir='ltr'><strong>longiorem</strong></span> <span class='ocrx_word' id='word_1_385' title='bbox 1227 4521 1465 4579; x_wconf 79' lang='lat' dir='ltr'><strong>futurum</strong></span> <span class='ocrx_word' id='word_1_386' title='bbox 1486 4539 1605 4581; x_wconf 88' lang='lat' dir='ltr'><strong>esse</strong></span> <span class='ocrx_word' id='word_1_387' title='bbox 1625 4541 1927 4584; x_wconf 88' lang='lat' dir='ltr'><strong>sermonem</strong></span> <span class='ocrx_word' id='word_1_388' title='bbox 1950 4546 1963 4584; x_wconf 88' lang='lat'><strong>:</strong></span> 
     </span>
    </p>
   </div>
   <div class='ocr_carea' id='block_1_48' title="bbox 377 4614 1967 4689">
    <p class='ocr_par' dir='ltr' id='par_1_48' title="bbox 377 4614 1967 4689">
     <span class='ocr_line' id='line_1_48' title="bbox 377 4614 1967 4689; baseline -0.002 -12"><span class='ocrx_word' id='word_1_389' title='bbox 377 4619 484 4677; x_wconf 88' lang='lat' dir='ltr'><strong>nisi</strong></span> <span class='ocrx_word' id='word_1_390' title='bbox 510 4619 646 4674; x_wconf 89' lang='lat' dir='ltr'><strong>forte</strong></span> <span class='ocrx_word' id='word_1_391' title='bbox 666 4632 772 4672; x_wconf 91' lang='lat' dir='ltr'><strong>non</strong></span> <span class='ocrx_word' id='word_1_392' title='bbox 801 4625 956 4672; x_wconf 86' lang='lat' dir='ltr'><strong>vacet</strong></span> <span class='ocrx_word' id='word_1_393' title='bbox 979 4614 1120 4688; x_wconf 88' lang='lat' dir='ltr'><strong>quod</strong></span> <span class='ocrx_word' id='word_1_394' title='bbox 1148 4632 1291 4671; x_wconf 92' lang='lat' dir='ltr'><strong>nunc</strong></span> <span class='ocrx_word' id='word_1_395' title='bbox 1329 4631 1451 4672; x_wconf 89' lang='lat' dir='ltr'><strong>eum</strong></span> <span class='ocrx_word' id='word_1_396' title='bbox 1483 4615 1682 4672; x_wconf 88' lang='lat' dir='ltr'><strong>dictum</strong></span> <span class='ocrx_word' id='word_1_397' title='bbox 1716 4629 1801 4674; x_wconf 88' lang='lat' dir='ltr'><strong>est</strong></span> <span class='ocrx_word' id='word_1_398' title='bbox 1837 4633 1967 4689; x_wconf 88' lang='lat' dir='ltr'><strong>ape-</strong></span> 
     </span>
    </p>
   </div>
   <div class='ocr_carea' id='block_1_49' title="bbox 384 4706 1971 4783">
    <p class='ocr_par' dir='ltr' id='par_1_49' title="bbox 384 4706 1971 4783">
     <span class='ocr_line' id='line_1_49' title="bbox 384 4706 1971 4783; baseline 0 -14"><span class='ocrx_word' id='word_1_399' title='bbox 384 4711 559 4770; x_wconf 84' lang='lat' dir='ltr'><strong>ruisse</strong></span> <span class='ocrx_word' id='word_1_400' title='bbox 584 4724 646 4765; x_wconf 91' lang='lat' dir='ltr'><strong>os</strong></span> <span class='ocrx_word' id='word_1_401' title='bbox 669 4724 845 4775; x_wconf 90' lang='lat' dir='ltr'><strong>suum,</strong></span> <span class='ocrx_word' id='word_1_402' title='bbox 873 4707 1017 4778; x_wconf 91' lang='lat' dir='ltr'><strong>quod</strong></span> <span class='ocrx_word' id='word_1_403' title='bbox 1058 4709 1171 4779; x_wconf 89' lang='lat' dir='ltr'><strong>ipse</strong></span> <span class='ocrx_word' id='word_1_404' title='bbox 1199 4709 1251 4763; x_wconf 91' lang='lat' dir='ltr'><strong>in</strong></span> <span class='ocrx_word' id='word_1_405' title='bbox 1283 4706 1426 4781; x_wconf 90' lang='lat' dir='ltr'><strong>Lege</strong></span> <span class='ocrx_word' id='word_1_406' title='bbox 1450 4710 1620 4766; x_wconf 88' lang='lat' dir='ltr'><strong>veteri</strong></span> <span class='ocrx_word' id='word_1_407' title='bbox 1646 4712 1856 4783; x_wconf 87' lang='lat' dir='ltr'><strong>aperire</strong></span> <span class='ocrx_word' id='word_1_408' title='bbox 1881 4727 1971 4769; x_wconf 82' lang='lat' dir='ltr'><strong>so-</strong></span> 
     </span>
    </p>
   </div>
   <div class='ocr_carea' id='block_1_50' title="bbox 380 4798 1071 4873">
    <p class='ocr_par' dir='ltr' id='par_1_50' title="bbox 380 4798 1071 4873">
     <span class='ocr_line' id='line_1_50' title="bbox 380 4798 1071 4873; baseline -0.007 -13"><span class='ocrx_word' id='word_1_409' title='bbox 380 4802 520 4862; x_wconf 90' lang='lat' dir='ltr'><strong>leret</strong></span> <span class='ocrx_word' id='word_1_410' title='bbox 542 4816 636 4860; x_wconf 89' lang='lat' dir='ltr'><strong>ora</strong></span> <span class='ocrx_word' id='word_1_411' title='bbox 658 4798 1071 4873; x_wconf 75' lang='lat' dir='ltr'><strong>Prophetarum.</strong></span> 
     </span>
    </p>
   </div>
   <div class='ocr_carea' id='block_1_51' title="bbox 448 4890 1970 4970">
    <p class='ocr_par' dir='ltr' id='par_1_51' title="bbox 448 4890 1970 4970">
     <span class='ocr_line' id='line_1_51' title="bbox 448 4890 1970 4970; baseline 0.001 -19"><span class='ocrx_word' id='word_1_412' title='bbox 448 4895 505 4952; x_wconf 81' lang='lat'><strong>3.</strong></span> <span class='ocrx_word' id='word_1_413' title='bbox 531 4893 669 4965; x_wconf 83' lang='lat' dir='ltr'><strong>Quid</strong></span> <span class='ocrx_word' id='word_1_414' title='bbox 698 4908 827 4966; x_wconf 83' lang='lat' dir='ltr'><strong>ergo</strong></span> <span class='ocrx_word' id='word_1_415' title='bbox 863 4892 1025 4948; x_wconf 69' lang='lat' dir='ltr'><strong>dicit?</strong></span> <span class='ocrx_word' id='word_1_416' title='bbox 1051 4890 1195 4946; x_wconf 88' lang='lat' dir='ltr'><strong>Beati</strong></span> <span class='ocrx_word' id='word_1_417' title='bbox 1223 4909 1469 4965; x_wconf 83' lang='lat' dir='ltr'><strong>pauperes</strong></span> <span class='ocrx_word' id='word_1_418' title='bbox 1491 4896 1708 4967; x_wconf 85' lang='lat' dir='ltr'><strong>spiritu;</strong></span> <span class='ocrx_word' id='word_1_419' title='bbox 1731 4900 1970 4970; x_wconf 87' lang='lat' dir='ltr'><strong>quoniam</strong></span> 
     </span>
    </p>
   </div>
   <div class='ocr_carea' id='block_1_52' title="bbox 382 4982 1974 5063">
    <p class='ocr_par' dir='ltr' id='par_1_52' title="bbox 382 4982 1974 5063">
     <span class='ocr_line' id='line_1_52' title="bbox 382 4982 1974 5063; baseline 0.002 -18"><span class='ocrx_word' id='word_1_420' title='bbox 382 4988 610 5063; x_wconf 81' lang='lat' dir='ltr'><strong>ipsorum</strong></span> <span class='ocrx_word' id='word_1_421' title='bbox 637 4997 712 5043; x_wconf 89' lang='lat' dir='ltr'><strong>est</strong></span> <span class='ocrx_word' id='word_1_422' title='bbox 735 5001 946 5059; x_wconf 85' lang='lat' dir='ltr'><strong>regnum</strong></span> <span class='ocrx_word' id='word_1_423' title='bbox 961 4982 1218 5039; x_wconf 68' lang='lat' dir='ltr'><strong>calorum.</strong></span> <span class='ocrx_word' id='word_1_424' title='bbox 1246 4984 1495 5055; x_wconf 85' lang='lat' dir='ltr'><strong>Legimus</strong></span> <span class='ocrx_word' id='word_1_425' title='bbox 1513 4990 1768 5060; x_wconf 88' lang='lat' dir='ltr'><strong>scriptum</strong></span> <span class='ocrx_word' id='word_1_426' title='bbox 1788 4991 1857 5047; x_wconf 88' lang='lat' dir='ltr'><strong>de</strong></span> <span class='ocrx_word' id='word_1_427' title='bbox 1876 5007 1974 5063; x_wconf 83' lang='lat' dir='ltr'><strong>ap-</strong></span> 
     </span>
    </p>
   </div>
   <div class='ocr_carea' id='block_1_53' title="bbox 383 5076 1973 5159">
    <p class='ocr_par' dir='ltr' id='par_1_53' title="bbox 383 5076 1973 5159">
     <span class='ocr_line' id='line_1_53' title="bbox 383 5076 1973 5159; baseline 0.003 -22"><span class='ocrx_word' id='word_1_428' title='bbox 383 5082 638 5155; x_wconf 89' lang='lat' dir='ltr'><strong>petitione</strong></span> <span class='ocrx_word' id='word_1_429' title='bbox 680 5095 861 5137; x_wconf 90' lang='lat' dir='ltr'><strong>rernm</strong></span> <span class='ocrx_word' id='word_1_430' title='bbox 905 5078 1299 5150; x_wconf 88' lang='lat' dir='ltr'><strong>temporalium,</strong></span> <span class='ocrx_word' id='word_1_431' title='bbox 1330 5076 1516 5135; x_wconf 84' lang='lat' dir='ltr'><strong>Omnia</strong></span> <span class='ocrx_word' id='word_1_432' title='bbox 1547 5085 1739 5139; x_wconf 75' lang='lat' dir='ltr'><strong>vanitas</strong></span> <span class='ocrx_word' id='word_1_433' title='bbox 1765 5096 1812 5140; x_wconf 91' lang='lat' dir='ltr'><strong>et</strong></span> <span class='ocrx_word' id='word_1_434' title='bbox 1835 5103 1973 5159; x_wconf 75' lang='lat' dir='ltr'><strong>pra:-</strong></span> 
     </span>
    </p>
   </div>
   <div class='ocr_carea' id='block_1_54' title="bbox 381 5169 1967 5248">
    <p class='ocr_par' dir='ltr' id='par_1_54' title="bbox 381 5169 1967 5248">
     <span class='ocr_line' id='line_1_54' title="bbox 381 5169 1967 5248; baseline 0.003 -17"><span class='ocrx_word' id='word_1_435' title='bbox 381 5174 604 5246; x_wconf 87' lang='lat' dir='ltr'><strong>sumptio</strong></span> <span class='ocrx_word' id='word_1_436' title='bbox 641 5173 848 5245; x_wconf 85' lang='lat' dir='ltr'><strong>spiritus</strong></span> <span class='ocrx_word' id='word_1_437' title='bbox 893 5169 1090 5244; x_wconf 72' lang='lat' dir='ltr'><strong>(Ecrle.</strong></span> <span class='ocrx_word' id='word_1_438' title='bbox 1116 5188 1156 5234; x_wconf 81' lang='grc' dir='ltr'><strong>ι,</strong></span> <span class='ocrx_word' id='word_1_439' title='bbox 1189 5172 1278 5233; x_wconf 61' lang='lat' dir='ltr'><strong>ll.</strong></span> <span class='ocrx_word' id='word_1_440' title='bbox 1325 5189 1425 5229; x_wconf 86' lang='lat' dir='ltr'><strong>sec.</strong></span> <span class='ocrx_word' id='word_1_441' title='bbox 1455 5173 1597 5230; x_wconf 76' lang='lat' dir='ltr'><strong>LXX</strong></span> <span class='ocrx_word' id='word_1_442' title='bbox 1624 5175 1680 5248; x_wconf 87' lang='lat'><strong>);</strong></span> <span class='ocrx_word' id='word_1_443' title='bbox 1707 5193 1967 5246; x_wconf 71' lang='lat' dir='ltr'><strong>praesum-</strong></span> 
     </span>
    </p>
   </div>
   <div class='ocr_carea' id='block_1_55' title="bbox 382 5261 1974 5343">
    <p class='ocr_par' dir='ltr' id='par_1_55' title="bbox 382 5261 1974 5343">
     <span class='ocr_line' id='line_1_55' title="bbox 382 5261 1974 5343; baseline 0.001 -18"><span class='ocrx_word' id='word_1_444' title='bbox 382 5269 497 5341; x_wconf 87' lang='lat' dir='ltr'><strong>ptio</strong></span> <span class='ocrx_word' id='word_1_445' title='bbox 525 5276 703 5323; x_wconf 84' lang='lat' dir='ltr'><strong>autem</strong></span> <span class='ocrx_word' id='word_1_446' title='bbox 740 5266 988 5338; x_wconf 87' lang='lat' dir='ltr'><strong>spiritus,</strong></span> <span class='ocrx_word' id='word_1_447' title='bbox 1018 5264 1293 5322; x_wconf 79' lang='lat' dir='ltr'><strong>audaciam</strong></span> <span class='ocrx_word' id='word_1_448' title='bbox 1330 5274 1387 5321; x_wconf 90' lang='lat' dir='ltr'><strong>et</strong></span> <span class='ocrx_word' id='word_1_449' title='bbox 1426 5261 1732 5338; x_wconf 86' lang='lat' dir='ltr'><strong>superbiam</strong></span> <span class='ocrx_word' id='word_1_450' title='bbox 1762 5270 1974 5343; x_wconf 80' lang='lat' dir='ltr'><strong>signiﬁ—</strong></span> 
     </span>
    </p>
   </div>
   <div class='ocr_carea' id='block_1_56' title="bbox 382 5358 1977 5430">
    <p class='ocr_par' dir='ltr' id='par_1_56' title="bbox 382 5358 1977 5430">
     <span class='ocr_line' id='line_1_56' title="bbox 382 5358 1977 5430; baseline 0.001 -11"><span class='ocrx_word' id='word_1_451' title='bbox 382 5372 510 5419; x_wconf 87' lang='lat' dir='ltr'><strong>cat:</strong></span> <span class='ocrx_word' id='word_1_452' title='bbox 539 5359 699 5430; x_wconf 81' lang='lat' dir='ltr'><strong>vulgo</strong></span> <span class='ocrx_word' id='word_1_453' title='bbox 722 5358 882 5415; x_wconf 85' lang='lat' dir='ltr'><strong>etiam</strong></span> <span class='ocrx_word' id='word_1_454' title='bbox 914 5372 1137 5429; x_wconf 78' lang='lat' dir='ltr'><strong>magnos</strong></span> <span class='ocrx_word' id='word_1_455' title='bbox 1166 5358 1385 5429; x_wconf 83' lang='lat' dir='ltr'><strong>spiritus</strong></span> <span class='ocrx_word' id='word_1_456' title='bbox 1412 5360 1626 5430; x_wconf 83' lang='lat' dir='ltr'><strong>superbi</strong></span> <span class='ocrx_word' id='word_1_457' title='bbox 1659 5359 1858 5419; x_wconf 88' lang='lat' dir='ltr'><strong>habere</strong></span> <span class='ocrx_word' id='word_1_458' title='bbox 1894 5362 1977 5420; x_wconf 86' lang='lat' dir='ltr'><strong>di-</strong></span> 
     </span>
    </p>
   </div>
   <div class='ocr_carea' id='block_1_57' title="bbox 385 5451 1976 5527">
    <p class='ocr_par' dir='ltr' id='par_1_57' title="bbox 385 5451 1976 5527">
     <span class='ocr_line' id='line_1_57' title="bbox 385 5451 1976 5527; baseline 0.002 -15"><span class='ocrx_word' id='word_1_459' title='bbox 385 5464 609 5522; x_wconf 89' lang='lat' dir='ltr'><strong>cuntur;</strong></span> <span class='ocrx_word' id='word_1_460' title='bbox 637 5461 691 5510; x_wconf 90' lang='lat' dir='ltr'><strong>et</strong></span> <span class='ocrx_word' id='word_1_461' title='bbox 717 5451 1330 5524; x_wconf 82' lang='lat' dir='ltr'><strong>recte,quandoquidem</strong></span> <span class='ocrx_word' id='word_1_462' title='bbox 1361 5454 1578 5527; x_wconf 85' lang='lat' dir='ltr'><strong>spiritus</strong></span> <span class='ocrx_word' id='word_1_463' title='bbox 1599 5456 1758 5511; x_wconf 88' lang='lat' dir='ltr'><strong>etiam</strong></span> <span class='ocrx_word' id='word_1_464' title='bbox 1790 5466 1976 5515; x_wconf 87' lang='lat' dir='ltr'><strong>ventus</strong></span> 
     </span>
    </p>
   </div>
   <div class='ocr_carea' id='block_1_58' title="bbox 384 5542 1975 5625">
    <p class='ocr_par' dir='ltr' id='par_1_58' title="bbox 384 5542 1975 5625">
     <span class='ocr_line' id='line_1_58' title="bbox 384 5542 1975 5625; baseline 0.003 -24"><span class='ocrx_word' id='word_1_465' title='bbox 384 5556 624 5605; x_wconf 84' lang='lat' dir='ltr'><strong>vocatur.</strong></span> <span class='ocrx_word' id='word_1_466' title='bbox 656 5544 808 5625; x_wconf 84' lang='lat' dir='ltr'><strong>Unde</strong></span> <span class='ocrx_word' id='word_1_467' title='bbox 845 5545 1102 5615; x_wconf 89' lang='lat' dir='ltr'><strong>scriptum</strong></span> <span class='ocrx_word' id='word_1_468' title='bbox 1128 5554 1209 5600; x_wconf 92' lang='lat' dir='ltr'><strong>est</strong></span> <span class='ocrx_word' id='word_1_469' title='bbox 1231 5585 1247 5609; x_wconf 89' lang='lat'><strong>,</strong></span> <span class='ocrx_word' id='word_1_470' title='bbox 1285 5542 1425 5615; x_wconf 82' lang='lat' dir='ltr'><strong>Ignis</strong></span> <span class='ocrx_word' id='word_1_471' title='bbox 1444 5586 1458 5609; x_wconf 91' lang='lat'><strong>,</strong></span> <span class='ocrx_word' id='word_1_472' title='bbox 1482 5547 1697 5617; x_wconf 84' lang='lat' dir='ltr'><strong>grando,</strong></span> <span class='ocrx_word' id='word_1_473' title='bbox 1721 5548 1829 5613; x_wconf 74' lang='lat' dir='ltr'><strong>nix,</strong></span> <span class='ocrx_word' id='word_1_474' title='bbox 1860 5550 1975 5621; x_wconf 85' lang='lat' dir='ltr'><strong>gla-</strong></span> 
     </span>
    </p>
   </div>
   <div class='ocr_carea' id='block_1_59' title="bbox 386 5633 1977 5709">
    <p class='ocr_par' dir='ltr' id='par_1_59' title="bbox 386 5633 1977 5709">
     <span class='ocr_line' id='line_1_59' title="bbox 386 5633 1977 5709; baseline 0.003 -16"><span class='ocrx_word' id='word_1_475' title='bbox 386 5638 505 5700; x_wconf 84' lang='lat' dir='ltr'><strong>cies.</strong></span> <span class='ocrx_word' id='word_1_476' title='bbox 523 5637 730 5708; x_wconf 87' lang='lat' dir='ltr'><strong>spiritus</strong></span> <span class='ocrx_word' id='word_1_477' title='bbox 756 5633 1289 5707; x_wconf 76' lang='lat' dir='ltr'><strong>tempestatis&#39;(PsaI.</strong></span> <span class='ocrx_word' id='word_1_478' title='bbox 1318 5649 1537 5700; x_wconf 79' lang='lat' dir='ltr'><strong>chvnt,</strong></span> <span class='ocrx_word' id='word_1_479' title='bbox 1572 5637 1650 5709; x_wconf 89' lang='lat'><strong>8).</strong></span> <span class='ocrx_word' id='word_1_480' title='bbox 1694 5639 1825 5707; x_wconf 78' lang='lat' dir='ltr'><strong>Quis</strong></span> <span class='ocrx_word' id='word_1_481' title='bbox 1850 5656 1977 5698; x_wconf 88' lang='lat' dir='ltr'><strong>vero</strong></span> 
     </span>
    </p>
   </div>
   <div class='ocr_carea' id='block_1_60' title="bbox 452 5731 1565 5793">
    <p class='ocr_par' dir='ltr' id='par_1_60' title="bbox 452 5731 1565 5793">
     <span class='ocr_line' id='line_1_60' title="bbox 452 5731 1565 5793; baseline 0.002 -16"><span class='ocrx_word' id='word_1_482' title='bbox 452 5731 473 5793; x_wconf 65' lang='grc' dir='ltr'><strong>ξ</strong></span> <span class='ocrx_word' id='word_1_483' title='bbox 497 5737 696 5793; x_wconf 77' lang='lat' dir='ltr'><strong>septem</strong></span> <span class='ocrx_word' id='word_1_484' title='bbox 718 5734 1065 5793; x_wconf 67' lang='lat' dir='ltr'><strong>atss.,propter</strong></span> <span class='ocrx_word' id='word_1_485' title='bbox 1088 5740 1287 5792; x_wconf 78' lang='lat' dir='ltr'><strong>regnum</strong></span> <span class='ocrx_word' id='word_1_486' title='bbox 1306 5733 1565 5793; x_wconf 71' lang='lat' dir='ltr'><strong>terrarum.</strong></span> 
     </span>
    </p>
   </div>
   <div class='ocr_carea' id='block_1_61' title="bbox 448 5786 2038 5863">
    <p class='ocr_par' dir='ltr' id='par_1_61' title="bbox 448 5786 2038 5863">
     <span class='ocr_line' id='line_1_61' title="bbox 448 5786 2038 5863; baseline 0.004 -23"><span class='ocrx_word' id='word_1_487' title='bbox 448 5791 472 5824; x_wconf 81' lang='grc'><strong><em>²</em></strong></span> <span class='ocrx_word' id='word_1_488' title='bbox 492 5786 692 5842; x_wconf 72' lang='lat' dir='ltr'><strong>Sic&#39;uss.</strong></span> <span class='ocrx_word' id='word_1_489' title='bbox 710 5795 767 5839; x_wconf 76' lang='lat' dir='ltr'><strong>At</strong></span> <span class='ocrx_word' id='word_1_490' title='bbox 788 5786 928 5845; x_wconf 81' lang='lat' dir='ltr'><strong>editi.</strong></span> <span class='ocrx_word' id='word_1_491' title='bbox 949 5786 1161 5854; x_wconf 63' lang='lat' dir='ltr'><strong>excepti}</strong></span> <span class='ocrx_word' id='word_1_492' title='bbox 1174 5797 1304 5854; x_wconf 66' lang='lat' dir='ltr'><strong>Man,</strong></span> <span class='ocrx_word' id='word_1_493' title='bbox 1324 5788 1525 5854; x_wconf 73' lang='lat' dir='ltr'><strong>spiritus</strong></span> <span class='ocrx_word' id='word_1_494' title='bbox 1541 5791 1881 5857; x_wconf 78' lang='lat' dir='ltr'><strong>procellarum.</strong></span> <span class='ocrx_word' id='word_1_495' title='bbox 1987 5786 2038 5863; x_wconf 35' lang='grc' dir='ltr'><strong>ἐκ</strong></span> 
     </span>
    </p>
   </div>
   <div class='ocr_carea' id='block_1_62' title="bbox 826 5896 883 5910">
    <p class='ocr_par' dir='ltr' id='par_1_62' title="bbox 826 5896 883 5910">
     <span class='ocr_line' id='line_1_62' title="bbox 826 5896 883 5910; baseline 0 0"><span class='ocrx_word' id='word_1_496' title='bbox 826 5896 883 5910; x_wconf 49' lang='lat'><strong>“.-</strong></span> 
     </span>
    </p>
   </div>
   <div class='ocr_carea' id='block_1_63' title="bbox 1170 237 2789 317">
    <p class='ocr_par' dir='ltr' id='par_1_63' title="bbox 1170 237 2789 317">
     <span class='ocr_line' id='line_1_63' title="bbox 1170 237 2789 317; baseline -0.01 0"><span class='ocrx_word' id='word_1_497' title='bbox 1170 259 1258 316; x_wconf 81' lang='lat' dir='ltr'><strong>DE</strong></span> <span class='ocrx_word' id='word_1_498' title='bbox 1293 252 1612 317; x_wconf 76' lang='lat' dir='ltr'><strong>SERMONE</strong></span> <span class='ocrx_word' id='word_1_499' title='bbox 1652 247 1891 312; x_wconf 70' lang='lat' dir='ltr'><strong>DOMINI</strong></span> <span class='ocrx_word' id='word_1_500' title='bbox 1928 241 1997 306; x_wconf 76' lang='lat' dir='ltr'><strong>IN</strong></span> <span class='ocrx_word' id='word_1_501' title='bbox 2036 244 2289 315; x_wconf 77' lang='lat' dir='ltr'><strong>MONTE,</strong></span> <span class='ocrx_word' id='word_1_502' title='bbox 2327 245 2386 304; x_wconf 87' lang='lat' dir='ltr'><strong>S.</strong></span> <span class='ocrx_word' id='word_1_503' title='bbox 2425 237 2789 305; x_wconf 75' lang='lat' dir='ltr'><strong>AUGUSTINI</strong></span> 
     </span>
    </p>
   </div>
   <div class='ocr_carea' id='block_1_64' title="bbox 2046 5793 2363 5890">
    <p class='ocr_par' dir='ltr' id='par_1_64' title="bbox 2046 5793 2363 5890">
     <span class='ocr_line' id='line_1_64' title="bbox 2046 5793 2363 5890; baseline -0.009 -39"><span class='ocrx_word' id='word_1_504' title='bbox 2046 5793 2363 5890; x_wconf 58' lang='grc' dir='ltr'><strong>ἐγνωκώς».</strong></span> 
     </span>
    </p>
   </div>
   <div class='ocr_carea' id='block_1_65' title="bbox 3158 175 3227 189">
    <p class='ocr_par' dir='ltr' id='par_1_65' title="bbox 3158 175 3227 189">
     <span class='ocr_line' id='line_1_65' title="bbox 3158 175 3227 189; baseline 0 -10"><span class='ocrx_word' id='word_1_505' title='bbox 3158 176 3185 189; x_wconf 52' lang='grc' dir='ltr'><em>φ</em></span> <span class='ocrx_word' id='word_1_506' title='bbox 3214 175 3227 179; x_wconf 90' lang='grc'><strong>-</strong></span> 
     </span>
    </p>
   </div>
   <div class='ocr_carea' id='block_1_66' title="bbox 3491 241 3653 302">
    <p class='ocr_par' dir='ltr' id='par_1_66' title="bbox 3491 241 3653 302">
     <span class='ocr_line' id='line_1_66' title="bbox 3491 241 3653 302; baseline 0.031 -5"><span class='ocrx_word' id='word_1_507' title='bbox 3491 241 3653 302; x_wconf 60' lang='grc' dir='ltr'><strong>ηδε</strong></span> 
     </span>
    </p>
   </div>
   <div class='ocr_carea' id='block_1_67' title="bbox 2022 353 3639 435">
    <p class='ocr_par' dir='ltr' id='par_1_67' title="bbox 2022 353 3639 435">
     <span class='ocr_line' id='line_1_67' title="bbox 2022 353 3639 435; baseline -0.006 -14"><span class='ocrx_word' id='word_1_508' title='bbox 2022 364 2224 422; x_wconf 90' lang='lat' dir='ltr'><strong>nesciat</strong></span> <span class='ocrx_word' id='word_1_509' title='bbox 2248 362 2505 435; x_wconf 76' lang='lat' dir='ltr'><strong>superbos</strong></span> <span class='ocrx_word' id='word_1_510' title='bbox 2533 360 2747 417; x_wconf 88' lang='lat' dir='ltr'><strong>inﬁatos</strong></span> <span class='ocrx_word' id='word_1_511' title='bbox 2775 356 2898 422; x_wconf 87' lang='lat' dir='ltr'><strong>dici,</strong></span> <span class='ocrx_word' id='word_1_512' title='bbox 2927 362 3179 428; x_wconf 88' lang='lat' dir='ltr'><strong>tanquam</strong></span> <span class='ocrx_word' id='word_1_513' title='bbox 3208 362 3368 413; x_wconf 80' lang='lat' dir='ltr'><strong>vento</strong></span> <span class='ocrx_word' id='word_1_514' title='bbox 3393 353 3639 413; x_wconf 78' lang='lat' dir='ltr'><strong>disten-</strong></span> 
     </span>
    </p>
   </div>
   <div class='ocr_carea' id='block_1_68' title="bbox 2025 448 3643 530">
    <p class='ocr_par' dir='ltr' id='par_1_68' title="bbox 2025 448 3643 530">
     <span class='ocr_line' id='line_1_68' title="bbox 2025 448 3643 530; baseline -0.009 -16"><span class='ocrx_word' id='word_1_515' title='bbox 2025 458 2140 514; x_wconf 84' lang='lat' dir='ltr'><strong>tos?</strong></span> <span class='ocrx_word' id='word_1_516' title='bbox 2160 456 2313 515; x_wconf 89' lang='lat' dir='ltr'><strong>Unde</strong></span> <span class='ocrx_word' id='word_1_517' title='bbox 2350 464 2433 511; x_wconf 90' lang='lat' dir='ltr'><strong>est</strong></span> <span class='ocrx_word' id='word_1_518' title='bbox 2468 453 2630 510; x_wconf 89' lang='lat' dir='ltr'><strong>etiam</strong></span> <span class='ocrx_word' id='word_1_519' title='bbox 2674 450 2803 508; x_wconf 91' lang='lat' dir='ltr'><strong>illud</strong></span> <span class='ocrx_word' id='word_1_520' title='bbox 2829 449 3070 522; x_wconf 83' lang='lat' dir='ltr'><strong>Apostoli</strong></span> <span class='ocrx_word' id='word_1_521' title='bbox 3108 466 3123 504; x_wconf 89' lang='lat'><strong>:</strong></span> <span class='ocrx_word' id='word_1_522' title='bbox 3164 449 3390 530; x_wconf 73' lang='lat' dir='ltr'><strong>scientia</strong></span> <span class='ocrx_word' id='word_1_523' title='bbox 3451 448 3643 518; x_wconf 75' lang='lat' dir='ltr'><strong>inﬂat,</strong></span> 
     </span>
    </p>
   </div>
   <div class='ocr_carea' id='block_1_69' title="bbox 2022 541 3650 617">
    <p class='ocr_par' dir='ltr' id='par_1_69' title="bbox 2022 541 3650 617">
     <span class='ocr_line' id='line_1_69' title="bbox 2022 541 3650 617; baseline -0.004 -11"><span class='ocrx_word' id='word_1_524' title='bbox 2022 552 2246 607; x_wconf 81' lang='lat' dir='ltr'><strong>charitas</strong></span> <span class='ocrx_word' id='word_1_525' title='bbox 2273 565 2387 605; x_wconf 79' lang='lat' dir='ltr'><strong>vero</strong></span> <span class='ocrx_word' id='word_1_526' title='bbox 2412 548 2634 617; x_wconf 78' lang='lat' dir='ltr'><strong>(edi/ient</strong></span> <span class='ocrx_word' id='word_1_527' title='bbox 2654 544 2697 616; x_wconf 91' lang='grc' dir='ltr'><strong>(ι</strong></span> <span class='ocrx_word' id='word_1_528' title='bbox 2723 543 2843 600; x_wconf 86' lang='lat' dir='ltr'><strong>Cor.</strong></span> <span class='ocrx_word' id='word_1_529' title='bbox 2871 558 2988 611; x_wconf 86' lang='lat' dir='ltr'><strong>vnt,</strong></span> <span class='ocrx_word' id='word_1_530' title='bbox 3016 543 3090 612; x_wconf 84' lang='grc' dir='ltr'><strong>ι).</strong></span> <span class='ocrx_word' id='word_1_531' title='bbox 3114 541 3465 614; x_wconf 82' lang='lat' dir='ltr'><strong>Quapropter</strong></span> <span class='ocrx_word' id='word_1_532' title='bbox 3490 550 3650 599; x_wconf 78' lang='lat' dir='ltr'><strong>recte</strong></span> 
     </span>
    </p>
   </div>
   <div class='ocr_carea' id='block_1_70' title="bbox 2023 636 3642 716">
    <p class='ocr_par' dir='ltr' id='par_1_70' title="bbox 2023 636 3642 716">
     <span class='ocr_line' id='line_1_70' title="bbox 2023 636 3642 716; baseline -0.006 -15"><span class='ocrx_word' id='word_1_533' title='bbox 2023 645 2111 702; x_wconf 86' lang='lat' dir='ltr'><strong>hic</strong></span> <span class='ocrx_word' id='word_1_534' title='bbox 2134 644 2499 716; x_wconf 90' lang='lat' dir='ltr'><strong>intelliguntur</strong></span> <span class='ocrx_word' id='word_1_535' title='bbox 2524 656 2771 714; x_wconf 83' lang='lat' dir='ltr'><strong>pauperes</strong></span> <span class='ocrx_word' id='word_1_536' title='bbox 2788 638 2990 711; x_wconf 80' lang='lat' dir='ltr'><strong>spiritu,</strong></span> <span class='ocrx_word' id='word_1_537' title='bbox 3018 636 3251 693; x_wconf 87' lang='lat' dir='ltr'><strong>humiles</strong></span> <span class='ocrx_word' id='word_1_538' title='bbox 3276 645 3331 694; x_wconf 89' lang='lat' dir='ltr'><strong>et</strong></span> <span class='ocrx_word' id='word_1_539' title='bbox 3358 637 3642 694; x_wconf 62' lang='lat' dir='ltr'><strong>timentis</strong></span> 
     </span>
    </p>
   </div>
   <div class='ocr_carea' id='block_1_71' title="bbox 2025 729 3647 805">
    <p class='ocr_par' dir='ltr' id='par_1_71' title="bbox 2025 729 3647 805">
     <span class='ocr_line' id='line_1_71' title="bbox 2025 729 3647 805; baseline -0.008 -8"><span class='ocrx_word' id='word_1_540' title='bbox 2025 740 2192 797; x_wconf 88' lang='lat' dir='ltr'><strong>Deum</strong></span> <span class='ocrx_word' id='word_1_541' title='bbox 2216 780 2232 805; x_wconf 93' lang='lat'><strong>,</strong></span> <span class='ocrx_word' id='word_1_542' title='bbox 2275 739 2325 793; x_wconf 91' lang='lat' dir='ltr'><strong>id</strong></span> <span class='ocrx_word' id='word_1_543' title='bbox 2371 746 2479 805; x_wconf 88' lang='lat' dir='ltr'><strong>est,</strong></span> <span class='ocrx_word' id='word_1_544' title='bbox 2526 751 2633 793; x_wconf 93' lang='lat' dir='ltr'><strong>non</strong></span> <span class='ocrx_word' id='word_1_545' title='bbox 2680 734 2941 791; x_wconf 87' lang='lat' dir='ltr'><strong>habentes</strong></span> <span class='ocrx_word' id='word_1_546' title='bbox 2986 731 3260 787; x_wconf 80' lang='lat' dir='ltr'><strong>innantem</strong></span> <span class='ocrx_word' id='word_1_547' title='bbox 3306 730 3583 802; x_wconf 85' lang='lat' dir='ltr'><strong>spiritum</strong></span> <span class='ocrx_word' id='word_1_548' title='bbox 3605 729 3647 784; x_wconf 80' lang='grc' dir='ltr'><strong>ι.</strong></span> 
     </span>
    </p>
   </div>
   <div class='ocr_carea' id='block_1_72' title="bbox 2024 820 3645 897">
    <p class='ocr_par' dir='ltr' id='par_1_72' title="bbox 2024 820 3645 897">
     <span class='ocr_line' id='line_1_72' title="bbox 2024 820 3645 897; baseline -0.008 -9"><span class='ocrx_word' id='word_1_549' title='bbox 2024 831 2135 888; x_wconf 85' lang='grc' dir='ltr'>Νεε</span> <span class='ocrx_word' id='word_1_550' title='bbox 2162 829 2375 887; x_wconf 87' lang='lat' dir='ltr'><strong>aliunde</strong></span> <span class='ocrx_word' id='word_1_551' title='bbox 2414 827 2635 885; x_wconf 90' lang='lat' dir='ltr'><strong>omnino</strong></span> <span class='ocrx_word' id='word_1_552' title='bbox 2660 826 2900 897; x_wconf 87' lang='lat' dir='ltr'><strong>incipere</strong></span> <span class='ocrx_word' id='word_1_553' title='bbox 2925 823 3163 895; x_wconf 87' lang='lat' dir='ltr'><strong>oportuit</strong></span> <span class='ocrx_word' id='word_1_554' title='bbox 3186 820 3645 888; x_wconf 81' lang='lat' dir='ltr'><strong>beatitudinem;</strong></span> 
     </span>
    </p>
   </div>
   <div class='ocr_carea' id='block_1_73' title="bbox 2026 915 3649 996">
    <p class='ocr_par' dir='ltr' id='par_1_73' title="bbox 2026 915 3649 996">
     <span class='ocr_line' id='line_1_73' title="bbox 2026 915 3649 996; baseline -0.007 -15"><span class='ocrx_word' id='word_1_555' title='bbox 2026 922 2288 996; x_wconf 90' lang='lat' dir='ltr'><strong>siquidem</strong></span> <span class='ocrx_word' id='word_1_556' title='bbox 2331 929 2651 995; x_wconf 84' lang='lat' dir='ltr'><strong>perventura</strong></span> <span class='ocrx_word' id='word_1_557' title='bbox 2694 927 2778 975; x_wconf 88' lang='lat' dir='ltr'><strong>est</strong></span> <span class='ocrx_word' id='word_1_558' title='bbox 2830 917 2899 973; x_wconf 90' lang='lat' dir='ltr'><strong>ad</strong></span> <span class='ocrx_word' id='word_1_559' title='bbox 2940 932 3207 974; x_wconf 89' lang='lat' dir='ltr'><strong>summam</strong></span> <span class='ocrx_word' id='word_1_560' title='bbox 3247 915 3590 989; x_wconf 82' lang='lat' dir='ltr'><strong>sapientiam</strong></span> <span class='ocrx_word' id='word_1_561' title='bbox 3622 918 3649 970; x_wconf 72' lang='grc' dir='ltr'>ε’</span> 
     </span>
    </p>
   </div>
   <div class='ocr_carea' id='block_1_74' title="bbox 2039 1008 3648 1089">
    <p class='ocr_par' dir='ltr' id='par_1_74' title="bbox 2039 1008 3648 1089">
     <span class='ocr_line' id='line_1_74' title="bbox 2039 1008 3648 1089; baseline -0.005 -16"><span class='ocrx_word' id='word_1_562' title='bbox 2039 1018 2253 1073; x_wconf 86' lang='lat' dir='ltr'><strong>Initium</strong></span> <span class='ocrx_word' id='word_1_563' title='bbox 2278 1026 2448 1073; x_wconf 88' lang='lat' dir='ltr'><strong>autem</strong></span> <span class='ocrx_word' id='word_1_564' title='bbox 2482 1015 2745 1089; x_wconf 76' lang='lat' dir='ltr'><strong>sapientia:</strong></span> <span class='ocrx_word' id='word_1_565' title='bbox 2777 1014 2927 1069; x_wconf 88' lang='lat' dir='ltr'><strong>tintor</strong></span> <span class='ocrx_word' id='word_1_566' title='bbox 2954 1010 3165 1067; x_wconf 89' lang='lat' dir='ltr'><strong>Domini</strong></span> <span class='ocrx_word' id='word_1_567' title='bbox 3193 1008 3384 1082; x_wconf 80' lang='lat' dir='ltr'><strong>(Eccli.</strong></span> <span class='ocrx_word' id='word_1_568' title='bbox 3417 1025 3440 1066; x_wconf 78' lang='grc' dir='ltr'>ι</span> <span class='ocrx_word' id='word_1_569' title='bbox 3460 1052 3479 1079; x_wconf 83' lang='grc'><strong><em>,</em></strong></span> <span class='ocrx_word' id='word_1_570' title='bbox 3514 1008 3648 1079; x_wconf 80' lang='grc'><strong>16);</strong></span> 
     </span>
    </p>
   </div>
   <div class='ocr_carea' id='block_1_75' title="bbox 2030 1106 3651 1187">
    <p class='ocr_par' dir='ltr' id='par_1_75' title="bbox 2030 1106 3651 1187">
     <span class='ocr_line' id='line_1_75' title="bbox 2030 1106 3651 1187; baseline -0.007 -17"><span class='ocrx_word' id='word_1_571' title='bbox 2030 1115 2281 1187; x_wconf 89' lang='lat' dir='ltr'><strong>quoniam</strong></span> <span class='ocrx_word' id='word_1_572' title='bbox 2312 1119 2367 1169; x_wconf 87' lang='lat' dir='ltr'><strong>et</strong></span> <span class='ocrx_word' id='word_1_573' title='bbox 2392 1129 2424 1168; x_wconf 88' lang='grc' dir='ltr'><strong>ε</strong></span> <span class='ocrx_word' id='word_1_574' title='bbox 2449 1110 2722 1168; x_wconf 84' lang='lat' dir='ltr'><strong>contrario</strong></span> <span class='ocrx_word' id='word_1_575' title='bbox 2740 1152 2756 1177; x_wconf 95' lang='lat'><strong>,</strong></span> <span class='ocrx_word' id='word_1_576' title='bbox 2786 1108 3000 1164; x_wconf 82' lang='lat' dir='ltr'><strong>Initium</strong></span> <span class='ocrx_word' id='word_1_577' title='bbox 3019 1108 3184 1164; x_wconf 88' lang='lat' dir='ltr'><strong>omnis</strong></span> <span class='ocrx_word' id='word_1_578' title='bbox 3212 1106 3408 1178; x_wconf 87' lang='lat' dir='ltr'><strong>peccati</strong></span> <span class='ocrx_word' id='word_1_579' title='bbox 3461 1120 3651 1176; x_wconf 59' lang='lat' dir='ltr'><strong>super.</strong></span> 
     </span>
    </p>
   </div>
   <div class='ocr_carea' id='block_1_76' title="bbox 2032 1196 3651 1278">
    <p class='ocr_par' dir='ltr' id='par_1_76' title="bbox 2032 1196 3651 1278">
     <span class='ocr_line' id='line_1_76' title="bbox 2032 1196 3651 1278; baseline -0.006 -15"><span class='ocrx_word' id='word_1_580' title='bbox 2032 1209 2114 1263; x_wconf 90' lang='lat' dir='ltr'><strong>bia</strong></span> <span class='ocrx_word' id='word_1_581' title='bbox 2128 1207 2413 1265; x_wconf 77' lang='lat' dir='ltr'><strong>inscribitur</strong></span> <span class='ocrx_word' id='word_1_582' title='bbox 2430 1204 2543 1278; x_wconf 89' lang='lat' dir='ltr'><strong>(Id.</strong></span> <span class='ocrx_word' id='word_1_583' title='bbox 2562 1221 2617 1272; x_wconf 80' lang='lat' dir='ltr'><strong>x,</strong></span> <span class='ocrx_word' id='word_1_584' title='bbox 2636 1203 2747 1275; x_wconf 78' lang='grc'><strong>15).</strong></span> <span class='ocrx_word' id='word_1_585' title='bbox 2769 1201 2997 1273; x_wconf 88' lang='lat' dir='ltr'><strong>Superbi</strong></span> <span class='ocrx_word' id='word_1_586' title='bbox 3014 1215 3144 1272; x_wconf 86' lang='lat' dir='ltr'><strong>ergo</strong></span> <span class='ocrx_word' id='word_1_587' title='bbox 3157 1207 3418 1271; x_wconf 85' lang='lat' dir='ltr'><strong>appetant</strong></span> <span class='ocrx_word' id='word_1_588' title='bbox 3445 1205 3511 1253; x_wconf 82' lang='lat' dir='ltr'><strong>et</strong></span> <span class='ocrx_word' id='word_1_589' title='bbox 3528 1196 3651 1253; x_wconf 86' lang='lat' dir='ltr'><strong>dili-</strong></span> 
     </span>
    </p>
   </div>
   <div class='ocr_carea' id='block_1_77' title="bbox 2032 1289 3652 1373">
    <p class='ocr_par' dir='ltr' id='par_1_77' title="bbox 2032 1289 3652 1373">
     <span class='ocr_line' id='line_1_77' title="bbox 2032 1289 3652 1373; baseline -0.007 -16"><span class='ocrx_word' id='word_1_590' title='bbox 2032 1309 2160 1373; x_wconf 87' lang='lat' dir='ltr'><strong>gant</strong></span> <span class='ocrx_word' id='word_1_591' title='bbox 2186 1315 2349 1370; x_wconf 87' lang='lat' dir='ltr'><strong>regna</strong></span> <span class='ocrx_word' id='word_1_592' title='bbox 2384 1307 2645 1355; x_wconf 89' lang='lat' dir='ltr'><strong>terrarum</strong></span> <span class='ocrx_word' id='word_1_593' title='bbox 2677 1313 2690 1349; x_wconf 91' lang='lat'><strong>:</strong></span> <span class='ocrx_word' id='word_1_594' title='bbox 2719 1293 2865 1350; x_wconf 86' lang='lat' dir='ltr'><strong>Beati</strong></span> <span class='ocrx_word' id='word_1_595' title='bbox 2910 1303 3090 1350; x_wconf 90' lang='lat' dir='ltr'><strong>autem</strong></span> <span class='ocrx_word' id='word_1_596' title='bbox 3132 1308 3385 1363; x_wconf 81' lang='lat' dir='ltr'><strong>pauperes</strong></span> <span class='ocrx_word' id='word_1_597' title='bbox 3411 1289 3652 1361; x_wconf 78' lang='lat' dir='ltr'><strong>spiritu;</strong></span> 
     </span>
    </p>
   </div>
   <div class='ocr_carea' id='block_1_78' title="bbox 2034 1385 3134 1463">
    <p class='ocr_par' dir='ltr' id='par_1_78' title="bbox 2034 1385 3134 1463">
     <span class='ocr_line' id='line_1_78' title="bbox 2034 1385 3134 1463; baseline -0.008 -16"><span class='ocrx_word' id='word_1_598' title='bbox 2034 1392 2272 1463; x_wconf 85' lang='lat' dir='ltr'><strong>quoniam</strong></span> <span class='ocrx_word' id='word_1_599' title='bbox 2296 1390 2525 1462; x_wconf 88' lang='lat' dir='ltr'><strong>ipsorum</strong></span> <span class='ocrx_word' id='word_1_600' title='bbox 2544 1396 2617 1445; x_wconf 88' lang='lat' dir='ltr'><strong>est</strong></span> <span class='ocrx_word' id='word_1_601' title='bbox 2639 1402 2847 1460; x_wconf 79' lang='lat' dir='ltr'><strong>regnum</strong></span> <span class='ocrx_word' id='word_1_602' title='bbox 2873 1385 3134 1441; x_wconf 64' lang='lat' dir='ltr'><strong>caelorum.</strong></span> 
     </span>
    </p>
   </div>
   <div class='ocr_carea' id='block_1_79' title="bbox 2106 1475 3652 1548">
    <p class='ocr_par' dir='ltr' id='par_1_79' title="bbox 2106 1475 3652 1548">
     <span class='ocr_line' id='line_1_79' title="bbox 2106 1475 3652 1548; baseline -0.006 -8"><span class='ocrx_word' id='word_1_603' title='bbox 2106 1483 2333 1541; x_wconf 84' lang='lat' dir='ltr'><strong>CAPUT</strong></span> <span class='ocrx_word' id='word_1_604' title='bbox 2373 1483 2438 1538; x_wconf 92' lang='lat' dir='ltr'><strong>ll.</strong></span> <span class='ocrx_word' id='word_1_605' title='bbox 2465 1513 2537 1524; x_wconf 86' lang='lat'><strong>--</strong></span> <span class='ocrx_word' id='word_1_606' title='bbox 2560 1481 2615 1539; x_wconf 75' lang='grc'><strong>4.</strong></span> <span class='ocrx_word' id='word_1_607' title='bbox 2647 1479 2795 1536; x_wconf 88' lang='lat' dir='ltr'><strong>Beati</strong></span> <span class='ocrx_word' id='word_1_608' title='bbox 2821 1482 3006 1545; x_wconf 81' lang='lat' dir='ltr'><strong>mites;</strong></span> <span class='ocrx_word' id='word_1_609' title='bbox 3031 1477 3269 1547; x_wconf 86' lang='lat' dir='ltr'><strong>quoniam</strong></span> <span class='ocrx_word' id='word_1_610' title='bbox 3288 1477 3394 1548; x_wconf 83' lang='lat' dir='ltr'><strong>ipsi</strong></span> <span class='ocrx_word' id='word_1_611' title='bbox 3426 1475 3652 1532; x_wconf 67' lang='lat' dir='ltr'><strong>latendi-</strong></span> 
     </span>
    </p>
   </div>
   <div class='ocr_carea' id='block_1_80' title="bbox 2038 1562 3652 1647">
    <p class='ocr_par' dir='ltr' id='par_1_80' title="bbox 2038 1562 3652 1647">
     <span class='ocr_line' id='line_1_80' title="bbox 2038 1562 3652 1647; baseline -0.004 -16"><span class='ocrx_word' id='word_1_612' title='bbox 2038 1584 2140 1633; x_wconf 90' lang='lat' dir='ltr'><strong>tatc</strong></span> <span class='ocrx_word' id='word_1_613' title='bbox 2182 1562 2502 1647; x_wconf 60' lang='lat' dir='ltr'><strong>possidebunt</strong></span> <span class='ocrx_word' id='word_1_614' title='bbox 2549 1583 2776 1629; x_wconf 85' lang='lat' dir='ltr'><strong>terram:</strong></span> <span class='ocrx_word' id='word_1_615' title='bbox 2803 1573 2946 1629; x_wconf 88' lang='lat' dir='ltr'><strong>illam</strong></span> <span class='ocrx_word' id='word_1_616' title='bbox 2973 1570 3137 1628; x_wconf 88' lang='lat' dir='ltr'><strong>credo</strong></span> <span class='ocrx_word' id='word_1_617' title='bbox 3163 1578 3360 1627; x_wconf 86' lang='lat' dir='ltr'><strong>terram</strong></span> <span class='ocrx_word' id='word_1_618' title='bbox 3390 1610 3409 1635; x_wconf 85' lang='lat'><strong>,</strong></span> <span class='ocrx_word' id='word_1_619' title='bbox 3442 1569 3523 1626; x_wconf 89' lang='lat' dir='ltr'><strong>de</strong></span> <span class='ocrx_word' id='word_1_620' title='bbox 3550 1584 3652 1640; x_wconf 86' lang='lat' dir='ltr'><strong>qua</strong></span> 
     </span>
    </p>
   </div>
   <div class='ocr_carea' id='block_1_81' title="bbox 2039 1665 3654 1740">
    <p class='ocr_par' dir='ltr' id='par_1_81' title="bbox 2039 1665 3654 1740">
     <span class='ocr_line' id='line_1_81' title="bbox 2039 1665 3654 1740; baseline -0.004 -15"><span class='ocrx_word' id='word_1_621' title='bbox 2039 1670 2094 1725; x_wconf 92' lang='lat' dir='ltr'><strong>in</strong></span> <span class='ocrx_word' id='word_1_622' title='bbox 2121 1670 2335 1725; x_wconf 90' lang='lat' dir='ltr'><strong>Psalmo</strong></span> <span class='ocrx_word' id='word_1_623' title='bbox 2363 1668 2576 1734; x_wconf 88' lang='lat' dir='ltr'><strong>dicitur,</strong></span> <span class='ocrx_word' id='word_1_624' title='bbox 2610 1668 2744 1740; x_wconf 86' lang='lat' dir='ltr'><strong>Spes</strong></span> <span class='ocrx_word' id='word_1_625' title='bbox 2764 1682 2874 1721; x_wconf 90' lang='lat' dir='ltr'><strong>mea</strong></span> <span class='ocrx_word' id='word_1_626' title='bbox 2900 1683 2953 1721; x_wconf 90' lang='lat' dir='ltr'><strong>es</strong></span> <span class='ocrx_word' id='word_1_627' title='bbox 2975 1676 3029 1720; x_wconf 89' lang='lat' dir='ltr'><strong>tu</strong></span> <span class='ocrx_word' id='word_1_628' title='bbox 3053 1707 3069 1731; x_wconf 89' lang='lat'><strong>,</strong></span> <span class='ocrx_word' id='word_1_629' title='bbox 3093 1665 3258 1737; x_wconf 87' lang='lat' dir='ltr'><strong>portio</strong></span> <span class='ocrx_word' id='word_1_630' title='bbox 3278 1680 3395 1720; x_wconf 86' lang='lat' dir='ltr'><strong>mea</strong></span> <span class='ocrx_word' id='word_1_631' title='bbox 3426 1665 3488 1718; x_wconf 81' lang='lat' dir='ltr'><strong>in</strong></span> <span class='ocrx_word' id='word_1_632' title='bbox 3514 1673 3654 1718; x_wconf 82' lang='lat' dir='ltr'><strong>terra</strong></span> 
     </span>
    </p>
   </div>
   <div class='ocr_carea' id='block_1_82' title="bbox 2040 1754 3649 1835">
    <p class='ocr_par' dir='ltr' id='par_1_82' title="bbox 2040 1754 3649 1835">
     <span class='ocr_line' id='line_1_82' title="bbox 2040 1754 3649 1835; baseline -0.006 -15"><span class='ocrx_word' id='word_1_633' title='bbox 2040 1764 2307 1820; x_wconf 78' lang='lat' dir='ltr'><strong>viventium</strong></span> <span class='ocrx_word' id='word_1_634' title='bbox 2336 1762 2506 1835; x_wconf 89' lang='lat' dir='ltr'><strong>(Psal.</strong></span> <span class='ocrx_word' id='word_1_635' title='bbox 2536 1777 2690 1828; x_wconf 79' lang='lat' dir='ltr'><strong>cxu,</strong></span> <span class='ocrx_word' id='word_1_636' title='bbox 2736 1760 2814 1831; x_wconf 83' lang='lat'><strong>6).</strong></span> <span class='ocrx_word' id='word_1_637' title='bbox 2862 1759 3139 1830; x_wconf 84' lang='lat' dir='ltr'><strong>Signiﬁcat</strong></span> <span class='ocrx_word' id='word_1_638' title='bbox 3175 1757 3319 1814; x_wconf 88' lang='lat' dir='ltr'><strong>enim</strong></span> <span class='ocrx_word' id='word_1_639' title='bbox 3345 1754 3649 1829; x_wconf 83' lang='lat' dir='ltr'><strong>quamdam</strong></span> 
     </span>
    </p>
   </div>
   <div class='ocr_carea' id='block_1_83' title="bbox 2041 1845 3649 1921">
    <p class='ocr_par' dir='ltr' id='par_1_83' title="bbox 2041 1845 3649 1921">
     <span class='ocr_line' id='line_1_83' title="bbox 2041 1845 3649 1921; baseline -0.006 -9"><span class='ocrx_word' id='word_1_640' title='bbox 2041 1856 2366 1912; x_wconf 84' lang='lat' dir='ltr'><strong>soliditatem</strong></span> <span class='ocrx_word' id='word_1_641' title='bbox 2391 1864 2447 1911; x_wconf 92' lang='lat' dir='ltr'><strong>et</strong></span> <span class='ocrx_word' id='word_1_642' title='bbox 2488 1852 2830 1910; x_wconf 87' lang='lat' dir='ltr'><strong>stabilitatem</strong></span> <span class='ocrx_word' id='word_1_643' title='bbox 2858 1849 3186 1907; x_wconf 70' lang='lat' dir='ltr'><strong>haereditatis</strong></span> <span class='ocrx_word' id='word_1_644' title='bbox 3215 1856 3527 1921; x_wconf 69' lang='lat' dir='ltr'><strong>perpetem,</strong></span> <span class='ocrx_word' id='word_1_645' title='bbox 3560 1845 3649 1917; x_wconf 80' lang='lat' dir='ltr'><strong>ubi</strong></span> 
     </span>
    </p>
   </div>
   <div class='ocr_carea' id='block_1_84' title="bbox 2043 1942 3650 2018">
    <p class='ocr_par' dir='ltr' id='par_1_84' title="bbox 2043 1942 3650 2018">
     <span class='ocr_line' id='line_1_84' title="bbox 2043 1942 3650 2018; baseline -0.005 -15"><span class='ocrx_word' id='word_1_646' title='bbox 2043 1948 2219 2003; x_wconf 89' lang='lat' dir='ltr'><strong>anima</strong></span> <span class='ocrx_word' id='word_1_647' title='bbox 2245 1962 2342 2018; x_wconf 91' lang='lat' dir='ltr'><strong>per</strong></span> <span class='ocrx_word' id='word_1_648' title='bbox 2382 1948 2580 2004; x_wconf 88' lang='lat' dir='ltr'><strong>bonum</strong></span> <span class='ocrx_word' id='word_1_649' title='bbox 2624 1944 2894 2010; x_wconf 66' lang='lat' dir='ltr'><strong>allectum,</strong></span> <span class='ocrx_word' id='word_1_650' title='bbox 2937 1954 3187 2014; x_wconf 87' lang='lat' dir='ltr'><strong>tanquam</strong></span> <span class='ocrx_word' id='word_1_651' title='bbox 3236 1942 3358 1997; x_wconf 86' lang='lat' dir='ltr'><strong>loco</strong></span> <span class='ocrx_word' id='word_1_652' title='bbox 3405 1954 3519 1997; x_wconf 88' lang='lat' dir='ltr'><strong>suo</strong></span> <span class='ocrx_word' id='word_1_653' title='bbox 3566 1954 3650 1995; x_wconf 84' lang='lat' dir='ltr'><strong>re-</strong></span> 
     </span>
    </p>
   </div>
   <div class='ocr_carea' id='block_1_85' title="bbox 2045 2029 3645 2111">
    <p class='ocr_par' dir='ltr' id='par_1_85' title="bbox 2045 2029 3645 2111">
     <span class='ocr_line' id='line_1_85' title="bbox 2045 2029 3645 2111; baseline -0.007 -15"><span class='ocrx_word' id='word_1_654' title='bbox 2045 2039 2304 2111; x_wconf 89' lang='lat' dir='ltr'><strong>quiescit,</strong></span> <span class='ocrx_word' id='word_1_655' title='bbox 2332 2040 2468 2095; x_wconf 90' lang='lat' dir='ltr'><strong>sicut</strong></span> <span class='ocrx_word' id='word_1_656' title='bbox 2492 2052 2687 2108; x_wconf 88' lang='lat' dir='ltr'><strong>corpus</strong></span> <span class='ocrx_word' id='word_1_657' title='bbox 2715 2037 2769 2092; x_wconf 94' lang='lat' dir='ltr'><strong>in</strong></span> <span class='ocrx_word' id='word_1_658' title='bbox 2800 2044 2972 2100; x_wconf 87' lang='lat' dir='ltr'><strong>terra;</strong></span> <span class='ocrx_word' id='word_1_659' title='bbox 3014 2044 3069 2092; x_wconf 91' lang='lat' dir='ltr'><strong>et</strong></span> <span class='ocrx_word' id='word_1_660' title='bbox 3095 2032 3221 2090; x_wconf 88' lang='lat' dir='ltr'><strong>inde</strong></span> <span class='ocrx_word' id='word_1_661' title='bbox 3247 2033 3371 2089; x_wconf 88' lang='lat' dir='ltr'><strong>cibo</strong></span> <span class='ocrx_word' id='word_1_662' title='bbox 3413 2046 3524 2088; x_wconf 87' lang='lat' dir='ltr'><strong>suo</strong></span> <span class='ocrx_word' id='word_1_663' title='bbox 3548 2029 3645 2087; x_wconf 84' lang='lat' dir='ltr'><strong>ali-</strong></span> 
     </span>
    </p>
   </div>
   <div class='ocr_carea' id='block_1_86' title="bbox 2048 2124 3650 2204">
    <p class='ocr_par' dir='ltr' id='par_1_86' title="bbox 2048 2124 3650 2204">
     <span class='ocr_line' id='line_1_86' title="bbox 2048 2124 3650 2204; baseline -0.007 -13"><span class='ocrx_word' id='word_1_664' title='bbox 2048 2143 2153 2201; x_wconf 90' lang='lat' dir='ltr'><strong>tur,</strong></span> <span class='ocrx_word' id='word_1_665' title='bbox 2183 2134 2321 2190; x_wconf 89' lang='lat' dir='ltr'><strong>sicut</strong></span> <span class='ocrx_word' id='word_1_666' title='bbox 2346 2147 2542 2204; x_wconf 91' lang='lat' dir='ltr'><strong>corpus</strong></span> <span class='ocrx_word' id='word_1_667' title='bbox 2569 2147 2638 2188; x_wconf 81' lang='lat' dir='ltr'><strong>ex</strong></span> <span class='ocrx_word' id='word_1_668' title='bbox 2687 2138 2866 2188; x_wconf 87' lang='lat' dir='ltr'><strong>terra:</strong></span> <span class='ocrx_word' id='word_1_669' title='bbox 2898 2129 3010 2199; x_wconf 89' lang='lat' dir='ltr'><strong>ipsa</strong></span> <span class='ocrx_word' id='word_1_670' title='bbox 3060 2137 3145 2184; x_wconf 88' lang='lat' dir='ltr'><strong>est</strong></span> <span class='ocrx_word' id='word_1_671' title='bbox 3179 2126 3394 2197; x_wconf 85' lang='lat' dir='ltr'><strong>requies</strong></span> <span class='ocrx_word' id='word_1_672' title='bbox 3441 2132 3507 2182; x_wconf 86' lang='lat' dir='ltr'><strong>et</strong></span> <span class='ocrx_word' id='word_1_673' title='bbox 3546 2124 3650 2179; x_wconf 82' lang='lat' dir='ltr'><strong>vita</strong></span> 
     </span>
    </p>
   </div>
   <div class='ocr_carea' id='block_1_87' title="bbox 2048 2216 3651 2292">
    <p class='ocr_par' dir='ltr' id='par_1_87' title="bbox 2048 2216 3651 2292">
     <span class='ocr_line' id='line_1_87' title="bbox 2048 2216 3651 2292; baseline -0.007 -9"><span class='ocrx_word' id='word_1_674' title='bbox 2048 2235 2374 2283; x_wconf 88' lang='lat' dir='ltr'><strong>sanctorum.</strong></span> <span class='ocrx_word' id='word_1_675' title='bbox 2406 2225 2561 2280; x_wconf 81' lang='lat' dir='ltr'><strong>Mites</strong></span> <span class='ocrx_word' id='word_1_676' title='bbox 2582 2231 2761 2280; x_wconf 90' lang='lat' dir='ltr'><strong>autem</strong></span> <span class='ocrx_word' id='word_1_677' title='bbox 2791 2229 2916 2278; x_wconf 91' lang='lat' dir='ltr'><strong>sunt</strong></span> <span class='ocrx_word' id='word_1_678' title='bbox 2935 2220 3025 2292; x_wconf 88' lang='lat' dir='ltr'><strong>qui</strong></span> <span class='ocrx_word' id='word_1_679' title='bbox 3051 2219 3252 2277; x_wconf 89' lang='lat' dir='ltr'><strong>cedunt</strong></span> <span class='ocrx_word' id='word_1_680' title='bbox 3282 2216 3651 2289; x_wconf 87' lang='lat' dir='ltr'><strong>improbitati-</strong></span> 
     </span>
    </p>
   </div>
   <div class='ocr_carea' id='block_1_88' title="bbox 2048 2310 3645 2387">
    <p class='ocr_par' dir='ltr' id='par_1_88' title="bbox 2048 2310 3645 2387">
     <span class='ocr_line' id='line_1_88' title="bbox 2048 2310 3645 2387; baseline -0.008 -10"><span class='ocrx_word' id='word_1_681' title='bbox 2048 2321 2177 2387; x_wconf 90' lang='lat' dir='ltr'><strong>bus,</strong></span> <span class='ocrx_word' id='word_1_682' title='bbox 2218 2328 2274 2376; x_wconf 89' lang='lat' dir='ltr'><strong>et</strong></span> <span class='ocrx_word' id='word_1_683' title='bbox 2299 2333 2406 2375; x_wconf 91' lang='lat' dir='ltr'><strong>non</strong></span> <span class='ocrx_word' id='word_1_684' title='bbox 2435 2318 2692 2375; x_wconf 89' lang='lat' dir='ltr'><strong>resistunt</strong></span> <span class='ocrx_word' id='word_1_685' title='bbox 2717 2315 2879 2382; x_wconf 86' lang='lat' dir='ltr'><strong>malo,</strong></span> <span class='ocrx_word' id='word_1_686' title='bbox 2910 2312 3008 2370; x_wconf 87' lang='lat' dir='ltr'><strong>sed</strong></span> <span class='ocrx_word' id='word_1_687' title='bbox 3030 2313 3252 2369; x_wconf 84' lang='lat' dir='ltr'><strong>vincunt</strong></span> <span class='ocrx_word' id='word_1_688' title='bbox 3274 2311 3328 2368; x_wconf 92' lang='lat' dir='ltr'><strong>in</strong></span> <span class='ocrx_word' id='word_1_689' title='bbox 3358 2310 3515 2367; x_wconf 88' lang='lat' dir='ltr'><strong>bono</strong></span> <span class='ocrx_word' id='word_1_690' title='bbox 3536 2323 3645 2365; x_wconf 78' lang='lat' dir='ltr'><strong>ma-</strong></span> 
     </span>
    </p>
   </div>
   <div class='ocr_carea' id='block_1_89' title="bbox 2050 2398 3651 2484">
    <p class='ocr_par' dir='ltr' id='par_1_89' title="bbox 2050 2398 3651 2484">
     <span class='ocr_line' id='line_1_89' title="bbox 2050 2398 3651 2484; baseline -0.008 -16"><span class='ocrx_word' id='word_1_691' title='bbox 2050 2413 2158 2469; x_wconf 92' lang='lat' dir='ltr'><strong>lum</strong></span> <span class='ocrx_word' id='word_1_692' title='bbox 2186 2412 2362 2484; x_wconf 84' lang='lat' dir='ltr'><strong>(Rom.</strong></span> <span class='ocrx_word' id='word_1_693' title='bbox 2394 2426 2488 2473; x_wconf 79' lang='lat' dir='ltr'><strong>xu,</strong></span> <span class='ocrx_word' id='word_1_694' title='bbox 2522 2410 2637 2480; x_wconf 77' lang='lat'><strong>2|).</strong></span> <span class='ocrx_word' id='word_1_695' title='bbox 2680 2407 2941 2463; x_wconf 80' lang='lat' dir='ltr'><strong>Rixentur</strong></span> <span class='ocrx_word' id='word_1_696' title='bbox 2966 2420 3097 2477; x_wconf 86' lang='lat' dir='ltr'><strong>ergo</strong></span> <span class='ocrx_word' id='word_1_697' title='bbox 3122 2404 3376 2469; x_wconf 87' lang='lat' dir='ltr'><strong>immites,</strong></span> <span class='ocrx_word' id='word_1_698' title='bbox 3412 2398 3651 2459; x_wconf 83' lang='lat' dir='ltr'><strong>etdimi—</strong></span> 
     </span>
    </p>
   </div>
   <div class='ocr_carea' id='block_1_90' title="bbox 2051 2493 3646 2574">
    <p class='ocr_par' dir='ltr' id='par_1_90' title="bbox 2051 2493 3646 2574">
     <span class='ocr_line' id='line_1_90' title="bbox 2051 2493 3646 2574; baseline -0.008 -14"><span class='ocrx_word' id='word_1_699' title='bbox 2051 2513 2173 2560; x_wconf 88' lang='lat' dir='ltr'><strong>cent</strong></span> <span class='ocrx_word' id='word_1_700' title='bbox 2197 2518 2294 2574; x_wconf 94' lang='lat' dir='ltr'><strong>pro</strong></span> <span class='ocrx_word' id='word_1_701' title='bbox 2338 2501 2570 2559; x_wconf 88' lang='lat' dir='ltr'><strong>terrenis</strong></span> <span class='ocrx_word' id='word_1_702' title='bbox 2599 2498 3078 2569; x_wconf 64' lang='lat' dir='ltr'><strong>ret-temporalibus</strong></span> <span class='ocrx_word' id='word_1_703' title='bbox 3128 2496 3332 2552; x_wconf 90' lang='lat' dir='ltr'><strong>rebus:</strong></span> <span class='ocrx_word' id='word_1_704' title='bbox 3365 2493 3521 2550; x_wconf 79' lang='lat' dir='ltr'><strong>Beati</strong></span> <span class='ocrx_word' id='word_1_705' title='bbox 3550 2508 3646 2549; x_wconf 86' lang='lat' dir='ltr'><strong>au-</strong></span> 
     </span>
    </p>
   </div>
   <div class='ocr_carea' id='block_1_91' title="bbox 2054 2586 3645 2666">
    <p class='ocr_par' dir='ltr' id='par_1_91' title="bbox 2054 2586 3645 2666">
     <span class='ocr_line' id='line_1_91' title="bbox 2054 2586 3645 2666; baseline -0.008 -14"><span class='ocrx_word' id='word_1_706' title='bbox 2054 2604 2160 2652; x_wconf 90' lang='lat' dir='ltr'><strong>tem</strong></span> <span class='ocrx_word' id='word_1_707' title='bbox 2189 2595 2366 2659; x_wconf 88' lang='lat' dir='ltr'><strong>mites;</strong></span> <span class='ocrx_word' id='word_1_708' title='bbox 2394 2594 2633 2666; x_wconf 83' lang='lat' dir='ltr'><strong>quoniam</strong></span> <span class='ocrx_word' id='word_1_709' title='bbox 2649 2591 2749 2664; x_wconf 84' lang='lat' dir='ltr'><strong>ipsi</strong></span> <span class='ocrx_word' id='word_1_710' title='bbox 2773 2590 3066 2647; x_wconf 70' lang='lat' dir='ltr'><strong>hwreditate</strong></span> <span class='ocrx_word' id='word_1_711' title='bbox 3084 2586 3408 2661; x_wconf 63' lang='lat' dir='ltr'><strong>possidebunt</strong></span> <span class='ocrx_word' id='word_1_712' title='bbox 3440 2595 3645 2652; x_wconf 64' lang='lat' dir='ltr'><strong>terram</strong></span> 
     </span>
    </p>
   </div>
   <div class='ocr_carea' id='block_1_92' title="bbox 2054 2684 2782 2759">
    <p class='ocr_par' dir='ltr' id='par_1_92' title="bbox 2054 2684 2782 2759">
     <span class='ocr_line' id='line_1_92' title="bbox 2054 2684 2782 2759; baseline -0.005 -16"><span class='ocrx_word' id='word_1_713' title='bbox 2054 2687 2122 2745; x_wconf 87' lang='lat' dir='ltr'><strong>de</strong></span> <span class='ocrx_word' id='word_1_714' title='bbox 2150 2703 2253 2759; x_wconf 88' lang='lat' dir='ltr'><strong>qua</strong></span> <span class='ocrx_word' id='word_1_715' title='bbox 2275 2686 2401 2758; x_wconf 88' lang='lat' dir='ltr'><strong>pelli</strong></span> <span class='ocrx_word' id='word_1_716' title='bbox 2423 2701 2529 2741; x_wconf 87' lang='lat' dir='ltr'><strong>non</strong></span> <span class='ocrx_word' id='word_1_717' title='bbox 2554 2684 2782 2757; x_wconf 91' lang='lat' dir='ltr'><strong>possint.</strong></span> 
     </span>
    </p>
   </div>
   <div class='ocr_carea' id='block_1_93' title="bbox 2126 2771 3646 2849">
    <p class='ocr_par' dir='ltr' id='par_1_93' title="bbox 2126 2771 3646 2849">
     <span class='ocr_line' id='line_1_93' title="bbox 2126 2771 3646 2849; baseline -0.004 -16"><span class='ocrx_word' id='word_1_718' title='bbox 2126 2778 2180 2835; x_wconf 82' lang='lat'><strong>5.</strong></span> <span class='ocrx_word' id='word_1_719' title='bbox 2202 2776 2349 2832; x_wconf 88' lang='lat' dir='ltr'><strong>Beati</strong></span> <span class='ocrx_word' id='word_1_720' title='bbox 2363 2778 2613 2849; x_wconf 84' lang='lat' dir='ltr'><strong>lugentes;</strong></span> <span class='ocrx_word' id='word_1_721' title='bbox 2631 2775 2871 2848; x_wconf 86' lang='lat' dir='ltr'><strong>quoniam</strong></span> <span class='ocrx_word' id='word_1_722' title='bbox 2890 2774 2991 2845; x_wconf 89' lang='lat' dir='ltr'><strong>ipsi</strong></span> <span class='ocrx_word' id='word_1_723' title='bbox 3009 2772 3420 2829; x_wconf 85' lang='lat' dir='ltr'><strong>consolabuntur.</strong></span> <span class='ocrx_word' id='word_1_724' title='bbox 3448 2771 3646 2828; x_wconf 82' lang='lat' dir='ltr'><strong>Luctus</strong></span> 
     </span>
    </p>
   </div>
   <div class='ocr_carea' id='block_1_94' title="bbox 2057 2864 3643 2926">
    <p class='ocr_par' dir='ltr' id='par_1_94' title="bbox 2057 2864 3643 2926">
     <span class='ocr_line' id='line_1_94' title="bbox 2057 2864 3643 2926; baseline -0.004 0"><span class='ocrx_word' id='word_1_725' title='bbox 2057 2877 2141 2926; x_wconf 90' lang='lat' dir='ltr'><strong>est</strong></span> <span class='ocrx_word' id='word_1_726' title='bbox 2169 2868 2381 2925; x_wconf 86' lang='lat' dir='ltr'><strong>tristitia</strong></span> <span class='ocrx_word' id='word_1_727' title='bbox 2403 2867 2473 2924; x_wconf 92' lang='lat' dir='ltr'><strong>de</strong></span> <span class='ocrx_word' id='word_1_728' title='bbox 2508 2867 2797 2924; x_wconf 86' lang='lat' dir='ltr'><strong>amissione</strong></span> <span class='ocrx_word' id='word_1_729' title='bbox 2822 2866 3111 2923; x_wconf 87' lang='lat' dir='ltr'><strong>ebarorum</strong></span> <span class='ocrx_word' id='word_1_730' title='bbox 3139 2883 3154 2920; x_wconf 90' lang='lat'><strong>:</strong></span> <span class='ocrx_word' id='word_1_731' title='bbox 3183 2864 3434 2922; x_wconf 87' lang='lat' dir='ltr'><strong>conversi</strong></span> <span class='ocrx_word' id='word_1_732' title='bbox 3471 2874 3643 2920; x_wconf 86' lang='lat' dir='ltr'><strong>autem</strong></span> 
     </span>
    </p>
   </div>
   <div class='ocr_carea' id='block_1_95' title="bbox 2058 2955 3644 3033">
    <p class='ocr_par' dir='ltr' id='par_1_95' title="bbox 2058 2955 3644 3033">
     <span class='ocr_line' id='line_1_95' title="bbox 2058 2955 3644 3033; baseline -0.006 -14"><span class='ocrx_word' id='word_1_733' title='bbox 2058 2963 2125 3019; x_wconf 87' lang='lat' dir='ltr'><strong>ad</strong></span> <span class='ocrx_word' id='word_1_734' title='bbox 2150 2964 2316 3019; x_wconf 91' lang='lat' dir='ltr'><strong>Deum</strong></span> <span class='ocrx_word' id='word_1_735' title='bbox 2340 3004 2355 3029; x_wconf 92' lang='lat'><strong>,</strong></span> <span class='ocrx_word' id='word_1_736' title='bbox 2385 2976 2448 3018; x_wconf 90' lang='lat' dir='ltr'><strong>ea</strong></span> <span class='ocrx_word' id='word_1_737' title='bbox 2488 2976 2608 3033; x_wconf 84' lang='lat' dir='ltr'><strong>quae</strong></span> <span class='ocrx_word' id='word_1_738' title='bbox 2629 2961 2682 3016; x_wconf 94' lang='lat' dir='ltr'><strong>in</strong></span> <span class='ocrx_word' id='word_1_739' title='bbox 2712 2959 2816 3015; x_wconf 86' lang='lat' dir='ltr'><strong>hoc</strong></span> <span class='ocrx_word' id='word_1_740' title='bbox 2839 2958 3040 3014; x_wconf 92' lang='lat' dir='ltr'><strong>mundo</strong></span> <span class='ocrx_word' id='word_1_741' title='bbox 3064 2957 3225 3014; x_wconf 88' lang='lat' dir='ltr'><strong>chara</strong></span> <span class='ocrx_word' id='word_1_742' title='bbox 3244 2955 3644 3029; x_wconf 79' lang='lat' dir='ltr'><strong>amplecteban-</strong></span> 
     </span>
    </p>
   </div>
   <div class='ocr_carea' id='block_1_96' title="bbox 2059 3047 3642 3122">
    <p class='ocr_par' dir='ltr' id='par_1_96' title="bbox 2059 3047 3642 3122">
     <span class='ocr_line' id='line_1_96' title="bbox 2059 3047 3642 3122; baseline -0.003 -13"><span class='ocrx_word' id='word_1_743' title='bbox 2059 3062 2163 3120; x_wconf 90' lang='lat' dir='ltr'><strong>tur,</strong></span> <span class='ocrx_word' id='word_1_744' title='bbox 2196 3054 2447 3109; x_wconf 87' lang='lat' dir='ltr'><strong>amittunt</strong></span> <span class='ocrx_word' id='word_1_745' title='bbox 2482 3071 2495 3107; x_wconf 90' lang='lat'>:</span> <span class='ocrx_word' id='word_1_746' title='bbox 2535 3067 2642 3108; x_wconf 89' lang='lat' dir='ltr'><strong>non</strong></span> <span class='ocrx_word' id='word_1_747' title='bbox 2672 3051 2812 3108; x_wconf 92' lang='lat' dir='ltr'><strong>enim</strong></span> <span class='ocrx_word' id='word_1_748' title='bbox 2840 3050 3075 3122; x_wconf 88' lang='lat' dir='ltr'><strong>gaudent</strong></span> <span class='ocrx_word' id='word_1_749' title='bbox 3114 3048 3201 3105; x_wconf 88' lang='lat' dir='ltr'><strong>bis</strong></span> <span class='ocrx_word' id='word_1_750' title='bbox 3246 3048 3423 3113; x_wconf 89' lang='lat' dir='ltr'><strong>rebus,</strong></span> <span class='ocrx_word' id='word_1_751' title='bbox 3456 3047 3642 3120; x_wconf 80' lang='lat' dir='ltr'><strong>quibus</strong></span> 
     </span>
    </p>
   </div>
   <div class='ocr_carea' id='block_1_97' title="bbox 2061 3141 3645 3218">
    <p class='ocr_par' dir='ltr' id='par_1_97' title="bbox 2061 3141 3645 3218">
     <span class='ocr_line' id='line_1_97' title="bbox 2061 3141 3645 3218; baseline -0.004 -17"><span class='ocrx_word' id='word_1_752' title='bbox 2061 3156 2190 3203; x_wconf 88' lang='lat' dir='ltr'><strong>ante</strong></span> <span class='ocrx_word' id='word_1_753' title='bbox 2212 3145 2514 3218; x_wconf 89' lang='lat' dir='ltr'><strong>gaudebant</strong></span> <span class='ocrx_word' id='word_1_754' title='bbox 2539 3162 2554 3212; x_wconf 91' lang='lat'><strong>;</strong></span> <span class='ocrx_word' id='word_1_755' title='bbox 2580 3153 2637 3201; x_wconf 92' lang='lat' dir='ltr'><strong>et</strong></span> <span class='ocrx_word' id='word_1_756' title='bbox 2679 3144 2852 3200; x_wconf 92' lang='lat' dir='ltr'><strong>donec</strong></span> <span class='ocrx_word' id='word_1_757' title='bbox 2879 3145 2971 3198; x_wconf 86' lang='lat' dir='ltr'><strong>ﬁat</strong></span> <span class='ocrx_word' id='word_1_758' title='bbox 2998 3143 3053 3199; x_wconf 89' lang='lat' dir='ltr'><strong>in</strong></span> <span class='ocrx_word' id='word_1_759' title='bbox 3099 3141 3207 3198; x_wconf 92' lang='lat' dir='ltr'><strong>illis</strong></span> <span class='ocrx_word' id='word_1_760' title='bbox 3232 3156 3379 3197; x_wconf 90' lang='lat' dir='ltr'><strong>amor</strong></span> <span class='ocrx_word' id='word_1_761' title='bbox 3415 3148 3645 3197; x_wconf 59' lang='lat' dir='ltr'><strong>materno-</strong></span> 
     </span>
    </p>
   </div>
   <div class='ocr_carea' id='block_1_98' title="bbox 2059 3229 3642 3305">
    <p class='ocr_par' dir='ltr' id='par_1_98' title="bbox 2059 3229 3642 3305">
     <span class='ocr_line' id='line_1_98' title="bbox 2059 3229 3642 3305; baseline -0.007 -10"><span class='ocrx_word' id='word_1_762' title='bbox 2059 3253 2176 3295; x_wconf 90' lang='lat' dir='ltr'><strong>rum</strong></span> <span class='ocrx_word' id='word_1_763' title='bbox 2203 3240 2247 3305; x_wconf 77' lang='lat'><strong>’,</strong></span> <span class='ocrx_word' id='word_1_764' title='bbox 2275 3236 2527 3292; x_wconf 88' lang='lat' dir='ltr'><strong>nonnulla</strong></span> <span class='ocrx_word' id='word_1_765' title='bbox 2554 3235 2807 3293; x_wconf 79' lang='lat' dir='ltr'><strong>mcestitia</strong></span> <span class='ocrx_word' id='word_1_766' title='bbox 2843 3234 3150 3290; x_wconf 87' lang='lat' dir='ltr'><strong>sanciantur</strong></span> <span class='ocrx_word' id='word_1_767' title='bbox 3190 3251 3205 3287; x_wconf 91' lang='lat'><strong>:</strong></span> <span class='ocrx_word' id='word_1_768' title='bbox 3231 3229 3642 3288; x_wconf 88' lang='lat' dir='ltr'><strong>consolabuntur</strong></span> 
     </span>
    </p>
   </div>
   <div class='ocr_carea' id='block_1_99' title="bbox 2060 3323 3641 3401">
    <p class='ocr_par' dir='ltr' id='par_1_99' title="bbox 2060 3323 3641 3401">
     <span class='ocr_line' id='line_1_99' title="bbox 2060 3323 3641 3401; baseline -0.007 -13"><span class='ocrx_word' id='word_1_769' title='bbox 2060 3344 2189 3401; x_wconf 83' lang='lat' dir='ltr'><strong>ergo</strong></span> <span class='ocrx_word' id='word_1_770' title='bbox 2210 3328 2411 3401; x_wconf 87' lang='lat' dir='ltr'><strong>Spiritu</strong></span> <span class='ocrx_word' id='word_1_771' title='bbox 2438 3337 2645 3395; x_wconf 89' lang='lat' dir='ltr'><strong>sancto,</strong></span> <span class='ocrx_word' id='word_1_772' title='bbox 2669 3327 2759 3398; x_wconf 90' lang='lat' dir='ltr'><strong>qui</strong></span> <span class='ocrx_word' id='word_1_773' title='bbox 2786 3326 3018 3381; x_wconf 77' lang='lat' dir='ltr'><strong>maxime</strong></span> <span class='ocrx_word' id='word_1_774' title='bbox 3041 3332 3327 3397; x_wconf 87' lang='lat' dir='ltr'><strong>propterea</strong></span> <span class='ocrx_word' id='word_1_775' title='bbox 3354 3323 3641 3396; x_wconf 82' lang='lat' dir='ltr'><strong>paraclctus</strong></span> 
     </span>
    </p>
   </div>
   <div class='ocr_carea' id='block_1_100' title="bbox 2062 3415 3641 3488">
    <p class='ocr_par' dir='ltr' id='par_1_100' title="bbox 2062 3415 3641 3488">
     <span class='ocr_line' id='line_1_100' title="bbox 2062 3415 3641 3488; baseline -0.006 -11"><span class='ocrx_word' id='word_1_776' title='bbox 2062 3420 2387 3488; x_wconf 86' lang='lat' dir='ltr'><strong>nominatur,</strong></span> <span class='ocrx_word' id='word_1_777' title='bbox 2419 3420 2469 3474; x_wconf 90' lang='lat' dir='ltr'><strong>id</strong></span> <span class='ocrx_word' id='word_1_778' title='bbox 2497 3428 2579 3475; x_wconf 90' lang='lat' dir='ltr'><strong>est</strong></span> <span class='ocrx_word' id='word_1_779' title='bbox 2598 3418 2923 3484; x_wconf 90' lang='lat' dir='ltr'><strong>consolator,</strong></span> <span class='ocrx_word' id='word_1_780' title='bbox 2954 3425 3013 3472; x_wconf 92' lang='lat' dir='ltr'><strong>ut</strong></span> <span class='ocrx_word' id='word_1_781' title='bbox 3032 3415 3382 3488; x_wconf 72' lang='lat' dir='ltr'><strong>temporalem</strong></span> <span class='ocrx_word' id='word_1_782' title='bbox 3408 3415 3641 3470; x_wconf 81' lang='lat' dir='ltr'><strong>amitten-</strong></span> 
     </span>
    </p>
   </div>
   <div class='ocr_carea' id='block_1_101' title="bbox 2064 3510 2973 3582">
    <p class='ocr_par' dir='ltr' id='par_1_101' title="bbox 2064 3510 2973 3582">
     <span class='ocr_line' id='line_1_101' title="bbox 2064 3510 2973 3582; baseline -0.008 -11"><span class='ocrx_word' id='word_1_783' title='bbox 2064 3524 2146 3571; x_wconf 88' lang='lat' dir='ltr'><strong>tes</strong></span> <span class='ocrx_word' id='word_1_784' title='bbox 2171 3523 2369 3569; x_wconf 69' lang='lat' dir='ltr'><strong>teterna</strong></span> <span class='ocrx_word' id='word_1_785' title='bbox 2394 3512 2578 3568; x_wconf 60' lang='lat' dir='ltr'><strong>latitia</strong></span> <span class='ocrx_word' id='word_1_786' title='bbox 2607 3510 2973 3582; x_wconf 83' lang='lat' dir='ltr'><strong>perfruantur.</strong></span> 
     </span>
    </p>
   </div>
   <div class='ocr_carea' id='block_1_102' title="bbox 2135 3600 3642 3676">
    <p class='ocr_par' dir='ltr' id='par_1_102' title="bbox 2135 3600 3642 3676">
     <span class='ocr_line' id='line_1_102' title="bbox 2135 3600 3642 3676; baseline -0.005 -15"><span class='ocrx_word' id='word_1_787' title='bbox 2135 3606 2189 3661; x_wconf 87' lang='lat'><strong>6.</strong></span> <span class='ocrx_word' id='word_1_788' title='bbox 2213 3603 2359 3661; x_wconf 89' lang='lat' dir='ltr'><strong>Beati</strong></span> <span class='ocrx_word' id='word_1_789' title='bbox 2386 3606 2470 3676; x_wconf 85' lang='lat' dir='ltr'><strong>qui</strong></span> <span class='ocrx_word' id='word_1_790' title='bbox 2518 3604 2741 3659; x_wconf 75' lang='lat' dir='ltr'><strong>esuriant</strong></span> <span class='ocrx_word' id='word_1_791' title='bbox 2781 3612 2830 3658; x_wconf 91' lang='lat' dir='ltr'><strong>et</strong></span> <span class='ocrx_word' id='word_1_792' title='bbox 2874 3602 3049 3657; x_wconf 87' lang='lat' dir='ltr'><strong>sitiunt</strong></span> <span class='ocrx_word' id='word_1_793' title='bbox 3084 3601 3376 3673; x_wconf 81' lang='lat' dir='ltr'><strong>justitiam;</strong></span> <span class='ocrx_word' id='word_1_794' title='bbox 3420 3600 3642 3674; x_wconf 68' lang='lat' dir='ltr'><strong>quoniam</strong></span> 
     </span>
    </p>
   </div>
   <div class='ocr_carea' id='block_1_103' title="bbox 2063 3690 3643 3768">
    <p class='ocr_par' dir='ltr' id='par_1_103' title="bbox 2063 3690 3643 3768">
     <span class='ocr_line' id='line_1_103' title="bbox 2063 3690 3643 3768; baseline -0.003 -17"><span class='ocrx_word' id='word_1_795' title='bbox 2063 3698 2163 3768; x_wconf 89' lang='lat' dir='ltr'><strong>ipsi</strong></span> <span class='ocrx_word' id='word_1_796' title='bbox 2186 3697 2565 3754; x_wconf 82' lang='lat' dir='ltr'><strong>saturabuntur.</strong></span> <span class='ocrx_word' id='word_1_797' title='bbox 2592 3694 2709 3751; x_wconf 85' lang='lat' dir='ltr'><strong>Jam</strong></span> <span class='ocrx_word' id='word_1_798' title='bbox 2752 3695 2884 3751; x_wconf 87' lang='lat' dir='ltr'><strong>istos</strong></span> <span class='ocrx_word' id='word_1_799' title='bbox 2907 3705 3177 3752; x_wconf 87' lang='lat' dir='ltr'><strong>amatores</strong></span> <span class='ocrx_word' id='word_1_800' title='bbox 3200 3694 3329 3750; x_wconf 92' lang='lat' dir='ltr'><strong>dicit</strong></span> <span class='ocrx_word' id='word_1_801' title='bbox 3357 3695 3473 3751; x_wconf 88' lang='lat' dir='ltr'><strong>veri</strong></span> <span class='ocrx_word' id='word_1_802' title='bbox 3499 3702 3550 3750; x_wconf 88' lang='lat' dir='ltr'><strong>et</strong></span> <span class='ocrx_word' id='word_1_803' title='bbox 3570 3690 3643 3747; x_wconf 81' lang='lat' dir='ltr'><strong>in-</strong></span> 
     </span>
    </p>
   </div>
   <div class='ocr_carea' id='block_1_104' title="bbox 2065 3785 3640 3864">
    <p class='ocr_par' dir='ltr' id='par_1_104' title="bbox 2065 3785 3640 3864">
     <span class='ocr_line' id='line_1_104' title="bbox 2065 3785 3640 3864; baseline -0.004 -16"><span class='ocrx_word' id='word_1_804' title='bbox 2065 3789 2479 3864; x_wconf 78' lang='lat' dir='ltr'><strong>concussiboni.</strong></span> <span class='ocrx_word' id='word_1_805' title='bbox 2538 3788 2632 3844; x_wconf 89' lang='lat' dir='ltr'><strong>Illo</strong></span> <span class='ocrx_word' id='word_1_806' title='bbox 2673 3802 2801 3858; x_wconf 87' lang='lat' dir='ltr'><strong>ergo</strong></span> <span class='ocrx_word' id='word_1_807' title='bbox 2822 3787 2943 3842; x_wconf 89' lang='lat' dir='ltr'><strong>cibo</strong></span> <span class='ocrx_word' id='word_1_808' title='bbox 2990 3785 3374 3842; x_wconf 86' lang='lat' dir='ltr'><strong>saturabuntur</strong></span> <span class='ocrx_word' id='word_1_809' title='bbox 3398 3826 3417 3851; x_wconf 87' lang='lat'><strong>,</strong></span> <span class='ocrx_word' id='word_1_810' title='bbox 3458 3785 3524 3842; x_wconf 90' lang='lat' dir='ltr'><strong>de</strong></span> <span class='ocrx_word' id='word_1_811' title='bbox 3548 3795 3640 3854; x_wconf 77' lang='lat' dir='ltr'><strong>quo</strong></span> 
     </span>
    </p>
   </div>
   <div class='ocr_carea' id='block_1_105' title="bbox 2066 3880 3641 3956">
    <p class='ocr_par' dir='ltr' id='par_1_105' title="bbox 2066 3880 3641 3956">
     <span class='ocr_line' id='line_1_105' title="bbox 2066 3880 3641 3956; baseline -0.007 -16"><span class='ocrx_word' id='word_1_812' title='bbox 2066 3884 2181 3956; x_wconf 90' lang='lat' dir='ltr'><strong>ipse</strong></span> <span class='ocrx_word' id='word_1_813' title='bbox 2203 3883 2456 3939; x_wconf 90' lang='lat' dir='ltr'><strong>Dominus</strong></span> <span class='ocrx_word' id='word_1_814' title='bbox 2475 3882 2622 3951; x_wconf 90' lang='lat' dir='ltr'><strong>dicit,</strong></span> <span class='ocrx_word' id='word_1_815' title='bbox 2647 3880 2794 3936; x_wconf 82' lang='lat' dir='ltr'><strong>Meus</strong></span> <span class='ocrx_word' id='word_1_816' title='bbox 2820 3880 2958 3935; x_wconf 87' lang='lat' dir='ltr'><strong>cibus</strong></span> <span class='ocrx_word' id='word_1_817' title='bbox 2977 3891 3049 3935; x_wconf 91' lang='lat' dir='ltr'><strong>est</strong></span> <span class='ocrx_word' id='word_1_818' title='bbox 3068 3888 3122 3933; x_wconf 90' lang='lat' dir='ltr'><strong>ut</strong></span> <span class='ocrx_word' id='word_1_819' title='bbox 3143 3880 3332 3952; x_wconf 72' lang='lat' dir='ltr'><strong>faciam</strong></span> <span class='ocrx_word' id='word_1_820' title='bbox 3351 3880 3641 3934; x_wconf 80' lang='lat' dir='ltr'><strong>uoluntatem</strong></span> 
     </span>
    </p>
   </div>
   <div class='ocr_carea' id='block_1_106' title="bbox 2068 3972 3640 4048">
    <p class='ocr_par' dir='ltr' id='par_1_106' title="bbox 2068 3972 3640 4048">
     <span class='ocr_line' id='line_1_106' title="bbox 2068 3972 3640 4048; baseline -0.004 -16"><span class='ocrx_word' id='word_1_821' title='bbox 2068 3975 2243 4032; x_wconf 90' lang='lat' dir='ltr'><strong>Patris</strong></span> <span class='ocrx_word' id='word_1_822' title='bbox 2280 3977 2378 4032; x_wconf 79' lang='lat' dir='ltr'><strong>mei</strong></span> <span class='ocrx_word' id='word_1_823' title='bbox 2397 4018 2413 4044; x_wconf 96' lang='lat'><strong>,</strong></span> <span class='ocrx_word' id='word_1_824' title='bbox 2446 3974 2587 4048; x_wconf 88' lang='lat' dir='ltr'><strong>quod</strong></span> <span class='ocrx_word' id='word_1_825' title='bbox 2629 3983 2714 4031; x_wconf 91' lang='lat' dir='ltr'><strong>est</strong></span> <span class='ocrx_word' id='word_1_826' title='bbox 2736 3974 2942 4045; x_wconf 89' lang='lat' dir='ltr'><strong>justitia</strong></span> <span class='ocrx_word' id='word_1_827' title='bbox 2985 3992 2999 4028; x_wconf 89' lang='lat'><strong>:</strong></span> <span class='ocrx_word' id='word_1_828' title='bbox 3031 3984 3087 4029; x_wconf 88' lang='lat' dir='ltr'><strong>et</strong></span> <span class='ocrx_word' id='word_1_829' title='bbox 3131 3973 3220 4028; x_wconf 86' lang='lat' dir='ltr'><strong>illa</strong></span> <span class='ocrx_word' id='word_1_830' title='bbox 3247 3988 3388 4045; x_wconf 85' lang='lat' dir='ltr'><strong>aqua</strong></span> <span class='ocrx_word' id='word_1_831' title='bbox 3414 4014 3431 4040; x_wconf 93' lang='lat'><strong>,</strong></span> <span class='ocrx_word' id='word_1_832' title='bbox 3463 3972 3532 4028; x_wconf 87' lang='lat' dir='ltr'><strong>de</strong></span> <span class='ocrx_word' id='word_1_833' title='bbox 3551 3982 3640 4042; x_wconf 78' lang='lat' dir='ltr'><strong>qua</strong></span> 
     </span>
    </p>
   </div>
   <div class='ocr_carea' id='block_1_107' title="bbox 2068 4066 3643 4145">
    <p class='ocr_par' dir='ltr' id='par_1_107' title="bbox 2068 4066 3643 4145">
     <span class='ocr_line' id='line_1_107' title="bbox 2068 4066 3643 4145; baseline -0.004 -19"><span class='ocrx_word' id='word_1_834' title='bbox 2068 4070 2307 4145; x_wconf 88' lang='lat' dir='ltr'><strong>quisquis</strong></span> <span class='ocrx_word' id='word_1_835' title='bbox 2344 4069 2548 4136; x_wconf 87' lang='lat' dir='ltr'><strong>biberit,</strong></span> <span class='ocrx_word' id='word_1_836' title='bbox 2573 4078 2632 4125; x_wconf 92' lang='lat' dir='ltr'><strong>ut</strong></span> <span class='ocrx_word' id='word_1_837' title='bbox 2651 4069 2792 4125; x_wconf 90' lang='lat' dir='ltr'><strong>idem</strong></span> <span class='ocrx_word' id='word_1_838' title='bbox 2813 4068 2965 4133; x_wconf 90' lang='lat' dir='ltr'><strong>dicit,</strong></span> <span class='ocrx_word' id='word_1_839' title='bbox 2995 4068 3082 4139; x_wconf 76' lang='lat' dir='ltr'><strong>ﬁet</strong></span> <span class='ocrx_word' id='word_1_840' title='bbox 3109 4068 3161 4122; x_wconf 88' lang='lat' dir='ltr'><strong>in</strong></span> <span class='ocrx_word' id='word_1_841' title='bbox 3188 4084 3247 4124; x_wconf 85' lang='lat' dir='ltr'><strong>eo</strong></span> <span class='ocrx_word' id='word_1_842' title='bbox 3267 4066 3384 4139; x_wconf 84' lang='lat' dir='ltr'><strong>[ous</strong></span> <span class='ocrx_word' id='word_1_843' title='bbox 3412 4082 3554 4139; x_wconf 74' lang='lat' dir='ltr'><strong>aqua</strong></span> <span class='ocrx_word' id='word_1_844' title='bbox 3572 4079 3643 4119; x_wconf 78' lang='lat' dir='ltr'><strong>sa-</strong></span> 
     </span>
    </p>
   </div>
   <div class='ocr_carea' id='block_1_108' title="bbox 2071 4159 3341 4232">
    <p class='ocr_par' dir='ltr' id='par_1_108' title="bbox 2071 4159 3341 4232">
     <span class='ocr_line' id='line_1_108' title="bbox 2071 4159 3341 4232; baseline -0.002 -14"><span class='ocrx_word' id='word_1_845' title='bbox 2071 4164 2236 4220; x_wconf 88' lang='lat' dir='ltr'><strong>lientis</strong></span> <span class='ocrx_word' id='word_1_846' title='bbox 2272 4166 2328 4220; x_wconf 86' lang='lat' dir='ltr'><strong>in</strong></span> <span class='ocrx_word' id='word_1_847' title='bbox 2353 4163 2507 4218; x_wconf 84' lang='lat' dir='ltr'><strong>vitam</strong></span> <span class='ocrx_word' id='word_1_848' title='bbox 2531 4171 2770 4218; x_wconf 67' lang='lat' dir='ltr'><strong>aeternam</strong></span> <span class='ocrx_word' id='word_1_849' title='bbox 2795 4159 2974 4232; x_wconf 79' lang='lat' dir='ltr'><strong>(Joan.</strong></span> <span class='ocrx_word' id='word_1_850' title='bbox 3000 4176 3075 4227; x_wconf 86' lang='lat' dir='ltr'><strong>tv,</strong></span> <span class='ocrx_word' id='word_1_851' title='bbox 3103 4160 3194 4226; x_wconf 71' lang='grc'><strong>54,</strong></span> <span class='ocrx_word' id='word_1_852' title='bbox 3230 4160 3341 4232; x_wconf 63' lang='lat' dir='ltr'><strong>id).</strong></span> 
     </span>
    </p>
   </div>
   <div class='ocr_carea' id='block_1_109' title="bbox 2143 4247 3638 4326">
    <p class='ocr_par' dir='ltr' id='par_1_109' title="bbox 2143 4247 3638 4326">
     <span class='ocr_line' id='line_1_109' title="bbox 2143 4247 3638 4326; baseline -0.003 -14"><span class='ocrx_word' id='word_1_853' title='bbox 2143 4258 2197 4312; x_wconf 88' lang='lat'><strong>7.</strong></span> <span class='ocrx_word' id='word_1_854' title='bbox 2224 4256 2369 4314; x_wconf 84' lang='lat' dir='ltr'><strong>Beati</strong></span> <span class='ocrx_word' id='word_1_855' title='bbox 2388 4254 2757 4319; x_wconf 84' lang='lat' dir='ltr'><strong>misericordes;</strong></span> <span class='ocrx_word' id='word_1_856' title='bbox 2776 4254 3013 4324; x_wconf 85' lang='lat' dir='ltr'><strong>quoniam</strong></span> <span class='ocrx_word' id='word_1_857' title='bbox 3028 4255 3257 4326; x_wconf 88' lang='lat' dir='ltr'><strong>ipsorum</strong></span> <span class='ocrx_word' id='word_1_858' title='bbox 3276 4252 3581 4309; x_wconf 76' lang='lat' dir='ltr'><strong>miserebitur</strong></span> <span class='ocrx_word' id='word_1_859' title='bbox 3604 4247 3638 4299; x_wconf 85' lang='grc'>³-</span> 
     </span>
    </p>
   </div>
   <div class='ocr_carea' id='block_1_110' title="bbox 2070 4344 3639 4420">
    <p class='ocr_par' dir='ltr' id='par_1_110' title="bbox 2070 4344 3639 4420">
     <span class='ocr_line' id='line_1_110' title="bbox 2070 4344 3639 4420; baseline -0.006 -12"><span class='ocrx_word' id='word_1_860' title='bbox 2070 4350 2266 4409; x_wconf 87' lang='lat' dir='ltr'><strong>Bcatos</strong></span> <span class='ocrx_word' id='word_1_861' title='bbox 2306 4365 2427 4407; x_wconf 84' lang='lat' dir='ltr'><strong>esse</strong></span> <span class='ocrx_word' id='word_1_862' title='bbox 2451 4349 2580 4406; x_wconf 89' lang='lat' dir='ltr'><strong>dicit</strong></span> <span class='ocrx_word' id='word_1_863' title='bbox 2614 4348 2707 4420; x_wconf 91' lang='lat' dir='ltr'><strong>qui</strong></span> <span class='ocrx_word' id='word_1_864' title='bbox 2737 4346 3059 4404; x_wconf 87' lang='lat' dir='ltr'><strong>subveniunt</strong></span> <span class='ocrx_word' id='word_1_865' title='bbox 3102 4347 3176 4403; x_wconf 91' lang='lat' dir='ltr'><strong>mi</strong></span> <span class='ocrx_word' id='word_1_866' title='bbox 3210 4346 3383 4415; x_wconf 87' lang='lat' dir='ltr'><strong>seris,</strong></span> <span class='ocrx_word' id='word_1_867' title='bbox 3410 4344 3639 4420; x_wconf 86' lang='lat' dir='ltr'><strong>quoniam</strong></span> 
     </span>
    </p>
   </div>
   <div class='ocr_carea' id='block_1_111' title="bbox 2072 4438 3343 4513">
    <p class='ocr_par' dir='ltr' id='par_1_111' title="bbox 2072 4438 3343 4513">
     <span class='ocr_line' id='line_1_111' title="bbox 2072 4438 3343 4513; baseline -0.006 -13"><span class='ocrx_word' id='word_1_868' title='bbox 2072 4445 2152 4501; x_wconf 89' lang='lat' dir='ltr'><strong>eis</strong></span> <span class='ocrx_word' id='word_1_869' title='bbox 2176 4444 2245 4499; x_wconf 89' lang='lat' dir='ltr'><strong>ita</strong></span> <span class='ocrx_word' id='word_1_870' title='bbox 2266 4441 2595 4513; x_wconf 90' lang='lat' dir='ltr'><strong>rependitur,</strong></span> <span class='ocrx_word' id='word_1_871' title='bbox 2620 4448 2678 4495; x_wconf 92' lang='lat' dir='ltr'><strong>ut</strong></span> <span class='ocrx_word' id='word_1_872' title='bbox 2700 4439 2769 4496; x_wconf 92' lang='lat' dir='ltr'><strong>de</strong></span> <span class='ocrx_word' id='word_1_873' title='bbox 2799 4438 3013 4495; x_wconf 86' lang='lat' dir='ltr'><strong>miseria</strong></span> <span class='ocrx_word' id='word_1_874' title='bbox 3034 4438 3343 4495; x_wconf 89' lang='lat' dir='ltr'><strong>liberentur.</strong></span> 
     </span>
    </p>
   </div>
   <div class='ocr_carea' id='block_1_112' title="bbox 2118 4529 3637 4603">
    <p class='ocr_par' dir='ltr' id='par_1_112' title="bbox 2118 4529 3637 4603">
     <span class='ocr_line' id='line_1_112' title="bbox 2118 4529 3637 4603; baseline -0.011 -11"><span class='ocrx_word' id='word_1_875' title='bbox 2118 4536 2196 4592; x_wconf 87' lang='lat'><strong>-8.</strong></span> <span class='ocrx_word' id='word_1_876' title='bbox 2226 4534 2373 4590; x_wconf 89' lang='lat' dir='ltr'><strong>Beati</strong></span> <span class='ocrx_word' id='word_1_877' title='bbox 2409 4534 2585 4589; x_wconf 87' lang='lat' dir='ltr'><strong>mundi</strong></span> <span class='ocrx_word' id='word_1_878' title='bbox 2626 4533 2813 4596; x_wconf 89' lang='lat' dir='ltr'><strong>corde;</strong></span> <span class='ocrx_word' id='word_1_879' title='bbox 2839 4531 3079 4603; x_wconf 86' lang='lat' dir='ltr'><strong>quoniam</strong></span> <span class='ocrx_word' id='word_1_880' title='bbox 3101 4530 3199 4602; x_wconf 83' lang='lat' dir='ltr'><strong>ipsi</strong></span> <span class='ocrx_word' id='word_1_881' title='bbox 3228 4529 3390 4584; x_wconf 87' lang='lat' dir='ltr'><strong>Deum</strong></span> <span class='ocrx_word' id='word_1_882' title='bbox 3410 4529 3637 4586; x_wconf 78' lang='lat' dir='ltr'><strong>videbunt.</strong></span> 
     </span>
    </p>
   </div>
   <div class='ocr_carea' id='block_1_113' title="bbox 2073 4620 3640 4699">
    <p class='ocr_par' dir='ltr' id='par_1_113' title="bbox 2073 4620 3640 4699">
     <span class='ocr_line' id='line_1_113' title="bbox 2073 4620 3640 4699; baseline -0.008 -13"><span class='ocrx_word' id='word_1_883' title='bbox 2073 4630 2244 4698; x_wconf 85' lang='lat' dir='ltr'><strong>Quam</strong></span> <span class='ocrx_word' id='word_1_884' title='bbox 2286 4644 2416 4699; x_wconf 83' lang='lat' dir='ltr'><strong>ergo</strong></span> <span class='ocrx_word' id='word_1_885' title='bbox 2443 4628 2589 4683; x_wconf 90' lang='lat' dir='ltr'><strong>stulti</strong></span> <span class='ocrx_word' id='word_1_886' title='bbox 2635 4635 2759 4682; x_wconf 91' lang='lat' dir='ltr'><strong>sunt</strong></span> <span class='ocrx_word' id='word_1_887' title='bbox 2803 4626 2891 4696; x_wconf 90' lang='lat' dir='ltr'><strong>qui</strong></span> <span class='ocrx_word' id='word_1_888' title='bbox 2939 4626 3105 4681; x_wconf 91' lang='lat' dir='ltr'><strong>Deum</strong></span> <span class='ocrx_word' id='word_1_889' title='bbox 3149 4623 3266 4680; x_wconf 90' lang='lat' dir='ltr'><strong>istis</strong></span> <span class='ocrx_word' id='word_1_890' title='bbox 3308 4620 3640 4679; x_wconf 76' lang='lat' dir='ltr'><strong>exterioribus</strong></span> 
     </span>
    </p>
   </div>
   <div class='ocr_carea' id='block_1_114' title="bbox 2075 4708 3640 4793">
    <p class='ocr_par' dir='ltr' id='par_1_114' title="bbox 2075 4708 3640 4793">
     <span class='ocr_line' id='line_1_114' title="bbox 2075 4708 3640 4793; baseline -0.01 -13"><span class='ocrx_word' id='word_1_891' title='bbox 2075 4722 2246 4780; x_wconf 90' lang='lat' dir='ltr'><strong>oculis</strong></span> <span class='ocrx_word' id='word_1_892' title='bbox 2264 4726 2530 4793; x_wconf 83' lang='lat' dir='ltr'><strong>quaerunt,</strong></span> <span class='ocrx_word' id='word_1_893' title='bbox 2557 4733 2681 4774; x_wconf 90' lang='lat' dir='ltr'><strong>cum</strong></span> <span class='ocrx_word' id='word_1_894' title='bbox 2718 4716 2884 4774; x_wconf 88' lang='lat' dir='ltr'><strong>corde</strong></span> <span class='ocrx_word' id='word_1_895' title='bbox 2922 4715 3185 4783; x_wconf 87' lang='lat' dir='ltr'><strong>videatur,</strong></span> <span class='ocrx_word' id='word_1_896' title='bbox 3210 4715 3353 4771; x_wconf 88' lang='lat' dir='ltr'><strong>sicut</strong></span> <span class='ocrx_word' id='word_1_897' title='bbox 3377 4714 3505 4770; x_wconf 89' lang='lat' dir='ltr'><strong>alibi</strong></span> <span class='ocrx_word' id='word_1_898' title='bbox 3528 4708 3640 4767; x_wconf 88' lang='lat' dir='ltr'><strong>scri-</strong></span> 
     </span>
    </p>
   </div>
   <div class='ocr_carea' id='block_1_115' title="bbox 2077 4803 3636 4888">
    <p class='ocr_par' dir='ltr' id='par_1_115' title="bbox 2077 4803 3636 4888">
     <span class='ocr_line' id='line_1_115' title="bbox 2077 4803 3636 4888; baseline -0.009 -16"><span class='ocrx_word' id='word_1_899' title='bbox 2077 4825 2226 4888; x_wconf 88' lang='lat' dir='ltr'><strong>ptum</strong></span> <span class='ocrx_word' id='word_1_900' title='bbox 2253 4823 2375 4881; x_wconf 90' lang='lat' dir='ltr'><strong>est,</strong></span> <span class='ocrx_word' id='word_1_901' title='bbox 2403 4811 2469 4867; x_wconf 83' lang='lat' dir='ltr'><strong>Et</strong></span> <span class='ocrx_word' id='word_1_902' title='bbox 2496 4811 2551 4865; x_wconf 90' lang='lat' dir='ltr'><strong>in</strong></span> <span class='ocrx_word' id='word_1_903' title='bbox 2575 4809 2897 4883; x_wconf 86' lang='lat' dir='ltr'><strong>simplicitate</strong></span> <span class='ocrx_word' id='word_1_904' title='bbox 2917 4807 3084 4864; x_wconf 87' lang='lat' dir='ltr'><strong>cordis</strong></span> <span class='ocrx_word' id='word_1_905' title='bbox 3106 4808 3314 4880; x_wconf 68' lang='lat' dir='ltr'><strong>qua’rite</strong></span> <span class='ocrx_word' id='word_1_906' title='bbox 3334 4807 3480 4862; x_wconf 87' lang='lat' dir='ltr'><strong>illum</strong></span> <span class='ocrx_word' id='word_1_907' title='bbox 3503 4803 3636 4875; x_wconf 72' lang='lat' dir='ltr'><strong>(Sap-</strong></span> 
     </span>
    </p>
   </div>
   <div class='ocr_carea' id='block_1_116' title="bbox 2077 4892 3633 4979">
    <p class='ocr_par' dir='ltr' id='par_1_116' title="bbox 2077 4892 3633 4979">
     <span class='ocr_line' id='line_1_116' title="bbox 2077 4892 3633 4979; baseline -0.01 -15"><span class='ocrx_word' id='word_1_908' title='bbox 2077 4924 2116 4973; x_wconf 89' lang='grc' dir='ltr'><strong>ι,</strong></span> <span class='ocrx_word' id='word_1_909' title='bbox 2148 4906 2223 4979; x_wconf 79' lang='grc' dir='ltr'><strong>Ι).</strong></span> <span class='ocrx_word' id='word_1_910' title='bbox 2254 4906 2367 4962; x_wconf 85' lang='lat' dir='ltr'><strong>Hoc</strong></span> <span class='ocrx_word' id='word_1_911' title='bbox 2403 4913 2487 4961; x_wconf 89' lang='lat' dir='ltr'><strong>est</strong></span> <span class='ocrx_word' id='word_1_912' title='bbox 2512 4903 2654 4960; x_wconf 88' lang='lat' dir='ltr'><strong>enim</strong></span> <span class='ocrx_word' id='word_1_913' title='bbox 2685 4901 2941 4958; x_wconf 91' lang='lat' dir='ltr'><strong>mundum</strong></span> <span class='ocrx_word' id='word_1_914' title='bbox 2970 4916 3066 4957; x_wconf 89' lang='lat' dir='ltr'><strong>eor</strong></span> <span class='ocrx_word' id='word_1_915' title='bbox 3086 4942 3105 4968; x_wconf 92' lang='lat'><strong>,</strong></span> <span class='ocrx_word' id='word_1_916' title='bbox 3134 4898 3278 4971; x_wconf 88' lang='lat' dir='ltr'><strong>quod</strong></span> <span class='ocrx_word' id='word_1_917' title='bbox 3315 4908 3399 4955; x_wconf 83' lang='lat' dir='ltr'><strong>est</strong></span> <span class='ocrx_word' id='word_1_918' title='bbox 3435 4892 3633 4967; x_wconf 77' lang='lat' dir='ltr'><strong>simplex</strong></span> 
     </span>
    </p>
   </div>
   <div class='ocr_carea' id='block_1_117' title="bbox 2076 4992 3634 5072">
    <p class='ocr_par' dir='ltr' id='par_1_117' title="bbox 2076 4992 3634 5072">
     <span class='ocr_line' id='line_1_117' title="bbox 2076 4992 3634 5072; baseline -0.006 -15"><span class='ocrx_word' id='word_1_919' title='bbox 2076 5016 2207 5057; x_wconf 88' lang='lat' dir='ltr'><strong>cor:</strong></span> <span class='ocrx_word' id='word_1_920' title='bbox 2234 5009 2290 5056; x_wconf 91' lang='lat' dir='ltr'><strong>et</strong></span> <span class='ocrx_word' id='word_1_921' title='bbox 2312 4995 2758 5072; x_wconf 89' lang='lat' dir='ltr'><strong>quemadmodum</strong></span> <span class='ocrx_word' id='word_1_922' title='bbox 2785 4995 2964 5051; x_wconf 90' lang='lat' dir='ltr'><strong>lumen</strong></span> <span class='ocrx_word' id='word_1_923' title='bbox 3002 4993 3106 5050; x_wconf 87' lang='lat' dir='ltr'><strong>hoc</strong></span> <span class='ocrx_word' id='word_1_924' title='bbox 3135 4992 3301 5050; x_wconf 91' lang='lat' dir='ltr'><strong>videri</strong></span> <span class='ocrx_word' id='word_1_925' title='bbox 3330 5007 3443 5048; x_wconf 89' lang='lat' dir='ltr'><strong>non</strong></span> <span class='ocrx_word' id='word_1_926' title='bbox 3470 4992 3634 5061; x_wconf 62' lang='lat' dir='ltr'><strong>potest.</strong></span> 
     </span>
    </p>
   </div>
   <div class='ocr_carea' id='block_1_118' title="bbox 2078 5082 3639 5149">
    <p class='ocr_par' dir='ltr' id='par_1_118' title="bbox 2078 5082 3639 5149">
     <span class='ocr_line' id='line_1_118' title="bbox 2078 5082 3639 5149; baseline -0.012 1"><span class='ocrx_word' id='word_1_927' title='bbox 2078 5092 2180 5149; x_wconf 91' lang='lat' dir='ltr'><strong>nisi</strong></span> <span class='ocrx_word' id='word_1_928' title='bbox 2213 5092 2384 5148; x_wconf 88' lang='lat' dir='ltr'><strong>oculis</strong></span> <span class='ocrx_word' id='word_1_929' title='bbox 2413 5088 2660 5149; x_wconf 79' lang='lat' dir='ltr'><strong>tuendis;</strong></span> <span class='ocrx_word' id='word_1_930' title='bbox 2691 5088 2762 5143; x_wconf 88' lang='lat' dir='ltr'><strong>ita</strong></span> <span class='ocrx_word' id='word_1_931' title='bbox 2804 5102 2904 5141; x_wconf 89' lang='lat' dir='ltr'><strong>nec</strong></span> <span class='ocrx_word' id='word_1_932' title='bbox 2932 5086 3070 5142; x_wconf 89' lang='lat' dir='ltr'><strong>Deus</strong></span> <span class='ocrx_word' id='word_1_933' title='bbox 3109 5085 3350 5147; x_wconf 88' lang='lat' dir='ltr'><strong>videtur.</strong></span> <span class='ocrx_word' id='word_1_934' title='bbox 3378 5082 3482 5139; x_wconf 90' lang='lat' dir='ltr'><strong>nisi</strong></span> <span class='ocrx_word' id='word_1_935' title='bbox 3506 5090 3639 5137; x_wconf 82' lang='lat' dir='ltr'><strong>mun-</strong></span> 
     </span>
    </p>
   </div>
   <div class='ocr_carea' id='block_1_119' title="bbox 2079 5178 3002 5253">
    <p class='ocr_par' dir='ltr' id='par_1_119' title="bbox 2079 5178 3002 5253">
     <span class='ocr_line' id='line_1_119' title="bbox 2079 5178 3002 5253; baseline -0.011 -11"><span class='ocrx_word' id='word_1_936' title='bbox 2079 5185 2207 5242; x_wconf 90' lang='lat' dir='ltr'><strong>dum</strong></span> <span class='ocrx_word' id='word_1_937' title='bbox 2238 5186 2309 5240; x_wconf 93' lang='lat' dir='ltr'><strong>sit</strong></span> <span class='ocrx_word' id='word_1_938' title='bbox 2335 5182 2465 5238; x_wconf 91' lang='lat' dir='ltr'><strong>illud</strong></span> <span class='ocrx_word' id='word_1_939' title='bbox 2489 5196 2595 5253; x_wconf 89' lang='lat' dir='ltr'><strong>quo</strong></span> <span class='ocrx_word' id='word_1_940' title='bbox 2620 5178 2789 5236; x_wconf 87' lang='lat' dir='ltr'><strong>videri</strong></span> <span class='ocrx_word' id='word_1_941' title='bbox 2809 5187 3002 5249; x_wconf 90' lang='lat' dir='ltr'><strong>potest.</strong></span> 
     </span>
    </p>
   </div>
   <div class='ocr_carea' id='block_1_120' title="bbox 2144 5287 3637 5367">
    <p class='ocr_par' dir='ltr' id='par_1_120' title="bbox 2144 5287 3637 5367">
     <span class='ocr_line' id='line_1_120' title="bbox 2144 5287 3637 5367; baseline -0.003 -17"><span class='ocrx_word' id='word_1_942' title='bbox 2144 5302 2164 5367; x_wconf 68' lang='grc' dir='ltr'><strong>ξ</strong></span> <span class='ocrx_word' id='word_1_943' title='bbox 2176 5308 2286 5350; x_wconf 78' lang='lat' dir='ltr'><strong>Lov.</strong></span> <span class='ocrx_word' id='word_1_944' title='bbox 2302 5311 2412 5350; x_wconf 87' lang='lat' dir='ltr'><strong>cum</strong></span> <span class='ocrx_word' id='word_1_945' title='bbox 2426 5303 2632 5361; x_wconf 79' lang='lat' dir='ltr'><strong>quamor</strong></span> <span class='ocrx_word' id='word_1_946' title='bbox 2649 5287 3637 5367; x_wconf 55' lang='lat' dir='ltr'><strong>uss.,inﬂtawnspiritian.caetertcodicea</strong></span> 
     </span>
    </p>
   </div>
   <div class='ocr_carea' id='block_1_121' title="bbox 2142 5397 3640 5479">
    <p class='ocr_par' dir='ltr' id='par_1_121' title="bbox 2142 5397 3640 5479">
     <span class='ocr_line' id='line_1_121' title="bbox 2142 5397 3640 5479; baseline -0.006 -5"><span class='ocrx_word' id='word_1_947' title='bbox 2142 5397 2541 5474; x_wconf 59' lang='grc' dir='ltr'><strong>ῗίιτδόίεὺείεηδί</strong></span> <span class='ocrx_word' id='word_1_948' title='bbox 2562 5419 2749 5479; x_wconf 87' lang='lat' dir='ltr'><strong>codice,</strong></span> <span class='ocrx_word' id='word_1_949' title='bbox 2774 5416 2980 5470; x_wconf 84' lang='lat' dir='ltr'><strong>dulcedo</strong></span> <span class='ocrx_word' id='word_1_950' title='bbox 3000 5423 3304 5470; x_wconf 68' lang='lat' dir='ltr'><strong>(uernarum.</strong></span> <span class='ocrx_word' id='word_1_951' title='bbox 3322 5416 3468 5470; x_wconf 75' lang='lat' dir='ltr'><strong>Paulo</strong></span> <span class='ocrx_word' id='word_1_952' title='bbox 3483 5412 3640 5479; x_wconf 70' lang='lat' dir='ltr'><strong>inhlp</strong></span> 
     </span>
    </p>
   </div>
   <div class='ocr_carea' id='block_1_122' title="bbox 2081 5467 3638 5550">
    <p class='ocr_par' dir='ltr' id='par_1_122' title="bbox 2081 5467 3638 5550">
     <span class='ocr_line' id='line_1_122' title="bbox 2081 5467 3638 5550; baseline -0.006 -12"><span class='ocrx_word' id='word_1_953' title='bbox 2081 5467 2541 5550; x_wconf 51' lang='lat' dir='ltr'><strong>consignata;</strong></span> <span class='ocrx_word' id='word_1_954' title='bbox 2566 5467 3329 5550; x_wconf 46' lang='lat' dir='ltr'><strong>nisswamama&#39;nn</strong></span> <span class='ocrx_word' id='word_1_955' title='bbox 3552 5467 3638 5550; x_wconf 58' lang='lat' dir='ltr'><strong>se;</strong></span> 
     </span>
    </p>
   </div>
   <div class='ocr_carea' id='block_1_123' title="bbox 2077 5539 3638 5613">
    <p class='ocr_par' dir='ltr' id='par_1_123' title="bbox 2077 5539 3638 5613">
     <span class='ocr_line' id='line_1_123' title="bbox 2077 5539 3638 5613; baseline -0.008 -14"><span class='ocrx_word' id='word_1_956' title='bbox 2077 5551 2202 5613; x_wconf 84' lang='lat' dir='ltr'><strong>gicis</strong></span> <span class='ocrx_word' id='word_1_957' title='bbox 2222 5539 2348 5605; x_wconf 61' lang='lat' dir='ltr'><strong>Mss‘I,</strong></span> <span class='ocrx_word' id='word_1_958' title='bbox 2384 5552 2435 5597; x_wconf 85' lang='lat' dir='ltr'><strong>ut</strong></span> <span class='ocrx_word' id='word_1_959' title='bbox 2454 5539 2776 5613; x_wconf 64' lang='lat' dir='ltr'><strong>temporalem</strong></span> <span class='ocrx_word' id='word_1_960' title='bbox 3083 5541 3278 5613; x_wconf 68' lang='lat' dir='ltr'><strong>luctmn.</strong></span> <span class='ocrx_word' id='word_1_961' title='bbox 3303 5542 3396 5593; x_wconf 84' lang='lat' dir='ltr'><strong>Sed</strong></span> <span class='ocrx_word' id='word_1_962' title='bbox 3424 5539 3638 5613; x_wconf 52' lang='lat' dir='ltr'><strong>meliusEt</strong></span> 
     </span>
    </p>
   </div>
   <div class='ocr_carea' id='block_1_124' title="bbox 2079 5601 3637 5683">
    <p class='ocr_par' dir='ltr' id='par_1_124' title="bbox 2079 5601 3637 5683">
     <span class='ocr_line' id='line_1_124' title="bbox 2079 5601 3637 5683; baseline -0.012 -21"><span class='ocrx_word' id='word_1_963' title='bbox 2079 5601 2179 5683; x_wconf 60' lang='lat' dir='ltr'><strong>uno</strong></span> <span class='ocrx_word' id='word_1_964' title='bbox 2221 5601 2610 5683; x_wconf 33' lang='lat' dir='ltr'><strong>va.t._’et_‘decem</strong></span> <span class='ocrx_word' id='word_1_965' title='bbox 2643 5605 2912 5668; x_wconf 76' lang='lat' dir='ltr'><strong>Gallicanis,</strong></span> <span class='ocrx_word' id='word_1_966' title='bbox 2944 5611 2995 5656; x_wconf 85' lang='lat' dir='ltr'><strong>ut</strong></span> <span class='ocrx_word' id='word_1_967' title='bbox 3034 5603 3343 5671; x_wconf 80' lang='lat' dir='ltr'><strong>temporalem</strong></span> <span class='ocrx_word' id='word_1_968' title='bbox 3362 5601 3603 5655; x_wconf 60' lang='lat' dir='ltr'><strong>mittent“</strong></span> <span class='ocrx_word' id='word_1_969' title='bbox 3621 5603 3637 5643; x_wconf 91' lang='lat'><strong><em>:</em></strong></span> 
     </span>
    </p>
   </div>
   <div class='ocr_carea' id='block_1_125' title="bbox 2079 5672 3636 5793">
    <p class='ocr_par' dir='ltr' id='par_1_125' title="bbox 2079 5672 3636 5793">
     <span class='ocr_line' id='line_1_125' title="bbox 2079 5672 2554 5733; baseline -0.008 -9"><span class='ocrx_word' id='word_1_970' title='bbox 2079 5672 2303 5733; x_wconf 80' lang='lat' dir='ltr'><strong>subaudi,</strong></span> <span class='ocrx_word' id='word_1_971' title='bbox 2328 5672 2554 5723; x_wconf 59' lang='lat' dir='ltr'><strong>miltiam.</strong></span> 
     </span>
     <span class='ocr_line' id='line_1_126' title="bbox 2146 5716 3636 5793; baseline -0.005 -10"><span class='ocrx_word' id='word_1_972' title='bbox 2146 5737 2168 5768; x_wconf 80' lang='grc'>³</span> <span class='ocrx_word' id='word_1_973' title='bbox 2188 5734 2328 5793; x_wconf 75' lang='lat' dir='ltr'><strong>editi,</strong></span> <span class='ocrx_word' id='word_1_974' title='bbox 2352 5731 2654 5789; x_wconf 69' lang='lat' dir='ltr'><strong>miserebitur</strong></span> <span class='ocrx_word' id='word_1_975' title='bbox 2681 5738 2824 5784; x_wconf 85' lang='lat' dir='ltr'><strong>Deus.</strong></span> <span class='ocrx_word' id='word_1_976' title='bbox 2850 5730 2998 5784; x_wconf 78' lang='lat' dir='ltr'><strong>Abest</strong></span> <span class='ocrx_word' id='word_1_977' title='bbox 3027 5743 3142 5792; x_wconf 78' lang='lat' dir='ltr'><strong>vox,</strong></span> <span class='ocrx_word' id='word_1_978' title='bbox 3176 5737 3327 5793; x_wconf 86' lang='lat' dir='ltr'><strong>Deus,</strong></span> <span class='ocrx_word' id='word_1_979' title='bbox 3352 5742 3381 5780; x_wconf 83' lang='lat' dir='ltr'><strong>a</strong></span> <span class='ocrx_word' id='word_1_980' title='bbox 3403 5736 3508 5780; x_wconf 72' lang='lat' dir='ltr'><strong>Mss.</strong></span> <span class='ocrx_word' id='word_1_981' title='bbox 3532 5716 3636 5775; x_wconf 63' lang='lat' dir='ltr'><strong>etab</strong></span> 
     </span>
    </p>
   </div>
   <div class='ocr_carea' id='block_1_126' title="bbox 2498 5816 3135 5855">
    <p class='ocr_par' dir='ltr' id='par_1_126' title="bbox 2498 5816 3135 5855">
     <span class='ocr_line' id='line_1_127' title="bbox 2498 5816 3135 5855; baseline -0.005 -7"><span class='ocrx_word' id='word_1_982' title='bbox 2498 5827 2541 5854; x_wconf 56' lang='grc' dir='ltr'><strong>,εί</strong></span> <span class='ocrx_word' id='word_1_983' title='bbox 2556 5816 2589 5853; x_wconf 51' lang='grc' dir='ltr'><strong>γ’»</strong></span> <span class='ocrx_word' id='word_1_984' title='bbox 2596 5828 2772 5855; x_wconf 45' lang='grc' dir='ltr'><strong>λυμεὼν-ς</strong></span> <span class='ocrx_word' id='word_1_985' title='bbox 2779 5827 2973 5846; x_wconf 49' lang='grc' dir='ltr'><strong>μιν</strong></span> <span class='ocrx_word' id='word_1_986' title='bbox 2985 5833 3035 5846; x_wconf 54' lang='grc' dir='ltr'><strong>ια</strong></span> <span class='ocrx_word' id='word_1_987' title='bbox 3102 5841 3110 5845; x_wconf 92' lang='grc'><strong>.</strong></span> <span class='ocrx_word' id='word_1_988' title='bbox 3132 5842 3135 5845; x_wconf 98' lang='grc'><strong>.</strong></span> 
     </span>
    </p>
   </div>
  </div>
