3888 6342
237 5291 270 5507 l

385 525 442 584 9.
461 521 609 580 Beati
636 522 874 595 paciﬁci;
903 522 1139 594 quoniam
1161 522 1262 593 ipsi
1306 522 1401 592 ﬁlii
1444 520 1540 575 Dei
1567 521 1896 577 vocabuntur.

311 618 375 678 In
396 632 526 690 pace
550 617 812 689 perfectio
837 625 942 683 est,
969 616 1058 671 ubi
1091 613 1222 670 nihil
1251 622 1542 686 repugnat;
1586 623 1639 669 et
1660 613 1781 670 ideo
1812 613 1905 670 ﬁlii

310 711 410 768 Dei
438 709 662 781 paciﬁci,
687 709 936 781 quoniam
959 708 1092 765 nihil
1115 708 1320 764 resistit-
1343 708 1451 763 Deo
1473 710 1513 772 1,
1537 717 1589 762 et
1612 708 1792 778 utique
1813 707 1906 762 ﬁlii

311 800 721 860 similitudinem
765 800 932 872 patris
969 800 1167 856 habere
1215 800 1428 856 debent.
1476 799 1687 854 Paciﬁci
1728 809 1908 854 autem

311 892 372 950 in
403 892 711 962 semetipsis
744 901 901 957 sunt,
929 891 1018 961 qui
1045 906 1233 946 omnes
1258 891 1422 945 animi
1449 890 1530 945 sui
1559 899 1736 944 motus
1761 905 1908 945 com-

316 994 580 1055 ponentes
604 992 659 1038 et
684 982 1029 1052 subjicicntes
1067 981 1301 1048 rationi,
1333 982 1384 1037 id
1412 992 1494 1038 est
1520 983 1684 1037 menti
1712 990 1767 1037 et
1795 982 1907 1052 spi-

313 1076 456 1140 ritui,
489 1077 836 1148 carnalesque
862 1075 1324 1146 concupiscentias
1346 1075 1602 1129 habentes
1623 1075 1906 1141 edomitus,

315 1169 449 1224 ﬁunt
469 1185 691 1240 regnum
723 1169 812 1224 Dei
845 1187 859 1222 :
892 1169 944 1222 in
967 1185 1072 1239 quo
1103 1170 1173 1223 ita
1200 1176 1324 1221 sunt
1347 1167 1589 1222 ordinata
1617 1168 1828 1234 omnia,
1853 1177 1912 1223 ut

314 1262 368 1319 id
394 1263 534 1334 quod
561 1272 646 1318 est
671 1262 725 1318 in
758 1263 972 1317 homine
1019 1262 1346 1331 prtecipunm
1386 1271 1440 1315 et
1483 1262 1774 1328 excellens,
1810 1262 1912 1318 hoc

315 1357 546 1426 imperet
589 1355 800 1410 caeteris
831 1369 936 1408 non
978 1354 1384 1418 reluctantibus,
1435 1368 1553 1424 quae
1601 1363 1725 1408 sunt
1760 1353 1912 1408 nobis

316 1448 610 1518 bestiisque
634 1446 970 1511 communia;
997 1455 1160 1516 atque
1189 1446 1417 1516 idipsttm
1438 1443 1583 1515 quod
1614 1445 1830 1499 excellit
1858 1445 1911 1499 in

315 1538 552 1602 homine,
583 1537 739 1592 idest
761 1552 912 1592 mens
939 1545 992 1591 et
1021 1537 1178 1601 ratio,
1202 1535 1515 1606 subjiciatur
1531 1535 1748 1606 potiori,
1769 1535 1912 1606 quod

315 1643 400 1688 est
432 1633 547 1703 ipsa
589 1630 788 1686 veritas
835 1631 1138 1702 unigenitus
1181 1629 1348 1684 Filius
1400 1629 1513 1684 Dei.
1561 1627 1745 1699 Neque
1769 1628 1914 1684 enim

316 1727 582 1798 imperare
601 1723 943 1779 inferioribus
965 1732 1159 1794 potest,
1177 1724 1278 1778 nisi
1296 1721 1561 1793 superiori
1577 1736 1635 1777 se
1657 1721 1770 1793 ipse
1789 1721 1914 1777 sub-

311 1817 479 1888 jiciat.
512 1817 577 1872 Et
623 1816 738 1872 hare
764 1825 846 1872 est
887 1833 988 1887 pax
1013 1833 1131 1887 quae
1160 1815 1320 1872 datur
1343 1815 1397 1870 in
1439 1825 1579 1870 terra
1610 1813 1914 1870 hominibus

314 1908 472 1965 bonae
494 1908 782 1964 voluntatis
812 1907 966 1979 (Luc.
1014 1923 1074 1976 tt,
1109 1908 1238 1979 ii);
1273 1907 1388 1964 hzec
1425 1907 1531 1962 vita
1559 1907 1914 1962 consummati

320 2001 654 2075 perfectique
685 2002 962 2073 sapientis.
993 2001 1066 2057 De
1108 2000 1409 2071 hujusmodi
1442 2016 1608 2071 regno
1639 1999 1915 2071 pacatissi-

317 2110 410 2151 mo
435 2107 489 2150 et
515 2094 914 2150 ordinatissimo
959 2093 1152 2149 missus
1177 2101 1261 2148 est
1299 2091 1442 2146 foras
1480 2093 1729 2163 princeps
1756 2091 1916 2160 hujus

317 2189 521 2253 saeculi,
550 2189 638 2258 qui
669 2188 932 2259 perversis
991 2186 1414 2256 inordinatisque
1455 2184 1775 2240 dominatur.
1807 2183 1916 2238 Hac

318 2295 450 2352 pace
467 2280 786 2335 intrinsecus
804 2279 1089 2334 constituta
1113 2288 1273 2349 atque
1300 2277 1528 2344 ﬁrmata,
1552 2292 1915 2347 quascumque

317 2371 717 2444 persecutiones
757 2371 846 2426 ille
886 2371 977 2441 qui
1024 2371 1169 2425 foras
1208 2369 1404 2424 missus
1445 2376 1568 2435 est,
1622 2368 1915 2424 forinsecus

317 2462 682 2529 concitaverit,
707 2469 866 2532 auget
883 2461 1107 2531 gloriam
1135 2477 1255 2532 qua:
1281 2459 1576 2515 secundum
1597 2459 1767 2515 Deum
1793 2468 1914 2525 est;

318 2569 425 2610 non
451 2553 648 2624 aliquid
676 2554 728 2608 in
757 2552 850 2608 illo
879 2552 1105 2606 aediﬁcio
1133 2551 1458 2607 labefactans
1477 2592 1492 2617 ,
1533 2551 1630 2606 sed
1661 2550 1916 2607 deﬁcien-

318 2644 460 2700 tibus
488 2644 751 2700 macbiuis
779 2645 890 2698 suis
922 2644 1259 2698 innotescere
1282 2643 1484 2698 faciens
1517 2651 1714 2714 quanta
1743 2642 1914 2698 ﬁrmi-

320 2744 402 2790 tas
428 2736 570 2791 intns
607 2745 873 2792 exstructa
907 2736 996 2790 sit.
1029 2735 1153 2790 Ideo
1191 2735 1473 2806 sequitur:
1501 2735 1648 2792 Beati
1685 2737 1770 2807 qui
1801 2753 1915 2807 per-

319 2830 625 2884 secutionem
660 2830 923 2901 patiuntur
944 2840 1148 2903 propter
1171 2830 1425 2901 justitiam
1448 2846 1470 2894 ;
1510 2831 1749 2898 quoniam
1776 2831 1914 2901 ipso-

315 2936 431 2974 runt
457 2931 530 2975 est
557 2937 768 2991 regnum
803 2922 1063 2976 (telorum.

386 3011 610 3067 CAPUT
649 3013 736 3067 lll.
772 3043 843 3054 -—
885 3015 973 3068 10.
1010 3013 1144 3070 Sunt
1187 3021 1366 3070 autem
1408 3029 1598 3070 omnes
1643 3016 1760 3070 istm
1789 3024 1912 3071 octo

319 3105 621 3161 sententizc.
659 3103 776 3160 Jam
811 3105 952 3160 enim
983 3117 1175 3160 canera
1215 3106 1546 3178 compellans
1584 3106 1816 3177 loquitur
1844 3107 1912 3162 ad

317 3199 436 3252 illos
483 3200 572 3268 qui
627 3198 885 3265 aderant,
931 3198 1157 3254 dicens:
1190 3196 1334 3252 Beati
1383 3199 1557 3267 eritis,
1614 3216 1726 3252 cum
1774 3199 1912 3254 vobis

316 3291 636 3357 utaledicent,
662 3301 708 3344 et
730 3301 1086 3361 persequentur
1108 3307 1215 3346 vos.
1239 3290 1554 3360 Superiores
1580 3301 1756 3346 autem
1787 3307 1912 3347 scn-

318 3382 510 3438 tentias
554 3381 870 3452 generaliter
907 3380 1168 3451 dirigebat
1203 3398 1215 3433 :
1259 3395 1367 3433 non
1401 3380 1544 3435 enim
1579 3380 1732 3446 dixit,
1761 3379 1910 3436 Beati

318 3492 563 3548 pauperes
586 3475 767 3546 spiritu
788 3516 802 3541 ,
827 3473 1077 3544 quoniam
1104 3480 1342 3528 vestrum
1371 3480 1455 3527 est
1490 3487 1711 3542 regnum
1750 3473 1915 3528 ρωΙο-

318 3584 472 3635 rum;
503 3570 618 3635 sed,
648 3568 885 3638 quoniam
913 3568 1138 3638 ipsorum
1173 3575 1268 3631 est,
1299 3565 1488 3636 inquit,
1520 3582 1729 3636 regnum
1757 3567 1910 3620 caelo-

316 3679 432 3715 rum
468 3678 487 3715 :
525 3675 719 3730 neque,
771 3657 916 3713 Beati
955 3659 1130 3723 mites,
1173 3657 1421 3727 quoniam
1451 3671 1546 3734 vos
1575 3657 1914 3724 possidebitis

319 3765 554 3820 terram;
595 3753 688 3809 sed
711 3795 725 3819 ,
757 3752 994 3824 quoniam
1019 3751 1118 3822 ipsi
1153 3750 1474 3822 possidebunt
1506 3761 1709 3804 terram.
1744 3751 1807 3806 Et
1840 3752 1912 3806 ita

321 3856 544 3902 czcteras
573 3860 740 3916 usque
767 3844 832 3898 ad
864 3853 1105 3900 octavam
1135 3844 1481 3910 sententiam,
1513 3843 1601 3898 ubi
1629 3844 1704 3898 ait
1731 3861 1743 3896 :
1768 3843 1912 3899 Beati

320 3943 404 4012 qui
434 3942 826 4014 persecutionem
854 3941 1116 4011 patiuntur
1135 3950 1341 4012 propter
1368 3940 1647 4007 iustitiam;
1675 3941 1914 4011 quoniam

318 4035 546 4103 ipsorum
595 4045 668 4089 est
698 4050 911 4106 regnum
941 4034 1202 4088 cwlorunt.
1250 4033 1378 4088 lude
1419 4033 1530 4104 jam
1553 4033 1736 4103 incipit
1769 4034 1915 4104 loqui

319 4133 612 4196 praesentes
657 4125 1006 4196 compellans,
1044 4140 1164 4179 eum
1202 4133 1256 4179 et
1297 4119 1386 4179 illa
1430 4141 1547 4195 qua:
1584 4139 1742 4194 supra
1771 4124 1912 4181 dicta

317 4231 464 4283 sunt,
493 4218 560 4274 ad
587 4233 682 4274 eos
707 4219 868 4274 etiam
904 4218 1252 4289 pertinerent,
1289 4218 1378 4288 qui
1407 4227 1697 4289 prmsentes
1727 4217 1912 4274 audie-

318 4315 481 4378 bant;
513 4323 570 4370 et
595 4315 710 4370 luce
743 4323 923 4385 postea
961 4329 1081 4384 quae
1118 4313 1366 4368 videntur
1397 4312 1747 4382 prmsentibus
1784 4328 1911 4384 spe-

319 4407 528 4463 cialiter
569 4407 706 4472 dici,
753 4406 1053 4478 pertineant
1085 4405 1246 4458 etiam
1290 4404 1356 4458 ad
1389 4404 1506 4458 illos
1530 4405 1620 4474 qui
1665 4405 1911 4460 absentes

322 4500 406 4554 vel
458 4508 577 4569 post
624 4498 785 4553 futuri
829 4505 998 4552 erant.
1041 4497 1376 4567 Quapmpter
1404 4496 1504 4551 iste
1528 4497 1910 4551 sententiarum

322 4605 577 4646 numerus
624 4590 902 4661 diligenter
941 4588 1359 4644 considerandus
1397 4596 1497 4642 est.
1542 4587 1731 4658 Incipit
1768 4589 1908 4644 enim

321 4683 593 4740 beatitudo
641 4685 709 4738 ab
757 4683 1055 4738 humilitate
1100 4699 1114 4737 :
1157 4680 1301 4736 Beati
1341 4697 1584 4752 pauperes
1623 4682 1825 4752 spiritu,
1859 4683 1910 4738 id

321 4787 422 4842 est,
459 4792 564 4831 non
593 4776 780 4838 inﬁati,
805 4776 928 4830 dum
959 4790 1020 4830 se
1043 4773 1237 4829 divina:
1265 4775 1563 4829 auctoritati
1591 4774 1770 4830 subdit
1793 4775 1906 4831 ani-

323 4883 444 4932 ma,
471 4869 666 4922 timens
716 4876 834 4937 post
881 4866 1017 4920 hanc
1063 4867 1225 4920 vitam
1272 4881 1339 4921 ne
1380 4875 1561 4937 pergat
1587 4865 1653 4922 ad
1685 4881 1907 4937 poenas,

321 4958 531 5012 etiamsi
572 4958 707 5012 forte
747 4959 799 5013 in
852 4958 951 5012 bac
996 4958 1106 5012 vita
1150 4957 1250 5012 sibi
1291 4957 1442 5012 beata
1486 4973 1605 5015 esse
1644 4957 1907 5015 videatur.

319 5045 448 5106 Inde
489 5047 635 5104 venit
668 5047 734 5103 ad
763 5048 1059 5102 divinarum
1100 5047 1494 5119 Scripturarum
1524 5049 1904 5120 cognitionem,

321 5142 409 5198 ubi
440 5149 650 5211 oportet
676 5155 792 5196 eam
821 5155 882 5196 se
911 5141 1090 5196 mitem
1123 5141 1361 5212 pra-bere
1384 5143 1679 5212 pietate,ne
1702 5142 1752 5197 id
1768 5143 1910 5213 quod

320 5233 581 5304 imperitis
610 5231 817 5288 videtur
843 5232 1131 5288 absurdum
1160 5233 1460 5303 vituperare
1481 5233 1696 5301 audeat,
1715 5245 1768 5289 et
1792 5250 1910 5303 per-

318 5327 588 5383 vicacibus
635 5327 1121 5382 concertationibus
1174 5326 1436 5383 efﬁciatur
1474 5327 1737 5383 indocilis.
1780 5327 1908 5384 lude

315 5420 426 5492 jam
456 5420 638 5491 incipit
668 5420 806 5476 scire
835 5420 1028 5492 quibus
1058 5419 1210 5475 nodis
1240 5420 1421 5476 sceculi
1463 5419 1619 5490 hujus
1662 5436 1757 5490 per
1783 5435 1904 5476 car-

320 5511 498 5567 nalem
527 5511 965 5568 consuetudinem
993 5527 1056 5567 ac
1082 5520 1296 5582 peccata
1337 5520 1576 5567 teneatur
1608 5528 1620 5564 :
1649 5511 1822 5582 itaque
1851 5513 1906 5567 in

242 5583 302 5775 ἓν,

318 5601 424 5662 hoc
454 5605 612 5660 tertio
639 5604 826 5676 gradu,
859 5605 913 5660 in
940 5620 1046 5677 quo
1073 5605 1296 5661 scientia
1323 5613 1426 5672 est,
1457 5605 1664 5675 lugetur
1689 5606 1904 5661 amissio

319 5699 512 5754 summi
545 5698 701 5766 boni,
729 5699 853 5769 quia
884 5698 1173 5756 inlueretur
1210 5697 1489 5755 extremis.
1519 5698 1572 5753 In
1599 5709 1788 5769 quarto
1810 5715 1905 5756 au-

305 5829 312 5840 '
380 5835 400 5866 ι
421 5833 493 5884 sic
511 5840 610 5884 Am.
649 5837 724 5884 Er.
749 5838 801 5885 et
822 5844 994 5884 omnes
1014 5839 1119 5884 Mss.
1143 5839 1196 5884 Αῑ
1218 5839 1348 5896 Lov.,
1374 5827 1498 5884 nihil
1529 5828 1581 5885 in
1603 5828 1707 5884 istis
1727 5829 1905 5885 resistit

318 5902 428 5948 ορο.

1704 403 1909 462 LIBER
1947 401 2216 463 PRIMUS.

3137 287 3218 312 δίει
3301 307 3352 318 ,ν-

2669 326 2718 346 “‘1'

3465 412 3608 474 1256

2015 527 2121 575 tem
2161 515 2329 590 gradu
2364 517 2514 574 labor
2549 529 2667 588 est,
2698 520 2786 578 ubi
2816 521 3162 581 vehementer
3188 525 3511 586 lncumbitur
3537 539 3599 589 ut

2013 626 2134 668 sese
2162 610 2368 667 animus
2391 612 2586 669 avellat
2617 613 2685 669 ah
2713 615 2792 671 eis
2818 617 3011 688 quibus
3037 619 3290 690 pestifera
3312 621 3597 683 dulcedine

2014 704 2240 759 innexus
2269 713 2352 760 est
2381 721 2394 758 :
2424 705 2510 761 hic
2538 721 2666 778 ergo
2704 710 2938 764 esuritur
2973 721 3028 766 et
3062 713 3243 770 sititur
3273 715 3506 784 jnstitia,
3549 725 3606 774 et

2015 796 2237 852 multum
2269 799 2567 853 necessaria
2596 809 2678 855 est
2706 802 2722 832 ⁸
2750 800 3036 869 fortitudo;
3066 805 3188 876 quia
3219 822 3325 862 non
3353 809 3608 880 relinqui-

2015 898 2106 946 tur
2153 891 2268 947 sine
2319 891 2502 948 dolore
2555 894 2696 964 quod
2748 911 2869 950 eum
2921 896 3271 956 delectatione
3324 903 3607 961 retinetur.

2017 981 2213 1049 Quinto
2245 991 2422 1038 autem
2449 983 2614 1054 gradu
2658 988 3118 1054 perseverantibus
3149 990 3199 1044 in
3230 990 3414 1048 labore
3452 991 3612 1050 datur

2021 1075 2282 1131 evadendi
2322 1077 2638 1144 consilium;
2689 1079 2810 1149 quia
2860 1080 2960 1136 nisi
3003 1083 3228 1153 quisque
3271 1085 3612 1155 adjuvetnra

2020 1171 2316 1240 superiore,
2350 1171 2494 1226 nullo
2522 1171 2682 1227 modo
2707 1172 2807 1227 sibi
2841 1183 2924 1228 est
2967 1173 3190 1230 idoneus
3218 1184 3276 1231 ut
3302 1191 3423 1234 sese
3446 1182 3612 1236 tantis

2019 1263 2354 1318 miseriarum
2374 1264 2780 1335 implicameutis
2800 1264 3047 1335 expediat
3071 1284 3085 1322 :
3110 1276 3192 1322 est
3211 1279 3388 1324 autem
3405 1270 3612 1340 justum

2021 1354 2328 1420 consilium,
2363 1365 2417 1409 ut
2447 1355 2536 1425 qui
2563 1370 2623 1410 se
2650 1371 2678 1410 a
2708 1357 3011 1427 potentiore
3036 1357 3274 1427 adjuvari
3299 1361 3431 1430 vult,
3458 1361 3613 1433 adju-

2020 1453 2109 1500 vet
2159 1444 2504 1501 inﬁrmiorem
2557 1447 2610 1502 in
2660 1463 2766 1519 quo
2803 1458 2887 1505 est
2928 1450 3041 1520 ipse
3079 1451 3391 1521 potentior:
3435 1453 3615 1525 itaque

2019 1535 2166 1591 Beati
2212 1537 2590 1606 misericordes;
2640 1542 2760 1607 quia
2804 1543 3030 1614 ipsorum
3082 1543 3414 1599 miserebitur.
3449 1545 3615 1604 Sexto

2020 1629 2186 1698 gradu
2230 1639 2311 1685 est
2355 1630 2532 1686 cordis
2571 1633 2846 1700 munditia,
2881 1633 2950 1690 de
2979 1634 3116 1691 bona
3147 1637 3470 1692 conscientia
3518 1637 3616 1696 bo-

2022 1735 2214 1776 norum
2245 1736 2464 1791 operum
2502 1723 2686 1778 valens
2733 1723 2800 1778 ad
2836 1725 3301 1796 contemplandum
3339 1741 3614 1784 summum

2020 1813 2153 1868 illud
2197 1813 2433 1881 bonum,
2485 1815 2628 1885 quod
2676 1816 2792 1871 solo
2842 1831 2973 1887 puro
3024 1827 3078 1872 et
3121 1832 3312 1874 sereno
3343 1818 3614 1876 intellectu

2023 1906 2172 1961 cerni
2197 1915 2390 1977 potest.
2423 1907 2704 1964 Postremo
2733 1917 2816 1964 est
2857 1909 3080 1978 Septima
3109 1908 3221 1978 ipsa
3250 1910 3531 1980 sapientia,
3559 1909 3614 1967 id

2022 2009 2104 2053 est
2129 1997 2507 2069 contemplatio
2530 1999 2787 2064 veritatis,
2813 1999 3098 2070 paciﬁcans
3123 2007 3291 2054 totum
3315 1999 3608 2072 hominem,

2023 2098 2077 2145 et
2106 2090 2407 2161 suscipiens
2433 2091 2835 2146 similitudinem
2867 2091 2980 2152 Dei,
3000 2107 3116 2161 quae
3141 2091 3213 2146 ita
3237 2093 3611 2151 concluditur:

2022 2180 2168 2236 Beati
2193 2183 2432 2252 paciﬁci;
2458 2184 2696 2253 quoniam
2718 2183 2817 2255 ipsi
2837 2184 2934 2252 ﬁlii
2953 2181 3050 2237 Dei
3069 2184 3396 2240 vocabantur.
3413 2186 3613 2247 Octava

2023 2282 2274 2344 tanquam
2330 2273 2396 2328 ad
2444 2283 2606 2344 caput
2656 2275 2820 2341 redit;
2865 2276 2986 2346 quia
3032 2288 3457 2334 consummatum
3486 2295 3612 2350 per-

2020 2364 2325 2436 fectumque
2350 2367 2584 2422 ostendit
2615 2377 2664 2423 et
2695 2368 2884 2438 probat
2917 2385 2930 2421 :
2964 2368 3143 2440 itaque
3187 2370 3239 2425 in
3280 2372 3449 2441 prima
3477 2384 3531 2429 et
3557 2374 3613 2430 in

2021 2467 2206 2513 octava
2234 2459 2563 2513 nominatum
2590 2468 2669 2515 est
2700 2475 2924 2530 regnum
2941 2462 3221 2528 caelorum,
3247 2461 3390 2518 Beati
3415 2481 3611 2537 paupe-

2020 2567 2101 2605 res
2127 2552 2346 2622 spiritu;
2375 2554 2614 2623 quoniam
2652 2553 2877 2623 ipsorum
2905 2563 2977 2608 est
2998 2569 3208 2626 regnum
3240 2555 3510 2621 caelorum;
3536 2566 3612 2626 et,

2021 2641 2166 2698 Beati
2211 2645 2299 2717 qui
2351 2645 2741 2714 persecutionem
2779 2646 3040 2716 patiuntur
3077 2656 3283 2717 propter
3307 2648 3612 2718 justitiam;

2019 2738 2258 2807 quoniam
2285 2738 2510 2808 ipsorum
2542 2747 2616 2792 est
2641 2755 2850 2809 regnum
2882 2739 3122 2793 caelorum
3154 2755 3174 2794 :
3197 2755 3318 2794 cum
3339 2740 3448 2810 jam
3475 2739 3613 2796 dici-

2020 2836 2127 2894 tur,
2163 2829 2288 2900 Quis
2316 2845 2407 2884 nos
2427 2829 2680 2901 separabit
2713 2847 2743 2883 a
2784 2830 3030 2884 charitate
3059 2830 3282 2884 Christi?
3310 2830 3566 2885 tribulatio
3587 2833 3614 2888 .9

2019 2935 2086 2971 an
2116 2919 2385 2990 angustia?
2413 2936 2479 2974 an
2517 2921 2832 2991 persecutio?
2859 2938 2924 2975 an
2958 2922 3155 2990 fames?
3190 2939 3256 2976 an
3281 2922 3522 2976 auditas?
3545 2940 3616 2976 an

2020 3011 2337 3081 periculum?
2375 3028 2441 3066 an
2472 3011 2673 3083 gladius
2702 3011 2876 3084 (Rom.
2906 3028 3030 3079 vnt,
3073 3013 3204 3082 35)?
3230 3012 3446 3083 Septem
3487 3021 3616 3070 sunt

2018 3117 2146 3173 ergo
2175 3118 2294 3172 quae
2322 3101 2607 3173 perﬁciunt
2639 3120 2651 3156 :
2691 3119 2813 3158 nam
2842 3112 3026 3158 octava
3054 3103 3329 3171 clariﬁcat,
3369 3115 3424 3161 et
3467 3105 3614 3176 quod

2018 3193 2310 3264 perfectum
2357 3203 2439 3249 est
2485 3193 2849 3262 demonstrat,
2890 3203 2947 3250 ut
2978 3209 3072 3264 per
3101 3195 3200 3250 bos
3226 3195 3420 3266 gradus
3447 3196 3614 3267 perﬁ-

2018 3287 2226 3341 ciantur
2249 3297 2302 3340 et
2329 3287 2533 3352 caeteri,
2551 3297 2801 3357 tanquam
2824 3303 2855 3342 a
2873 3292 3044 3357 capite
3064 3305 3276 3345 rursum
3299 3291 3611 3348 exordiens.

2091 3376 2315 3432 CAPUT
2341 3377 2428 3431 IV.
2446 3379 2620 3434 -τ11.
2644 3378 3005 3450 Videturergo
3022 3381 3149 3434 mihi
3177 3381 3339 3436 etiam
3365 3383 3616 3452 septifor-

2018 3471 2122 3526 mis
2156 3470 2395 3540 Operatio
2426 3469 2655 3541 Spiritus
2693 3470 2895 3536 sancti,
2935 3470 3003 3526 de
3054 3487 3156 3542 qua
3183 3471 3346 3527 Isaias
3379 3475 3616 3543 loquitur

2017 3562 2171 3634 (Isai.
2200 3580 2273 3627 xt,
2302 3563 2358 3629 2,
2389 3564 2464 3634 '5),
2501 3563 2584 3619 his
2607 3564 2859 3636 gradibus
2893 3565 3276 3636 sententiisque
3295 3581 3612 3637 congruere.

2017 3656 2120 3713 Sed
2151 3658 2373 3712 interest
2392 3657 2594 3712 ordinis
2623 3675 2636 3709 :
2668 3673 2787 3712 nam
2807 3657 2878 3712 ibi
2893 3657 3225 3713 enumeratio
3250 3659 3318 3714 ab
3342 3659 3614 3716 excellen-

2021 3749 2242 3803 tioribus
2273 3748 2466 3818 coepit,
2499 3748 2584 3803 hic
2611 3764 2741 3804 vero
2771 3749 2839 3803 ab
2871 3748 3229 3806 inferioribus.
3268 3751 3345 3806 lbi
3383 3767 3615 3824 namque

2019 3840 2207 3910 incipit
2231 3854 2260 3893 a
2290 3837 2570 3909 sapientia,
2614 3847 2669 3894 et
2705 3838 2902 3894 desinit
2948 3839 3014 3894 ad
3061 3839 3306 3896 timorem
3351 3841 3488 3897 Dei:
3519 3843 3617 3898 sed

2017 3932 2219 3986 initiunt
2247 3931 2508 4002 sapientite
2528 3931 2676 3986 (inter
2701 3930 2911 3986 Domini
2936 3941 3036 3987 est.
3065 3932 3401 4005 Quapropter
3422 3935 3467 3989 si
3492 3950 3615 4006 gra-

2017 4021 2182 4077 datim
2220 4031 2468 4093 tanquam
2512 4023 2864 4081 ascendentes
2905 4040 3268 4092 numeremus,
3306 4027 3508 4096 primus
3539 4029 3615 4086 ibi

2018 4121 2102 4168 est
2131 4113 2289 4168 timor
2317 4114 2433 4181 Dei,
2466 4115 2700 4170 secunda
2744 4116 2932 4186 pietas,
2965 4119 3120 4172 tertia
3147 4118 3391 4183 scientia,
3423 4131 3614 4190 quarta

2019 4203 2272 4260 fortitudo
2299 4246 2314 4270 ,
2361 4205 2603 4276 quintum
2653 4208 2936 4262 consilium
2968 4249 2984 4274 ,
3031 4217 3215 4264 sextus
3257 4210 3558 4266 intellectus
3589 4252 3606 4279 ,

2016 4297 2242 4365 septima
2269 4296 2548 4367 sapientia.
2581 4297 2764 4352 Timor
2802 4299 2892 4353 Dei
2919 4300 3164 4371 congruit
3198 4300 3510 4369 humilibus,
3543 4303 3612 4358 de

2017 4391 2211 4460 quibus
2242 4391 2326 4445 hic
2355 4391 2568 4457 dicitur,
2599 4389 2746 4445 Beati
2782 4409 3025 4463 pauperes
3055 4394 3267 4462 spiritu,
3315 4395 3366 4450 id
3395 4404 3472 4450 est
3505 4410 3612 4451 non

2019 4481 2222 4548 inflati,
2269 4497 2373 4536 non
2422 4482 2638 4552 superbi
2673 4501 2684 4535 :
2719 4483 2909 4551 quibus
2952 4485 3237 4555 Apostolus
3272 4486 3435 4554 dicit,
3483 4486 3612 4542 Noli

2016 4574 2176 4628 ultum
2205 4590 2401 4644 sapere,
2428 4575 2516 4628 sed
2541 4575 2659 4628 time
2688 4575 2865 4646 (Itom.
2897 4590 2968 4639 XI,
3001 4574 3130 4646 20);
3164 4576 3214 4630 id
3242 4586 3344 4644 est,
3381 4578 3487 4633 noli
3514 4594 3612 4634 ex-

2020 4667 2150 4722 tolli.
2195 4667 2371 4722 Pictas
2411 4667 2657 4738 congruit
2693 4666 2908 4721 mitibus
2938 4684 2951 4720 :
2980 4669 3070 4738 qui
3099 4669 3240 4724 enim
3269 4669 3354 4739 pie
3377 4671 3569 4741 quaerit
3589 4715 3608 4741 ,

2018 4761 2245 4817 honorat
2267 4770 2502 4816 sanctam
2528 4760 2881 4832 Scripturam,
2905 4770 2956 4815 et
2975 4776 3079 4816 non
3103 4762 3448 4832 reprehendit
3466 4764 3612 4834 quod

2020 4852 2255 4907 nondum
2288 4852 2549 4921 intelligit,
2584 4861 2638 4906 et
2663 4861 2945 4922 propterea
2973 4868 3079 4907 non
3105 4854 3328 4921 resistit,
3354 4855 3496 4924 quod
3526 4864 3611 4910 est

2017 4943 2198 5000 mitem
2225 4957 2345 4999 esse
2374 4961 2388 4998 :
2418 4944 2556 5000 unde
2587 4943 2674 4998 hic
2699 4944 2891 4999 dicitur
2913 4986 2929 5011 ,
2975 4943 3119 4998 Beati
3158 4945 3321 4999 mites.
3372 4945 3608 5002 Scientia

2017 5038 2260 5109 congruit
2283 5037 2603 5108 lugentibus,
2635 5038 2723 5108 qui
2751 5037 2859 5108 jam
2886 5045 3251 5107 cognoverunt
3281 5037 3331 5091 in
3357 5037 3606 5108 Scriptu-

2016 5130 2090 5184 ris
2115 5129 2308 5200 quibus
2338 5129 2493 5183 malis
2515 5129 2674 5184 vineti
2707 5137 3005 5196 teneantur,
3037 5144 3156 5199 qua:
3188 5139 3434 5200 tanquam
3466 5131 3607 5186 bona

2015 5231 2070 5278 et
2094 5223 2238 5277 utilia
2269 5223 2574 5293 ignorantes
2600 5222 2967 5293 appetiverunt
3002 5240 3017 5277 :
3045 5222 3113 5277 de
3138 5224 3330 5294 quibus
3359 5223 3444 5280 hic
3467 5226 3603 5282 dici-

2015 5326 2119 5382 tur,
2149 5315 2293 5370 Beati
2319 5316 2405 5386 qui
2441 5315 2631 5384 lugent.
2667 5313 2943 5368 Fortitudo
2970 5315 3216 5386 congruit
3244 5317 3602 5374 esurientibus

2013 5417 2068 5462 et
2095 5407 2396 5462 sitientibus
2426 5424 2439 5459 :
2470 5405 2713 5461 laborant
2754 5406 2896 5462 enim
2945 5406 3306 5464 desiderantes
3347 5410 3602 5480 gaudium

2012 5503 2080 5555 de
2104 5499 2246 5554 veris
2274 5498 2451 5565 bonis,
2478 5507 2532 5553 et
2561 5513 2796 5554 amorem
2827 5514 2858 5553 a
2886 5499 3111 5554 terrenis
3148 5509 3202 5555 et
3232 5501 3604 5573 corporalibus

2010 5601 2253 5646 avertere
2277 5590 2596 5660 cupientes:
2625 5591 2692 5647 de
2715 5591 2906 5663 quibus
2946 5591 3031 5648 hic
3063 5592 3290 5661 dicitur,
3328 5593 3476 5650 Beati
3512 5597 3602 5664 qui

2010 5686 2233 5741 esuriant
2257 5695 2304 5740 et
2329 5685 2505 5741 sitiunt
2523 5685 2795 5758 justitiam.
2826 5686 3120 5743 Consilium
3149 5698 3392 5760 congruit
3425 5689 3595 5746 mise-

2014 5779 2310 5837 ricordibus
2342 5796 2354 5833 :
2389 5779 2491 5835 hoc
2518 5779 2657 5834 enim
2697 5795 2858 5835 unum
2901 5780 3196 5837 remedium
3235 5791 3316 5839 est
3344 5781 3412 5838 de
3438 5782 3602 5840 tantis

2076 5896 2093 5927 ι
2119 5902 2166 5946 tu
2188 5895 2362 5949 decem
2382 5901 2511 5953 Mss...
2533 5908 2630 5948 non
2645 5895 2985 5953 interponitur.
3008 5901 3094 5948 est.

3325 5945 3365 5965 ι’(
3389 5945 3415 5963 in
3447 5953 3489 5971 ε-
