3888 6306
1999 267 2036 292 ς.

429 377 568 438 1255

426 499 582 554 matis
607 493 887 562 evadendi,
911 503 969 549 ut
995 491 1344 560 dimittamus,
1372 492 1510 547 sicut
1531 490 1683 546 nobis
1707 489 1900 545 dimitti
1922 505 2017 545 vo-

421 591 633 656 lumus;
679 581 734 646 et
779 587 1090 659 adiuvemus
1119 586 1172 640 in
1201 600 1305 656 quo
1335 599 1618 655 possumus
1656 583 1789 639 alios
1813 625 1827 650 ,
1876 583 2017 639 sicut

409 699 520 756 .uos
549 687 601 740 iu
627 699 730 754 quo
761 695 865 738 non
899 695 1181 752 possumus
1206 681 1447 750 cupimus
1475 676 1712 748 adjuvari
1752 694 1764 730 :
1793 676 1860 732 de
1890 677 2011 746 qui-

406 762 520 858 ibus
546 778 633 834 hic
656 776 871 844 dicitur,
887 773 1031 830 Beati
1051 774 1412 829 misericordes.
1439 771 1743 827 intellectus
1767 771 2010 841 congruit

405 867 633 924 mundis
684 867 884 933 corde,
939 875 1184 936 tauquam
1226 875 1446 934 purgato
1486 863 1662 926 oculo,
1711 877 1816 932 quo
1860 861 2010 916 cerni

417 961 585 1030 possit
615 961 755 1032 quod
776 973 1067 1029 corporeus
1093 958 1276 1013 oculus
1300 973 1404 1011 non
1435 955 1586 1021 vidit,
1614 971 1716 1010 nec
1746 953 1886 1008 auris
1911 968 2010 1009 an-

415 1053 563 1115 divit,
613 1070 711 1109 nec
750 1055 801 1108 in
851 1069 944 1108 cor
994 1053 1222 1106 hominis
1250 1049 1490 1104 ascendit
1543 1048 1693 1122 (Isai.
1735 1064 1884 1113 LXIV,
1932 1046 2005 1111 ις

416 1144 506 1198 eti
535 1145 650 1199 Cor.
682 1162 738 1209 tt,
765 1133 824 1211 '9)
866 1162 878 1198 :
911 1143 977 1198 de
1008 1143 1196 1214 quibus
1245 1141 1331 1194 hic
1374 1140 1564 1193 dicitur
1590 1180 1603 1204 ,
1647 1137 1792 1191 Beati
1828 1137 2008 1190 mundi

412 1235 582 1289 corde.
613 1233 884 1306 Sapientia
914 1234 1157 1302 congruit
1186 1231 1441 1302 paciticis,
1475 1231 1526 1283 in
1557 1229 1746 1298 quibus
1773 1229 1880 1298 jam
1909 1242 2004 1282 or-

412 1326 592 1381 dinata
623 1338 747 1382 sunt
777 1327 975 1392 omnia,
1017 1327 1298 1394 nullusque
1337 1332 1512 1377 motus
1538 1321 1790 1377 adversus
1835 1321 2002 1374 ratio-

411 1434 532 1474 nem
567 1419 780 1474 rebellis
810 1428 910 1483 cst,
936 1416 1027 1472 sed
1057 1427 1244 1471 cuncta
1271 1414 1643 1485 obtemperant
1673 1412 1881 1482 spiritui
1908 1410 2004 1464 lto-

410 1512 591 1579 minis,
624 1529 744 1568 cum
787 1523 841 1567 et
892 1513 1005 1582 ipse
1048 1511 1378 1582 obtemperet
1407 1509 1517 1564 Deo
1549 1506 1624 1580 (τι)
1657 1527 1669 1562 ;
1701 1507 1766 1564 de
1810 1508 2003 1578 quibus

407 1601 497 1659 hic
522 1605 734 1668 dicitur,
765 1603 909 1659 Beati
938 1605 1156 1674 pacifici.

479 1697 566 1750 '12.
599 1695 776 1752 Unum
804 1705 980 1750 autem
1014 1697 1288 1765 prtemium
1314 1693 1454 1763 quod
1479 1702 1565 1748 est
1587 1707 1811 1764 regnum
1838 1693 2001 1747 caelo-

407 1805 546 1852 rmu,
570 1805 664 1858 pro
692 1790 774 1843 his
798 1789 1046 1857 gradibus
1067 1788 1212 1842 varie
1235 1787 1560 1841 nominatum
1592 1795 1692 1840 ρει.
1723 1785 1778 1838 in
1803 1787 1997 1856 primo,

409 1883 545 1938 sicut
574 1882 888 1952 oportebat,
933 1882 1161 1951 positum
1189 1889 1270 1934 cst
1296 1893 1512 1949 regnum
1544 1875 1823 1942 oculorum,
1855 1878 2000 1948 quod

406 1982 488 2027 est
530 1973 761 2046 perfecta
806 1988 1118 2044 summaque
1157 1972 1415 2042 sapientia
1457 1970 1651 2024 anima:
1699 1971 1993 2026 rationalis.

404 2064 492 2119 Sic
525 2066 699 2135 itaque
725 2064 924 2120 dictum
951 2073 1050 2129 est,
1075 2063 1219 2118 Beati
1245 2079 1490 2133 pauperes
1516 2063 1734 2133 spiritu;
1757 2064 1998 2132 quoniam

402 2157 630 2222 ipsorum
675 2168 746 2211 est
787 2173 997 2226 regnum
1035 2155 1275 2209 caelorum
1321 2170 1338 2208 :
1385 2165 1634 2224 tanquam
1685 2153 1991 2218 diceretur,

400 2249 611 2301 Initium
637 2250 897 2317 sapientiw
917 2249 1066 2301 timor
1091 2247 1312 2300 Domini.
1335 2247 1548 2300 Milibus
1570 2245 1854 2301 htereditas
1870 2246 1994 2301 data

399 2352 500 2402 est,
523 2351 768 2410 tanquam
797 2348 1174 2395 testamentum
1206 2341 1370 2409 patris
1392 2356 1510 2394 cum
1535 2341 1728 2410 pietate
1751 2357 1994 2410 qumrcn-

398 2435 539 2488 tibus
561 2452 571 2486 :
595 2432 736 2487 Beati
763 2433 935 2497 mites;
963 2435 1201 2504 quoniam
1226 2434 1325 2505 ipsi
1351 2433 1641 2488 ltwt'editate
1667 2433 1993 2504 possidebunt

399 2533 605 2578 terram.
655 2523 980 2592 Lugentibus
1026 2525 1338 2587 consolatio,
1396 2532 1646 2593 tanquam
1699 2525 1992 2579 scientibus

403 2615 528 2684 quid
558 2615 852 2680 amiserint,
876 2625 931 2670 et
957 2615 1150 2684 quibus
1174 2615 1334 2670 mersi
1362 2615 1463 2669 sint
1492 2633 1504 2667 :
1527 2613 1668 2668 Beati
1688 2617 1774 2686 qui
1797 2617 1992 2686 lugent;

395 2706 632 2774 quoniam
663 2707 760 2778 ipsi
788 2707 1198 2762 consolabuntur.
1225 2707 1594 2761 Esurientib'us
1613 2715 1665 2760 et
1686 2707 1989 2762 sitientibus

396 2799 680 2864 saturitas,
711 2808 962 2868 tanquam
1003 2797 1224 2853 refectio
1267 2796 1630 2851 laborantibus
1676 2795 1990 2866 fortiterque

394 2891 722 2947 certantibus
750 2891 816 2944 ad
845 2891 1066 2946 salutem
1107 2909 1120 2943 :
1161 2889 1308 2943 Beati
1334 2889 1421 2960 qui
1458 2889 1682 2942 esuriant
1725 2897 1770 2942 et
1811 2889 1990 2942 sitiunt

381 2987 678 3055 Justitiam;
719 2983 957 3054 quoniam
1000 2983 1100 3051 ipsi
1140 2979 1519 3035 saturabuntur.
1552 2979 1988 3034 Miscricordibus

393 3076 781 3137 misericordia,
813 3085 1060 3142 tanquam
1089 3089 1215 3127 vero
1254 3082 1308 3127 et
1337 3073 1540 3140 optimo
1579 3071 1804 3124 consilio
1832 3080 1986 3124 uten-

391 3166 554 3227 tibus,
586 3175 643 3220 ut
667 3164 770 3218 hoc
800 3165 878 3218 cis
903 3161 1218 3218 exhibentur
1254 3177 1284 3216 a
1316 3161 1636 3231 potentiore,
1669 3160 1809 3230 quod
1840 3160 1986 3213 iuva-

391 3255 670 3312 lidioribus
697 3255 968 3312 exhibent.
999 3251 1143 3308 Beati
1173 3253 1809 3326 misericordes;quoniam
1837 3253 1980 3325 ipso-

392 3366 504 3403 rum
527 3347 861 3403 miserebitur.
887 3347 1100 3402 Mundis
1125 3346 1285 3401 corde
1301 3345 1530 3401 facultas
1551 3345 1765 3401 videndi
1792 3349 1976 3412 Deum,

391 3452 638 3512 tanquam
661 3455 851 3511 purum
873 3439 1084 3494 oculum
1109 3437 1174 3491 ad
1201 3435 1541 3506 intelligenda
1566 3445 1763 3492 aeterna
1789 3453 1982 3509 geren-

387 3534 547 3589 tibus.
574 3532 722 3588 Beati
746 3531 923 3586 mundi
943 3531 1128 3592 corde;
1155 3529 1394 3600 quoniam
1414 3529 1512 3598 ipsi
1539 3527 1702 3584 Deum
1722 3530 1976 3587 videbunt.

387 3625 632 3680 Pacificis
655 3624 751 3679 Dei
781 3624 1090 3690 similitudo,
1124 3633 1371 3690 tanquam
1395 3620 1630 3691 perfecte
1650 3623 1980 3692 sapientibus

387 3720 737 3789 [armatisque
786 3719 853 3772 ad
899 3717 1179 3786 imaginem
1229 3715 1320 3770 Dei
1373 3729 1469 3784 per
1517 3717 1979 3784 regenerationem

386 3811 626 3865 renovati
673 3809 901 3863 hominis
935 3807 1116 3861 :Beati
1162 3807 1399 3877 paci/ici;
1443 3807 1680 3876 quoniam
1721 3808 1821 3879 ipsi
1881 3811 1979 3880 ﬁlii

383 3902 480 3956 Dei
534 3903 860 3956 vocabuntur.
901 3899 1074 3954 Etista
1107 3899 1320 3968 quidem
1364 3897 1419 3952 in
1457 3899 1554 3952 hac
1606 3898 1708 3952 vita
1757 3912 1977 3970 possant

385 3994 668 4064 compleri,
702 3993 841 4047 sicut
907 3992 1169 4061 completa
1219 4008 1338 4046 esse
1389 3993 1440 4045 in
1486 3992 1754 4060 Aposmlis
1803 3995 1975 4052 credi-

387 4103 507 4144 mus
529 4088 626 4159 (b).
667 4084 800 4142 Nam
841 4085 928 4141 illa
957 4087 1262 4141 omnimoda
1308 4087 1363 4140 in
1409 4085 1702 4156 angelicam
1747 4086 1974 4144 formam

383 4181 642 4248 mutatio,
695 4197 814 4252 qua:
862 4190 983 4252 post
1023 4180 1159 4235 hanc
1197 4181 1359 4234 vitam
1413 4179 1771 4250 promittitur,
1816 4182 1974 4236 nullis

382 4273 559 4328 verbis
607 4273 800 4342 eXponi
847 4279 1038 4342 potest.
1084 4271 1231 4326 Beati
1276 4286 1403 4342 ergo
1441 4271 1527 4341 qui
1581 4273 1974 4341 persecutionem

383 4366 643 4436 patiuntur
669 4374 874 4435 propter
881 4364 1404 4436 justitiam;quonium
1423 4363 1440 4414 i
1444 4379 1649 4431 psorum
1669 4372 1740 4416 est
1762 4380 1972 4434 regnum

384 4461 647 4514 caelorum.
681 4457 810 4512 Haec
835 4466 1020 4512 octava
1047 4457 1331 4521 sententia,
1374 4471 1490 4524 qure
1518 4455 1583 4509 ad
1611 4466 1768 4524 caput
1792 4457 1926 4511 redit
1953 4498 1967 4521 ,

381 4549 780 4620 perfectumque
811 4548 1080 4602 hominem
1103 4547 1361 4609 declarat,
1393 4547 1720 4616 signiﬁcatur
1747 4547 1971 4604 fortasse

378 4648 433 4695 et
461 4639 868 4694 circumcisione
895 4649 1081 4693 octavo
1110 4639 1194 4693 die
1226 4640 1275 4692 in
1311 4639 1486 4691 Veteri
1514 4638 1887 4703 Testamento;
1916 4651 1971 4696 et

382 4735 591 4790 Domini
632 4734 1022 4789 resurrectione
1049 4742 1165 4800 post
1198 4731 1498 4796 sabbatum,
1545 4732 1631 4801 qui
1677 4740 1758 4786 est
1788 4733 1968 4802 utique

376 4839 615 4894 oetavus,
651 4825 898 4896 idemque
928 4825 1129 4896 primus
1170 4824 1316 4889 dies;
1346 4834 1397 4879 et
1424 4824 1780 4879 celebratione
1817 4835 1965 4881 octa-

376 4937 560 4975 varum
595 4921 864 4986 feriarum,
899 4935 1028 4990 quas
1069 4919 1118 4972 in
1154 4919 1552 4988 rcgeneratione
1585 4918 1705 4970 novi
1734 4918 1965 4972 hominis

375 5011 742 5076 celebramus;
773 5021 824 5065 et
846 5026 1068 5065 numero
1097 5011 1210 5078 ipso
1240 5008 1600 5062 Pentecostcs.
1623 5007 1755 5061 Nam
1782 5019 1961 5076 septe-

375 5105 526 5159 nario
549 5119 771 5158 numcro
801 5107 997 5172 septies
1037 5101 1403 5170 multiplicato,
1436 5114 1540 5170 quo
1567 5099 1694 5152 {lunt
1732 5100 1961 5168 quadra-

371 5197 516 5266 ginta
560 5209 772 5259 novcm,
816 5196 968 5264 quasi
995 5203 1211 5248 octavus
1236 5189 1468 5256 additur,
1503 5198 1559 5243 ut
1585 5189 1962 5259 quinquaginta

371 5289 742 5357 compleantur
767 5298 820 5342 et
848 5297 1094 5356 tanquam
1131 5284 1378 5338 redeatur
1409 5282 1472 5336 ad
1501 5290 1658 5351 caput
1697 5299 1707 5335 :
1741 5297 1845 5350 quo
1873 5281 1960 5337 die

370 5382 565 5436 missus
603 5387 683 5434 est
720 5378 946 5448 Spiritus
981 5386 1215 5440 sanctus,
1244 5374 1428 5445 quoin
1452 5389 1670 5445 regnum
1701 5374 1959 5429 cmlorum

369 5475 611 5530 ducimur
632 5514 648 5538 ,
682 5483 733 5526 et
755 5471 1132 5526 'ha‘rcditatem
1162 5469 1471 5539 accipimus,
1500 5475 1555 5522 et
1582 5469 1951 5534 consolamur;

370 5573 423 5619 et
451 5565 736 5632 pascimut‘,
766 5573 819 5617 et
842 5562 1260 5618 miscricordiam
1292 5560 1686 5630 consequimur,
1720 5569 1772 5614 et
1801 5575 1957 5613 mun-

1245 376 1335 432 DD
1373 373 1694 432 SERMONE
1738 371 1972 430 DOMINi
2014 373 2079 433 IN
2122 377 2354 434 ΜΟΝΤΕ
2394 381 2450 438 S.
2492 381 2858 442 AUGUSTINI

3563 408 3584 461 i
3595 407 3680 464 236

2133 494 2465 554 extrinsecus
2511 497 2685 557 illatas
2727 505 2997 563 molestias
3043 525 3138 580 pro
3176 517 3399 574 veritate
3431 530 3484 576 et
3513 521 3688 594 iustitia

2131 587 2476 644 sustinemus.

2201 681 2424 737 CAPUT
2467 684 2526 738 V.
2554 716 2624 726 ——
2645 687 2728 742 13.
2750 686 2892 744 Beati
2921 694 3075 761 eritis,
3101 697 3420 769 inquit,cum
3443 710 3574 764 vobis
3592 730 3685 770 ma-

2128 771 2358 841 ledicent,
2384 785 2430 828 et
2459 792 2814 850 persequentur
2838 799 2942 850 vos,
2972 798 3017 840 et
3041 791 3204 846 dicent
3225 812 3366 852 omne
3392 804 3578 859 nmium
3607 811 3686 865 ad-

2125 878 2320 916 versum
2343 882 2446 932 ros,
2467 871 2774 937 mentientes,
2795 887 2998 944 propter
3013 896 3109 935 me.
3127 881 3351 942 Gaudete
3374 902 3422 944 et
3447 899 3683 968 exsultate,

2124 971 2359 1052 quoniam
2389 978 2573 1018 merces
2596 977 2758 1020 vestra
2781 971 2937 1024 multa
2957 985 3030 1027 est
3054 977 3104 1030 in
3127 980 3283 1034 caelis.
3311 987 3686 1052 Anitnadvertat

2123 1049 2360 1120 quisquis
2382 1054 2597 1109 delicias
2619 1056 2777 1127 hujus
2793 1065 2970 1118 saeculi
2995 1075 3048 1121 et
3074 1067 3350 1130 facultates
3374 1093 3549 1136 rerum
3571 1049 3683 1141 tem;

2123 1143 2381 1234 poralium
2405 1149 2592 1214 qumrit
2614 1149 2664 1203 in
2689 1153 2902 1210 nomine
2923 1156 3235 1232 christiano,
3260 1165 3573 1229 intrinsecus
3585 1193 3682 1234 e.-se

2122 1232 2504 1293 beatitudinem
2546 1251 2814 1310 nostram;
2857 1248 2991 1304 sicut
3027 1251 3096 1308 de
3137 1256 3313 1312 anima
3349 1232 3680 1326 ecclesiastica

2122 1340 2215 1424 ore
2229 1330 2555 1424 prophetico
2581 1336 2774 1390 dicitur
2804 1355 2816 1392 :
2847 1339 3024 1398 Omnis
3055 1348 3382 1414 pulchritudo
3419 1358 3536 1424 filia:
3571 1365 3678 1424 regis

2119 1419 2414 1510 intrinsecus
2443 1423 2611 1496 (Psal.
2647 1445 2801 1498 xuv,
2843 1432 2930 1506 Η)
2966 1452 2979 1491 :
3013 1449 3133 1492 nam
3175 1419 3510 1504 extrinsecus
3539 1419 3676 1510 male-

2118 1508 2254 1607 dicta
2283 1521 2335 1565 ct
2365 1521 2762 1582 persecutiones
2790 1534 2841 1578 et
2868 1525 3227 1587 detractiones
3272 1508 3671 1607 promittuntur:

2117 1601 2183 1656 de
2213 1605 2402 1706 quibus
2447 1617 2620 1666 tamen
2669 1629 2856 1685 magna
2904 1635 3111 1678 merces
3156 1637 3235 1681 est
3272 1601 3333 1684 in
3376 1636 3676 1710 cosiis,qu:e

2115 1695 2342 1798 sentitur
2371 1698 2608 1798 in.cordc
2635 1709 2965 1776 patientium,
2992 1730 3176 1772 eorum
3205 1722 3293 1790 qui
3331 1723 3444 1794 jam
3487 1695 3675 1798 po'ssitnt

2114 1786 2312 1853 dicere,
2363 1809 2381 1842 ι
2417 1791 2718 1852 Gloriamur
2747 1801 2799 1854 in
2831 1786 3286 1878 tribulationibus;
3319 1786 3545 1875 scientes
3568 1786 3676 1894 quo;

2115 1882 2254 1976 niam
2285 1881 2552 1942 tribulatio
2581 1892 2885 1959 patientiam
2919 1909 3199 1972 operatur,
3231 1909 3486 1976 patientia
3521 1881 3668 1971 auicm

2111 1975 2501 2069 probationem,
2532 1984 2773 2051 probatio
2805 2004 2934 2045 vero
2975 2006 3124 2063 Spem
3147 2039 3160 2063 ,
3203 2012 3328 2069 Spes
3367 2015 3538 2063 autem
3586 2024 3670 2066 non

2111 2068 2423 2135 confundit;
2468 2074 2589 2141 quia
2628 2076 2862 2136 charitas
2895 2081 2988 2138 Dei
3024 2078 3212 2144 diliusa
3235 2068 3330 2148 est
3362 2095 3415 2150 in
3453 2099 3669 2158 cordibus

2111 2158 2308 2247 nostris
2347 2175 2442 2228 per
2489 2161 2745 2232 Spiritum
2788 2182 3026 2230 sanetum
3055 2181 3142 2247 qui
3171 2180 3329 2238 datus
3359 2197 3444 2243 est
3488 2191 3622 2246 nobis
3651 2214 3664 2245 θ

2109 2245 2282 2349 (Birt-rt.
2315 2265 2366 2315 v,
2563 2255 2676 2310 Non
2705 2262 2846 2315 enim
2875 2264 2971 2318 ista
3003 2245 3205 2339 perpeti
3237 2245 3560 2335 fructuosum
3582 2285 3664 2349 est,

2107 2339 2200 2443 sed
2232 2341 2328 2395 ista
2357 2359 2453 2412 pro
2479 2347 2676 2403 Christi
2707 2361 2924 2412 nomine
2952 2375 3056 2414 non
3084 2364 3260 2420 solum
3293 2383 3450 2440 aequo
3475 2339 3664 2443 animo;

2105 2432 2198 2485 sed
2226 2435 2384 2489 etiam
2407 2453 2525 2492 cum
2553 2445 2906 2505 exsultatione
2945 2454 3191 2512 tolerare.
3231 2432 3377 2518 Nam'
3401 2466 3542 2522 multi
3573 2432 3665 2525 hch

2104 2525 2276 2624 ret-ici,
2310 2531 2522 2586 nomine
2553 2535 2841 2594 christiano
2874 2546 3080 2602 animas
3119 2549 3481 2624 decipienles,
3525 2562 3662 2616 multa

2105 2615 2226 2668 talia
2261 2621 2527 2686 patiuntur
2577 2643 2588 2678 :
2627 2629 2718 2681 sed
2762 2630 2881 2687 ideo
2918 2615 3268 2698 excluduntur
3298 2645 3370 2700 ab
3414 2615 3506 2704 ista
3540 2668 3660 2707 mer-

2103 2708 2252 2810 cede,
2281 2713 2400 2781 quia
2425 2730 2529 2812 non
2572 2719 2767 2775 dictum
2796 2734 2876 2779 est
2907 2736 3132 2799 tantum,
3167 2731 3319 2791 Beati
3343 2741 3431 2808 qui
3453 2759 3659 2812 persecu-

2101 2805 2288 2900 tionem
2331 2805 2628 2871 patiuntur;
2655 2811 2746 2865 sed
2779 2815 3015 2872 additum
3043 2830 3142 2886 est,
3177 2805 3390 2896 propter
3399 2805 3658 2900 justitiam:

2101 2890 2187 2994 ubi
2217 2902 2389 2995 autem
2413 2912 2539 2952 sana
2566 2900 2695 2956 fides
2721 2921 2822 2960 non
2852 2919 2954 2976 est,
2984 2928 3089 2967 non
3121 2890 3294 2984 potest
3323 2890 3441 2978 esse
3458 2926 3654 2996 iustitia;

2096 2992 2219 3088 quia
2245 2992 2421 3088 justus
2447 3004 2509 3041 ex
2539 2992 2641 3088 title
2667 2995 2793 3088 vivit
2822 2997 3046 3064 (Habac.
3079 3022 3134 3071 tt,
3168 3008 3223 3074 4,
3253 3019 3298 3063 et
3330 2992 3472 3068 Rom:
3495 3033 3528 3083 ι,
3557 3019 3649 3088 l7).

2097 3071 2280 3141 Neque
2309 3077 2632 3136 schismatici
2673 3086 2869 3157 aliquid
2909 3089 3007 3148 sibi
3054 3112 3116 3150 ex
3161 3071 3258 3154 ista
3287 3071 3528 3162 mercede
3547 3071 3655 3178 prti-

2096 3165 2339 3231 mittant;
2395 3171 2515 3238 quia
2565 3174 2811 3232 similiter
2857 3181 2944 3236 ubi
2985 3185 3214 3245 charitas
3263 3209 3370 3250 non
3414 3165 3650 3266 est,-non

2095 3263 2271 3323 potest
2294 3261 2630 3328 essejustitia
2661 3285 2672 3319 :
2703 3268 2918 3326 dilectio
2937 3276 3076 3330 enim
3108 3284 3333 3348 proximi
3362 3261 3648 3345 maluinnon

2093 3357 2347 3444 operatur
2379 3351 2552 3421 (Rom.
2582 3373 2690 3421 xnt,
2723 3359 2833 3432 10),
2860 3379 3016 3433 quam
3050 3370 3094 3423 si
3119 3369 3395 3444 haberent,
3425 3381 3648 3436 nondila-

2093 3442 2506 3544 nia-renteorp-us
2519 3449 2890 3525 Cbristi,quod
2915 3470 2994 3514 est
3022 3461 3257 3521 Ecclesia
3278 3442 3645 3544 (Colossgtﬂi).

2163 3535 2249 3633 i4.
2275 3536 2449 3633 Quaeri
2480 3549 2654 3596 autem
2682 3557 2853 3613 p0tcst
2873 3551 2998 3619 quid
3025 3553 3236 3612 intersit
3267 3535 3410 3630 quod
3436 3535 3648 3633 aia-Cuia

2090 3628 2226 3682 vobis
2248 3630 2566 3700 maledicent,
2592 3645 2662 3701 et,
2699 3637 2860 3695 Omne
2885 3643 3072 3700 malum
3095 3649 3259 3706 dicent
3279 3628 3532 3714 adversum
3548 3678 3617 3716 vos
3632 3681 3646 3726 ;

2088 3735 2207 3775 cum
2248 3724 2585 3795 maledicere,
2619 3728 2720 3786 hoc
2758 3733 2846 3801 sit,
2895 3739 3091 3795 malum
3135 3743 3332 3801 dicere.
3381 3752 3480 3807 Sed
3520 3724 3646 3810 aliter

2085 3815 2426 3870 maledictum
2471 3819 2700 3887 iaetatur
2730 3841 2848 3879 cum
2881 3834 3196 3888 contumelia
3240 3853 3421 3898 coram
3466 3845 3544 3899 illo
3576 3848 3643 3902 cui

2086 3907 2442 3975 maledicitur,
2483 3911 2621 3965 sicut
2651 3915 2875 3971 Domino
2905 3933 3086 3978 nus-Iro
3116 3927 3314 3986 dictum
3355 3946 3453 4004 est,
3488 3929 3642 3993 Nonne

2083 4014 2250 4051 verum
2288 4000 2517 4069 dicimus,
2542 4005 2660 4072 quia
2687 4005 3040 4068 Samaritanus
3065 4033 3136 4083 es,
3168 4031 3213 4073 et
3253 4000 3544 4082 dmuoriium
3567 4031 3641 4081 ha-

2083 4088 2166 4143 bes
2201 4089 2374 4160 (Joan.
2420 4109 2535 4158 vnt,
2572 4095 2704 4168 48)?
2734 4101 2889 4156 aliter
2916 4120 3034 4160 cum
3080 4110 3314 4168 absentis
3363 4117 3640 4174 fama'ltedl-

2082 4187 2187 4248 tur,
2221 4184 2356 4237 sicut
2399 4185 2465 4238 de
2515 4187 2605 4241 illo
2650 4189 2774 4245 item
2819 4197 3086 4265 scribitur,
3119 4203 3221 4256 Alii
3261 4205 3505 4277 dicebant,
3532 4209 3639 4277 Quia

2083 4278 2329 4344 propheta
2359 4289 2431 4332 est
2469 4298 2487 4332 :
2533 4282 2623 4334 alii
2665 4293 2832 4338 autem
2875 4289 3121 4358 dicebant,
3167 4295 3305 4363 Non,
3356 4302 3444 4354 sed
3478 4301 3638 4356 seducit

2081 4369 2324 4436 populant
2367 4369 2474 4440 (Id.
2523 4388 2617 4438 vn,
2662 4376 2771 4446 12).
2802 4378 3053 4452 Persequi
3091 4395 3290 4453 autem,
3321 4401 3404 4447 est
3435 4393 3528 4446 vim
3561 4393 3635 4446 itt-

2085 4461 2240 4524 l'erre,
2269 4462 2351 4515 vel
2379 4462 2581 4518 insidiis
2602 4479 2853 4536 appetere
2884 4489 2895 4523 :
2925 4474 3063 4543 quod
3098 4476 3220 4533 fecit
3268 4483 3357 4550 qui
3401 4499 3513 4537 eum
3549 4492 3635 4536 tra-

2079 4550 2230 4615 didit,
2255 4565 2309 4607 et
2335 4556 2422 4623 qui
2456 4573 2576 4610 eum
2611 4561 3008 4619 crucifixeruut.
3042 4566 3180 4623 Sane
3210 4573 3350 4640 quod
3382 4575 3527 4629 etiam
3553 4573 3634 4628 hoc

2080 4660 2183 4697 non
2222 4654 2304 4700 est
2342 4647 2481 4702 nudo
2520 4651 2772 4718 positum,
2821 4665 2876 4708 nt
2905 4655 3189 4726 diceretur,
3233 4661 3301 4716 Et
3329 4667 3488 4720 dicent
3511 4682 3633 4720 omne

2077 4736 2261 4788 umlum
2283 4738 2546 4793 adversum
2572 4757 2679 4807 vos,
2709 4743 2802 4798 sed
2831 4745 3065 4803 additum
3093 4761 3193 4816 est,
3226 4758 3532 4823 mentientes;
3550 4756 3628 4809 ad-

2075 4828 2242 4881 ditum
2283 4831 2464 4895 etiam,
2493 4844 2696 4904 propter
2714 4851 2792 4889 me
2821 4852 2838 4890 :
2867 4851 3084 4909 propter
3118 4858 3210 4899 eos
3248 4846 3474 4903 additum
3503 4857 3624 4917 puto,

2073 4922 2160 4990 qui
2191 4922 2371 4976 volunt
2409 4924 2475 4977 de
2517 4927 2974 4994 persecutionibus
2997 4941 3050 4986 et
3077 4933 3144 4990 de
3173 4935 3325 4992 fama:
3349 4957 3454 4994 suze
3489 4938 3626 5007 turpi-

2074 5012 2255 5068 tudine
2287 5015 2530 5084 gloriari;
2556 5027 2608 5072 et
2639 5019 2758 5075 ideo
2789 5021 2966 5079 dicere
3007 5026 3072 5079 ad
3118 5043 3176 5081 se
3206 5032 3468 5100 pertinere
3498 5031 3625 5088 Citri-

2071 5116 2236 5173 stum,
2266 5108 2385 5176 quia
2411 5110 2575 5164 multa
2603 5110 2670 5166 de
2699 5113 2800 5168 illis
2823 5114 3072 5172 dicuntur
3099 5121 3270 5186 mala;
3299 5139 3416 5179 cum
3443 5134 3491 5180 et
3520 5137 3622 5176 vera

2071 5199 2338 5260 dicantur,
2372 5203 2583 5270 quando
2620 5203 2688 5258 de
2732 5205 2942 5262 illorum
2982 5225 3165 5267 errore
3204 5213 3449 5270 dicuntur
3477 5233 3488 5269 :
3515 5225 3559 5270 et
3585 5215 3621 5266 si

2068 5289 2360 5360 aliquando
2389 5293 2548 5346 etiam
2581 5297 2834 5351 nonnulla
2863 5298 2989 5353 falsa
3013 5301 3295 5372 iactantur,
3322 5307 3454 5378 quod
3477 5317 3618 5361 teme-

2068 5383 2222 5436 ritate
2266 5382 2538 5437 hominum
2589 5387 2900 5459 plerumque
2943 5396 3150 5462 accidit,
3182 5413 3286 5453 non
3323 5410 3489 5455 tamen
3517 5412 3619 5469 pro—

2064 5483 2183 5542 pter
2229 5475 2500 5529 Christum
2551 5479 2650 5532 ista
2698 5483 2984 5548 patiuntur.
3025 5487 3141 5542 Non
3194 5494 3336 5547 enim
3367 5493 3614 5549 Christum

2062 5571 2318 5638 sequitur,
2351 5571 2440 5641 qui
2473 5587 2575 5626 non
2614 5576 2901 5631 secundum
2931 5594 3112 5636 veram
3146 5584 3311 5641 ﬁdem
3338 5597 3389 5642 et
3422 5582 3615 5641 catholi-

367 5655 554 5710 damur
579 5698 594 5722 ,
641 5667 695 5710 et
739 5657 1108 5724 paciiicamur;
1155 5665 1314 5724 atque
1354 5653 1427 5707 ita
1467 5652 1723 5722 perfecti,
1765 5665 1953 5708 omnes
2049 5674 2174 5714 eam
2202 5661 2536 5729 disciplinam
2563 5664 2895 5722 Christianus
2921 5685 3160 5729 νορηιυιι,

424 5793 496 5907 $0)
523 5801 535 5841 t
561 5798 764 5866 ttetract.
789 5806 892 5856 cap.
923 5791 997 5853 19,
1023 5803 1073 5839 n.
1099 5790 1143 5840 1.

449 5856 497 5907 bl
524 5854 735 5907 ibtd..-n.
762 5852 808 5902 2.

449 5852 497 5914 ὁ)
524 5854 660 5914 tbid.,
673 5865 735 5900 -n.
762 5852 808 5902 2.

2129 5757 2218 5812 15.
2250 5756 2493 5824 Gaudete,
2541 5763 2730 5833 inquit,
2770 5774 2819 5820 et
2865 5767 3129 5835 exsultate,
3174 5773 3404 5842 quoniam
3451 5785 3610 5825 nurces

2065 5856 2223 5902 vestra
2257 5851 2417 5903 multa
2443 5863 2513 5906 est
2544 5855 2592 5907 in
2634 5856 2790 5909 cmlis.
2818 5857 2928 5911 Non
2963 5860 3046 5912 hi"
3079 5863 3241 5918 ctrlos
3266 5864 3364 5919 dici
3393 5875 3505 5934 putt.
3531 5877 3604 5913 su-
