3888 6338
295 373 318 428 1
329 371 439 430 25"]

290 597 390 638 ces
433 594 635 651 nostra,
679 600 800 656 quae
839 587 1154 640 inconcussa
1200 595 1253 640 et
1294 595 1491 641 aeterna
1531 601 1651 642 esse
1696 587 1876 654 debet,

288 675 350 729 in
379 674 542 730 rebus
585 676 900 732 volubilibus
927 685 983 732 et
1030 676 1409 747 temporalibus
1436 677 1745 732 collocanda
1776 685 1877 732 est.

283 765 402 823 Sed
453 767 505 821 in
556 768 694 822 stetis
743 767 945 823 dictum
991 777 1136 838 puto,
1188 767 1240 822 in
1289 769 1650 838 spiritualibus
1695 768 1878 822 ﬁrma-

281 861 506 926 mentis,
539 859 628 915 ubi
669 859 873 916 habitat
919 861 1241 931 sempiterna
1275 861 1477 931 justitia
1512 881 1525 916 :
1569 862 1622 916 in
1653 877 1877 932 quorum

285 953 688 1022 comparatione
736 963 873 1008 terra
921 953 1118 1008 dicitur
1157 955 1330 1008 anima
1378 955 1579 1026 iniqua,
1629 956 1713 1010 cui
1754 971 1880 1026 pec-

283 1043 434 1098 canti
465 1042 666 1098 dictum
693 1054 794 1108 est,
829 1044 985 1099 Terra
1014 1062 1084 1112 es,
1118 1056 1164 1100 et
1196 1047 1250 1100 in
1278 1055 1460 1100 terram
1483 1048 1574 1100 ibis
1602 1045 1753 1116 (Gen.
1783 1065 1873 1115 Ill,

283 1133 404 1204 19).
437 1135 511 1190 De
553 1134 638 1190 his
671 1136 827 1190 cadis
865 1136 993 1191 dicit
1019 1137 1306 1206 Apostolus
1339 1155 1351 1190 :
1386 1139 1638 1203 Quoniam
1667 1155 1875 1192 concer-

282 1227 416 1280 satio
455 1236 627 1280 nostra
667 1229 722 1280 in
767 1227 905 1282 satis
952 1237 1024 1282 est
1064 1227 1322 1298 (Philipp.
1370 1244 1446 1293 ιιι,
1485 1227 1603 1300 20).
1632 1228 1877 1285 Sentiunt

281 1335 416 1388 ergo
449 1320 556 1388 jam
589 1321 743 1374 istam
783 1319 1108 1385 mercedem,
1137 1321 1227 1390 qui
1258 1320 1489 1389 gaudent
1514 1321 1874 1391 spiritualibus

279 1416 443 1470 bonis
468 1433 480 1467 :
513 1415 607 1469 sed
635 1423 760 1468 tunc
784 1430 849 1469 ex
877 1414 1019 1468 omni
1048 1423 1195 1484 parte
1221 1414 1540 1484 perﬁcietur,
1571 1429 1690 1470 cum
1715 1415 1874 1471 etiam

281 1507 388 1562 hoc
415 1507 639 1560 mortale
669 1505 897 1560 induerit
919 1506 1390 1560 immortalitatem.
1424 1505 1510 1560 Ita
1540 1506 1669 1560 enim
1708 1523 1875 1578 perse-

278 1599 386 1651 cuti
422 1608 558 1664 sunt,
591 1598 780 1669 inquit,
826 1607 876 1651 et
926 1597 1209 1668 Prophetas
1250 1599 1478 1670 quiante
1520 1614 1605 1653 vos
1646 1599 1869 1670 fuerunt.

280 1690 435 1746 Nune
473 1691 894 1761 persecutionem
935 1692 1254 1763 generaliter
1291 1693 1485 1762 posuit,
1518 1702 1573 1748 et
1609 1693 1662 1748 in
1703 1695 1871 1750 male-

277 1783 440 1838 dictis
488 1793 542 1840 et
589 1785 644 1838 in
685 1783 1059 1840 dilaceratione
1107 1783 1295 1852 famre;
1352 1793 1406 1840 et
1448 1785 1584 1840 bene
1628 1787 1872 1856 exemplo

278 1876 595 1932 adhortatus
623 1884 724 1943 est,
755 1877 876 1946 quia
908 1893 1030 1932 vera
1055 1876 1288 1932 dicentes
1327 1877 1499 1932 solent
1541 1876 1870 1947 persecutio-

281 1987 406 2025 nem
436 1972 542 2040 pati
575 1988 588 2024 :
623 1985 722 2025 nec
751 1979 929 2024 tamen
966 1969 1087 2025 ideo
1129 1970 1408 2040 Propheta:
1447 1969 1651 2040 antiqui
1681 1971 1870 2024 timore

282 2062 671 2133 persecutionis
692 2077 721 2115 a
748 2062 986 2117 veritatis
1010 2059 1384 2131 prmdicatione
1410 2060 1738 2116 defecerunt.

355 2153 578 2209 CAPUT
607 2152 691 2208 Vl.
722 2182 791 2193 —-
821 2153 906 2208 l6.
933 2151 1246 2208 Rectissime
1273 2153 1448 2223 itaque
1470 2153 1729 2224 sequitur,
1771 2151 1870 2208 Vos

281 2245 402 2302 estis
434 2245 513 2299 sal
551 2253 696 2299 terra:
723 2263 736 2298 :
762 2245 1052 2300 ostendens
1080 2242 1251 2298 fatuos
1271 2259 1389 2298 esse
1412 2243 1750 2314 jndicandos,
1779 2243 1870 2314 qui

281 2337 652 2408 temporalium
684 2337 946 2392 bonorum
968 2337 1052 2391 vel
1082 2335 1290 2406 copiam
1319 2345 1604 2403 sectantes,
1635 2336 1718 2391 vel
1749 2337 1866 2391 ino-

281 2429 423 2500 piam
458 2438 774 2496 metuentes,
802 2429 1048 2482 amittunt
1083 2437 1302 2494 aeterna,
1335 2444 1451 2498 quae
1476 2443 1573 2482 nec
1598 2428 1710 2483 dari
1741 2444 1868 2498 pos-

278 2530 404 2576 sunt
427 2520 496 2576 ab
521 2520 845 2587 hominibus,
877 2535 976 2576 nec
1004 2519 1220 2575 auferri.
1249 2517 1429 2591 Itaque
1461 2521 1503 2574 si
1537 2521 1614 2574 sal
1645 2521 1869 2589 infatua-

267 2622 383 2668 Jnm
423 2615 594 2687 fuerit,
640 2617 692 2669 in
739 2632 836 2685 quo
886 2615 1128 2669 satietur?
1167 2613 1219 2668 id
1248 2622 1346 2680 est,
1381 2614 1424 2668 si
1464 2629 1556 2668 vos
1601 2629 1696 2684 per
1733 2631 1868 2684 quos

277 2707 562 2763 condiendi
592 2716 716 2763 sunt
759 2707 1147 2778 quodammodo
1188 2709 1385 2778 populi,
1426 2715 1570 2762 metu
1611 2724 1865 2778 persecu-

279 2800 480 2854 tionum
514 2801 881 2872 temporalium
927 2799 1212 2855 amiseritis
1258 2816 1420 2870 regna
1461 2800 1748 2866 cmlorum;
1778 2800 1868 2870 qui

277 2902 435 2948 erunt
474 2894 717 2948 homines
747 2909 840 2964 per
862 2909 995 2964 quos
1015 2909 1045 2948 a
1074 2895 1222 2949 vobis
1248 2909 1398 2950 error
1426 2895 1712 2962 auferatur,
1745 2909 1868 2952 cum

278 2998 373 3038 vos
401 2984 620 3054 elegerit
664 2985 838 3050 Dens,
873 3001 968 3055 per
1003 3000 1136 3056 quos
1175 3001 1410 3040 errorem
1458 2985 1665 3041 auferat
1705 2998 1866 3042 crete-

279 3074 500 3128 rorum?
529 3073 673 3146 Ergo
701 3075 768 3128 ad
803 3075 1017 3129 nihilum
1041 3076 1171 3130 valet
1209 3077 1285 3130 sal
1327 3076 1660 3142 inl'aluatnm,
1690 3078 1786 3131 nisi
1813 3088 1868 3131 at

282 3167 505 3220 mittatur
544 3173 700 3238 foras,
734 3178 781 3222 et
822 3170 1041 3224 calcetur
1084 3169 1145 3222 ab
1199 3169 1501 3224 hominibus.
1544 3171 1660 3225 Non
1691 3172 1867 3244 itaque

281 3258 512 3312 calcatur
544 3259 610 3313 ab
645 3258 944 3315 hominibus
973 3261 1059 3329 qui
1093 3261 1287 3330 patitur
1306 3263 1749 3329 persecutionem,
1774 3263 1869 3316 sed

281 3350 367 3419 qui
405 3352 824 3420 persecutionem
873 3351 1107 3406 timendo
1152 3350 1455 3404 infatuatur.
1488 3352 1694 3406 Calcari
1721 3353 1866 3407 enim

282 3455 384 3495 non
433 3450 606 3511 potest
654 3442 753 3496 nisi
802 3441 1020 3496 inferior
1069 3461 1079 3494 :
1128 3442 1219 3497 sed
1266 3439 1484 3496 inferior
1532 3458 1635 3497 non
1667 3453 1747 3499 est
1777 3445 1867 3516 qui

281 3534 520 3602 quamvis
566 3547 789 3603 corpore
835 3533 996 3587 multa
1027 3533 1080 3587 in
1112 3541 1250 3588 terra
1278 3534 1558 3601 sustineat,
1587 3536 1746 3590 corde
1789 3545 1866 3590 ta-

282 3639 399 3678 men
429 3625 562 3678 ﬁxus
589 3625 640 3679 in
668 3624 805 3680 casio
832 3633 934 3679 est.

353 3718 438 3771 l7.
466 3716 566 3771 Vos
600 3719 714 3772 estis
744 3718 911 3771 lumen
938 3718 1130 3770 mundi.
1157 3716 1438 3783 Quomodo
1463 3718 1595 3772 dixit
1623 3721 1869 3790 superius

281 3810 358 3864 sal
402 3819 565 3875 terrte,
612 3811 689 3864 sic
730 3826 870 3864 nunc
911 3810 1037 3865 dicit
1067 3811 1234 3865 lumen
1275 3811 1468 3866 mundi.
1517 3813 1647 3866 Nam
1695 3829 1868 3885 neque

283 3903 525 3971 superius
551 3901 648 3956 ista
676 3912 814 3957 terra
845 3903 1151 3973 accipienda
1176 3912 1276 3970 est,
1318 3920 1473 3974 quam
1502 3905 1724 3976 pedibus
1746 3921 1867 3961 cor-

285 3994 457 4062 poreis
483 3995 766 4060 calcamus,
797 3995 890 4049 sed
937 3994 1177 4051 homines
1207 3997 1296 4065 qui
1340 3996 1391 4050 in
1436 3982 1574 4051 terra
1609 3997 1866 4067 habitant,

283 4086 363 4140 vel
412 4086 570 4140 etiam
617 4096 945 4157 peccatores,
979 4103 1202 4156 quorum
1241 4087 1552 4142 condiendis
1581 4097 1632 4143 et
1663 4090 1864 4144 exstin-

284 4176 505 4246 guendis
534 4177 808 4245 potoribus
837 4178 1184 4246 apostolicum
1215 4179 1379 4232 salem
1420 4178 1676 4234 Dominus
1701 4181 1863 4238 misit.

287 4269 347 4322 Et
374 4267 462 4322 hic
486 4268 738 4322 mundum
772 4283 874 4322 non
909 4269 1100 4324 coelum
1133 4279 1186 4324 et
1229 4278 1456 4338 terram,
1495 4271 1588 4325 sed
1625 4271 1866 4331 homines

285 4359 372 4430 qui
422 4367 544 4413 sunt
583 4359 637 4414 in
681 4359 880 4414 mundo
923 4359 1006 4415 vel
1056 4360 1283 4432 diligunt
1328 4361 1602 4428 mundum,
1659 4372 1868 4434 oportet

285 4453 522 4523 intelligi,
573 4453 764 4522 quibus
812 4453 1170 4508 illuminandis
1219 4455 1456 4524 Apostoli
1513 4456 1659 4510 missi
1721 4466 1864 4511 sunt.

288 4545 405 4600 Non
431 4557 586 4617 potest
620 4548 792 4601 civitas
835 4547 1070 4601 abscondi
1112 4564 1264 4618 super
1306 4558 1522 4601 montem
1563 4549 1866 4603 constituta:

286 4637 334 4694 id
362 4650 462 4705 est,
495 4638 708 4693 fundata
739 4655 899 4711 super
928 4639 1183 4709 insignem
1217 4655 1563 4711 magnamque
1582 4641 1864 4711 justitiam,

286 4746 442 4802 quam
471 4731 730 4802 signiﬁcat
768 4733 925 4786 etiam
957 4731 1068 4801 ipse
1099 4747 1252 4785 mons
1279 4732 1328 4784 in
1359 4748 1464 4802 quo
1501 4732 1734 4802 disputat
1767 4734 1869 4787 Do-

285 4825 478 4879 minus.
529 4824 704 4897 Neque
773 4825 1048 4878 accendunt
1089 4825 1383 4892 lucernam,
1417 4834 1460 4878 et
1524 4837 1716 4897 ponunt
1757 4843 1867 4883 eam

285 4918 370 4971 sub
393 4919 576 4971 modio.
602 4918 738 4984 Quid
779 4918 1058 4988 putamus?
1089 4918 1159 4972 ita
1181 4933 1300 4973 esse
1331 4918 1524 4973 dictum
1553 4918 1642 4973 sub
1669 4919 1863 4988 modio,

285 5018 340 5063 nt
379 5009 660 5064 occultatio
717 5020 918 5064 tantum
967 5010 1195 5066 lucernae
1245 5011 1546 5081 accipienda
1592 5013 1678 5078 sit,
1753 5022 1868 5065 tau-

284 5117 439 5172 quam
463 5101 507 5155 si
537 5100 756 5168 diceret,
781 5101 946 5156 Nemo
968 5103 1210 5158 accendit
1232 5105 1522 5170 lucernam,
1553 5114 1606 5159 et
1633 5106 1866 5160 occultat

285 5190 458 5246 illam?
487 5207 552 5246 an
596 5191 792 5262 aliquid
819 5192 978 5246 etiam
1019 5193 1228 5248 modius
1266 5194 1546 5264 signiﬁcat,
1587 5204 1641 5249 ut
1669 5195 1769 5250 hoc
1798 5195 1868 5251 sit

285 5301 477 5355 ponere
522 5286 792 5340 lucernam
834 5285 934 5341 sub
973 5285 1172 5352 modio,
1201 5287 1472 5356 superiora
1515 5285 1694 5343 facere
1741 5303 1864 5344 eor-

285 5379 423 5447 poris
472 5379 770 5444 commoda,
825 5394 982 5448 quam
1033 5379 1461 5449 pratdicationem
1508 5382 1774 5448 veritatis;
1808 5392 1865 5440 ut

283 5468 398 5523 ideo
426 5470 648 5540 quisque
680 5471 955 5527 veritatem
994 5486 1098 5525 non
1132 5471 1399 5542 praedicet,
1436 5472 1559 5527 dum
1602 5475 1750 5528 timet
1795 5490 1863 5531 ne

281 5559 475 5630 aliquid
508 5561 558 5615 in
591 5561 748 5616 rebus
785 5563 1146 5634 corporalibus
1186 5572 1240 5618 et
1279 5565 1658 5633 temporalibus
1697 5566 1865 5620 maleo

281 5654 392 5709 stiae
436 5653 698 5723 patiatur?
736 5654 805 5708 Et
844 5656 979 5712 bene
1020 5656 1227 5712 modius
1256 5656 1468 5724 dicitur,
1505 5658 1618 5714 sive
1648 5668 1864 5728 propter

283 5745 680 5800 retributionem
728 5762 1008 5814 mensurze,
1051 5749 1172 5819 quia
1199 5765 1260 5803 ea
1287 5749 1508 5820 quisque
1535 5750 1720 5820 recipit
1744 5767 1865 5824 qua:

282 5840 444 5908 gessit
488 5839 536 5892 in
587 5853 832 5908 corpore,
864 5849 916 5893 at
955 5841 1078 5907 illic,
1120 5841 1288 5912 inquit
1315 5842 1620 5912 Apostolus,
1654 5844 1862 5914 recipiat

1670 375 1871 431 LIBER
1913 375 2179 436 PRIMUS.

289 492 535 560 perieres
555 501 732 564 partes
767 492 922 562 hujus
955 492 1177 548 vusibilis
1198 493 1400 548 mundi.
1428 493 1542 547 Non
1573 493 1714 547 enim
1739 509 1883 548 mer-

3443 389 3580 447 1258

1991 495 2327 565 unusquisque
2353 510 2467 566 qua:
2492 499 2643 567 gessit
2685 499 2738 552 in
2771 516 2979 570 corpore
3015 499 3080 572 (ll
3107 501 3222 558 Cor.
3257 519 3310 570 v,
3341 503 3433 574 10)
3479 521 3491 556 :
3525 512 3582 560 et

1989 597 2238 658 tauquam
2277 587 2344 643 de
2372 580 2472 644 boc
2500 590 2679 645 modio
2704 593 2943 662 corporis
2977 594 3081 648 alio
3124 594 3241 649 loco
3269 595 3479 663 dicitur,
3510 595 3586 652 ιη’

1987 695 2086 748 qua
2111 680 2244 732 enim
2269 697 2503 735 mensura
2532 685 2690 736 mensi
2714 686 2928 756 fueritis,
2957 686 3010 739 in
3049 702 3106 739 ea
3136 689 3416 742 remetiatur
3443 689 3583 745 vobis

1987 766 2202 838 (Matth.
2229 785 2336 836 vn,
2366 770 2422 842 Ξ)
2458 790 2470 824 :
2500 773 2612 827 sive
2643 775 2890 844 quoniam
2924 777 3234 844 temporalia
3263 779 3423 846 bona,
3455 795 3578 850 quae

1987 859 2039 912 in
2087 873 2312 929 corpore
2367 872 2712 931 peraguntur,
2772 873 2917 920 certa
2966 863 3175 920 dierum
3232 883 3481 923 mensura
3519 877 3577 924 et

1986 949 2302 1004 inchoantur
2345 959 2398 1006 et
2459 963 2751 1022 transeunt,
2811 972 2969 1026 quam
3037 957 3261 1014 fortasse
3317 959 3580 1030 signiﬁcat

1985 1041 2230 1107 modius;
2278 1050 2476 1097 :eterna
2524 1060 2653 1100 vero
2693 1054 2747 1101 et
2793 1047 3090 1117 Spiritualia
3138 1051 3286 1104 nullo
3336 1050 3427 1105 tali
3468 1051 3578 1106 ﬁne

1984 1144 2295 1190 coercentur
2321 1134 2396 1207 (a)
2435 1155 2448 1191 :
2484 1137 2606 1192 Non
2633 1141 2763 1193 enim
2796 1141 2862 1193 ad
2889 1158 3177 1196 mensuram
3201 1143 3287 1196 dat
3306 1141 3445 1197 Deus
3469 1144 3582 1215 spi-
3623 1152 3629 1158 '

1979 1227 2131 1279 ritum
2161 1226 2335 1298 (Joan.
2371 1246 2447 1296 Ill,
2473 1230 2583 1302 54).
2615 1231 2724 1287 Sub
2753 1234 2932 1288 modio
2956 1249 3083 1306 ergo
3109 1235 3380 1290 lucernam
3404 1235 3572 1304 ponit,

1983 1319 2223 1389 quisquis
2265 1321 2439 1376 locem
2487 1323 2640 1378 bonae
2686 1325 2942 1380 doctrinm
2983 1326 3279 1382 commodis
3308 1335 3575 1396 tempora-

1978 1411 2118 1466 iibus
2160 1415 2407 1468 obscurat
2433 1423 2486 1469 et
2514 1414 2662 1485 tegit.
2690 1415 2796 1470 Sed
2825 1434 2976 1488 super
2998 1417 3372 1472 candelabrum.
3401 1417 3576 1488 Super

1979 1503 2356 1559 candelabrum
2382 1513 2581 1571 autem,
2624 1507 2713 1578 qui
2752 1522 2944 1578 corpus
2966 1523 3119 1563 suum
3149 1508 3446 1563 ministerio
3474 1508 3574 1563 Dei

1981 1594 2209 1664 subjicit,
2242 1603 2299 1650 ut
2323 1597 2566 1667 superior
2605 1600 2674 1653 sit
2713 1599 3018 1670 praedicatio
3050 1600 3304 1664 veritatis,
3345 1608 3399 1654 et
3434 1599 3573 1655 infe-

1978 1685 2089 1740 rior
2138 1687 2366 1742 servitus
2410 1689 2650 1758 corporis
2697 1707 2709 1741 :
2765 1706 2859 1762 per
2900 1690 3068 1760 ipsam
3108 1700 3289 1746 tamen
3329 1690 3571 1761 corporis

1978 1779 2282 1834 servitutem
2326 1781 2586 1836 excelsior
2623 1782 2796 1836 luceat
2823 1781 3082 1849 doctrina,
3115 1798 3234 1854 qum
3274 1798 3367 1854 per
3394 1782 3570 1839 ol'ﬁcia

1977 1874 2291 1942 corporalia.
2324 1873 2375 1928 id
2420 1883 2504 1930 est
2546 1891 2638 1945 per
2667 1891 2852 1931 vocem
2882 1886 2937 1932 et
2978 1877 3208 1948 linguam
3247 1885 3302 1932 et
3343 1885 3568 1933 czeteros

1976 1967 2215 2034 corporis
2241 1974 2415 2021 motus
2459 1967 2512 2021 in
2551 1968 2704 2022 bonis
2747 1969 3001 2038 operibus
3031 1969 3328 2022 insinuatur
3352 1967 3567 2024 discen-

1979 2056 2132 2112 tibus.
2164 2058 2333 2127 Super
2360 2059 2734 2114 candelabrum
2773 2076 2901 2131 ergo
2937 2062 3084 2130 ponit
3117 2061 3410 2128 lucernam,
3441 2076 3569 2117 cum

1975 2148 2102 2203 dicit
2143 2149 2448 2220 Apostolus,
2486 2149 2602 2203 Non
2647 2152 2718 2205 sic
2755 2168 2924 2222 pugno
2969 2160 3208 2222 tanquam
3253 2168 3418 2206 aerem
3461 2167 3566 2206 cte-

1977 2245 2130 2308 dens;
2162 2245 2250 2298 sed
2299 2247 2488 2315 castigo
2531 2261 2714 2315 corpus
2744 2261 2930 2311 meum,
2979 2254 3024 2299 et
3067 2245 3289 2299 servituti
3330 2243 3565 2316 subjicio,

1976 2354 2036 2390 ne
2067 2340 2194 2408 forte
2224 2337 2337 2390 aliis
2369 2336 2650 2408 [medicans
2679 2339 2787 2408 ipse
2825 2337 3066 2409 reprobus
3106 2338 3332 2392 inveniar
3372 2335 3414 2411 (l
3442 2335 3561 2394 Cor.

1977 2445 2056 2496 ιιι,
2085 2430 2176 2497 26,
2209 2428 2323 2504 ‘27).
2352 2430 2502 2498 Quod
2542 2445 2670 2484 vero
2709 2431 2802 2494 ait,
2836 2429 2902 2485 Ut
2930 2429 3091 2484 taceat
3117 2429 3344 2484 omnibus
3387 2431 3470 2500 qui
3506 2429 3564 2483 in

1975 2520 2124 2575 domo
2165 2532 2303 2586 sunt,
2351 2521 2566 2576 domum
2608 2531 2732 2591 puto
2759 2521 2949 2576 dictam
2983 2522 3362 2576 habitationem
3393 2521 3565 2576 homi-

1977 2629 2121 2679 num,
2168 2613 2218 2667 id
2263 2622 2345 2669 est
2384 2614 2555 2684 ipsum
2605 2615 2886 2682 mundum,
2920 2621 3135 2685 propter
3173 2614 3224 2668 id
3274 2613 3415 2684 quod
3467 2628 3564 2668 su-

1977 2705 2154 2774 [terius
2199 2705 2291 2769 ait,
2335 2704 2429 2759 Vos
2478 2706 2593 2759 estis
2632 2706 2800 2759 lumen
2842 2705 3015 2758 mundi
3055 2722 3073 2759 :
3119 2713 3207 2758 aut
3263 2704 3308 2758 si
3341 2703 3561 2758 domum

1974 2795 2199 2867 quisque
2223 2797 2334 2850 vult
2377 2797 2620 2866 accipere
2651 2796 2966 2864 Ecclesium,
2997 2812 3093 2852 nec
3123 2796 3226 2851 hoc
3264 2804 3346 2851 est
3374 2795 3564 2850 absur-

1974 2887 2116 2941 dum.

2045 2981 2268 3039 CAPUT
2311 2983 2622 3039 ιιι-ιε.
2669 2984 2757 3040 Sic
2793 2985 2974 3051 luceat,
3024 2983 3211 3054 inquit,
3257 2981 3424 3035 lumen
3471 2997 3559 3035 ve-

1975 3085 2135 3128 strum
2160 3093 2329 3130 coram
2350 3077 2650 3143 hominibus,
2681 3085 2734 3130 ut
2758 3078 2954 3131 videant
2982 3077 3110 3130 bona
3135 3077 3270 3146 facta
3299 3082 3479 3139 vestra,
3514 3082 3562 3127 et

1976 3166 2255 3236 gloriﬁcent
2292 3166 2500 3222 Patrem
2526 3179 2740 3222 vestrum
2769 3169 2852 3237 qui
2889 3170 2943 3221 in
2969 3169 3103 3223 εαξΙίε
3131 3176 3221 3221 est.
3245 3167 3301 3222 Si
3333 3173 3565 3220 tantum-

1975 3259 2133 3311 modo
2169 3259 2390 3324 diceret,
2435 3261 2523 3314 Sic
2564 3261 2724 3313 luceat
2748 3263 2917 3313 tamen
2953 3271 3166 3315 vestrum
3206 3277 3375 3313 coram
3401 3260 3566 3314 homi-

1977 3350 2140 3414 nibus,
2171 3359 2223 3403 ut
2263 3351 2458 3404 videant
2489 3351 2616 3404 bona
2643 3357 2777 3420 facta
2804 3363 2963 3405 vestra
2980 3371 2999 3417 ;
3037 3354 3193 3406 linem
3223 3352 3565 3407 constituisse

1977 3442 2242 3496 videretur
2273 3443 2322 3496 in
2353 3443 2594 3497 laudibus
2625 3443 2918 3509 hominum,
2955 3459 3086 3515 quas
3120 3452 3363 3516 quaerunt
3391 3445 3564 3514 hypo-

1977 3537 2146 3602 critze,
2177 3545 2230 3591 et
2257 3537 2344 3606 qui
2375 3536 2615 3590 ambiunt
2647 3536 2711 3590 ad
2741 3537 2993 3604 honores,
3027 3546 3079 3591 et
3108 3544 3322 3604 captant
3360 3537 3568 3592 inanis-

1977 3627 2165 3680 simam
2193 3628 2436 3697 gloriam.
2483 3626 2675 3681 Contra
2699 3643 2833 3698 quos
2859 3627 3069 3682 dicitur.
3109 3647 3126 3678 ι
3162 3627 3217 3683 Si
3243 3627 3416 3682 adhuc
3465 3627 3566 3683 ho-

1977 3718 2207 3772 minibus
2230 3718 2515 3789 placerem,
2546 3718 2737 3772 Christi
2767 3733 2951 3773 servus
2975 3733 3077 3771 non
3109 3733 3281 3772 essem
3310 3739 3327 3770 ι
3363 3716 3567 3786 (Gatat.

1978 3824 2013 3871 1,
2049 3806 2137 3877 l0)
2192 3826 2203 3859 :
2235 3818 2288 3863 et
2325 3825 2420 3878 per
2448 3808 2792 3878 prophetam,
2828 3827 2846 3860 ι
2880 3808 2978 3875 Qui
3008 3809 3308 3865 hominibus
3332 3809 3562 3878 placent,

1976 3899 2183 3953 confusi
2221 3908 2364 3965 sunt,
2398 3901 2518 3971 quia
2549 3900 2686 3954 Deus
2716 3899 2862 3954 nihili
2887 3899 3006 3954 fecit
3034 3899 3182 3963 illos;
3216 3918 3234 3951 ι
3267 3909 3320 3954 et
3347 3900 3563 3966 iterum,

1985 4009 2001 4040 (
2035 3990 2175 4044 Deus
2215 3990 2473 4062 confregit
2499 4006 2616 4045 ossa
2657 3990 2961 4044 hominibus
2988 3990 3304 4060 placentium
3335 4010 3353 4042 ι
3389 3989 3562 4065 (Psal.

1979 4097 2068 4147 LII,
2118 4081 2171 4152 0)
2225 4102 2236 4135 :
2289 4093 2342 4138 et
2396 4098 2605 4138 rursum
2663 4082 2980 4151 Apostolus,
3034 4100 3052 4130 ι
3103 4081 3218 4136 Non
3275 4065 3566 4136 efﬁciamur

1979 4172 2150 4226 inanis
2191 4173 2370 4244 gloriae
2397 4173 2570 4244 cupidi
2602 4191 2620 4224 ι
2655 4170 2850 4242 (Galat.
2881 4188 2932 4237 ν,
2957 4171 3083 4242 26);
3114 4180 3167 4226 ct
3193 4172 3305 4241 ipse
3345 4173 3562 4236 iterum,

1982 4282 1999 4315 ι
2037 4265 2230 4320 Probet
2254 4275 2426 4320 autem
2459 4281 2514 4319 se
2545 4264 2725 4331 homo,
2759 4273 2811 4320 ct
2838 4273 2962 4317 tunc
2991 4265 3042 4318 in
3069 4265 3354 4334 semetipso
3397 4264 3564 4319 habe-

1977 4359 2054 4413 bit
2082 4358 2327 4428 gloriam,
2371 4368 2422 4411 et
2461 4373 2566 4411 non
2595 4357 2645 4410 in
2687 4358 2854 4410 altero
2883 4374 2901 4405 ι
2940 4354 3048 4426 (Id.
3080 4372 3150 4420 vt,
3179 4356 3255 4425 4).
3288 4354 3403 4410 Non
3433 4371 3562 4427 ergo

1978 4459 2181 4503 tantum
2223 4448 2370 4513 dixit,
2413 4468 2430 4498 ι
2461 4456 2518 4501 ιιι
2557 4448 2768 4502 videant
2815 4447 2950 4500 bona
2982 4445 3120 4500 facta
3168 4454 3378 4511 vestra;
3415 4465 3432 4496 ι
3468 4445 3566 4500 sed

1977 4541 2197 4606 addidit,
2237 4560 2253 4591 ι
2282 4549 2334 4594 et.
2359 4541 2653 4611 gloriﬁcent
2681 4540 2888 4593 Patrem
2918 4546 3150 4594 vestrum
3195 4539 3281 4608 qui
3327 4539 3378 4592 in
3410 4539 3566 4594 caelis

1978 4643 2091 4690 est:
2117 4654 2134 4685 ι
2164 4644 2216 4687 ιιι
2241 4633 2341 4688 hoc
2368 4635 2537 4704 ipsum
2568 4634 2706 4706 quod
2739 4634 2898 4688 homo
2929 4649 3020 4704 per
3043 4635 3182 4687 bona
3209 4649 3368 4704 opera
3394 4634 3567 4704 placet

1981 4727 2304 4793 hominibus,
2349 4743 2454 4781 non
2503 4728 2570 4781 ibi
2617 4727 2774 4782 ﬁnem
2819 4728 3106 4780 constituat
3154 4734 3210 4780 ut
3257 4726 3565 4780 hominibus

1979 4819 2211 4888 placeat;
2243 4818 2336 4872 sed
2381 4819 2571 4873 referat
2601 4820 2699 4873 hoc
2733 4817 2798 4872 ad
2841 4818 3049 4872 laudem
3083 4819 3195 4884 Dei,
3227 4826 3280 4870 et
3323 4827 3566 4886 prepter-

1976 4926 2037 4964 ea
2087 4910 2290 4978 placeat
2350 4910 2650 4964 hominibus
2713 4920 2769 4963 ut
2809 4911 2860 4964 in
2901 4911 2988 4964 illo
3035 4908 3360 4978 gloriﬁcetur
3398 4907 3563 4962 Deus.

1977 5001 2090 5056 Hoc
2115 5003 2256 5056 enim
2302 5001 2638 5058 laudantibus
2659 5002 2890 5071 expedit,
2928 5011 2983 5055 ut
3009 5017 3111 5054 non
3140 5000 3432 5066 hominem,
3463 5001 3562 5056 sed

1976 5094 2143 5148 Deum
2174 5093 2437 5146 honorent
2469 5111 2481 5145 :
2509 5095 2646 5147 sicut
2694 5094 2746 5145 in
2788 5095 2901 5162 ipso
2930 5092 3141 5145 homine
3177 5093 3264 5162 qui
3311 5093 3562 5162 portaha-

1975 5193 2060 5240 tur
2089 5185 2128 5252 ί,
2166 5185 2418 5238 Dominus
2462 5184 2711 5248 ostendit,
2759 5184 2844 5237 ubi
2890 5185 3161 5238 admirata:
3203 5185 3367 5239 turbae
3407 5201 3560 5255 para-

1975 5279 2138 5349 lytico
2188 5287 2373 5333 sanato
2420 5278 2640 5330 virtutes
2672 5276 2806 5346 ejus,
2837 5276 2974 5330 sicut
3021 5277 3072 5330 in
3115 5277 3398 5347 Evangelio
3426 5277 3562 5332 scri-

1977 5379 2119 5442 ptum
2157 5379 2256 5434 est,
2294 5389 2311 5420 ι
2346 5369 2657 5423 Timuerunt
2687 5381 2741 5424 et
2787 5370 3214 5439 gloriﬁcaverunt
3256 5371 3439 5438 Detnn,
3469 5370 3562 5444 qui

1973 5464 2116 5518 dedit
2145 5470 2460 5532 potestatem
2507 5462 2662 5516 talem
2706 5461 3006 5516 hominibus
3040 5483 3056 5514 ι
3109 5463 3318 5533 (Matth.
3363 5480 3434 5528 Ix,
3478 5466 3557 5537 8).

1975 5555 2138 5624 Cujus
2165 5555 2397 5609 imitator
2423 5555 2695 5624 apostolus
2724 5555 2916 5610 Paulus
2944 5555 3072 5610 dicit
3100 5573 3112 5608 :
3150 5575 3167 5608 ι
3208 5556 3436 5611 Tantum
3463 5572 3559 5611 au-

2038 5734 2053 5759 ι
2082 5735 2133 5800 In
2145 5727 2375 5800 undecim
2401 5736 2503 5776 Mss.
2527 5735 2584 5800 et
2602 5729 2647 5777 in
2670 5729 2816 5800 editis
2841 5739 2936 5784 em.
2964 5737 3016 5782 et
3038 5737 3133 5791 Er.,
3157 5745 3299 5796 quem
3318 5733 3555 5800 portabat.

1975 5791 2102 5853 Apud
2121 5797 2250 5847 Maia,
2277 5802 2415 5851 quem
2431 5791 2680 5851 portabant

2034 5852 2106 5911 (a)
2130 5859 2144 5900 l
2171 5859 2370 5902 Itetract.
2396 5865 2498 5908 can.
2533 5852 2603 5906 19.
2629 5867 2659 5901 ιι
2704 5855 2748 5904 ὅ.
