3888 6350
371 350 508 406 19.39

367 472 475 518 tem
504 460 778 517 audientes
802 468 955 517 erant
981 460 1229 531 quoniam
1259 460 1347 532 qui
1386 460 1667 531 aliquando
1700 474 1798 515 nos
1824 474 1946 530 per—

365 553 704 623 sequebatur,
738 569 875 607 nunc
917 553 1241 623 evangelizat
1284 552 1442 607 ﬁdem
1483 567 1639 622 quam
1667 552 1947 622 aliquando

365 643 624 710 vastabat;
641 645 761 699 etin
783 658 867 698 me
886 643 1246 714 gloriﬁcabant
1265 641 1705 713 Deumt(GaIat.r,
1720 642 1812 709 25,
1827 643 1943 714 ει).

437 738 525 794 19.
557 738 903 808 Posteaquam
941 752 1069 808 ergo
1107 736 1411 792 cohortatus
1458 744 1541 791 est
1575 737 1851 792 audientes
1890 745 1948 791 ut

361 846 425 888 se
480 837 842 901 prmpararent
880 828 947 883 ad
989 828 1167 883 omnia
1214 826 1521 882 snStinenda
1575 842 1672 897 pro
1725 827 1946 882 veritate

365 932 526 992 atque
563 920 789 990 justitia,
831 928 885 974 et
922 928 979 974 ut
1017 934 1124 974 non
1154 917 1542 974 absconderant
1565 918 1763 974 bonum
1803 917 1947 989 quod

364 1010 633 1080 accepturi
679 1017 849 1077 erant,
895 1009 988 1066 sed
1040 1025 1102 1064 ea
1154 1009 1526 1069 benevolentia
1571 1009 1859 1076 discerent,
1888 1017 1947 1063 ut

363 1112 587 1158 cmteros
614 1102 889 1170 docerent,
917 1118 1021 1158 non
1064 1102 1131 1157 ad
1172 1101 1382 1157 laudem
1416 1117 1589 1165 suam,
1618 1100 1710 1157 sed
1730 1102 1797 1157 ad
1825 1102 1943 1171 glo-

365 1195 501 1249 riam
526 1195 617 1251 Dei
647 1195 783 1250 hona
813 1209 905 1250 sua
936 1210 1097 1266 opera
1133 1192 1460 1258 referentes;
1495 1192 1681 1263 incipit
1718 1206 1810 1247 cos
1832 1191 1942 1261 jam

363 1284 648 1341 informare
680 1294 735 1340 et
755 1285 962 1341 docere
1002 1284 1129 1355 quid
1169 1284 1423 1348 doceant,
1453 1292 1700 1353 tanquam
1725 1281 1771 1336 si
1797 1297 1945 1352 qua:-

364 1386 543 1431 rerent
580 1377 817 1432 dicentes
850 1396 863 1431 :
901 1376 1039 1432 Ecce
1086 1376 1331 1430 volumus
1372 1382 1428 1430 et
1465 1375 1640 1429 omnia
1680 1373 1945 1428 sustinere

362 1484 463 1538 pro
489 1477 578 1523 tuo
611 1468 844 1535 nomine,
876 1478 930 1524 et
958 1469 1253 1522 doctrinam
1284 1476 1426 1521 tuam
1453 1482 1557 1520 non
1580 1463 1942 1529 abscondere;

359 1560 456 1615 sed
494 1560 621 1632 quid
661 1570 742 1615 est
778 1559 882 1615 hoc
911 1561 1081 1631 ipsum
1108 1559 1248 1630 quod
1275 1567 1424 1614 vetas
1467 1556 1741 1622 abscondi,
1770 1563 1826 1610 et
1850 1569 1945 1624 pro

362 1668 470 1723 quo
506 1652 660 1723 juhes
688 1653 864 1707 omnia
896 1652 1145 1707 tolerari?
1186 1649 1440 1720 numquid
1479 1649 1580 1703 alia
1620 1648 1859 1702 dicturus
1886 1660 1946 1702 es

366 1751 554 1799 contra
583 1758 643 1798 ea
673 1759 789 1813 quce
811 1743 863 1797 in
888 1742 1028 1812 Lege
1047 1742 1237 1811 scripta
1266 1741 1420 1796 sunt?
1442 1740 1577 1802 Non,
1612 1739 1797 1809 inquit.
1834 1736 1945 1791 Νο-

362 1835 452 1889 lite
480 1835 623 1891 enim
653 1845 847 1906 putare,
880 1836 1115 1904 quoniam
1140 1835 1250 1889 veni
1279 1834 1466 1888 solvere
1496 1830 1678 1903 Legem
1707 1838 1793 1884 aut
1820 1828 1947 1884 Pro-

363 1931 540 2000 phetas
565 1943 577 1982 :
601 1945 701 1983 non
725 1928 836 1981 veni
854 1928 1061 1994 solvere,
1085 1927 1172 1980 sed
1195 1925 1421 1996 implere.

431 2019 656 2077 CAPUT
702 2017 830 2073 Vlll.
859 2049 928 2057 —
964 2017 1054 2072 20.
1096 2016 1151 2070 ln
1184 2017 1282 2071 hac
1313 2015 1573 2070 sententia
1612 2028 1802 2069 sensus
1842 2012 1944 2069 du-

358 2110 485 2180 plex
514 2118 628 2174 est;
666 2107 954 2163 secundum
997 2115 1280 2177 utrumque
1311 2104 1639 2159 tractandum
1678 2115 1778 2159 est.
1810 2104 1945 2160 Nam

361 2201 448 2271 qui
479 2199 624 2260 dicit,
650 2197 772 2253 Non
793 2199 902 2253 veni
922 2198 1110 2252 solvere
1130 2195 1332 2267 Legem,
1355 2196 1443 2249 sed
1463 2193 1702 2265 implere;
1737 2202 1827 2248 aut
1844 2195 1942 2249 ad-

361 2291 537 2347 dendo
562 2291 686 2345 dicit
713 2290 855 2361 quod
886 2289 1059 2344 minus
1089 2288 1264 2352 habet,
1297 2296 1389 2342 aut
1416 2286 1658 2342 faciendo
1682 2288 1822 2357 quod
1849 2288 1943 2345 ha-

360 2380 453 2438 bet
476 2400 489 2435 :
514 2381 642 2436 illud
662 2396 788 2451 ergo
807 2381 949 2452 prius
968 2378 1385 2443 consideremus,
1410 2378 1550 2449 quod
1575 2379 1742 2448 primo
1769 2380 1939 2449 posui.

360 2474 494 2530 Nam
523 2475 614 2545 qui
662 2473 808 2529 addit
850 2473 991 2544 quod
1051 2473 1224 2527 minus
1249 2471 1437 2536 habet,
1480 2487 1584 2527 non
1615 2473 1797 2543 utique
1835 2475 1944 2529 sol-

362 2567 439 2621 vit
467 2566 609 2637 quod
639 2565 875 2631 invenit,
924 2564 1015 2620 sed
1046 2565 1214 2636 magis
1254 2564 1577 2634 perﬁciendo
1615 2564 1937 2621 confirmat:

369 2668 424 2714 et
450 2658 567 2713 ideo
587 2658 841 2729 sequitur,
859 2667 912 2713 et
932 2657 1250 2726 dicit,Amen
1276 2658 1387 2711 dico
1412 2657 1566 2724 vobis,
1595 2658 1753 2713 donec
1777 2669 1942 2715 trans-

359 2762 438 2806 eat
465 2753 639 2807 aetum
666 2762 711 2806 et
740 2760 894 2819 terra,
922 2752 1022 2805 iota
1044 2767 1200 2804 unum
1226 2761 1312 2804 aut
1337 2766 1467 2805 unus
1491 2767 1622 2821 apem
1648 2768 1749 2807 non
1777 2762 1943 2809 trans-

359 2845 425 2897 iet
452 2860 483 2895 α
508 2842 657 2913 Lege,
698 2842 858 2896 donec
908 2841 1075 2895 omnia
1112 2842 1259 2908 ﬁant.
1289 2840 1421 2894 Dum
1451 2839 1592 2895 enim
1628 2841 1759 2896 ﬁunt
1781 2842 1941 2899 etiam

358 2936 448 2991 illa
475 2951 592 3006 qua:
616 2935 880 2991 adduntur
906 2933 974 2989 ad
1003 2933 1404 3004 perfectionem,
1432 2933 1599 2990 multo
1623 2935 1790 3005 magis
1809 2935 1945 2991 ﬁunt

357 3028 448 3082 illa
471 3043 587 3097 qum
611 3027 884 3096 praemissa
905 3033 1027 3081 sunt
1045 3026 1111 3080 ad
1139 3026 1549 3081 inchoationem.
1581 3026 1731 3094 Quod
1760 3036 1939 3084 autem

358 3120 428 3173 ait
445 3161 462 3185 ,
492 3119 609 3173 Iota
638 3137 810 3183 unum,
840 3129 926 3173 aut
949 3136 1077 3173 unus
1103 3135 1235 3189 apex
1260 3136 1361 3172 non
1384 3119 1588 3172 transiet
1614 3135 1647 3171 a
1674 3118 1827 3189 Lege,
1860 3121 1941 3174 ni-

358 3208 434 3264 hil
462 3217 639 3279 potest
663 3208 804 3264 aliud
830 3208 1051 3278 intelligi
1076 3208 1176 3262 nisi
1205 3207 1490 3262 vehemens
1516 3208 1789 3277 expressio
1817 3224 1941 3279 per;

357 3299 603 3356 fectionis
625 3298 723 3371 (α),
751 3298 963 3370 quando
985 3314 1080 3369 per
1100 3298 1302 3353 litteras
1321 3297 1555 3369 singulas
1578 3298 1939 3357 demonstrata

360 3399 444 3444 est
476 3408 487 3445 :
517 3391 655 3444 inter
680 3405 812 3461 quas
849 3389 1051 3445 litteras
1079 3389 1186 3443 iota
1216 3390 1392 3445 minor
1416 3399 1499 3445 est
1527 3391 1736 3446 castoris
1758 3433 1774 3456 ,
1816 3392 1940 3462 quia

358 3499 465 3538 uno
488 3483 650 3538 ductu
683 3486 775 3550 tit;
813 3499 948 3554 apex
974 3492 1151 3538 autem
1192 3492 1274 3538 est
1300 3483 1457 3539 etiam
1487 3483 1653 3552 ipsius
1686 3484 1857 3553 aliqua
1886 3484 1940 3539 in

360 3588 568 3628 summa
607 3575 882 3644 particula.
915 3573 1118 3641 Quibus
1158 3574 1336 3629 verbis
1364 3573 1597 3628 ostendit
1625 3575 1676 3628 in
1708 3574 1848 3645 Lege
1873 3576 1941 3633 ad

358 3665 603 3721 effectum
631 3666 789 3720 etiam
818 3665 1033 3720 minima
1060 3680 1283 3736 qumque
1325 3664 1559 3735 perduci.
1590 3665 1791 3721 Deinde
1816 3666 1942 3722 sub-

357 3753 470 3826 iicit
503 3774 514 3809 :
550 3754 648 3822 Qui
680 3757 811 3811 enim
840 3756 1037 3811 solverit
1072 3772 1231 3809 unum
1272 3756 1334 3809 de
1371 3756 1623 3811 mandatis
1650 3756 1758 3811 istis
1794 3759 1942 3823 mini-

309 3841 321 3877 i
358 3847 472 3909 mis,
499 3855 546 3898 et
573 3847 795 3899 docuerit
823 3846 895 3899 sic
920 3847 1144 3900 homines
1167 3887 1182 3912 ,
1212 3846 1448 3901 minimus
1485 3846 1738 3903 vocabitur
1775 3850 1940 3905 inre-

358 3957 459 4010 gno
485 3940 739 3993 cmlorum.
769 3935 1013 3992 Mandata
1042 3951 1170 4006 ergo
1204 3938 1420 3992 minima
1462 3939 1825 4009 signiﬁcantur
1848 3955 1942 4009 per

360 4045 523 4083 unum
554 4028 660 4083 iota
683 4037 738 4083 et
757 4044 920 4083 unum
942 4029 1163 4098 apicem.
1189 4027 1289 4095 Qui
1310 4044 1438 4098 ergo
1462 4031 1661 4083 solverit
1687 4041 1733 4083 et
1757 4030 1941 4085 docue-

360 4121 428 4173 rit
456 4118 527 4171 sic
553 4159 566 4183 ,
598 4116 651 4172 id
678 4128 760 4173 est
782 4160 797 4185 ,
827 4117 1115 4173 secundum
1144 4117 1196 4171 id
1226 4117 1365 4187 quod
1395 4118 1572 4184 solvit,
1610 4134 1714 4172 non
1745 4133 1938 4174 secun-

361 4209 486 4265 dum
516 4209 566 4264 id
596 4209 737 4280 quod
766 4209 965 4264 invenit
992 4218 1047 4264 et
1076 4209 1220 4281 legit,
1249 4209 1485 4263 minimus
1512 4209 1765 4262 vocabitur
1791 4211 1845 4264 in
1870 4227 1941 4264 rc-

361 4318 461 4374 gno
494 4302 731 4355 caelorum
765 4316 783 4355 :
808 4310 861 4355 et
888 4299 1108 4357 fortasse
1136 4300 1256 4355 ideo
1282 4293 1386 4355 non
1416 4300 1519 4355 erit
1544 4300 1594 4354 in
1634 4316 1799 4371 regno
1827 4318 1940 4357 cm—

361 4396 535 4451 lorum
561 4435 577 4461 ,
620 4394 706 4448 ubi
738 4394 837 4448 nisi
865 4395 1039 4463 magni
1079 4409 1198 4449 esse
1227 4408 1330 4446 non
1373 4402 1611 4463 possunt.
1645 4392 1745 4458 Qui
1773 4403 1938 4451 autem

360 4486 534 4558 fecerit
560 4495 607 4539 et
640 4486 863 4539 docuerit
891 4486 962 4539 sic
990 4484 1064 4556 (b)
1088 4525 1100 4549 ,
1131 4483 1233 4539 hoe
1270 4492 1353 4539 est
1375 4526 1390 4547 ,
1428 4485 1516 4554 qui
1544 4500 1650 4539 non
1677 4485 1936 4554 solverit,

362 4587 416 4631 et
435 4577 676 4632 docuerit
696 4577 773 4632 sic
793 4620 808 4644 ,
837 4572 1125 4632 secundum
1152 4576 1202 4631 id
1228 4575 1366 4646 quod
1388 4590 1491 4629 non
1523 4576 1699 4644 solvit,
1728 4594 1940 4649 magnus

362 4669 617 4723 vocabitur
640 4668 691 4720 in
714 4684 865 4738 regno
900 4669 1157 4721 caelorum.
1185 4666 1284 4732 Qui
1313 4681 1444 4721 vero
1482 4681 1703 4735 magnus
1726 4669 1939 4722 vocabi-

360 4768 450 4813 tur
478 4757 529 4810 in
560 4771 726 4827 regno
755 4758 1031 4818 caelorum.
1059 4757 1297 4827 sequitur
1325 4764 1382 4811 ut
1409 4757 1567 4811 etiam
1598 4757 1668 4812 sit
1695 4757 1745 4813 in
1776 4774 1940 4828 regno

363 4849 644 4917 cmlorum,
674 4865 778 4919 quo
810 4848 984 4919 magni
1015 4847 1360 4902 admittuntur
1387 4866 1398 4901 :
1427 4847 1494 4902 ad
1523 4847 1624 4903 hoc
1649 4848 1791 4904 enim
1821 4866 1941 4922 per-

360 4945 497 5001 tinet
525 4942 665 5014 qnod
691 4942 948 5011 sequitur.

432 5033 657 5091 CAPUT
697 5033 788 5089 IX.
818 5064 890 5074 —
914 5024 1004 5087 21:
1050 5030 1171 5085 Dico
1198 5032 1328 5086 enim
1353 5033 1507 5100 vobis,
1530 5037 1646 5103 quia
1667 5036 1765 5089 nisi
1782 5036 1938 5091 abun-

361 5129 554 5183 daverit
568 5129 769 5201 justitia
787 5136 949 5181 vestra
977 5127 1088 5197 plus
1107 5142 1259 5197 quant
1280 5125 1571 5180 Scribarum
1592 5137 1635 5180 et
1656 5126 1940 5184 Pltariswo-

359 5235 475 5274 rum
495 5262 511 5287 ,
539 5235 638 5272 non
680 5217 929 5272 intrabitis
953 5217 1007 5271 in
1038 5233 1248 5287 regnum
1274 5217 1509 5272 caelorum
1543 5216 1637 5272 :id
1668 5226 1749 5272 est
1772 5260 1786 5284 ,
1836 5218 1938 5273 nisi

359 5327 467 5370 non
507 5313 677 5366 solum
721 5309 810 5364 illa
849 5310 1063 5363 minima
1101 5307 1258 5378 Legis
1298 5319 1559 5379 prteccpta
1593 5309 1938 5378 impleveritis

361 5419 480 5475 qum
502 5401 753 5457 inchoant
773 5399 1063 5465 hominem,
1092 5398 1187 5454 sed
1211 5399 1368 5453 etiam
1397 5399 1493 5453 ista
1523 5415 1641 5470 qua:
1679 5415 1707 5453 a
1735 5415 1821 5453 me
1845 5397 1937 5454 ad-

363 5495 564 5551 duntur
587 5535 602 5562 ,
630 5495 719 5565 qui
746 5507 852 5548 non
890 5493 1013 5549 veni
1038 5492 1242 5548 solvere
1266 5491 1459 5563 Legem
1481 5532 1494 5559 ,
1542 5491 1635 5548 sed
1677 5493 1896 5564 implere
1919 5534 1934 5560 ,

446 5727 496 5796 b5
513 5739 563 5781 In
585 5744 744 5796 graeco
766 5727 966 5796 legebat,
984 5727 1222 5796 cumam-0
1242 5731 1391 5778 cum.
1598 5734 1619 5746 ..
1642 5728 1764 5755 ,μη
1800 5738 1805 5743 ,
1829 5730 1838 5739 .

327 5680 331 5684 ’
427 5672 500 5732 (a)
523 5680 538 5721 t
571 5676 778 5732 nctraet.
801 5679 905 5732 cap.
927 5667 1006 5727 t9,
1030 5667 1148 5732 n._3.

430 5674 479 5722 'a
523 5680 538 5721 I
571 5676 773 5721 Retraet.
801 5679 905 5732 cap.
927 5674 1006 5727 t9,
1030 5681 1080 5717 n.
1099 5674 1139 5716 5.

424 5674 500 5858 Ξῡξ
513 5739 563 5781 tn
585 5744 744 5796 graeco
766 5730 966 5793 legebat
984 5727 1111 5788 outo,
1131 5740 1139 5791 1

449 5807 476 5843 c
523 5800 537 5841 ι
563 5799 764 5844 Retract.
784 5805 889 5853 cap.
918 5790 994 5852 19,
1019 5804 1067 5839 n.
1095 5789 1139 5839 4.

1206 346 1293 402 DE
1331 343 1651 402 SERMONE
1693 341 1924 400 DOMINI
1964 342 2030 399 IN
2068 326 2338 413 nom,
2360 343 2417 399 s.
2458 342 2821 403 aucusruu

3504 351 3671 412 12w

2055 472 2162 512 non
2186 457 2450 514 intrabitis
2468 459 2522 513 in
2541 474 2762 531 regnum
2782 458 3040 516 caelorum
3063 459 3160 534 (c).
3181 461 3289 531 Sed
3307 462 3445 522 dicis
3463 465 3621 524 mihi
3642 487 3663 524 :

2055 548 2113 604 Si
2138 548 2205 604 de
2232 549 2335 604 illis
2360 549 2619 606 mandatis
2645 551 2874 607 minimis
2892 566 3015 607 cum
3035 555 3280 625 superius
3304 556 3663 628 loqueretur.

2053 638 2190 694 dixit
2236 640 2514 695 minimum
2561 642 2739 699 vocari
2788 642 2843 697 in
2885 658 3052 714 regno
3092 645 3351 702 emlorum
3397 649 3667 721 quisquis

2053 747 2216 788 unum
2249 748 2435 790 eorum
2476 735 2712 800 solverit,
2742 744 2798 791 et
2823 736 3113 793 secundum
3138 753 3289 795 suam
3318 741 3666 801 solutionem

2052 820 2322 890 docuerit;
2364 840 2610 895 magnum
2645 837 2823 884 autem
2852 829 3030 883 vocari
3061 830 3302 901 quisquis
3328 847 3392 887 ea
3424 831 3664 903 fecerit,

2052 923 2107 969 et
2128 914 2205 969 sic
2234 915 2496 984 docuerit,
2528 927 2580 972 et
2605 933 2671 973 ex
2698 932 2764 974 eo
2788 919 2895 989 iam
2935 921 2987 975 in
3015 936 3178 992 regno
3204 923 3467 980 ccelorum
3495 926 3665 983 futu-

2053 1022 2168 1061 rum
2195 1021 2315 1062 esse
2341 1009 2463 1077 quia
2499 1024 2720 1080 magnus
2747 1022 2831 1066 est
2861 1030 2875 1065 :
2904 1012 3031 1083 quid
3063 1029 3197 1084 opus
3223 1024 3309 1071 est
3334 1016 3461 1072 addi
3498 1034 3664 1088 prse-

2054 1095 2223 1165 ceptis
2253 1096 2411 1167 Legis
2437 1098 2690 1164 minimis,
2719 1100 2765 1156 si
2784 1100 2894 1171 jam
2917 1101 2970 1157 in
2996 1118 3163 1173 regno
3181 1105 3444 1163 caelorum
3469 1120 3665 1178 potest

2052 1202 2172 1243 esse
2198 1229 2214 1256 ,
2245 1189 2367 1261 quia
2400 1206 2626 1262 magnus
2655 1203 2738 1249 est
2763 1194 3001 1265 quisquis
3026 1211 3090 1252 ea
3119 1197 3325 1265 fecerit,
3353 1208 3411 1255 et
3436 1201 3519 1256 sic
3549 1202 3658 1259 do.

2052 1281 2266 1336 cuerit?
2292 1283 2625 1354 Quapmpter
2653 1284 2732 1340 sic
2760 1294 2844 1341 est
2870 1286 3176 1357 accipienda
3204 1289 3294 1345 illa
3335 1294 3613 1348 sententia
3639 1335 3655 1362 ,

2055 1373 2155 1438 Qui
2182 1382 2349 1428 autem
2374 1377 2545 1448 fecerit
2581 1385 2630 1430 et
2670 1375 2896 1431 docuerit
2920 1379 2995 1433 sic
3012 1421 3028 1445 ,
3059 1396 3269 1448 magnus
3303 1384 3573 1438 vocabitur
3602 1387 3659 1443 in

2052 1478 2207 1532 regno
2232 1462 2467 1518 cmlorum
2494 1480 2512 1518 :
2536 1464 2588 1520 id
2616 1474 2735 1535 est,
2782 1482 2892 1523 non
2917 1469 3207 1525 secundum
3248 1471 3338 1526 illa
3373 1473 3606 1532 minima
3631 1518 3649 1542 ,

2052 1552 2146 1607 sed
2174 1554 2464 1609 secundum
2506 1572 2568 1611 ea
2602 1573 2720 1628 qua:
2760 1574 2860 1629 ego
2897 1560 3137 1617 dicturus
3170 1578 3311 1619 sum.
3355 1564 3489 1635 Quae
3516 1578 3653 1624 sunt

2050 1653 2226 1698 autem
2254 1644 2396 1700 ista?
2426 1645 2495 1702 Ut
2522 1646 2754 1703 abundet
2775 1649 3002 1719 justitia,
3048 1653 3239 1724 inquit,
3269 1666 3451 1713 vestra
3477 1672 3650 1729 super

2052 1734 2359 1793 Scribarum
2395 1746 2451 1793 et
2489 1738 2918 1808 Pharisaeorum;
2945 1746 3069 1815 quia
3105 1747 3209 1802 nisi
3255 1749 3649 1821 abundaverit,

2052 1844 2159 1883 non
2187 1830 2450 1887 intrabitis
2478 1830 2531 1886 in
2562 1848 2781 1904 regnum
2821 1836 3099 1893 emlornm.
3129 1839 3268 1911 Ergo
3294 1842 3388 1913 qui
3414 1844 3649 1902 solverit

2051 1920 2140 1975 illa
2173 1921 2411 2010 minima,
2445 1933 2498 1979 et
2521 1924 2599 1980 sic
2631 1926 2889 1995 docuerit,
2918 1931 3169 1988 minimus
3196 1936 3475 1992 vocabitur
3503 1956 3518 1992 :
3553 1940 3650 2010 qui

2040 2000 2436 2095 autemifecerit
2472 2014 2559 2070 illa
2600 2018 2852 2087 minima,
2893 2029 2948 2075 et
2969 2022 3046 2077 sic
3071 2022 3311 2081 docuerit
3335 2007 3493 2095 ,lnon
3527 2000 3645 2097 jam

2049 2116 2272 2173 magnus
2297 2103 2574 2161 habendus
2599 2117 2684 2163 est
2710 2118 2766 2164 et
2789 2108 3008 2166 idoneus
3030 2128 3195 2184 regno
3217 2118 3520 2185 castorum;
3546 2121 3645 2176 sed

2051 2202 2230 2249 tamen
2258 2211 2363 2250 non
2393 2206 2499 2250 tam
2530 2199 2781 2255 minimus
2807 2217 2961 2272 quam
2991 2203 3078 2259 ille
3104 2207 3192 2275 qui
3218 2208 3379 2264 solvit
3408 2227 3423 2263 :
3457 2219 3516 2265 ut
3540 2226 3641 2266 au-

2051 2292 2155 2338 tem
2185 2285 2255 2339 sit
2278 2302 2501 2357 magnus
2525 2297 2682 2359 atque
2710 2290 2785 2345 illi
2826 2308 2990 2363 regno
3026 2303 3214 2364 aptus,
3254 2297 3437 2356 facere
3482 2302 3645 2360 debet

2048 2382 2102 2429 et
2127 2374 2340 2437 docere,
2370 2377 2505 2431 sicut
2529 2376 2775 2434 Christus
2800 2397 2939 2437 nunc
2960 2383 3136 2451 docet,
3163 2385 3214 2441 id
3244 2397 3347 2453 est,
3380 2398 3442 2444 ut
3465 2391 3643 2447 abun-

2048 2463 2138 2519 det
2166 2465 2373 2533 justitia
2408 2470 2526 2537 ejus
2572 2483 2733 2539 super
2773 2470 3079 2529 Scribarum
3122 2486 3177 2531 et
3218 2477 3640 2539 Pharisaaornm.
3716 2478 3724 2485 ’

2047 2556 2261 2611 Justitia
2301 2558 2690 2616 Pharisaeorum
2725 2573 2807 2618 est
2830 2606 2845 2627 ,
2890 2573 2944 2620 ut
2978 2581 3084 2622 non
3122 2570 3405 2638 occidant;
3432 2572 3643 2643 justiti:

2048 2662 2233 2702 eorum
2264 2651 2353 2719 qui
2384 2649 2628 2706 intraturi
2658 2661 2780 2707 sunt
2816 2655 2867 2708 in
2898 2671 3116 2727 regnum
3144 2658 3257 2724 Dei,
3288 2671 3347 2716 ut
3389 2678 3497 2718 non
3531 2665 3643 2721 ira-

2048 2750 2264 2795 scantur
2287 2742 2403 2796 sine
2432 2757 2590 2798 causa
2622 2764 2635 2799 :
2667 2745 2942 2802 minimum
2968 2761 3050 2804 est
3069 2766 3195 2821 ergo
3217 2768 3323 2808 non
3348 2756 3636 2826 occidere;

2052 2843 2107 2887 et
2134 2835 2222 2903 qui
2255 2834 2382 2889 illud
2410 2837 2646 2903 solverit,
2670 2839 2918 2895 minimus
2942 2843 3217 2899 vocabitur
3245 2847 3296 2901 in
3325 2863 3495 2919 regno
3521 2865 3637 2906 cce-

2046 2923 2219 2979 10rum
2250 2945 2264 2979 :
2294 2926 2386 2997 qui
2424 2939 2600 2982 autem
2631 2929 2756 2984 illud
2798 2932 3095 3001 impleverit
3131 2944 3187 2990 ut
3230 2952 3334 2993 non
3377 2940 3631 3011 occidat,

2045 3032 2152 3071 Ion
2179 3020 2429 3073 continuo
2451 3036 2671 3092 magnus
2700 3023 2802 3077 erit
2828 3024 3130 3103 et‘idoneus
3154 3044 3319 3100 regno
3345 3032 3629 3103 oculorum,

2046 3110 2140 3165 sed
2167 3119 2342 3165 tamen
2372 3113 2610 3166 ascendit
2644 3114 2874 3184 aliquem
2901 3118 3157 3195 gradum;
3193 3124 3489 3190 perficietur
3524 3143 3631 3182 an-

2045 3210 2175 3268 tem,
2203 3202 2248 3256 si
2278 3217 2376 3256 nec
2407 3202 2665 3260 irascatur
2699 3205 2815 3260 sine
2836 3222 2992 3263 causa
3023 3228 3037 3264 :
3062 3211 3205 3280 quod
3230 3212 3277 3268 si
3307 3215 3585 3284 perfecerit
3608 3261 3627 3285 ,

2045 3293 2215 3348 multo
2240 3295 2496 3349 remotior
2521 3297 2622 3350 erit
2648 3297 2715 3351 ab
2741 3297 3045 3354 homicidio.
3068 3303 3400 3376 Quapropter
3419 3309 3509 3378 qui
3529 3308 3628 3363 do-

2045 3393 2132 3440 cet
2158 3393 2215 3439 ut
2242 3400 2344 3440 non
2378 3386 2703 3454 irascamur,
2750 3404 2855 3444 non
2898 3392 3057 3447 solvit
3080 3392 3273 3465 Legem
3319 3412 3387 3453 ne
3413 3400 3625 3456 occida-

2044 3491 2183 3542 mus,
2211 3476 2302 3531 sed
2331 3477 2510 3546 implet
2536 3479 2708 3547 potius
2728 3520 2742 3545 ,
2784 3489 2841 3535 ut
2868 3490 2922 3536 et
2966 3481 3090 3538 foris
3114 3484 3237 3540 dum
3281 3503 3387 3543 non
3426 3491 3622 3547 occidi-

2045 3582 2203 3634 mus,
2250 3576 2304 3622 ct
2340 3569 2392 3622 in
2431 3570 2591 3625 corde
2634 3570 2759 3627 dum
2804 3588 2912 3628 non
2931 3573 3227 3644 irascimur,
3269 3578 3622 3641 innocentiam

2045 3657 2426 3713 custodiamus.

2114 3750 2203 3804 22.
2235 3751 2461 3805 Audistis
2484 3767 2612 3823 ergo
2631 3793 2645 3818 ,
2681 3754 2884 3824 inquit,
2910 3759 3031 3826 quia
3058 3760 3246 3814 dictant
3269 3773 3344 3816 est
3371 3767 3615 3836 antiquis,

2046 3841 2167 3897 Non
2196 3843 2391 3897 occides
2413 3860 2431 3897 :
2451 3846 2537 3913 qui
2555 3856 2717 3899 autem
2737 3849 2990 3918 occiderit,
3008 3852 3207 3922 judicio
3236 3872 3353 3911 reus
3377 3859 3489 3913 erit.
3512 3859 3617 3931 Ego

2043 3943 2209 3987 autent
2241 3934 2353 3987 dico
2381 3933 2517 3987 vobis
2541 3976 2555 3999 ,
2596 3938 2714 4004 quia
2753 3941 2915 3994 omnis
2951 3943 3038 4007 qui
3070 3943 3304 4000 irascitur
3342 3951 3493 4021 fratri
3529 3968 3615 4006 suo

2044 4024 2151 4076 sine
2170 4040 2324 4076 cattsa
2347 4065 2361 4088 ,
2400 4041 2513 4079 reus
2541 4026 2631 4079 erit
2661 4028 2860 4098 judicio
2887 4047 2906 4084 :
2933 4032 3019 4098 qui
3042 4043 3211 4089 autem
3251 4037 3436 4093 dixerit
3476 4043 3616 4114 fratri

2043 4129 2154 4175 suo,
2180 4112 2375 4178 [lac/ta,
2395 4131 2507 4169 reus
2531 4117 2622 4170 erit
2641 4120 2851 4173 concilio
2874 4137 2893 4174 :
2911 4123 2998 4189 qui
3015 4133 3178 4179 autem
3203 4126 3406 4195 dixerit,
3434 4112 3608 4202 Fatue,

2044 4221 2159 4259 reus
2187 4206 2279 4259 erit
2305 4206 2545 4276 gehemue
2566 4209 2717 4280 ignis.
2741 4210 2874 4278 Quid
2898 4211 3117 4269 interest
3139 4216 3275 4272 inter
3304 4235 3453 4275 reum
3478 4223 3610 4293 judi-

2044 4298 2147 4363 cio,
2177 4307 2231 4352 et
2254 4311 2402 4353 reum
2432 4300 2690 4367 concilio,
2724 4311 2778 4355 et
2817 4318 2965 4360 reum
2993 4307 3253 4375 gehennae
3279 4310 3458 4381 ignis?
3489 4313 3617 4371 Nam

2044 4390 2147 4444 hoc
2174 4398 2502 4459 postremum
2523 4393 2890 4461 gravissimum
2919 4406 3091 4465 sonat,
3116 4408 3169 4454 et
3190 4400 3445 4458 admonet
3463 4420 3611 4476 quos-

2044 4478 2165 4534 dam
2196 4479 2392 4550 gradus
2422 4481 2588 4536 factos
2610 4497 2640 4536 a
2668 4482 2953 4540 levioribus
2978 4487 3043 4541 ad
3068 4491 3330 4560 graviora,
3357 4492 3524 4550 donec
3548 4496 3608 4551 ad

2042 4570 2343 4643 gehennam
2372 4575 2507 4645 ignis
2532 4576 2817 4630 veniretur.
2850 4576 2917 4632 Et
2943 4578 3064 4634 ideo
3092 4582 3136 4636 si
3169 4582 3337 4640 levius
3362 4597 3445 4642 est
3469 4603 3605 4643 reum

2044 4678 2162 4720 esse
2181 4664 2381 4734 judicio
2418 4681 2573 4737 quam
2594 4682 2744 4722 reum
2760 4682 2878 4723 esse
2904 4671 3161 4738 concilio;
3194 4673 3320 4729 item
3346 4675 3511 4732 levius
3533 4688 3606 4735 est

2043 4771 2192 4811 reum
2221 4771 2341 4810 esse
2369 4757 2615 4823 concilio,
2653 4773 2811 4828 quam
2836 4774 2957 4814 esse
2984 4777 3132 4816 reum
3160 4762 3415 4833 geltennze
3444 4766 3601 4837 ignis;

2044 4856 2256 4916 oportet
2272 4846 2440 4902 levius
2468 4862 2589 4903 esse
2604 4848 2928 4918 intelligatur
2946 4850 3101 4905 irasci
3123 4853 3237 4908 sine
3261 4871 3419 4911 causa
3436 4855 3572 4913 fratri
3584 4900 3599 4925 ,

2043 4953 2200 5009 quam
2230 4937 2406 4992 dicere
2433 4938 2610 4992 Racha
2631 4981 2647 5005 ,
2673 4948 2728 4994 et
2752 4956 2937 4995 rursus
2962 4941 3132 4999 levius
3155 4958 3273 5001 esse
3300 4947 3477 5004 dicere
3504 4950 3576 5005 Ra

2045 5030 2139 5083 cita
2162 5071 2176 5096 ,
2203 5043 2359 5099 quam
2381 5028 2559 5083 dicere
2579 5028 2759 5084 Fatue.
2790 5029 2909 5086 Non
2932 5032 3074 5087 enim
3106 5045 3281 5092 reatus
3308 5038 3423 5108 ipse
3450 5039 3573 5097 habe

2043 5129 2125 5175 ret
2153 5118 2366 5191 gradus,
2396 5119 2494 5175 nisi
2524 5120 2780 5192 gradatim
2807 5128 2966 5178 etiam
2992 5136 3205 5195 peccata
3230 5142 3597 5188 commemora-

2043 5221 2248 5266 rentur.

2114 5302 2203 5358 ‘25.
2250 5301 2425 5360 Unum
2470 5314 2645 5361 autem
2684 5306 2771 5362 hic
2801 5307 3023 5364 verbum
3060 5310 3347 5371 obscurum
3382 5325 3595 5386 posutum

2044 5405 2147 5464 est,
2177 5397 2300 5468 quia
2326 5410 2424 5453 nec
2450 5411 2679 5468 graecum
2711 5414 2808 5455 nec
2832 5399 3048 5456 latinum
3073 5411 3155 5458 est
3177 5401 3353 5459 Recita
3376 5423 3397 5461 :
3423 5417 3599 5466 cetera

2044 5502 2172 5543 vero
2201 5488 2253 5542 in
2282 5503 2532 5544 sermone
2559 5500 2742 5547 nostro
2768 5493 2957 5549 usitata
2985 5503 3126 5550 sunt.
3167 5495 3415 5553 Nonnulli
3438 5512 3600 5560 autem

2044 5577 2113 5633 de
2154 5594 2328 5649 graeco
2356 5580 2567 5638 trahere
2607 5583 2894 5639 voluerunt
2936 5585 3420 5655 interpretationem
3459 5591 3600 5662 hujus

2046 5670 2213 5737 vocis,
2239 5679 2482 5741 putantes
2507 5688 2798 5744 pannosum
2824 5674 2925 5731 dici
2949 5675 3144 5746 Recita,
3167 5680 3415 5749 quoniam
3439 5697 3598 5753 grates

2046 5774 2255 5835 pannus
2280 5766 2417 5832 ῥάκος
2445 5762 2636 5820 dicitur
2666 5783 2679 5818 :
2711 5781 2738 5819 a
2769 5766 2959 5837 quibus
3002 5776 3173 5825 tamen
3198 5785 3317 5826 eum
3358 5773 3597 5845 quatitur
