3888 6308
205 383 357 442 12M

200 511 345 583 quid
368 508 572 565 dicatur
596 517 766 578 grrece
790 511 1077 573 pannosus,
1097 509 1200 550 non
1231 489 1554 562 respondent
1581 487 1794 546 Raetia,-

201 581 412 658 deinde
429 608 607 670 posset
636 595 827 651 latinus
847 593 1112 660 interpres
1133 587 1218 642 ubi
1240 584 1415 656 posuit
1441 581 1636 642 Bac/ta,
1661 594 1794 648 pau-

201 708 410 750 nasum
443 705 661 763 ponere,
691 703 788 742 nec
815 687 888 741 uti
916 684 1078 740 verbo
1101 681 1239 752 quod
1269 687 1320 732 et
1349 677 1402 731 in
1429 675 1585 730 latina
1620 673 1795 742 lingua

145 855 149 860 ν
199 787 422 844 nullum
453 785 561 851 sit,
605 790 658 838 et
695 783 749 837 in
776 795 946 851 graeca
977 777 1301 831 inusitatum.
1349 768 1676 825 Probabilius
1714 774 1796 820 est

139 863 144 872 ’
200 893 349 950 ergo
375 877 516 949 quod
543 875 721 931 audivi
750 889 782 928 a
807 870 1032 942 quodam
1065 866 1306 930 Ilebraso,
1336 879 1456 919 cum
1489 861 1537 915 id
1563 862 1794 916 interro-

199 986 427 1043 gassem
477 989 490 1024 :
531 968 662 1023 dixit
701 966 841 1021 enim
887 978 1004 1018 esse
1043 977 1226 1017 vocem
1267 973 1372 1013 non
1415 955 1796 1026 significantem

199 1065 415 1140 aliquid
438 1106 456 1132 ,
488 1062 581 1118 sed
611 1058 930 1138 indignantis
962 1056 1122 1110 animi
1160 1061 1358 1108 motum
1387 1051 1792 1117 exprimentem.

203 1159 328 1214 Has
356 1154 749 1225 interjectiones
778 1149 1104 1222 grammatici
1131 1152 1321 1199 vocant
1368 1140 1649 1211 particulas
1678 1153 1798 1192 ora-

201 1251 380 1305 tionis
427 1247 781 1318 signihcantes
827 1239 1076 1297 commoti
1128 1235 1290 1290 animi
1333 1233 1578 1288 affectum
1609 1249 1622 1285 :
1654 1232 1800 1285 velut
1853 1293 1868 1300 _.

202 1358 342 1398 eum
369 1341 561 1396 dicitur
581 1353 610 1392 a
637 1338 879 1400 dolente,
907 1333 1019 1388 Heu
1043 1348 1058 1396 ;
1088 1329 1169 1384 vel
1204 1329 1271 1382 ab
1301 1328 1561 1382 irascente
1586 1366 1600 1387 ,
1640 1325 1793 1378 IIem.

201 1434 350 1502 Qum
376 1447 532 1487 voces
560 1441 890 1500 quarumque
919 1424 1213 1494 linguarum
1241 1428 1367 1475 sunt
1406 1418 1632 1490 propriae
1655 1431 1682 1482 ,'
1700 1431 1798 1470 nec

202 1528 268 1582 in
318 1525 476 1579 aliam
527 1522 754 1591 linguam
796 1517 945 1572 facile
981 1513 1368 1570 transferuntur
1415 1529 1428 1563 :
1481 1526 1597 1580 qua:
1639 1523 1798 1564 causa

204 1618 406 1686 utique
433 1614 605 1684 coegit
632 1621 736 1667 tam
765 1624 993 1681 gra'cum
1023 1609 1362 1676 interpretem
1393 1618 1550 1674 quam
1581 1602 1798 1656 latinum

204 1725 409 1766 vocem
437 1708 603 1777 ipsam
645 1717 864 1774 ponere,
893 1716 1011 1756 cum
1041 1697 1307 1770 quomodo
1333 1711 1451 1750 eam
1482 1695 1798 1762 interpreta-

206 1814 372 1861 retur
396 1817 501 1857 non
534 1798 812 1855 inveniret.

288 1896 382 1950 24.
411 1891 616 1950 Gradus
645 1893 819 1961 itaque
849 1897 971 1944 sunt
1000 1888 1052 1942 in
1092 1886 1208 1941 istis
1233 1884 1462 1955 peccatis
1486 1925 1500 1948 ,
1533 1891 1590 1937 ut
1632 1882 1802 1951 primo

206 1989 448 2062 quisque
474 1986 754 2050 irascatur,
784 1992 838 2038 et
863 1997 983 2037 eum
1013 1987 1212 2035 motum
1242 1979 1466 2034 retineat
1488 1975 1650 2030 corde
1674 1990 1804 2030 con-

209 2089 436 2151 ceptum
473 2099 487 2134 :
521 2078 630 2146 jam
675 2076 721 2132 si
769 2073 1052 2130 extorserit
1091 2087 1272 2126 vocem
1326 2067 1647 2136 indignantis
1691 2067 1803 2134 ipsa

175 2169 531 2248 ___commotio,
560 2183 666 2222 non
693 2166 1078 2236 significantem
1099 2161 1316 2232 aliquid,
1342 2160 1435 2216 sed
1467 2159 1614 2213 illum
1641 2157 1803 2211 animi

153 2251 156 2256 ’
209 2270 428 2319 motum
459 2260 572 2329 ipsa
599 2259 875 2329 eruptione
903 2266 1205 2328 testantem,
1230 2269 1332 2324 qua
1359 2253 1578 2307 feriatur
1605 2251 1692 2305 ille
1717 2251 1802 2305 cui

210 2353 505 2415 irascitur;
540 2351 656 2421 plus
681 2359 762 2406 est
787 2349 967 2418 utique
990 2363 1146 2418 quam
1174 2340 1220 2400 si
1241 2360 1464 2415 surgens
1489 2344 1562 2397 ira
1591 2343 1805 2398 silentio

211 2451 561 2516 premeretur
590 2459 602 2495 :
639 2443 685 2496 si
714 2456 840 2496 vero
870 2455 974 2494 non
1005 2439 1174 2494 solum
1218 2451 1319 2492 vox
1357 2435 1680 2505 indignantis
1702 2449 1805 2487 au-

211 2541 402 2595 diatur
421 2581 436 2604 ,
465 2537 558 2592 sed
584 2537 742 2592 etiam
769 2534 988 2590 verbum
1025 2547 1129 2602 quo
1151 2531 1259 2600 jam
1287 2539 1485 2584 certam
1526 2528 1642 2597 ejus
1671 2527 1807 2580 vitu-

213 2631 555 2703 perationem
587 2629 640 2683 in
667 2641 821 2697 quem
845 2624 1131 2696 profertur,
1162 2621 1402 2691 designet
1424 2628 1476 2674 et
1497 2626 1664 2679 notet,
1689 2617 1807 2687 quis

211 2723 432 2780 dubitet
455 2721 681 2790 amplius
715 2719 816 2773 hoc
841 2733 978 2782 esse,
1007 2731 1164 2787 quam
1194 2715 1237 2768 si
1264 2714 1406 2768 solus
1432 2710 1806 2781 indignationis

212 2830 392 2873 sonus
427 2811 716 2870 ederetur?
744 2811 924 2880 Itaque
954 2809 1004 2862 in
1049 2807 1218 2877 primo
1245 2821 1407 2860 unum
1448 2813 1564 2867 est,
1597 2802 1650 2857 id
1683 2812 1765 2857 est
1788 2844 1803 2869 ,

213 2912 299 2966 ira
329 2908 476 2971 sola;
506 2907 560 2961 in
585 2903 816 2959 secundo
842 2902 970 2968 duo,
1000 2910 1054 2955 et
1083 2899 1180 2966 ira,
1203 2907 1255 2954 et
1286 2913 1381 2953 vox
1420 2912 1538 2966 quae
1568 2895 1698 2949 iram
1735 2894 1810 2948 si-

211 3000 478 3073 gnificat;
518 2999 568 3053 in
597 3000 752 3052 tertio
780 2995 899 3064 tria,
926 3002 980 3048 et
1013 2993 1111 3061 ira,
1138 3001 1192 3047 et
1218 3007 1319 3045 vox
1347 3005 1464 3059 quae
1491 2989 1622 3042 iram
1648 2986 1808 3057 signi-

215 3095 390 3148 ﬁcat:
431 3100 487 3147 et
519 3091 571 3146 in
607 3105 738 3144 voce
775 3090 1088 3158 ipsa,certae
1137 3084 1538 3154 vituperationis
1583 3096 1806 3152 expres-

219 3189 328 3243 sio.
363 3184 494 3238 Vide
524 3198 662 3237 nunc
701 3182 859 3236 etiam
907 3191 1012 3235 tres
1054 3188 1231 3233 reatus
1255 3219 1268 3241 ,
1297 3176 1479 3246 jndicii
1505 3218 1518 3239 ,
1557 3173 1804 3238 concilii,

219 3277 488 3350 gehennzn
527 3273 679 3343 ignis.
713 3270 842 3326 Nam
873 3271 924 3325 in
949 3269 1149 3338 judicio
1174 3267 1348 3321 adhuc
1377 3266 1671 3321 defensioni
1711 3264 1807 3318 da-

222 3378 316 3426 tur
346 3367 493 3421 locus
523 3382 537 3420 :
565 3365 616 3418 in
657 3362 882 3417 concilio
907 3369 1084 3414 autem
1125 3372 1424 3428 quanquam
1464 3365 1519 3410 et
1551 3355 1807 3424 judicium

221 3477 352 3521 esse
381 3459 568 3518 soleat.
599 3467 773 3512 tamen
799 3455 921 3525 quia
947 3455 1205 3508 interesse
1232 3449 1428 3518 aliquid
1456 3447 1556 3503 hoc
1584 3447 1703 3502 loco
1731 3447 1809 3500 fa-

225 3553 336 3609 teri
360 3552 500 3622 cogit
541 3551 650 3620 ipsa
677 3546 948 3602 distinctio
971 3586 985 3611 ,
1016 3543 1222 3597 videtur
1247 3540 1311 3595 ad
1337 3540 1616 3595 concilium
1645 3537 1809 3608 perti-

227 3660 365 3703 nere
391 3642 669 3698 senteutiie
699 3639 958 3710 prolatio;
989 3635 1200 3707 quando
1247 3649 1350 3689 non
1396 3634 1504 3702 jam
1535 3646 1658 3686 cum
1695 3631 1812 3700 ipso

228 3753 331 3796 reo
365 3737 573 3807 agitur,
618 3743 793 3788 utrum
835 3729 1165 3786 damnandus
1193 3728 1302 3795 sit,
1347 3726 1442 3782 sed
1480 3726 1616 3779 inter
1643 3739 1701 3778 se
1723 3724 1812 3793 qui

225 3829 472 3902 judicant
519 3827 796 3882 conferunt
840 3838 946 3894 quo
993 3819 1251 3891 supplicio
1295 3817 1536 3873 damnari
1573 3823 1815 3886 oporteat

230 3935 396 3993 quem
423 3926 630 3974 constat
653 3931 770 3971 esse
794 3913 1149 3970 damnandum
1180 3927 1192 3962 :
1223 3909 1464 3978 gehenna
1495 3922 1621 3963 vero
1658 3906 1810 3976 ignis,

233 4029 339 4070 nec
364 4011 756 4066 damnationem
788 4008 943 4062 habet
968 4006 1204 4068 dubiam,
1232 4004 1368 4058 sicut
1389 4002 1674 4071 judicium;
1716 4014 1816 4055 nec

232 4104 474 4160 damnati
511 4115 743 4171 penam,
775 4099 912 4151 sicut
935 4097 1246 4158 concilium;
1281 4095 1331 4146 in
1357 4093 1598 4161 gehenna
1622 4091 1818 4160 quippe

235 4196 379 4268 ignis
406 4203 548 4249 certa
581 4200 665 4248 est
687 4202 741 4245 et
763 4190 1033 4244 damnatio
1062 4196 1117 4242 et
1142 4200 1297 4257 pmna
1325 4184 1578 4238 damnati.
1621 4182 1817 4236 Viden-

236 4298 331 4342 tur
358 4300 485 4355 ergo
505 4283 662 4354 aliqui
682 4281 877 4351 gradus
896 4280 946 4333 in
969 4277 1199 4350 peccatis
1216 4285 1269 4330 et
1287 4277 1336 4328 in
1365 4282 1512 4329 reatu
1543 4290 1556 4328 :
1581 4271 1674 4328 sed
1697 4271 1818 4342 qui-
1870 4327 1871 4330 η

236 4381 346 4437 bus
371 4377 542 4432 modis
587 4373 915 4430 invisibiliter
957 4369 1306 4425 exhibeantur
1332 4368 1348 4398 ¹
1376 4365 1580 4422 meritis
1617 4364 1820 4419 anima-

235 4485 361 4527 rum
383 4509 401 4536 ,
427 4467 547 4539 quis
568 4472 740 4536 potest
763 4461 978 4517 dicere?
999 4457 1330 4514 Audiendum
1351 4466 1433 4512 est
1451 4459 1629 4526 itaque
1649 4469 1820 4524 quan-

239 4570 358 4616 tum
378 4558 585 4614 intersit
607 4558 741 4612 inter
757 4554 1012 4623 justitiam
1035 4550 1448 4615 Pharisaaorum,
1467 4559 1522 4604 et
1540 4551 1691 4603 istam
1711 4562 1822 4603 ma-

235 4656 412 4726 jorem
444 4668 561 4723 qum
595 4653 646 4706 in
677 4664 894 4721 regnum
918 4648 1172 4703 caelorum
1203 4644 1507 4708 introducit,
1538 4642 1680 4712 quod
1700 4659 1819 4697 cum

240 4748 311 4802 sit
349 4747 560 4816 gravius
595 4742 836 4798 occidere
859 4755 1015 4812 quam
1046 4738 1207 4794 verbo
1237 4739 1471 4806 irrogare
1499 4735 1817 4802 convicium,

242 4837 316 4894 ibi
337 4836 534 4890 occisio
557 4849 708 4890 reum
731 4831 1083 4902 facitjudicio,
1102 4827 1187 4883 hic
1215 4839 1390 4882 autem
1424 4829 1502 4882 ira
1529 4827 1652 4882 facit
1673 4842 1822 4882 reum

237 4927 478 4998 judicio,
509 4926 650 4996 quod
682 4923 840 4978 trium
874 4923 1082 4977 illorum
1127 4928 1463 4991 peccatorum
1495 4919 1820 4974 levissimum

242 5029 332 5076 est
355 5037 368 5073 :
392 5019 513 5090 quia
532 5018 639 5072 illic
655 5016 998 5090 quaestionem
1017 5014 1284 5070 homicidii
1302 5014 1440 5068 inter
1450 5012 1693 5068 homines
1713 5012 1825 5082 agi-

243 5114 457 5177 tabant;
488 5111 573 5165 hic
608 5119 785 5163 autem
816 5109 990 5162 omnia
1015 5105 1194 5161 divino
1227 5105 1426 5175 judicio
1445 5104 1780 5158 dimittuntur
1805 5143 1818 5169 ,

245 5204 336 5258 ubi
367 5202 485 5257 finis
509 5200 880 5256 damnatorum
907 5207 986 5252 est
1006 5197 1245 5266 gehenna
1277 5194 1431 5265 ignis.
1459 5193 1710 5263 Quisquis
1729 5207 1824 5247 au-

245 5303 353 5349 tem
383 5293 573 5348 dixerit
591 5290 731 5363 quod
756 5289 998 5359 graviore
1021 5287 1278 5357 supplicio
1305 5287 1356 5340 in
1396 5287 1597 5355 majore
1615 5287 1820 5355 justitia

250 5385 464 5455 punitur
493 5382 832 5437 homicidium
852 5422 867 5447 ,
900 5380 942 5434 si
968 5378 1207 5449 gebenna
1231 5379 1368 5449 ignis
1397 5381 1608 5448 punitur
1636 5378 1820 5434 convi-

248 5475 411 5540 cium,
433 5473 576 5544 cogit
595 5471 814 5543 intelligi
839 5486 958 5527 esse
982 5468 1307 5525 differentias
1330 5468 1715 5540 gehennarum.

319 5565 409 5622 25‘.
442 5564 582 5620 Sane
622 5564 674 5617 in
720 5563 886 5618 tribus
930 5562 1045 5617 istis
1069 5561 1350 5617 sententiis
1378 5560 1678 5616 subauditio
1706 5577 1820 5618 ver-

250 5657 439 5714 borum
487 5655 734 5711 intuenda
785 5663 885 5709 est.
938 5654 1106 5712 Habet
1149 5655 1291 5710 enim
1347 5655 1514 5724 prima
1562 5655 1823 5712 sententia

252 5842 281 5883 ὃ
299 5772 488 5886 ἐξῇ,
508 5765 820 5821 exhibeantur
842 5779 1009 5832 paena.
1035 5769 1196 5831 Abest,
1215 5782 1384 5834 prima,
1402 5769 1578 5835 abaliis
1602 5771 1759 5836 editis,
1777 5778 1829 5824 et

1588 359 1790 419 LIBER
1828 356 2097 418 PRIMUS.

3337 361 3477 422 12ιί

1904 479 2079 534 omnia
2102 478 2257 534 verba
2281 479 2599 547 necessaria,
2620 487 2679 534 ut
2698 476 2826 533 nihil
2847 476 3190 534 subaudiatur
3218 494 3230 534 :
3261 477 3360 546 Qui
3374 481 3478 534 ira-

1902 574 2075 636 scitur,
2101 572 2288 642 inquit,
2320 573 2467 643 fratri
2507 587 2599 626 suo
2640 573 2748 626 sine
2784 588 2972 636 causa,
3007 587 3122 626 reus
3148 571 3239 625 erit
3253 572 3476 643 judicia.

1903 663 1962 718 In
1989 663 2217 718 secunda
2246 679 2373 718 vero
2397 677 2516 718 cum
2542 663 2646 727 ait,
2683 661 2781 727 Qui
2803 672 2965 715 autem
2995 662 3175 717 dixerit
3196 662 3344 734 fratri
3364 679 3478 728 suo,

1905 753 2103 821 Bac/ia,
2131 753 2458 820 subauditur,
2497 754 2612 808 sine
2644 768 2803 807 causa
2829 793 2844 818 ,
2875 761 2929 807 et
2954 753 3023 806 ita
3066 753 3333 822 jungitur,
3363 770 3479 807 reus

1904 849 1996 902 erit
2019 847 2228 901 concilio
2257 845 2357 917 (a).
2384 845 2500 900 Jam
2530 846 2582 900 in
2607 845 2755 900 tertia
2785 844 2872 898 ubi
2897 844 2991 906 ait,
3025 842 3126 910 Qui
3149 853 3312 896 niuem
3341 844 3483 897 dixe-

1903 942 1969 996 rit
1997 983 2010 1006 ,
2044 940 2209 994 Fatue
2231 982 2245 1007 ,
2275 939 2380 994 duo
2408 938 2793 994 subaudiuntur
2817 979 2832 1004 ,
2869 945 2924 992 et
2953 936 3100 991 fratri
3127 951 3246 1001 suo,
3283 947 3334 990 et
3360 935 3476 990 sine

1906 1047 2088 1089 causa.
2121 1032 2231 1087 Hoc
2253 1041 2335 1087 est
2361 1031 2497 1085 unde
2525 1028 2855 1093 defenditur,
2892 1027 3032 1098 quod
3060 1028 3347 1098 Apostolus
3375 1025 3482 1082 Ga-

1905 1125 2039 1180 latas
2069 1133 2221 1178 voeat
2246 1123 2432 1176 stultos
2460 1119 2650 1192 (Galat.
2682 1135 2768 1183 III,
2811 1119 2868 1188 I)
2891 1159 2907 1184 ,
2939 1131 3072 1189 quos
3101 1118 3261 1171 etiam
3292 1115 3483 1172 fratres

1905 1216 2143 1270 nominat
2174 1232 2186 1268 :
2211 1229 2316 1268 non
2339 1213 2479 1268 enim
2495 1212 2547 1266 id
2568 1211 2692 1266 facit
2710 1211 2824 1265 sine
2839 1223 3018 1264 causa.
3049 1206 3174 1262 Ideo
3199 1216 3372 1261 autem
3396 1206 3482 1261 hic

1905 1309 2070 1363 frater
2083 1305 2474 1361 subaudiendus
2498 1314 2599 1371 est,
2617 1303 2739 1374 quia
2758 1301 2825 1357 de
2848 1299 3060 1355 inimico
3081 1308 3264 1370 postea
3291 1297 3484 1353 dicitur

1904 1394 2170 1471 quomodo
2197 1400 2354 1454 etiam
2381 1398 2494 1468 ipse
2517 1394 2822 1450 tractandus
2848 1393 2918 1448 sit
2947 1392 3145 1462 majore
3167 1391 3390 1461 justitia.

1975 1490 2200 1546 CAPUT
2238 1488 2304 1544 Χ.
2345 1519 2415 1528 —
2454 1486 2546 1542 26.
2598 1485 2800 1542 Deinde
2831 1484 2919 1538 hic
2954 1481 3194 1554 sequitur
3225 1499 3238 1535 :
3268 1479 3330 1536 Si
3366 1495 3484 1550 ergo

1907 1583 2142 1637 obtuleris
2167 1598 2348 1634 munus
2371 1589 2511 1634 tuum
2544 1578 2612 1632 ad
2631 1577 2788 1631 altare
2812 1618 2826 1641 ,
2856 1584 2901 1629 et
2925 1574 3030 1628 illic
3053 1572 3341 1627 recordatus
3366 1571 3482 1640 fue-

1903 1677 1976 1729 ris
1998 1676 2130 1745 quod
2151 1678 2305 1745 frater
2331 1682 2444 1726 tuus
2471 1670 2615 1724 habet
2643 1668 2837 1739 aliquid
2864 1667 3131 1721 adversum
3160 1673 3205 1718 te
3223 1681 3240 1730 ;
3261 1663 3486 1732 relinque

1906 1765 1974 1820 ibi
2002 1782 2181 1819 munus
2213 1774 2353 1818 tuum
2379 1772 2494 1816 ante
2529 1762 2705 1824 altare,
2735 1769 2780 1814 et
2805 1757 2928 1812 vade
2950 1800 2965 1824 ,
2998 1757 3139 1828 prius
3166 1754 3487 1809 reconciliare

1907 1860 2054 1932 fratri
2080 1867 2165 1912 tuo
2194 1858 2212 1890 ¹
2250 1875 2264 1912 :
2295 1864 2340 1910 et
2383 1866 2500 1908 tunc
2530 1854 2727 1908 veniens
2756 1849 2882 1917 oﬁ'er
2919 1864 3102 1903 munus
3143 1858 3301 1901 tuum.
3353 1844 3486 1899 IIinc

1907 1954 2087 2022 utique
2121 1957 2339 2022 apparet
2364 1948 2431 2003 de
2458 1947 2620 2001 fratre
2665 1945 2860 1999 dictum
2901 1939 3182 2011 superius;
3230 1936 3481 2007 quoniam

1909 2046 2166 2103 sententia
2193 2058 2310 2113 qua:
2335 2041 2605 2111 sequitur,
2638 2052 2699 2092 ea
2739 2033 3111 2104 conjunctione
3154 2028 3486 2085 connectitur

1908 2149 1966 2192 ut
1996 2135 2256 2208 superiori
2279 2139 2556 2187 attestetur
2585 2146 2597 2182 :
2627 2144 2733 2183 non
2755 2130 2896 2181 enim
2924 2124 3018 2189 ait,
3042 2122 3098 2177 Si
3125 2132 3301 2176 autem
3327 2117 3486 2173 obtu-

1908 2231 2030 2286 Ieris
2059 2243 2252 2283 munus
2281 2236 2424 2279 tuum
2454 2222 2519 2278 ad
2540 2223 2742 2285 altare;
2782 2217 2875 2274 sed
2901 2217 2993 2283 ait,
3023 2215 3084 2272 Si
3112 2231 3228 2285 ergo
3253 2211 3489 2267 obtuleris

1909 2338 2087 2376 mumts
2117 2330 2257 2373 tuum
2283 2317 2349 2370 ad
2378 2315 2558 2369 altare.
2591 2313 2722 2368 Nam
2751 2311 2796 2364 si
2821 2309 2975 2364 irasci
2998 2306 3078 2361 fas
3097 2320 3203 2360 non
3230 2311 3314 2359 est
3339 2301 3489 2356 fratri

1909 2432 2004 2472 suo
2029 2417 2142 2472 sine
2167 2429 2326 2470 causa
2352 2453 2367 2478 ,
2398 2420 2489 2465 aut
2515 2411 2692 2465 dicere
2732 2407 2909 2463 Racha
2928 2448 2942 2473 ,
2971 2414 3063 2458 aut
3089 2403 3265 2458 dicere
3296 2399 3488 2463 Fatue;

1910 2508 2271 2563 multominus
2298 2505 2378 2559 fas
2397 2512 2480 2558 est
2506 2501 2685 2556 animo
2711 2508 2892 2554 tenere
2916 2494 3114 2565 aliquid
3146 2503 3203 2548 ut
3225 2494 3278 2548 in
3309 2491 3487 2547 odium

1910 2599 2195 2670 indignatio
2220 2602 2579 2652 convertatur.
2611 2591 2728 2660 Quo
2768 2578 2997 2660 pertinet
3025 2588 3182 2642 etiam
3209 2583 3349 2655 quod
3385 2583 3492 2637 alio

1911 2693 2026 2746 loco
2054 2691 2262 2754 dicitur,
2297 2687 2415 2742 Non
2441 2684 2637 2741 occidat
2660 2682 2737 2736 sol
2763 2697 2913 2750 super
2939 2677 3253 2733 iracundiam
3275 2686 3490 2728 vestram

1911 2785 2124 2858 (Ephes.
2150 2799 2224 2850 iv,
2252 2781 2364 2852 26).
2409 2779 2666 2837 Jubemur
2692 2789 2820 2844 ergo
2845 2772 3040 2828 illaturi
3068 2783 3260 2826 munus
3307 2766 3375 2822 ad
3397 2765 3494 2829 ,aI-

1911 2885 2044 2940 tare,
2076 2877 2117 2930 si
2147 2872 2406 2929 recordati
2447 2868 2705 2926 fuerimus
2732 2864 2932 2936 aliquid
2960 2863 3239 2918 adversum
3270 2874 3370 2915 nos
3400 2858 3493 2914 ha-

1909 2969 2036 3023 bere
2065 2967 2300 3030 fratrem,
2330 2977 2523 3019 munus
2549 2968 2672 3014 ante
2710 2959 2874 3012 altare
2916 2956 3215 3026 relinquere
3234 2993 3249 3019 ,
3294 2961 3347 3007 et
3377 2965 3494 3021 per-

1909 3073 2035 3130 gere
2061 3072 2123 3111 ac
2163 3056 2495 3111 reconciliari
2539 3051 2725 3116 fratri,
2769 3047 2960 3105 deinde
3001 3046 3182 3101 venire
3208 3054 3262 3099 et
3299 3059 3494 3099 munus

1910 3150 2123 3204 offerre.
2153 3147 2303 3215 Quod
2347 3147 2391 3200 si
2430 3145 2720 3214 accipiatur
2761 3139 2826 3193 ad
2852 3139 3111 3202 litteram,
3141 3138 3378 3190 fortassis
3401 3135 3493 3188 ali--

1910 3242 2028 3310 quis
2056 3238 2239 3293 credat
2265 3239 2336 3290 ita
2368 3237 2479 3290 fieri
2514 3245 2795 3304 oportene,
2836 3231 2880 3283 si
2919 3242 3154 3298 prmsens
3193 3226 3355 3282 fraler
3397 3227 3489 3292 sit,

1912 3347 2017 3386 non
2041 3329 2182 3384 enim
2204 3327 2400 3382 diutius
2426 3325 2626 3380 differri
2647 3328 2846 3394 potest,
2869 3334 2988 3373 cum
3015 3332 3207 3372 munus
3232 3325 3379 3370 tuum
3409 3332 3465 3370 re
3492 3347 3494 3349 -

1912 3422 2153 3491 linquere
2179 3428 2300 3473 ante
2325 3417 2493 3472 altare
2515 3416 2752 3487 jubearis
2779 3432 2792 3468 :
2823 3413 2865 3468 si
2896 3425 3024 3486 ergo
3051 3407 3119 3470 tle
3146 3407 3386 3479 absente,
3421 3415 3494 3477 et,

1913 3511 2053 3582 quod
2085 3511 2198 3566 fieri
2231 3518 2425 3580 potest,
2458 3508 2616 3562 etiam
2649 3515 2792 3561 trans
2821 3520 2969 3560 mare
2988 3506 3276 3561 constituto
3298 3505 3495 3574 aliquid

1916 3605 2022 3658 tale
2048 3602 2225 3656 veniat
2253 3603 2307 3656 in
2336 3608 2596 3666 mentem,
2618 3597 2904 3653 absurdum
2926 3606 3012 3654 est
3029 3597 3248 3653 credere
3276 3604 3398 3650 ante
3423 3595 3498 3651 al-

1918 3707 2030 3752 tare
2061 3709 2252 3750 munus
2282 3691 2711 3764 relinquendum,
2739 3689 2877 3761 quod
2908 3700 3026 3760 post
3055 3699 3227 3745 terras
3249 3697 3304 3744 et
3331 3688 3498 3744 maria

1916 3795 2185 3858 pererrato
2214 3785 2406 3840 offeras
2430 3783 2558 3838 Deo.
2587 3781 2654 3836 Et
2684 3780 2802 3835 ideo
2829 3793 3052 3849 prorsus
3089 3781 3226 3833 intro
3250 3778 3315 3832 ad
3344 3776 3500 3848 spiri-

1919 3878 2079 3932 tualia
2110 3876 2354 3946 refugere
2383 3875 2642 3945 cogimur,
2669 3881 2730 3928 ut
2755 3871 2855 3926 hoc
2883 3872 3027 3941 quod
3054 3870 3251 3927 dictum
3273 3879 3355 3926 est
3383 3869 3500 3926 sine

1917 3967 2242 4024 absurditate
2269 3966 2435 4037 possit
2460 3964 2698 4035 intelligi.

1989 4062 2078 4116 ‘27.
2137 4061 2317 4115 Allare
2373 4059 2549 4128 itaque
2595 4056 2939 4128 spiritualiter
2986 4057 3048 4122 in
3107 4056 3356 4111 interiore
3404 4054 3499 4111 Dei

1921 4157 2120 4228 templo
2143 4155 2310 4225 ipsam
2352 4153 2508 4208 fidem
2555 4151 2794 4220 accipere
2847 4163 3161 4218 possumus,
3193 4148 3343 4217 cujus
3390 4147 3498 4218 sig-

1922 4265 2047 4304 num
2085 4256 2168 4304 est
2207 4247 2375 4300 altare
2405 4242 2626 4297 visibile.
2669 4240 2952 4310 Quodlibet
2993 4242 3132 4295 enim
3176 4253 3370 4294 munus
3420 4236 3502 4292 of-

1923 4340 2140 4394 ferimus
2168 4338 2299 4400 Deo,
2327 4335 2438 4390 sive
2463 4332 2794 4404 prophetiam
2812 4371 2825 4394 ,
2855 4330 2967 4385 sive
3005 4330 3298 4384 doctrinam
3319 4371 3334 4396 ,
3387 4329 3500 4384 sive

1924 4431 2218 4486 orationem
2240 4470 2254 4494 ,
2283 4427 2395 4482 sive
2419 4426 2672 4496 hymnum
2692 4465 2708 4490 ,
2742 4423 2857 4477 sive
2880 4415 3136 4492 psalmum
3167 4463 3182 4485 ,
3213 4431 3264 4475 et
3292 4421 3335 4476 si
3373 4419 3500 4491 quid

1928 4523 2028 4578 tale
2057 4519 2197 4576 aliud
2226 4517 2578 4588 spiritualium
2619 4514 2883 4569 donorum
2909 4512 3086 4568 animo
3124 4513 3374 4578 occurrit,
3410 4527 3500 4567 ac-

1927 4622 2135 4682 ceptum
2160 4625 2278 4665 esse
2304 4623 2410 4664 non
2438 4615 2612 4678 potest
2643 4607 2772 4670 Deo,
2800 4605 2898 4659 nisi
2931 4603 3050 4658 fidei
3075 4603 3378 4658 sinceritate
3401 4601 3500 4657 ful—

1925 4707 2118 4770 ciatur,
2173 4713 2228 4757 et
2269 4703 2314 4757 ei
2364 4701 2464 4756 fixe
2503 4709 2660 4771 atque
2705 4698 3044 4752 immobiliter
3092 4697 3375 4767 tanquam”
3403 4696 3476 4751 im

1923 4806 2169 4870 ponatur,
2221 4803 2278 4848 ut
2326 4793 2492 4864 possit
2542 4793 2805 4862 integrum
2858 4799 3016 4859 atque
3066 4787 3324 4842 illibatum
3382 4800 3502 4842 esse

1925 4890 2066 4962 quod
2112 4888 2395 4958 loquimur.
2443 4884 2571 4938 Nam
2623 4883 2774 4937 multi
2814 4880 3047 4936 haeretici
3087 4893 3192 4932 non
3246 4876 3500 4932 habentes

1925 4983 2089 5035 altare
2117 5021 2130 5045 ,
2173 4978 2226 5032 id
2266 4985 2348 5032 est
2391 4991 2571 5031 veram
2601 4973 2758 5029 fidem
2783 5015 2796 5038 ,
2845 4968 3200 5039 hlasphemias
3227 4982 3323 5038 pro
3344 4965 3502 5022 laude

1925 5073 2208 5137 dixerunt;
2253 5069 2477 5124 terrenis
2514 5065 2762 5121 videlicet
2807 5060 3145 5132 opinionibus
3197 5059 3500 5130 aggravati,

1925 5175 2104 5220 votum
2155 5177 2305 5217 suum
2350 5170 2598 5229 tanquam
2643 5157 2695 5210 in
2745 5168 2939 5209 terram
2991 5151 3344 5222 projicientes.
3395 5148 3502 5205 Sed

1925 5258 2082 5315 debet
2109 5272 2227 5312 esse
2252 5270 2378 5310 sana
2405 5252 2562 5306 etiam
2593 5249 2863 5304 offerentis
2892 5246 3132 5301 intentio.
3165 5245 3228 5298 Et
3258 5251 3502 5314 pr0pter-

1927 5368 1987 5409 ea
2013 5366 2133 5406 cum
2159 5349 2260 5404 tale
2284 5343 2481 5415 aliquid
2509 5340 2736 5397 oblaturi
2783 5354 2964 5392 sumus
3005 5337 3055 5390 in
3080 5337 3242 5390 corde
3281 5341 3500 5400 nostro,

1929 5445 1979 5500 id
2019 5451 2103 5499 est
2138 5442 2190 5496 in
2232 5438 2482 5494 interiore
2521 5434 2615 5489 Dei
2643 5432 2873 5502 templo;
2915 5427 3181 5499 Templum
3217 5427 3350 5482 enim
3405 5423 3503 5480 Dei

1928 5544 2156 5590 sanctum
2175 5539 2266 5595 est,
2297 5528 2487 5600 inquit,
2517 5525 2651 5599 quod
2675 5524 2792 5579 estis
2819 5539 2904 5578 ros
2931 5521 2974 5593 (l
3001 5519 3119 5577 Cor.
3147 5535 3223 5583 III,
3259 5517 3383 5589 l7);
3427 5524 3501 5585 et,

1994 5647 2011 5679 ι
2038 5653 2134 5694 Am.
2160 5649 2234 5691 Er.
2262 5648 2313 5692 et
2334 5639 2501 5704 plures
2534 5645 2659 5704 Mss,
2687 5631 2992 5685 reconciliari
3019 5628 3163 5704 fratri
3175 5634 3344 5704 fugat
3373 5635 3507 5688 Lov.,

1930 5688 2258 5760 reconciliare.
2269 5688 2489 5770 etiam,
2506 5688 2800 5770 suffragante
2823 5708 3002 5770 ελτιθειεες)2
3014 5688 3363 5770 ,τ

1992 5750 2261 5818 ῗῆἷᾶῖὸῆτξ
2287 5750 2446 5822 addit,
2470 5750 2614 5813 altari
2630 5750 2683 5822 ;”
2703 5771 2764 5809 ua
2786 5750 2906 5810 voce
2923 5750 3089 5808 carent
3110 5750 3274 5823 caeteri
3296 5750 3505 5805 codices.

1992 5831 2070 5878 (αἱ
2093 5836 2111 5878 ι
2134 5833 2335 5878 item.
2362 5838 2464 5878 cap.
2495 5823 2569 5878 I9.
2592 5836 2643 5875 ιι.

1990 5831 2070 5895 '(a)
2093 5836 2111 5882 ι
2134 5833 2335 5885 Retract.
2362 5838 2464 5891 cap.
2495 5823 2569 5886 19,
2592 5836 2643 5875 n.
