3888 6318
444 384 583 443 1245

443 509 508 566 In
550 509 785 564 interiore
827 503 1027 558 homine
1063 499 1286 556 habitare
1329 497 1583 554 Christum
1628 511 1717 569 per
1767 489 1920 560 ﬁdem
1961 485 2016 540 in

440 604 672 660 cordibus
699 599 869 656 vestris
899 595 1109 669 (Ep/tes.
1142 611 1217 664 Ill,
1247 595 1338 664 l7)
1369 614 1380 647 :
1410 593 1454 647 si
1485 592 1535 647 in
1561 598 1792 646 mentem
1816 587 2020 643 venerit

437 695 577 768 quod
604 689 799 762 aliquid
831 689 1023 744 habeat
1047 687 1326 741 adversum
1358 698 1455 739 nos
1490 681 1671 746 frater,
1717 679 1767 735 id
1814 688 1925 745 est,
1972 678 2018 733 si

441 805 537 846 nos
579 803 700 844 eum
733 787 785 844 in
829 784 1005 854 aliquo
1035 781 1306 844 luesimus;
1341 787 1464 832 tunc
1505 776 1649 830 enim
1703 774 1816 844 ipse
1857 771 2019 827 habet

437 882 716 938 adversum
741 892 838 932 nos
870 895 881 930 :
916 891 1035 932 nam
1059 889 1158 929 nos
1188 871 1440 927 adversus
1469 869 1618 924 illum
1650 867 1904 922 habemus
1925 908 1940 934 ,
1970 865 2016 920 si

439 975 526 1031 ille
552 988 652 1030 nos
676 971 811 1028 lmsit
844 988 854 1022 :
883 969 968 1023 ubi
996 983 1100 1022 non
1122 982 1255 1036 opus
1276 973 1358 1020 est
1379 977 1598 1033 pergere
1622 959 1687 1015 ad
1709 958 2018 1016 reconcilia-

437 1067 672 1128 tionem;
705 1077 810 1118 non
853 1061 996 1116 enim
1029 1057 1237 1113 veniam
1265 1055 1555 1128 postulabis
1581 1054 1647 1107 ab
1684 1068 1749 1108 eo
1788 1051 1891 1123 qui‘
1923 1050 2016 1106 tibi

437 1157 562 1214 fecit
587 1154 854 1225 iniuriam,
887 1152 979 1207 sed
1007 1160 1207 1205 tantum
1239 1149 1493 1214 dimittes,
1525 1146 1662 1201 sicut
1692 1144 1786 1200 tibi
1823 1143 2016 1199 dimitti

433 1267 463 1305 a
491 1251 715 1307 Domino
735 1248 884 1318 cupis
909 1288 923 1312 ,
953 1245 1093 1316 quod
1136 1246 1247 1316 ipse
1283 1241 1653 1298 commiseris:
1689 1236 2014 1313 pergendum

438 1355 518 1399 est
538 1359 665 1414 ergo
691 1343 757 1398 ad
785 1339 1293 1405 reconciliationem,
1327 1351 1446 1391 cum
1471 1335 1522 1389 in
1556 1342 1787 1389 mentem
1813 1330 2018 1386 venerit

433 1437 572 1510 quod
599 1452 698 1491 nos
723 1435 857 1490 forte
887 1433 1106 1488 fratrem
1150 1431 1201 1484 in
1250 1431 1428 1499 aliquo
1469 1427 1735 1491 larsimus;
1788 1440 2014 1498 pergen-

433 1533 556 1588 dum
582 1543 758 1588 autem
783 1546 887 1585 non
913 1527 1130 1599 pedibus
1155 1525 1415 1595 corp0ris,
1444 1522 1538 1578 sed
1566 1520 1794 1576 motibus
1825 1517 2010 1584 animi,

437 1632 495 1682 ut
521 1633 570 1678 te
601 1622 782 1678 humili
809 1619 999 1676 affectu
1029 1626 1335 1688 prosternas
1366 1614 1549 1680 fratri,
1578 1613 1642 1666 ad
1671 1625 1828 1683 quem
1854 1608 2015 1664 chara

436 1715 758 1786 cogitatione
783 1711 1082 1768 cucurreris
1104 1751 1116 1774 ,
1141 1711 1192 1764 in
1219 1717 1507 1780 conspectu
1533 1705 1650 1778 ejus
1685 1705 1770 1760 cui
1821 1717 2015 1758 munus

431 1806 706 1861 oblaturus
731 1819 809 1858 es.
843 1803 920 1857 lta
940 1801 1082 1856 enim
1112 1800 1271 1854 etiam
1300 1799 1343 1853 si
1388 1811 1623 1868 prznsens
1662 1796 1763 1862 sit,
1817 1792 2016 1863 poteris

431 1914 552 1954 eum
579 1912 686 1952 non
712 1895 960 1951 simulato
987 1894 1164 1946 animo
1189 1891 1358 1946 lenire
1382 1930 1395 1955 ,
1423 1899 1582 1960 atque
1609 1889 1661 1942 in
1683 1887 1903 1958 gratiam
1932 1900 2017 1939 re-

432 2005 622 2050 vocare
647 1989 852 2044 veniam
887 1984 1232 2056 postulando,
1264 1984 1305 2038 si
1336 1983 1438 2036 hoc
1482 1981 1630 2052 prius
1675 1993 1854 2034 coram
1906 1977 2015 2031 Deo

434 2087 653 2154 ieceris,
696 2099 926 2154 pergens
949 2083 1016 2137 ad
1063 2098 1189 2136 eum
1215 2096 1321 2138 non
1362 2081 1508 2150 pigro
1549 2089 1700 2134 motu
1750 2076 2011 2146 corporis,

431 2178 524 2233 sed
543 2177 823 2233 celerrimo
847 2173 1146 2229 dilectionis
1165 2171 1356 2228 affectu
1379 2188 1394 2237 ;
1423 2178 1582 2240 atque
1607 2169 1730 2224 inde
1775 2168 2010 2232 veniens,

432 2269 482 2325 id
498 2278 600 2333 est,
625 2269 970 2326 intentionem
985 2279 1241 2321 revocans
1257 2263 1322 2318 ad
1341 2263 1391 2317 id
1413 2261 1552 2334 quod
1571 2275 1728 2332 agere
1749 2273 2008 2330 coeperas,

429 2364 620 2418 offeres
646 2376 835 2418 munus
859 2370 1027 2414 tuum.

500 2453 591 2510 38.
632 2453 761 2520 Quis
785 2461 965 2508 autem
993 2451 1094 2505 hoc
1139 2449 1299 2515 facit,
1332 2456 1388 2502 ut
1425 2446 1576 2501 fratri
1627 2460 1724 2502 suo
1768 2445 1851 2500 vel
1908 2437 2013 2500 neti

429 2547 688 2602 irascatur
714 2546 830 2600 sine
857 2558 1036 2609 causa,
1069 2542 1152 2596 vel
1183 2540 1363 2596 Bac/ia
1391 2556 1495 2595 non
1526 2539 1666 2594 dicat
1689 2539 1804 2594 sine
1830 2553 2010 2604 causa,

429 2642 512 2698 vel
536 2657 660 2696 eum
685 2641 881 2694 fatuum
909 2654 1015 2694 non
1040 2637 1272 2707 appellet
1301 2637 1416 2692 sine
1453 2649 1610 2689 causa
1632 2675 1647 2700 ,
1677 2632 1818 2705 quod
1848 2642 2012 2686 totum

429 2733 808 2802 superbissime
829 2729 1154 2794 admittitur;
1186 2729 1270 2785 vel
1301 2727 1436 2783 forte
1464 2727 1511 2782 si
1543 2727 1595 2781 in
1621 2726 1799 2796 aliquo
1821 2724 2013 2778 borum

429 2824 610 2895 lapsus
646 2822 838 2889 fuerit,
885 2821 1025 2893 quod
1070 2830 1154 2878 est
1195 2835 1357 2876 unum
1405 2817 1741 2884 remedium,
1786 2815 2013 2886 supplici

427 2915 604 2970 animo
633 2916 837 2968 veniam
865 2913 1214 2982 deprecetur;
1257 2912 1358 2966 nisi
1406 2909 1644 2981 quisquis
1688 2909 1860 2966 inanis
1898 2909 2013 2978 jac-

429 3007 605 3060 tantiae
651 3006 837 3074 spiritu
885 3021 989 3059 non
1054 3003 1353 3060 inflatur“?
1403 3002 1548 3058 Beati
1589 3018 1716 3072 ergo
1767 3016 2011 3071 pauperes

426 3101 640 3169 spiritu;
665 3100 901 3167 quoniam
940 3100 1163 3166 ipsorum
1193 3106 1264 3149 est
1291 3112 1496 3165 regnum
1541 3096 1800 3148 cartorum.
1857 3093 2009 3147 Nunc

421 3193 532 3260 jam
559 3189 832 3244 videamus
857 3188 995 3258 quod
1019 3187 1283 3258 sequitur.

497 3282 720 3338 CAPUT
748 3282 838 3337 XI.
867 3312 940 3323 -—-
962 3281 1050 3338 29.
1075 3280 1222 3342 Esto,
1249 3279 1418 3349 inquit
1441 3321 1457 3345 ,
1498 3277 1784 3332 adversario
1815 3286 1900 3329 tuo
1927 3276 2010 3328 bc-

423 3379 629 3432 nevolus
658 3379 755 3430 cito
787 3375 905 3429 dum
926 3391 978 3428 es
1003 3375 1052 3427 in
1081 3374 1159 3427 uia
1198 3388 1314 3426 cum
1345 3387 1435 3435 eo;
1475 3387 1537 3424 ne
1571 3357 1699 3439 forte
1745 3379 1789 3423 te
1839 3367 2008 3421 tradat

420 3468 741 3523 adversarius
770 3467 937 3536 judici
959 3507 972 3528 ,
1007 3476 1058 3518 et
1097 3465 1260 3533 judea:
1288 3462 1455 3516 tradat
1495 3472 1544 3516 te
1590 3462 1815 3516 ministro
1837 3502 1850 3525 ,
1878 3470 1922 3513 et
1955 3461 2008 3512 in

418 3575 671 3614 carcerem
716 3558 949 3612 mittaris.
996 3556 1154 3610 Amen
1192 3555 1304 3610 dico
1343 3553 1472 3620 tibi,
1516 3569 1617 3607 non
1665 3554 1795 3610 emiss
1851 3553 2002 3620 inde,

423 3652 579 3706 donec
613 3648 796 3702 reddas
821 3649 1148 3706 novissimum
1177 3648 1526 3717 quadrantem.
1567 3646 1805 3705 Judicem
1851 3647 2007 3699 intel-

423 3744 566 3812 ligo:
596 3740 754 3796 Pater
786 3741 918 3794 enim
963 3756 1062 3795 non
1088 3739 1291 3808 judicat
1339 3755 1669 3809 quamquam,
1725 3739 1812 3791 sed
1861 3755 2007 3792 onme

412 3837 661 3907 judicium
687 3836 824 3892 dedit
858 3833 994 3888 Filio
1016 3831 1194 3902 (Joan.
1220 3850 1269 3897 v,
1291 3832 1404 3903 29.).
1429 3833 1722 3888 Ministruui
1747 3832 1999 3902 intelligo:

425 3927 486 3978 Et
517 3928 710 3996 Angeli,
744 3927 947 3994 inquit,
986 3925 1334 3982 ministrabant
1361 3926 1408 3982 ei
1435 3924 1648 3994 (Matth.
1679 3942 1749 3989 tv,
1781 3927 1870 3997 ii)
1904 3944 1916 3980 :
1950 3935 2004 3980 et

413 4033 538 4072 cum
567 4017 783 4086 Angelis
809 4016 918 4070 suis
949 4024 1228 4073 venturum
1268 4016 1534 4071 credimus
1577 4018 1642 4072 ad
1683 4018 2000 4087 judicandos

422 4109 568 4164 vivos
597 4117 651 4163 ut
687 4116 943 4163 mortuos.
988 4108 1267 4162 Carcerem
1307 4108 1574 4178 intelligo;
1617 4125 1802 4180 poenas
1857 4112 2000 4165 vide-

417 4202 538 4254 licet
567 4200 924 4262 tenebrarum,
959 4213 1090 4269 quas
1113 4199 1216 4253 alio
1245 4199 1360 4255 loco
1387 4201 1678 4256 exteriores
1704 4212 1855 4258 vocat
1886 4201 1994 4274 (Id.

417 4311 524 4358 vui,
560 4295 647 4366 η)
697 4313 709 4348 :
763 4293 923 4348 credo
963 4280 1241 4363 propterea
1283 4294 1424 4364 quod
1480 4295 1796 4354 intrinsecus
1834 4297 1904 4352 sit
1941 4297 1997 4352 in

414 4388 533 4458 ipsa
561 4395 759 4452 mente,
787 4387 869 4440 vel
897 4386 1055 4440 etiam
1078 4386 1121 4439 si
1145 4386 1267 4454 quid
1287 4388 1544 4441 secretius
1566 4388 1785 4457 cogitari
1801 4399 1989 4458 potest,

409 4479 657 4547 gaudium
679 4477 974 4532 divinorum
1007 4477 1344 4546 praemiorum
1370 4496 1383 4543 ;
1413 4479 1479 4532 de
1508 4494 1613 4549 quo
1633 4480 1825 4535 dicitttr
1841 4497 1995 4536 servo

411 4571 551 4627 bene
589 4573 811 4635 merito,
851 4571 996 4624 Intra
1050 4572 1102 4624 in
1164 4573 1405 4642 gaudium
1479 4571 1684 4627 Domini
1742 4576 1813 4627 tui
1863 4573 1990 4646 (Id.

411 4678 540 4728 xxv,
567 4662 658 4727 93)
695 4681 708 4717 :
746 4662 1190 4730 quemadmodum
1239 4667 1396 4718 etiam
1434 4665 1487 4720 iu
1531 4665 1629 4720 hac
1659 4666 1992 4725 ordinatione

409 4753 748 4824 reipublictn,
785 4753 927 4807 vela
965 4755 1274 4820 secretario,
1323 4757 1406 4810 vel
1447 4771 1476 4810 a
1517 4761 1765 4826 praetorio
1795 4759 1991 4829 judicis

405 4854 552 4900 extra
582 4844 807 4901 mittitur
832 4844 919 4914 qui
949 4844 1000 4898 in
1023 4859 1286 4900 carcerem
1317 4848 1562 4904 truditur.

476 4937 563 4993 50.
623 4937 697 4996 De
751 4935 1014 4994 solvendo
1065 4945 1239 4990 autem
1307 4939 1596 4998 novissimo
1665 4945 1987 5013 quadrante,

407 5041 715 5101 potestrnon
741 5029 970 5086 absurde
995 5029 1214 5100 intelligi
1239 5041 1330 5085 aut
1356 5046 1452 5100 pro
1495 5048 1558 5088 eo
1592 5037 1818 5104 positum
1847 5039 1989 5108 quod

407 5122 537 5178 nihil
587 5121 900 5190 relinquitur
939 5121 1292 5192 impunitum;
1335 5123 1473 5177 sicut
1517 5123 1792 5194 loquentes
1827 5129 1988 5183 etiam

401 5215 658 5279 dicimus,
687 5210 864 5282 Usque
891 5211 955 5265 ad
992 5210 1175 5266 fmcem
1201 5253 1216 5279 ,
1243 5227 1363 5268 cum
1411 5213 1651 5270 volumus
1689 5218 1989 5287 exprimere

402 5304 598 5376 aliquid
625 5305 695 5358 ita
724 5313 969 5360 exactum
989 5344 1005 5370 ,
1037 5313 1096 5359 ut
1127 5304 1256 5359 nihil
1283 5306 1704 5378 relinqueretur:
1737 5311 1819 5365 vel
1840 5313 1985 5368 utsi-

389 5401 776 5471 .gniliearentur
811 5401 1025 5456 nomine
1064 5398 1375 5468 quadrantis
1415 5402 1726 5471 novissimi,
1775 5413 1984 5463 terrena

403 5500 636 5562 peccata.
669 5490 865 5559 Quarta
890 5491 1032 5546 enim
1063 5505 1184 5559 pars
1207 5489 1576 5548 distinctorum
1621 5496 1983 5554 membrorum

402 5583 557 5653 hujus
585 5582 790 5652 mundi,
819 5591 873 5639 et
895 5597 959 5638 ea
993 5583 1300 5649 novissima,
1331 5592 1467 5638 terra
1493 5587 1757 5644 invenitur
1776 5631 1791 5655 ,
1825 5601 1882 5645 ut
1908 5592 1987 5647 in-

465 5721 477 5749 ι
505 5718 972 5789 [αρνιμζορνεςεῑανς
998 5717 1126 5782 quod
1148 5716 1360 5829 quisquis
1400 5733 1493 5771 non
1530 5723 1713 5783 fecrrit,
1739 5723 1896 5778 inanis
1907 5728 1988 5792 ja-

465 5785 590 5828 mttw
612 5784 787 5829 smrttu
809 5777 1021 5829 inﬂatur.
1048 5779 1138 5828 Sed
1181 5779 1384 5829 IOUldIOI‘
1409 5792 1484 5829 est
1508 5793 1667 5829 nostra
1692 5787 1853 5829 29min-
1887 5800 1935 5829 pi
1958 5806 1983 5829 ρ

399 5779 590 5850 stantia:
612 5777 787 5851 spiritu
809 5777 1022 5888 iiqlaturi
1048 5779 1138 5828 Sed
1162 5777 1384 5843 liquidior
1409 5792 1484 5834 est
1508 5777 1668 5837 nostra
1692 5777 1854 5852 factio,
1877 5777 1985 5843 etwa

399 5849 591 5888 calens
611 5839 746 5888 libris
771 5854 856 5888 oro
873 5848 984 5888 iam.

398 5842 591 5890 caeteris
611 5839 746 5889 libris
771 5839 984 5902 probata.

1262 376 1350 432 DE
1388 372 1708 434 SERMUNE
1749 365 1981 426 DOMIN!
2023 365 2090 423 [Ν
2128 365 2380 436 ΜΟΝΤΕ,
2421 369 2476 427 S.
2507 373 2873 432 AUGUSTINI

3591 379 3721 443 ιω

2125 484 2291 556 cipias
2313 505 2343 545 a
2369 493 2525 562 coelo,
2553 495 2842 550 secundum
2860 511 3038 552 aerem
3059 513 3311 556 nunteres
3328 541 3342 565 ,
3385 515 3589 572 aquam
3616 512 3717 560 ter-

2126 583 2251 638 tiam
2275 625 2290 652 ,
2340 594 2585 656 quartam
2629 596 2848 644 terram.
2908 589 3088 646 Potest
3142 607 3269 663 ergo
3327 596 3713 654 convenienter

2122 675 2291 731 videri
2311 676 2539 744 dictum,
2571 678 2743 734 Donec
2779 682 2942 736 solvas
2990 683 3311 738 novissimum
3344 687 3714 758 quadrantem,

2123 768 2294 825 donec
2313 771 2432 826 luas
2463 780 2666 828 terrena
2691 783 2902 844 peccata
2935 793 2946 829 :
2970 775 3072 832 hoc
3097 777 3242 832 enim
3265 788 3319 833 et
3337 791 3595 849 peccator
3620 797 3714 836 an-

2121 859 2272 929 divit,
2303 861 2465 918 Terra
2492 882 2544 918 es
2563 907 2578 930 ,
2608 874 2654 919 et
2677 866 2729 919 in
2759 875 2943 921 terram
2971 868 3064 921 ibis
3093 867 3242 940 (Gen.
3272 885 3349 935 tu,
3387 870 3504 940 £9).
3539 872 3715 929 Donec

2120 955 2286 1009 solvas
2309 964 2485 1011 autem
2523 958 2663 1028 quod
2690 959 2886 1013 dictum
2919 969 3000 1014 est
3019 1001 3032 1023 ,
3059 961 3226 1015 miror
3247 963 3292 1016 si
3333 978 3440 1018 non
3487 978 3613 1018 eam
3644 967 3714 1022 si-

2121 1045 2335 1115 gnificat
2365 1061 2575 1116 paruam
2603 1065 2721 1120 quae
2753 1059 2967 1104 vocatur
2992 1061 3209 1106 retenta.
3238 1051 3394 1109 Unde
3433 1056 3582 1110 enim
3603 1057 3714 1112 sol-

2125 1138 2265 1192 vitur
2291 1139 2418 1192 illud
2450 1139 2686 1194 debitum
2707 1183 2720 1207 ,
2757 1141 2844 1196 ubi
2871 1142 2978 1208 jam
3005 1158 3110 1198 non
3132 1144 3286 1198 datur
3325 1147 3634 1214 pmnitendi
3661 1160 3714 1205 et

2122 1231 2412 1285 eorrectius
2439 1232 2646 1286 vivendi
2677 1232 2862 1288 locus?
2885 1234 2962 1287 ita
2988 1235 3130 1289 enim
3171 1234 3399 1291 fortasse
3446 1237 3537 1292 hic
3563 1241 3709 1308 posi-

2123 1330 2231 1377 tum
2253 1332 2355 1391 est,
2382 1323 2551 1378 Donec
2580 1325 2764 1392 solum,
2787 1326 3056 1396 quomodo
3082 1327 3133 1380 in
3154 1327 3246 1381 illo
3273 1328 3361 1382 ubi
3383 1329 3589 1384 dictum
3605 1341 3708 1398 est,

2123 1415 2256 1470 Sede
2280 1415 2347 1468 ad
2371 1414 2628 1470 dexteram
2647 1433 2812 1470 meum
2833 1461 2848 1484 ,
2885 1419 3044 1472 donec
3065 1434 3252 1489 ponam
3279 1436 3454 1474 omnes
3477 1422 3708 1479 ini-sicas

2123 1517 2231 1561 tuos
2261 1508 2348 1560 sub
2382 1507 2590 1578 pedibus
2615 1510 2755 1578 tuis(
2776 1508 2920 1563 Psat.
2967 1525 3052 1564 eix
3074 1551 3088 1575 ,
3125 1512 3207 1580 l);
3251 1528 3360 1566 non
3398 1514 3546 1568 enim
3587 1530 3704 1570 cum

2119 1598 2316 1654 iuerint
2346 1599 2546 1654 inimici
2571 1600 2671 1654 sub
2695 1600 2919 1669 pedibus
2943 1602 3122 1670 positi,
3152 1601 3360 1656 desinet
3395 1603 3488 1658 ille
3513 1605 3706 1662 sedere

2121 1690 2188 1744 ad
2214 1690 2488 1746 dexteram
2518 1708 2530 1742 :
2563 1699 2654 1746 aut
2680 1692 2809 1746 illud
2834 1693 3104 1762 Apostoli,
3134 1691 3349 1764 Oportet
3387 1697 3527 1749 enim
3565 1698 3705 1750 illum

2120 1764 2348 1854 regnare,
2379 1783 2536 1838 donec
2566 1794 2719 1854 ponat
2758 1801 2926 1838 omnes
2956 1785 3185 1838 inimicos
3209 1802 3329 1839 suos
3376 1787 3470 1840 sub
3500 1788 3706 1855 pedibus

2119 1874 2224 1928 suis
2255 1873 2300 1944 (l
2326 1873 2441 1927 Cor.
2481 1889 2572 1938 xv,
2603 1875 2736 1945 25);
2773 1890 2879 1929 non
2923 1875 3066 1929 enim
3103 1891 3225 1930 cum
3268 1876 3429 1947 positi
3477 1876 3704 1944 fuerint,

2119 1966 2328 2021 desinet
2356 1981 2602 2037 regnare.
2635 1967 3092 2033 Quemadmodum
3122 1984 3250 2038 ergo
3271 1968 3342 2024 ibi
3369 1970 3705 2040 intell'gitur,

2119 2060 2188 2116 de
2217 2076 2322 2130 quo
2343 2062 2546 2116 dictant
2577 2073 2691 2126 est,
2725 2061 2935 2132 Oportet
2961 2079 3072 2116 eum
3093 2079 3303 2134 regnare
3323 2104 3338 2129 ,
3361 2065 3532 2118 idonee
3555 2073 3708 2135 posset

2115 2154 2349 2208 inimicos
2374 2153 2463 2208 sub
2493 2153 2702 2224 pedibus
2727 2154 2857 2221 suis,
2889 2169 3102 2224 semper
3132 2163 3481 2225 regnaturum
3504 2197 3518 2218 ,
3575 2171 3707 2226 quo-

2121 2246 2263 2300 niam
2315 2261 2528 2316 semper
2558 2246 2630 2299 illi
2669 2255 2825 2300 erunt
2864 2247 2964 2301 sub
3000 2245 3222 2315 pedibus
3265 2262 3278 2298 :
3317 2247 3390 2300 ita
3425 2246 3516 2301 hic
3537 2249 3708 2318 accipi

2119 2347 2314 2408 potest,
2342 2338 2409 2392 de
2427 2353 2531 2409 quo
2553 2339 2754 2393 dictum
2775 2347 2876 2404 est,
2903 2337 3024 2392 Non
3038 2340 3176 2393 oxias
3195 2340 3334 2403 inde,
3363 2340 3524 2393 donec
3545 2342 3710 2394 soleas

2119 2432 2448 2486 novissimum
2471 2431 2806 2498 quadrantem
2834 2473 2846 2493 ,
2877 2445 3090 2501 semper
3121 2447 3228 2485 non
3257 2434 3524 2486 exiturum
3545 2448 3706 2499 esse;

2118 2524 2242 2593 quia
2287 2537 2503 2592 semper
2541 2521 2695 2576 solvit
2749 2522 3094 2576 novissimum
3149 2521 3533 2591 quadrantem.
3581 2523 3709 2578 dum

2119 2615 2472 2684 sempiternas
2496 2628 2678 2682 pinnas
2707 2622 3039 2668 terrenorum
3073 2621 3412 2682 peccatorum
3443 2615 3563 2669 luit.
3595 2613 3707 2670 Ne-

2121 2721 2226 2775 que
2254 2706 2328 2758 ita
2359 2703 2458 2759 hoc
2504 2704 2760 2771 dixerim,
2803 2711 2863 2758 ut
2901 2703 3291 2772 diligentiorem
3331 2705 3707 2762 tractationem

2120 2798 2301 2852 videar
2326 2798 2590 2852 ademisse
2613 2797 2681 2852 de
2709 2797 2880 2867 pinnis
2923 2809 3293 2866 peccatorum,
3331 2799 3604 2868 qumodo
3654 2801 3705 2858 in

2113 2888 2409 2958 Seript-uris
2431 2889 2675 2943 dicantur
2701 2898 2915 2943 interna}
2939 2904 3267 2960 :quanquam
3285 2889 3526 2959 quolibet
3539 2891 3704 2947 modo

2115 2979 2345 3033 vitandae
2373 2988 2498 3032 sunt
2528 2979 2701 3048 potius
2722 2993 2880 3048 quam
2911 2978 3163 3034 scienda.

2187 3071 2273 3126 51.
2307 3070 2414 3125 Sed
2455 3071 2725 3125 videamus
2757 3071 2866 3140 jam
2911 3071 3031 3141 quis
3063 3072 3131 3125 sit
3176 3071 3289 3142 ipse
3331 3071 3700 3140 adversarius,

2115 3162 2196 3216 eui
2223 3162 2473 3232 jubemur
2498 3178 2618 3217 esse
2649 3163 2887 3217 benevoli
2911 3163 3020 3217 cito
3041 3204 3055 3228 ,
3080 3177 3202 3217 cum
3241 3177 3424 3218 sumus
3451 3178 3579 3218 cum
3607 3165 3701 3220 illo

2117 3253 2168 3308 in
2195 3254 2295 3307 via.
2327 3255 2437 3307 Aut
2467 3254 2608 3308 enim
2639 3253 2883 3308 diabolus
2907 3263 3022 3320 est,
3055 3266 3146 3308 aut
3173 3256 3333 3308 homo
3356 3296 3370 3318 ,
3402 3265 3493 3308 aut
3536 3270 3698 3324 caro,

2116 3355 2207 3398 aut
2229 3344 2389 3409 Deus,
2419 3355 2509 3398 aut
2535 3355 2860 3414 pra‘ceptum
2882 3345 3017 3414 ejus.
3041 3344 3147 3400 Sed
3167 3345 3379 3400 diabolo
3401 3363 3505 3400 non
3539 3348 3699 3404 video

2117 3437 2389 3506 quomodo
2406 3437 2690 3505 jubeamur
2715 3436 2957 3492 benevoli
2997 3452 3151 3502 esse,
3187 3437 3235 3492 id
3273 3447 3354 3492 est
3401 3440 3698 3496 concordes

2113 3531 2641 3585 autconsentientes.
2674 3529 2911 3599 Namque
2945 3531 3037 3584 alii
3071 3531 3214 3600 quod
3249 3546 3426 3601 graece
3464 3533 3696 3603 positum

2103 3631 2194 3677 est
2215 3628 2396 3686 εὑυοῶν,
2427 3622 2757 3690 interpretati
2783 3630 2908 3676 sunt
2936 3638 3172 3685 concors,
3209 3623 3297 3676 alii
3339 3625 3696 3680 consentiens:

2113 3713 2209 3767 sed
2239 3728 2414 3781 neque
2443 3712 2869 3767 benevolentiam
2893 3712 3104 3766 diabolo
3127 3713 3379 3781 iubemur
3403 3715 3691 3781 exhibere;

2109 3803 2199 3856 ubi
2227 3805 2369 3858 enim
2399 3804 2788 3870 benevolentia,
2815 3805 2885 3858 ibi
2915 3803 3146 3858 amicitia
3171 3822 3184 3857 :
3216 3820 3386 3873 neque
3413 3795 3690 3876 quisquam

2099 3895 2304 3949 dixerit
2323 3896 2608 3948 amicitiam
2636 3911 2756 3950 eum
2781 3895 2992 3949 diabolo
3015 3911 3134 3950 esse
3153 3895 3488 3962 faciendam;
3520 3913 3693 3968 neque

2107 3985 2436 4040 concordare
2465 4002 2584 4039 cum
2610 3986 2701 4040 illo
2731 3970 2964 4056 expedit,
2998 3987 3081 4040 cui
3119 3988 3286 4042 semel
3335 3991 3690 4049 renuntiando

2105 4081 2308 4136 bellant
2337 4080 2648 4147 indiximus,
2687 4089 2741 4133 et
2769 4094 2877 4149 quo
2901 4079 3042 4133 victo
3081 4079 3485 4144 coronab'unur;
3515 4097 3689 4152 neque

2102 4173 2404 4228 COIISCI'llit‘e
2431 4173 2506 4226 illi
2525 4172 2634 4242 jam
2667 4179 2912 4242 oportet,
2954 4173 3038 4226 cui
3063 4173 3111 4227 si
3151 4188 3420 4242 nunquam
3457 4189 3686 4234 consen-

2102 4266 2395 4332 sissemus,
2439 4281 2707 4334 nunquam
2747 4265 2798 4318 in
2825 4265 2966 4322 iistas
3013 4265 3382 4322 incidissemus
3423 4268 3683 4324 miserias.

2097 4358 2179 4412 0e
2200 4357 2415 4412 homine
2435 4365 2635 4421 autem,
2661 4371 2957 4426 quanquam
2978 4355 3259 4424 jubeamur
3275 4371 3399 4412 cum
3415 4358 3683 4427 ouniilisis,

2101 4459 2359 4521 quantum
2389 4450 2440 4502 in
2473 4448 2628 4503 nobis
2647 4454 2760 4515 est,
2793 4461 2976 4516 pacem
2999 4446 3223 4512 habere,
3268 4448 3355 4504 ubi
3399 4450 3581 4520 utique
3625 4461 3687 4506 et

2103 4541 2495 4606 benevolentia,
2529 4548 2583 4595 et
2605 4538 2886 4594 concordia
2907 4579 2922 4605 ,
2955 4549 3010 4594 et
3049 4541 3331 4595 consensio
3369 4552 3550 4610 potest
3597 4543 3683 4599 in-

2102 4633 2297 4704 telligi;
2340 4650 2444 4687 non
2477 4632 2630 4687 video
2655 4642 2834 4685 tamen
2865 4631 3131 4700 quomodo
3171 4631 3425 4701 accipiam
3466 4634 3537 4688 ab
3577 4633 3679 4690 bo-

2091 4729 2240 4781 .mine
2263 4741 2367 4781 nos
2394 4725 2549 4792 iudici
2582 4724 2737 4788 tradi,
2766 4723 2855 4778 ubi
2875 4723 3142 4777 Christum
3163 4723 3396 4792 iudicem
3421 4724 3676 4796 intelligo,

2095 4831 2213 4874 ante
2231 4819 2383 4887 cuius
2423 4818 2643 4871 tribunal
2670 4833 2841 4871 omnes
2881 4825 3074 4886 oportet
3097 4816 3338 4883 exhiberi,
3387 4817 3524 4871 sicut
3554 4817 3680 4875 dicit

2096 4915 2382 4984 Apostolus
2408 4912 2471 4978 (il
2498 4911 2616 4966 Cor.
2647 4926 2702 4977 v,
2737 4910 2828 4981 10)
2858 4928 2869 4963 :
2899 4910 3165 4980 quomodo
3185 4925 3311 4980 ergo
3325 4909 3489 4979 iudici
3520 4912 3678 4967 tradi-

2095 5017 2246 5062 turus
2265 5017 2369 5073 est,
2399 5005 2488 5074 qui
2513 5003 2886 5072 aulejudiccm
2923 5003 3119 5072 pariter
3159 5002 3546 5058 exhibebitur?
3575 5007 3676 5058 Aut

2095 5099 2138 5153 si
2168 5108 2448 5169 propterea
2481 5094 2707 5149 traditur
2745 5093 2970 5163 quisque
2991 5092 3155 5161 judici
3182 5133 3196 5156 ,
3248 5093 3368 5161 quia
3405 5093 3672 5150 hominem

2095 5191 2252 5255 laesit,
2275 5187 2518 5258 quamvis
2546 5185 2640 5240 illo
2665 5201 2768 5239 non
2793 5182 3036 5239 tradente
3059 5183 3147 5253 qui
3178 5183 3336 5238 laesus
3365 5195 3474 5248 est;
3506 5187 3671 5241 multo

2092 5282 2426 5339 commodius
2464 5278 2772 5348 accipitura
2813 5277 2928 5348 lege
2965 5277 3075 5348 ipsa
3113 5292 3264 5331 reum
3311 5277 3444 5332 tradi
3481 5278 3668 5347 judici,

2091 5386 2273 5434 contra
2298 5389 2455 5446 quam
2480 5372 2624 5436 fecit,
2643 5387 2766 5426 cum
2795 5371 3063 5426 hominem
3091 5369 3325 5424 laederet.
3351 5372 3481 5437 Quia
3523 5381 3577 5426 et
3626 5374 3669 5426 si

2091 5468 2382 5527 occidendo
2404 5465 2526 5537 quis
2545 5464 2787 5520 nocuerit
2815 5462 3039 5528 homini,
3072 5476 3174 5516 non
3201 5463 3300 5516 erit
3318 5462 3431 5532 .jam
3462 5471 3666 5533 tempus

2091 5579 2200 5636 quo
2229 5559 2522 5617 concordet
2540 5571 2661 5612 cum
2677 5569 2778 5620 eo;
2801 5555 2922 5624 quia
2940 5555 3048 5623 jam
3080 5569 3184 5608 non
3214 5562 3296 5608 est
3332 5570 3451 5608 cum
3481 5555 3570 5610 illo
3617 5556 3664 5610 in

2090 5660 2194 5727 via,
2228 5657 2278 5712 id
2304 5666 2383 5710 est
2412 5654 2465 5708 in
2493 5653 2593 5708 hac
2611 5651 2718 5705 vita
2749 5670 2763 5707 :
2795 5664 2894 5704 nec
2925 5659 3098 5703 tamen
3127 5648 3244 5703 ideo
3268 5663 3372 5702 non
3396 5648 3664 5702 sanabitur

2087 5749 2416 5823 pmnitendo,
2444 5758 2497 5802 et
2525 5746 2589 5801 ad
2613 5746 2749 5800 illius
2782 5741 3198 5800 misericordiam
3239 5758 3361 5796 cum
3403 5742 3662 5797 sacrificio

2092 5842 2321 5900 tribulati
2348 5840 2526 5896 cordis
2551 5834 2856 5907 refugiendo
2877 5835 2963 5905 qui
2997 5833 3156 5889 donat
3195 5843 3408 5904 peccata
3439 5848 3658 5890 conver-
