3888 6304
168 422 337 491 1245

166 549 257 604 sis
280 547 354 605 ad
378 562 456 613 se,
481 557 533 602 et
553 546 640 617 qui
671 546 785 616 plus
804 543 998 616 gaudet
1022 543 1088 599 de
1118 556 1223 597 uno
1250 542 1565 613 pmuitente,
1606 557 1764 613 quam

163 639 245 693 de
280 635 567 708 nonaginta
595 652 783 691 novem
808 636 963 706 justis
1002 633 1150 707 (Luc.
1185 650 1274 699 xv,
1316 630 1391 706 7).
1434 634 1588 688 Carni
1639 649 1767 689 vero

161 731 360 786 multo
388 730 563 785 minus
589 729 744 783 video
769 726 1035 798 quomodo
1060 725 1305 780 benevoli
1345 725 1427 780 vel
1474 726 1767 781 concordes

160 819 263 874 vel
298 820 700 875 consentientes
727 833 846 873 esse
870 818 1167 887 jnbeamur.
1192 816 1352 885 Magis
1395 815 1537 871 enim
1580 830 1767 885 pecca-

159 919 333 965 tores
362 919 541 964 amant
577 924 790 963 carnem
823 922 968 962 suam
990 947 1005 973 ,
1046 916 1099 961 et
1128 906 1453 960 concordant
1478 921 1599 960 cum
1642 906 1727 961 illa
1747 948 1761 973 ,

156 1012 223 1056 et
257 1002 608 1056 consentiunt
627 1000 677 1057 ei
711 1020 723 1054 :
753 1002 841 1071 qui
868 1014 992 1054 vero
1022 1015 1137 1053 eam
1161 1000 1398 1054 servituti
1438 998 1760 1068 subjiciunt,

161 1108 288 1147 non
328 1094 426 1163 ipsi
456 1094 503 1148 ei
529 1094 902 1159 consentiunt,
937 1091 1029 1147 sed
1061 1107 1177 1147 eam
1204 1091 1305 1145 sibi
1344 1092 1646 1146 consentire
1674 1106 1765 1146 co-

157 1192 332 1253 gum.

240 1275 343 1330 52.
372 1274 620 1330 Fortasse
645 1289 772 1344 ergo
790 1274 1036 1342 jubemur
1073 1272 1183 1325 Deo
1219 1270 1555 1337 consentire,
1584 1280 1643 1326 et
1684 1272 1764 1327 illi

156 1383 296 1424 esse
330 1368 592 1431 benevoli,
631 1376 687 1420 ut
728 1366 776 1419 ei
821 1364 1246 1429 reconcilientur,
1286 1380 1315 1419 a
1350 1379 1455 1435 quo
1497 1366 1765 1435 peccando

157 1460 358 1513 aversi
390 1471 572 1512 sumus
596 1498 609 1520 ,
644 1464 703 1509 ut
726 1455 1065 1509 adversarius
1088 1462 1271 1509 noster
1292 1454 1392 1509 dici
1427 1455 1610 1524 possit.
1628 1454 1762 1521 Qui-

159 1550 279 1604 bus
323 1550 465 1604 enim
492 1548 725 1612 resistit,
747 1556 896 1602 recte
943 1547 1135 1601 dicitur
1161 1560 1343 1600 eorum
1390 1545 1760 1601 adversarius:

158 1642 329 1697 Deus
358 1643 497 1697 enim
526 1640 749 1711 superbis
772 1640 951 1693 resistit
976 1683 986 1704 ,
1022 1639 1287 1693 humilibus
1321 1649 1485 1693 autem
1515 1640 1603 1693 dat
1649 1656 1766 1711 gra-

160 1737 304 1789 tiam
336 1734 535 1805 (Jacobi
566 1750 636 1797 tv,
670 1732 723 1803 ϐ)
750 1750 763 1796 ;
790 1741 877 1797 et,
907 1731 1117 1786 Initium
1165 1734 1325 1785 omnis
1366 1734 1554 1802 peccati
1594 1751 1765 1803 super-

162 1829 257 1880 bia
276 1844 299 1891 ;
330 1828 527 1880 initium
551 1835 715 1878 autem
740 1826 986 1895 superbia:
1008 1826 1223 1877 hominis
1242 1866 1256 1891 ,
1285 1828 1572 1895 apostatare
1598 1842 1627 1879 a
1657 1826 1763 1881 Deo

163 1919 372 1987 (Eccti.
396 1934 455 1983 κ,
487 1920 574 1980 15,
613 1919 701 1990 14)
726 1934 743 1973 :
772 1927 825 1972 et
852 1919 1130 1986 Apostolus
1156 1918 1318 1984 dicit,
1363 1919 1423 1974 Si
1469 1922 1605 1973 enim
1651 1938 1765 1975 cum

163 2011 376 2063 inimici
402 2026 650 2076 essemus,
701 2010 1010 2062 reconciliati
1042 2027 1221 2063 sumus
1273 2010 1380 2064 Deo
1426 2029 1514 2080 per
1558 2022 1764 2067 mortem

168 2102 310 2156 Filii
337 2104 463 2173 ejus,
494 2103 649 2155 inulto
672 2103 831 2171 matris
858 2103 1165 2155 reconciliati
1202 2104 1327 2157 salvi
1366 2106 1550 2159 erimus
1572 2107 1630 2159 in
1661 2109 1761 2160 vita

164 2195 342 2267 ipsius
372 2195 546 2264 (Rom.
569 2209 619 2258 v,
650 2194 764 2262 10).
800 2194 877 2247 Ex
915 2208 1018 2263 quo
1048 2194 1263 2263 intelligi
1306 2202 1523 2264 potest,
1567 2198 1763 2252 nullam

168 2299 429 2343 naturam
454 2286 643 2339 malam
684 2286 948 2339 inimicam
978 2287 1087 2340 Deo
1125 2301 1243 2342 esse
1266 2329 1279 2353 ,
1324 2290 1764 2359 quandoquidem

169 2380 278 2448 ipsi
305 2378 724 2431 reconciliantur
749 2378 836 2446 qui
869 2378 1066 2431 inimici
1100 2378 1328 2433 fuerunt.
1362 2379 1613 2449 Quisquis
1638 2397 1764 2451 ergo

168 2470 226 2523 in
252 2470 367 2523 hac
403 2470 505 2534 via,
536 2468 585 2521 id
616 2476 698 2521 est
735 2469 784 2521 in
817 2470 913 2521 hac
940 2468 1043 2521 vita
1064 2510 1076 2532 ,
1107 2484 1210 2522 non
1252 2471 1407 2524 fuerit
1453 2473 1766 2525 reconcilia-

170 2572 265 2617 tus
294 2564 407 2616 Deo
431 2577 527 2631 per
554 2570 777 2615 mortem
808 2561 923 2614 Filii
943 2562 1079 2630 ejus,
1110 2562 1355 2616 tradetur
1372 2561 1533 2632 judici
1565 2565 1761 2631 abillo;

166 2655 302 2724 quia
334 2652 490 2705 Pater
511 2669 609 2705 non
626 2652 826 2722 judicat
851 2666 1145 2722 quamquam
1167 2693 1179 2716 ,
1206 2652 1296 2705 sed
1325 2668 1472 2705 omne
1507 2654 1762 2723 judicium

168 2745 317 2799 dedit
350 2743 533 2797 Filio:
573 2752 728 2811 atque
776 2743 842 2795 ita
886 2750 1079 2795 ctctera
1127 2756 1243 2810 qum
1280 2743 1335 2795 in
1380 2743 1484 2796 huc
1537 2745 1765 2813 capitulo

166 2836 378 2905 scripta
407 2843 527 2887 sunt
544 2840 954 2902 consequuntur,
980 2833 1044 2885 de
1071 2832 1262 2902 quibus
1273 2832 1379 2901 jam
1400 2835 1761 2891 tractavimus.

168 2927 359 2982 Unum
391 2926 562 2980 solum
604 2926 853 2995 estquod
898 2926 1018 2979 huic
1058 2926 1351 2980 intellectui
1396 2926 1763 2983 difficultatem

168 3022 319 3084 iacit,
356 3018 621 3088 quomodo
652 3020 817 3088 possit
844 3028 987 3072 recte
1015 3019 1197 3072 dici‘in
1230 3020 1312 3072 via
1355 3033 1451 3073 nos
1479 3034 1599 3075 esse
1643 3036 1764 3075 cum

170 3116 311 3181 Deo,
347 3113 391 3167 si
417 3115 515 3167 hoc
541 3112 658 3166 loco
690 3112 799 3180 ipse
827 3111 1163 3180 arcipiendus
1186 3120 1271 3165 est
1295 3112 1631 3167 adversarius
1670 3115 1766 3167 im-

167 3208 411 3275 piorum,
445 3206 529 3257 cui
550 3204 934 3272 jubemnrcito
964 3205 1297 3258 reconciliari
1322 3221 1334 3255 :
1356 3207 1457 3258 nisi
1478 3206 1619 3259 forte
1641 3208 1763 3275 quia

171 3300 290 3368 ipse
318 3296 513 3364 ubique
532 3304 632 3360 est,
664 3310 759 3349 nos
779 3296 935 3348 etiam
958 3310 1077 3347 cum
1111 3297 1160 3348 in
1188 3295 1289 3349 hac
1318 3297 1399 3348 via
1416 3312 1621 3363 sumus,
1643 3312 1762 3350 cum

171 3391 265 3444 illo
300 3390 480 3457 utique
506 3402 711 3442 sumus.
741 3386 800 3441 Si
839 3388 978 3439 enim
1020 3389 1286 3439 ascendere
1340 3389 1389 3441 in
1428 3390 1607 3441 caelum
1635 3431 1648 3454 ,
1680 3391 1762 3443 in-

170 3482 307 3549 quit,
345 3490 396 3532 tu
418 3480 482 3531 ibi
504 3495 554 3531 es
573 3494 590 3539 ,'
611 3480 654 3532 si
682 3477 978 3531 descendere
1007 3477 1059 3529 in
1089 3478 1341 3547 infernum
1360 3519 1373 3543 ,
1407 3479 1525 3532 udas
1558 3497 1577 3544 ;
1602 3479 1645 3532 si
1679 3496 1762 3532 re-

169 3574 366 3642 cipiam
392 3588 580 3643 pennas
600 3587 743 3623 Atticas
758 3571 811 3623 in
838 3570 1079 3622 directum
1100 3611 1112 3633 ,
1163 3579 1210 3623 et
1246 3570 1481 3624 'habilabo
1502 3573 1563 3624 in
1594 3573 1731 3626 noris
1752 3603 1763 3613 ο

167 3669 303 3721 sima
328 3669 343 3699 ί
373 3666 562 3727 maris;
600 3665 779 3718 ctenim
823 3662 943 3716 illuc
972 3680 1148 3716 manus
1186 3672 1271 3715 tua
1295 3664 1515 3718 deducet
1562 3681 1639 3717 me
1661 3705 1674 3729 ,
1716 3674 1763 3717 ct

169 3757 443 3811 cautim-bit
471 3772 548 3808 me
576 3756 779 3808 dextera
808 3763 892 3807 tua
922 3752 1091 3821 (:Psal.
1119 3769 1359 3808 cxxxvm
1382 3797 1395 3820 ,
1437 3754 1612 3823 8-l0).
1660 3757 1764 3809 Aut

169 3850 213 3901 si
248 3863 357 3900 non
396 3846 567 3915 placet
598 3844 784 3913 impios
813 3843 917 3897 dici
966 3858 1082 3897 esse
1113 3859 1231 3897 cum
1262 3844 1380 3897 ‘iieo
1401 3885 1414 3908 ,
1461 3859 1759 3915 quanquam

170 3954 437 4008 nusquam
487 3952 591 3991 non
618 3945 812 4006 praesto
846 3938 914 3990 sit
949 3938 1112 4000 Deus;
1163 3938 1604 4005 quemadmodum
1650 3955 1759 3995 non

169 4029 404 4083 dicimus
419 4042 591 4082 caecos
606 4041 723 4081 esse
740 4041 858 4079 cum
889 4027 1023 4091 luce,
1047 4027 1253 4080 tametsi
1272 4028 1653 4082 oculoseorum
1672 4030 1761 4082 lux

169 4118 583 4181 circumfundat;
605 4134 765 4171 unum
792 4117 1054 4185 reliquum
1077 4126 1177 4177 est,
1208 4126 1264 4169 ut
1292 4118 1376 4171 hic
1396 4118 1760 4173 adversarium

168 4219 499 4281 praiceptunt
520 4208 633 4272 Dei,
658 4208 1027 4277 intelligamus.
1042 4205 1182 4272 Quid
1198 4207 1340 4261 enim
1363 4208 1440 4262 sic
1452 4207 1760 4263 adversatur

173 4319 400 4374 peccare
422 4302 716 4356 volentibus
734 4316 889 4370 quam
910 4311 1232 4369 przeceptum
1255 4300 1365 4363 Dei,
1388 4299 1437 4353 id
1456 4309 1537 4355 est
1550 4300 1629 4354 lex
1646 4300 1759 4369 ejus

169 4409 223 4452 et
251 4397 521 4465 Scriptura
551 4395 745 4456 divina,
764 4410 881 4463 qum
904 4394 1024 4448 data
1047 4403 1131 4447 est
1157 4393 1309 4448 nobis
1325 4394 1389 4447 ad
1417 4394 1553 4450 hanc
1572 4396 1755 4463 vitam,

173 4498 227 4543 ut
252 4491 323 4543 sit
354 4488 627 4542 nobiscum
660 4485 710 4540 in
739 4486 818 4540 via
839 4528 852 4546 ,
888 4485 971 4540 cui
998 4501 1110 4539 non
1141 4496 1350 4555 Oportet
1370 4488 1755 4556 contradicere,

173 4597 241 4635 ne
263 4594 363 4633 nos
380 4579 545 4633 tradat
568 4578 748 4646 iudici;
773 4577 865 4631 sed
883 4578 931 4630 ei
951 4585 1163 4645 oportet
1183 4578 1485 4632 Consentire
1497 4580 1628 4633 cito?
1645 4580 1758 4636 Non

169 4674 313 4729 enim
346 4673 623 4741 quisquam
652 4671 798 4725 novit
822 4670 1033 4739 quando
1054 4669 1122 4724 de
1150 4670 1247 4722 bac
1273 4671 1376 4724 vita
1421 4681 1592 4726 exeat.
1626 4673 1759 4740 Quis

170 4776 347 4822 autem
375 4766 638 4820 consentit
666 4762 954 4833 Scriptura:
976 4763 1167 4817 divina:
1196 4806 1208 4829 ,
1243 4764 1343 4818 nisi
1368 4766 1458 4835 qui
1502 4766 1627 4835 legit
1673 4768 1757 4822 vel

169 4859 443 4928 auditpie,
477 4857 720 4911 deferens
759 4871 809 4909 et
852 4854 1063 4908 culmen
1108 4854 1435 4909 auctoritatis
1460 4897 1474 4919 ,
1516 4867 1573 4910 ut
1615 4857 1756 4926 quod

172 4948 436 5017 intelligit,
466 4963 569 5001 non
597 4955 810 5015 propter
837 4950 938 4999 huc
962 4944 1150 5015 :otlerit
1188 4946 1328 5014 quod
1354 4947 1591 5015 peccatis
1646 4949 1755 5002 suis

172 5040 441 5095 adversari
499 5038 697 5100 sentit;
750 5037 843 5092 sed
897 5037 1063 5106 magis
1116 5035 1301 5106 diligat
1363 5039 1753 5108 correptionem

174 5152 343 5201 suam,
373 5146 425 5191 et
453 5134 684 5205 gaudeat
709 5132 849 5203 quod
881 5132 1078 5185 morbis
1107 5132 1238 5195 suis,
1268 5131 1441 5187 donec
1480 5142 1752 5197 sanentur,

176 5247 277 5286 non
302 5230 575 5301 parcitur:
607 5226 748 5298 quod
778 5240 905 5280 vero
932 5232 1024 5279 aut
1064 5224 1346 5278 obscurum
1373 5267 1385 5288 ,
1440 5234 1530 5278 aut
1570 5225 1755 5278 absur-

178 5323 299 5377 dum
330 5322 404 5376 illi
446 5328 632 5386 sonat,
684 5334 789 5373 non
840 5316 960 5371 inde
1005 5316 1237 5371 concitet
1276 5316 1755 5371 eontradictionum

174 5414 483 5477 certamina,
518 5412 608 5466 sed
636 5421 751 5466 oret
779 5418 837 5465 ut
872 5408 1160 5478 intelligat;
1200 5408 1621 5462 benevolentiam
1674 5418 1753 5463 ta-

178 5522 295 5561 men
347 5514 402 5561 et
450 5506 800 5561 reverentiam
854 5512 1009 5557 tantae
1062 5502 1359 5556 auctoritati
1397 5500 1753 5557 exhibendam

178 5612 292 5653 esse
316 5596 648 5653 meminerit?
674 5595 781 5651 Sed
813 5597 929 5664 quis
966 5595 1068 5649 hoc
1090 5594 1234 5661 facit,
1267 5594 1367 5647 nisi
1394 5594 1645 5664 quisquis
1686 5593 1753 5649 ad

180 5698 549 5747 testamentum
601 5689 766 5760 patris
796 5688 1142 5759 aperiendum
1190 5697 1247 5743 et
1290 5686 1748 5757 cognoscendum,

238 5824 254 5854 ί
275 5828 458 5885 Ληιετ.
483 5828 535 5871 et
555 5828 685 5881 hom,
699 5819 749 5871 in
768 5818 1035 5871 nattisst'riw.
1057 5824 1438 5885 atMss.neenon
1458 5820 1605 5874 editio
1616 5827 1749 5885 Man,

178 5884 227 5935 in
243 5883 668 5946 ηουίκὰηαςῇυχω
686 5896 900 5947 amcam
920 5890 1048 5944 ωαχ,
1064 5883 1438 5936 cistam.

1572 422 1772 481 LIBER
1810 412 2074 487 cantus.

3314 444 3450 504 1246

1875 558 1979 599 ηοη
2002 546 2167 601 litium
2199 550 2531 607 minitatione
2559 552 2797 621 acerbus,
2825 554 2917 610 sed
2940 555 3133 628 pietate
3175 560 3317 617 mitis
3351 577 3448 617 ac-

1872 636 2131 691 cesserit?
2164 635 2309 693 Beati
2354 657 2483 712 ergo
2522 644 2701 711 mites;
2733 650 2966 716 quoniam
3011 650 3111 720 ipsi
3156 652 3445 709 ltwreditate

1872 726 2192 795 possidebunt
2218 739 2421 785 terram.
2453 732 2737 789 Videamus
2759 740 3054 807 sequentia.

1942 816 2174 875 CAPUT
2200 820 2477 878 Xll.—55.
2497 824 2721 879 Audistis
2745 828 2863 897 quia
2902 831 3084 883 dictum
3111 842 3180 885 est
3206 834 3446 903 antiquis,

1874 906 1993 963 Non
2024 912 2362 968 mmo/laberis.
2397 914 2506 985 Ego
2531 927 2697 970 autem
2716 919 2826 971 dico
2855 922 3009 987 vobis,
3029 928 3148 993 quia
3170 925 3331 978 cumis
3363 928 3446 995 qui

1866 1001 2047 1055 viderit
2075 1003 2332 1059 mulierem
2359 1007 2426 1059 ad
2452 1010 2901 1076 concupiscendum
2926 1029 3055 1081 eam,
3083 1016 3196 1085 jam
3224 1018 3447 1072 mmcha—

1871 1098 1949 1144 lus
1978 1100 2049 1145 est
2076 1108 2185 1147 eam
2212 1095 2263 1148 in
2304 1097 2455 1151 corde
2475 1116 2582 1152 suo.
2609 1098 2821 1155 Justitia
2844 1118 2975 1173 ergo
3003 1105 3175 1160 minor
3201 1118 3311 1173 est,
3342 1125 3448 1164 non

1871 1185 2125 1241 mmebari
2147 1202 2424 1259 corporum
2454 1192 2824 1262 conjunctione
2848 1198 3077 1265 :jnstitia
3127 1216 3253 1255 vero
3283 1203 3450 1272 major

1870 1278 2019 1347 regni
2040 1278 2156 1347 Dei,
2174 1297 2279 1336 non
2303 1283 2559 1339 mmchari
2588 1287 2640 1341 in
2667 1288 2849 1344 corde.
2868 1288 3115 1361 Quisquis
3140 1303 3317 1350 autem
3344 1312 3451 1350 non

1870 1366 2168 1425 mmchatur
2191 1371 2243 1425 in
2270 1375 2460 1443 corde,
2492 1378 2656 1432 multo
2688 1380 2889 1435 facilius
2934 1384 3166 1438 custodit
3209 1401 3275 1440 ne
3316 1403 3449 1441 mm—

1870 1459 2058 1515 chetur
2098 1463 2150 1516 in
2203 1480 2445 1536 corpore.
2484 1466 2617 1523 lllud
2661 1485 2789 1541 ergo
2840 1473 3175 1529 confirmavit
3218 1476 3305 1546 qui
3349 1476 3451 1531 hoc

1871 1552 2158 1621 prmcepit:
2189 1569 2293 1609 non
2343 1559 2484 1612 enim
2532 1562 2676 1615 venit
2712 1561 2909 1632 Legem
2950 1566 3185 1633 solvere,
3220 1567 3311 1623 sed
3355 1568 3454 1622 im-

1868 1639 2035 1708 plere.
2065 1641 2209 1698 Sane
2234 1647 2676 1704 considerandum
2724 1661 2805 1706 est
2831 1654 2971 1723 quod
3002 1671 3105 1710 non
3134 1657 3297 1725 dixit,
3334 1658 3454 1713 0m-

1871 1729 1948 1783 m's
1972 1731 2061 1800 qui
2086 1736 2450 1804 concupiverit
2471 1739 2779 1806 mulierem;
2809 1743 2923 1809 sed,
2954 1745 3039 1809 qui
3073 1746 3250 1801 uiderit
3278 1750 3453 1803 mulie-

1868 1837 1973 1874 rem
1997 1825 2064 1876 ad
2099 1828 2551 1891 concupiscendum
2595 1830 2704 1887 eam
2727 1877 2740 1901 ,
2771 1834 2822 1888 id
2845 1845 2927 1893 est
2946 1879 2962 1904 ,
2996 1839 3095 1892 hoc
3138 1838 3239 1895 line
3269 1850 3321 1895 et
3352 1840 3452 1898 hoc

1869 1914 2046 1967 animo
2086 1919 2368 1974 attenderit
2396 1933 2447 1974 ut
2476 1937 2591 1976 eam
2634 1928 3009 1997 concupiscat:
3040 1930 3178 2000 quod
3202 1932 3311 2001 jam
3344 1949 3451 1989 non

1864 2014 1951 2059 est
1978 2007 2180 2062 titillari
2207 2009 2556 2068 delectatione
2578 2018 2772 2083 carnis,
2803 2019 2897 2072 sed
2920 2019 3078 2088 plene
3112 2022 3129 2053 ¹
3151 2024 3452 2081 consentire

1872 2098 2107 2165 libidini;
2138 2103 2206 2155 ita
2234 2111 2292 2156 ut
2320 2120 2423 2158 non
2454 2106 2748 2162 refrenetur
2776 2109 2987 2165 illicitus
3020 2115 3283 2184 appetitus
3304 2158 3319 2183 ,
3355 2115 3449 2171 sed

1870 2190 1913 2244 si
1941 2190 2159 2247 facultas
2198 2193 2321 2248 data
2343 2194 2521 2261 fuerit,
2550 2199 2788 2253 satietur.

1941 2284 2029 2337 54.
2052 2283 2185 2340 Nam
2217 2286 2315 2341 tria
2346 2296 2471 2341 sunt
2507 2290 2698 2358 quibus
2728 2291 2973 2361 impletur
2990 2303 3268 2362 peccatum
3292 2313 3306 2361 ;
3330 2311 3452 2367 sug-

1866 2377 2128 2443 gestione,
2149 2377 2519 2447 delectatione,
2546 2391 2597 2436 et
2621 2386 2991 2440 consensione.
3022 2385 3319 2455 Suggestio,
3340 2389 3452 2444 sive

1864 2481 1965 2538 per
2006 2471 2317 2525 memoriam
2366 2473 2442 2541 lit,
2498 2474 2610 2529 sive
2658 2490 2751 2544 per
2790 2478 3033 2547 corporis
3074 2493 3289 2543 sensus,
3332 2495 3453 2536 cum

1868 2560 2064 2629 aliquid
2117 2561 2400 2630 videmus,
2455 2564 2541 2618 vel
2589 2564 2861 2632 audimus,
2909 2567 2995 2622 vel
3042 2567 3337 2635 olfacimus,
3369 2570 3454 2624 vel

1868 2657 2161 2719 gustamus,
2189 2653 2274 2707 vel
2306 2655 2587 2723 tangimus.
2618 2656 2736 2723 Quo
2762 2657 2805 2709 si
2834 2657 2939 2711 frui
2971 2656 3330 2722 delectaverit,
3361 2657 3453 2714 de-

1871 2743 2086 2799 lectatio
2106 2744 2290 2799 illicita
2320 2746 2635 2803 refrenanda
2663 2759 2765 2804 est.
2794 2749 2952 2805 Velut
2994 2765 3113 2805 cum
3149 2751 3453 2821 jejunamus

1870 2844 1923 2890 et
1951 2836 2079 2891 visis
2106 2837 2239 2891 cibis
2276 2839 2436 2907 palati
2488 2842 2755 2909 appetitus
2804 2842 3064 2912 assurgit,
3102 2858 3204 2896 non
3246 2842 3303 2896 lit
3344 2844 3454 2898 nisi

1866 2925 2220 2983 delectatione
2248 2928 2378 2983 :sed
2427 2929 2549 2984 huic
2588 2940 2769 2986 tamen
2808 2946 2912 2986 non
2958 2934 3349 2997 consentimus,
3396 2943 3454 2988 et

1870 3020 2051 3073 eam.‘
2093 3018 2416 3074 dominantis
2438 3025 2677 3077 rationis
2714 3024 2833 3091 jure
2883 3024 3217 3079 cohibemus.
3267 3023 3323 3080 Si
3363 3040 3455 3079 au-

1872 3116 1975 3161 tem
2022 3109 2302 3163 consensio
2345 3110 2478 3164 facta
2524 3110 2715 3177 fuerit,
2744 3113 2962 3182 plenum
3004 3122 3281 3183 peccatum
3310 3116 3448 3174 erit.

1870 3208 2050 3252 notum
2086 3201 2193 3252 Deo
2220 3201 2269 3253 in
2298 3202 2458 3255 corde
2488 3213 2691 3265 nostro,
2716 3204 2925 3258 etiamsi
2975 3204 3116 3259 facto
3152 3222 3255 3259 non
3298 3207 3454 3260 inno-

1864 3298 2037 3342 tescat
2076 3288 2393 3343 hominibus.
2442 3292 2513 3343 lta
2553 3307 2681 3360 ergo
2710 3302 2832 3345 sunt
2868 3295 2952 3347 isti
2975 3295 3203 3363 'gradus,
3234 3298 3383 3365 quasi
3423 3312 3454 3350 a

1869 3388 2118 3447 serpente
2157 3381 2426 3450 suggestio
2469 3381 2577 3445 fiat,
2629 3382 2682 3435 id
2724 3392 2825 3449 est,
2877 3384 3081 3439 lubrico
3125 3397 3177 3441 et
3212 3387 3451 3456 volubili,

1873 3469 1971 3522 hoc
2018 3478 2100 3523 est
2138 3472 2419 3539 temporali
2458 3473 2782 3540 corporum'
2827 3483 3007 3541 motu;
3041 3477 3161 3547 quia
3191 3487 3243 3531 et
3272 3479 3316 3531 si
3353 3494 3455 3548 qua

1871 3561 1987 3613 talia
2035 3562 2396 3629 phantasmata
2464 3564 2608 3619 intus
2679 3577 2959 3621 versantur
3020 3569 3073 3623 in
3121 3570 3336 3636 anima,
3389 3571 3455 3627 de

1866 3666 2090 3719 corpore
2137 3651 2429 3707 forinsecus
2474 3663 2638 3709 tracta
2681 3665 2836 3721 sunt;
2868 3659 2993 3712 etsi
3052 3661 3170 3729 quis
3214 3662 3453 3717 occultus

1870 3755 2062 3814 prazter
2106 3747 2233 3800 istos
2252 3747 2489 3817 quinque
2521 3762 2709 3802 sensus
2741 3761 2915 3804 motus
2955 3754 3193 3820 corporis
3219 3755 3450 3809 animant

1871 3839 2067 3906 tangit,
2094 3847 2178 3892 est
2202 3840 2368 3891 etiam
2394 3839 2514 3906 ipse
2547 3840 2853 3910 temporalis
2878 3850 2932 3894 et
2959 3841 3223 3907 lubricus;
3257 3851 3311 3896 et
3336 3843 3456 3898 ideo

1867 3938 2063 3998 quanto
2091 3929 2326 3983 illabitur
2356 3931 2614 3985 occultius
2650 3942 2703 3985 ut
2734 3933 3105 4001 cogitationem
3148 3935 3452 4005 contingat,

1869 4027 2016 4074 tanto
2050 4020 2452 4074 convenientius
2494 4024 2726 4091 serpenti
2773 4034 3125 4093 comparatur.
3168 4024 3292 4079 Tria
3330 4041 3457 4096 ergo

1868 4109 2016 4177 haec,
2046 4120 2101 4164 ut
2122 4111 2308 4167 dicere
2352 4127 2642 4181 coeperam,
2673 4113 2866 4167 similia
2910 4123 3033 4168 sunt
3077 4114 3151 4167 illi
3187 4125 3350 4184 gestae
3378 4116 3455 4170 rei

1865 4217 1983 4272 quae
2023 4203 2072 4255 in
2096 4201 2293 4257 Genesi
2332 4205 2527 4273 scripta
2574 4213 2676 4269 est,
2711 4216 2768 4258 ut
2816 4207 2963 4274 quasi
3009 4221 3039 4259 a
3080 4215 3327 4274 serpente
3366 4204 3457 4262 fiat

1864 4294 2134 4363 suggestio
2160 4304 2213 4349 et
2238 4295 2479 4365 quaedam
2517 4297 2724 4361 suasio;
2774 4296 2824 4350 in
2850 4298 3087 4366 appetitu
3126 4305 3300 4350 autem
3335 4311 3454 4351 car-

1866 4387 2005 4453 nali,
2032 4394 2281 4457 tanquam
2325 4388 2379 4441 in
2425 4388 2567 4453 Eva,
2600 4387 2922 4455 delectatio;
2969 4388 3023 4441 in
3054 4388 3257 4442 ratione
3282 4401 3413 4443 vero
3438 4429 3453 4452 ,

1867 4488 2116 4548 tanquam
2166 4480 2217 4533 in
2262 4480 2420 4545 viro,
2450 4480 2986 4548 consensio:quibus
3034 4479 3292 4549 peractis,
3336 4489 3456 4533 tan-

1863 4586 2022 4641 quam
2043 4569 2111 4625 de
2134 4569 2400 4639 paradiso,
2418 4570 2519 4624 hoc
2545 4580 2647 4637 est,
2681 4570 2747 4625 de
2774 4571 3077 4625 beatissima
3102 4571 3219 4624 luce
3236 4570 3457 4639 justitim

1866 4664 1917 4717 in
1944 4671 2170 4717 mortem
2212 4662 2371 4716 homo
2397 4662 2682 4731 expellitur
2724 4660 2874 4733 (Gen.
2919 4678 3006 4725 ιιι,
3044 4662 3136 4733 ‘l);
3163 4662 3456 4731 justissima

1863 4757 2101 4811 omnino.
2127 4755 2243 4810 Non
2271 4756 2414 4810 enim
2437 4757 2576 4825 cogit
2604 4756 2690 4825 qui
2720 4755 2926 4809 suadet.
2953 4755 3021 4809 Et
3046 4770 3234 4811 omnes
3254 4762 3456 4810 natura:

1866 4849 1916 4904 iu
1943 4848 2131 4903 ordine
2153 4863 2251 4902 suo
2270 4848 2521 4918 gradibus
2547 4848 2661 4901 suis
2686 4848 2929 4917 pulchra:
2958 4858 3082 4901 sunt
3105 4867 3117 4901 :
3148 4846 3241 4900 sed
3270 4845 3339 4899 de
3360 4860 3454 4899 sun

1868 4940 2157 5010 perioribus
2184 4941 2234 4994 in
2263 4940 2454 5009 quibus
2490 4941 2768 4994 rationalis
2798 4941 3016 4994 animus
3043 4938 3320 4992 ordinatus
3346 4944 3449 5001 est,

1862 5033 1926 5087 atl
1956 5032 2210 5087 inferiora
2240 5047 2348 5086 non
2374 5042 2459 5087 est
2488 5031 2889 5087 declinandum.
2917 5029 3027 5084 Nec
3042 5029 3329 5100 quisquam
3353 5027 3457 5082 hoc

1866 5124 2037 5178 facere
2066 5124 2272 5193 cogitur
2294 5141 2305 5187 ;
2326 5132 2388 5178 et
2432 5122 2555 5177 ideo
2581 5124 2624 5176 si
2656 5121 2872 5186 fecerit,
2892 5120 3039 5188 .justa
3078 5120 3169 5173 Dei
3204 5120 3319 5187 lege
3348 5133 3449 5187 pu-

1865 5216 2006 5270 nitur
2022 5214 2040 5247 ⁵
2062 5234 2075 5269 :
2096 5230 2198 5269 non
2226 5215 2368 5269 enim
2397 5212 2804 5267 hoc'committit
2828 5211 3043 5265 invitus.
3063 5210 3440 5265 Verumtamen

1862 5307 2143 5362 delectatio
2180 5316 2306 5360 ante
2358 5302 2835 5359 consuetudinem“
2870 5302 2954 5357 vel
3008 5302 3153 5357 nulla
3200 5309 3312 5367 est,
3358 5298 3448 5354 vel

1864 5409 1969 5453 tam
2010 5396 2181 5452 tenuis
2222 5406 2279 5450 ut
2322 5411 2487 5465 prope
2529 5395 2672 5449 nulla
2708 5396 2781 5449 sit
2821 5412 2834 5449 :
2876 5396 2961 5449 cui
3004 5395 3453 5449 consentirem:-

1926 5508 2775 5581 δωριιλιιίωερνορεδίεε-νριιῖηει
2885 5568 2901 5581 ρ
3240 5566 3251 5577 .

1924 5577 1943 5607 ι
1962 5574 2076 5622 Fditi
2097 5582 2206 5621 nar.
2234 5568 2434 5632 et'Loi.,
2460 5568 2653 5633 caneris
2673 5571 2805 5621 libris
2824 5568 3251 5633 refraganubuasi
3262 5579 3390 5619 eam.

2096 5630 2641 5697 dcccm,corpbralium.
2759 5702 2773 5703 γ
2946 5630 2977 5703 ,⁷
3040 5692 3052 5703 ε
3118 5697 3129 5703 Δ
3205 5692 3216 5703 Ι
3254 5692 3273 5703 Δ
3354 5688 3368 5703 ο

1924 5698 1946 5730 κ
1967 5700 2039 5769 _Sic
2057 5705 2159 5746 Mss.
2182 5704 2233 5746 ct
2254 5704 2363 5745 nar.
2387 5692 2445 5744 λι
2461 5704 2558 5744 Am.
2586 5703 2659 5745 Er.
2687 5702 2735 5746 et
2758 5702 2890 5758 Lov.,
2915 5692 3160 5756 sinejusta
3182 5692 3454 5758 defensiate

1850 5765 2078 5823 .pumtur.

1923 5823 1944 5892 ll
1965 5822 2037 5871 sic
2061 5830 2159 5869 Am.
2269 5828 2319 5869 et
2333 5829 2455 5881 \tss.,
2477 5834 2573 5870 uno
2594 5827 2779 5872 tantum
2800 5827 3025 5884 excepto.
3042 5824 3101 5872 At
3118 5824 3231 5872 Mar.
3251 5824 3305 5871 et
3317 5825 3452 5884 Lor,

1862 5890 1971 5935 ante
1995 5890 2359 5934 consensionem.
