3888 6342
466 384 602 445 1247

463 516 626 573 gnum
651 507 927 572 peccatum
949 505 1051 565 est,
1074 510 1198 553 cum
1228 495 1408 552 illicita
1430 504 1533 549 est.
1555 493 1686 549 Cum
1709 501 1887 547 autem
1913 490 2060 562 quis-

463 609 570 666 que
607 591 968 656 consenserit,
1007 589 1292 645 committit
1338 596 1614 659 peccatum
1667 587 1720 640 in
1767 583 1953 640 corde.
2001 583 2058 639 Si

465 695 643 742 autem
682 685 840 741 etiam
872 683 924 738 in
955 682 1150 738 factum
1179 682 1530 753 processerit,
1560 680 1768 735 videtur
1796 678 1975 733 satiari
2003 686 2060 735 et

463 777 728 849 exstingui
755 776 1016 848 cupiditas
1046 793 1060 830 :
1091 773 1184 830 sed
1214 785 1395 845 postea
1425 790 1547 830 cum
1564 776 1831 846 suggestio
1855 773 2058 844 repeti-

464 879 571 937 tur,
605 870 777 938 major
805 868 1114 926 accenditur
1139 867 1460 932 delectatio;
1501 882 1621 938 qua:
1666 875 1841 922 tamen
1882 865 2056 921 adhuc

464 963 634 1018 multo
660 963 834 1018 minor
857 969 940 1018 est
964 977 1122 1033 quam
1149 961 1238 1016 illa
1275 977 1396 1033 qua:
1423 960 1652 1015 assiduis
1673 960 1824 1015 factis
1846 960 1899 1015 in
1923 975 2056 1014 con-

464 1058 800 1114 suetudinem
843 1057 1021 1112 vertit.
1057 1056 1204 1111 Ilanc
1245 1056 1391 1111 enim
1434 1055 1649 1110 vincere
1686 1054 2058 1110 difﬁcillimum

464 1159 547 1206 est
569 1168 583 1204 :
607 1160 661 1206 et
685 1159 860 1205 tamen
889 1149 1048 1205 etiam
1078 1149 1246 1219 ipsam
1267 1147 1727 1208 consuetudinem,
1757 1146 1803 1202 si
1831 1163 1890 1202 se
1914 1146 2058 1218 quis-

469 1259 574 1314 que
602 1259 708 1298 non
736 1243 981 1311 deserat,
1010 1250 1064 1297 et
1091 1241 1437 1296 christianam
1480 1239 1727 1295 militiam
1753 1255 1858 1294 non
1891 1238 2061 1295 refor-

464 1336 659 1400 midet,
708 1336 798 1390 illo
825 1335 962 1391 duce
989 1345 1148 1406 atque
1175 1333 1422 1404 adjutore
1460 1333 1770 1404 superabit;
1803 1347 1866 1388 ac
1897 1333 1974 1388 sic
2003 1332 2059 1388 in

465 1428 743 1500 pristinam
788 1443 973 1498 pacem
996 1427 1013 1458 ⁸
1045 1437 1203 1497 atque
1248 1425 1493 1481 ordinem
1539 1435 1593 1480 et
1635 1425 1716 1478 vir
1745 1423 1979 1488 Christo,
2006 1433 2060 1480 et

466 1521 660 1576 mulier
683 1521 797 1576 viro
821 1519 1100 1589 subjicitur
1131 1518 1174 1593 (I
1196 1519 1312 1574 Cor.
1343 1535 1418 1586 tu,
1450 1520 1502 1584 5,
1535 1527 1582 1574 et
1607 1517 1803 1591 Ephes.
1827 1536 1883 1587 γ,
1904 1518 2020 1592 23).

541 1614 632 1670 35.
665 1613 816 1668 Sicut
843 1627 972 1682 ergo
1004 1613 1170 1668 tribus
1198 1612 1450 1682 gradibus
1473 1612 1539 1667 ad
1567 1623 1839 1683 peccatum
1868 1629 2058 1683 perve-

467 1706 641 1768 nitur,
687 1705 1066 1775 suggestione,
1114 1705 1502 1772 delectatione,
1551 1707 1944 1772 consensione;
1989 1709 2060 1762 ita

469 1799 636 1870 ipsius
661 1802 863 1868 peccati
891 1807 1001 1853 tres
1026 1807 1150 1852 sunt
1175 1797 1510 1865 dili‘erentitc,
1531 1799 1582 1852 in
1608 1799 1789 1864 corde,
1818 1800 1869 1853 in
1898 1799 2057 1868 facto,

470 1891 524 1946 in
551 1890 960 1954 consuetudine,
1006 1900 1254 1961 tanquam
1289 1900 1397 1945 tres
1422 1900 1655 1945 mortes:
1684 1907 1783 1945 una
1813 1892 1964 1961 quasi
2009 1893 2060 1946 in

467 1984 650 2050 domo,
672 1982 724 2038 id
754 1992 836 2038 est
858 1999 980 2038 cum
1003 1984 1056 2038 in
1089 1983 1253 2040 corde
1273 1985 1609 2039 consentitur
1635 1985 1868 2052 libidini;
1897 1986 2063 2040 altera

465 2076 574 2148 jam
602 2076 810 2148 prolata
837 2076 986 2148 quasi
1017 2086 1166 2132 extra
1198 2087 1442 2148 portam,
1475 2093 1595 2132 cum
1626 2078 1675 2131 in
1716 2080 1911 2134 factum
1940 2095 2062 2149 pro-

469 2169 616 2226 cedit
655 2171 932 2236 assensio;
968 2170 1156 2236 tertia,
1200 2188 1321 2227 cum
1373 2173 1423 2227 vi
1463 2173 1866 2229 consuetudinis
1908 2175 2062 2232 mala:

475 2268 726 2330 tanquam
754 2261 892 2316 mole
924 2270 1135 2317 terrena
1163 2263 1421 2332 premitur
1447 2265 1686 2329 animus,
1715 2265 1866 2335 quasi
1897 2267 1949 2320 in
1977 2283 2066 2322 se-

474 2351 661 2423 pulcro
685 2351 795 2422 jam
821 2361 1032 2422 putens.
1065 2353 1194 2421 Qua:
1223 2355 1322 2409 tria
1364 2371 1559 2424 genera
1596 2367 1928 2413 mortuorum
1960 2359 2066 2414 Do-

471 2442 677 2499 minum
708 2445 1057 2502 resuscitasse
1077 2486 1094 2513 ,
1133 2447 1374 2517 quisquis
1408 2447 1751 2518 Evangelium
1784 2449 1940 2521 legit,
1976 2467 2069 2521 ag-

471 2536 665 2592 noscit.
689 2536 757 2592 Et
779 2537 1004 2594 fortasse
1029 2538 1338 2594 considerat
1357 2555 1489 2611 quas
1514 2541 1842 2598 dillerenlias
1873 2544 2069 2601 habeat

472 2628 632 2683 etiam
675 2629 787 2698 ipsa
818 2644 921 2684 vox
947 2632 1314 2687 resuscitantis
1333 2675 1350 2699 ,
1377 2648 1499 2688 cum
1528 2635 1654 2690 alibi
1695 2636 1853 2702 dicit,
1881 2636 2067 2692 Puella

472 2737 622 2794 surge
651 2720 864 2792 (Matth.
898 2739 981 2788 tx,
1008 2722 1138 2794 25);
1170 2724 1328 2792 alibi,
1359 2723 1599 2792 Iuvenis,
1633 2727 1724 2780 tibi
1747 2727 1890 2792 dico,
1916 2747 2067 2799 surge

475 2810 626 2882 (Luc.
655 2828 750 2880 vn,
801 2812 926 2886 id);
957 2815 1079 2870 alibi
1105 2856 1120 2881 ,
1169 2815 1442 2886 Infremuit
1481 2817 1663 2887 spiritu
1687 2861 1701 2884 ,
1743 2828 1789 2872 et
1816 2821 1984 2890 ﬂevit,
2017 2831 2067 2875 et

475 2919 652 2959 rursus
675 2904 914 2974 fremuit,
943 2914 998 2961 et
1038 2916 1158 2978 post
1194 2907 1389 2964 deinde
1427 2926 1545 2966 voce
1585 2928 1772 2983 magna
1807 2913 2064 2983 clamavit,

476 2991 674 3049 Lazare
694 2995 802 3049 veni
818 2995 956 3064 foras
974 2995 1148 3070 (Joan.
1176 3014 1251 3066 xt,
1280 3000 1494 3070 33-44).

551 3086 642 3140 56.
671 3085 1027 3156 Quapropter,
1055 3090 1272 3143 nomine
1314 3091 1692 3148 moechantium
1719 3097 1810 3164 qui
1839 3098 1940 3151 hoc
1977 3112 2065 3152 ca-

479 3175 646 3248 pitulo
665 3185 1175 3245 commemorantur,
1198 3193 1409 3236 omnem
1437 3184 1703 3239 carnalem
1731 3199 1787 3241 et
1812 3186 2064 3244 libidino-

480 3279 595 3322 sam
619 3268 1104 3338 concupiscentiam
1124 3280 1336 3341 oportet
1367 3274 1606 3347 intelligi.
1631 3277 1763 3332 Cum
1785 3280 1928 3334 enim
1957 3290 2064 3337 tam

480 3357 692 3414 assidue
735 3359 1086 3415 idololatriam
1130 3362 1403 3433 Scriptura
1445 3365 1848 3426 fornicationem
1885 3373 2061 3442 dicat,

481 3449 678 3506 Paulus
703 3461 879 3506 autem
905 3454 1180 3522 apostolus
1205 3457 1478 3512 avaritiam
1506 3458 1820 3517 idololatria:
1849 3466 2064 3522 nomine

479 3541 712 3610 appellet
739 3539 958 3612 (Coloss.
986 3559 1077 3610 ιιι,
1105 3545 1169 3611 5,
1201 3556 1248 3599 et
1274 3545 1458 3615 Ephes.
1490 3564 1544 3614 ν,
1577 3549 1680 3623 5);
1712 3553 1832 3622 quis
1860 3555 2064 3612 dubitet

480 3644 692 3686 omnem
731 3633 925 3688 malam
971 3638 1456 3706 concupiscentiam
1486 3652 1630 3698 recte
1660 3643 2064 3705 fornicationem

483 3726 698 3794 vocari,
731 3728 944 3797 quando
987 3730 1164 3785 anima
1216 3733 1456 3802 neglecta
1490 3737 1766 3806 superiore
1807 3740 1924 3812 lege
1963 3759 2065 3814 qua

481 3816 704 3886 regitur,
736 3817 1048 3876 inferiorum
1080 3833 1386 3878 naturarum
1411 3827 1546 3894 turpi
1585 3830 1886 3900 voluptate,
1913 3837 2068 3905 quasi

481 3912 729 3967 mercede
751 3953 766 3978 ,
810 3917 1091 3983 prostituta
1138 3919 1536 3988 corrumpitur?
1566 3922 1634 3976 Et
1681 3924 1800 3980 ideo
1828 3928 2068 3998 quisquis

481 4003 750 4056 carnalem
780 4002 1191 4061 delectationem
1219 4007 1476 4064 adversus
1501 4021 1701 4068 rectam
1733 4017 2065 4074 voluntatem

480 4107 635 4146 suam
658 4093 917 4150 rebellare
941 4096 1105 4150 sentit
1129 4111 1224 4166 per
1243 4101 1678 4158 consuetudinem
1704 4117 2065 4177 peccatorum,

483 4187 634 4257 cujus
665 4187 979 4245 indomilte'
1020 4189 1267 4246 violentia
1313 4193 1538 4249 trahitur
1575 4196 1628 4250 in
1674 4200 2067 4269 captivitatem,

482 4280 687 4336 recolat
711 4292 962 4352 quantum
992 4293 1170 4356 potest
1194 4288 1405 4358 qualern
1435 4305 1618 4359 pacem
1647 4294 1914 4362 peccando
1940 4297 2072 4351 ami-

487 4372 636 4439 serit,
669 4383 726 4428 et
748 4375 1046 4442 exclamet,
1074 4375 1269 4448 Infelix
1297 4397 1387 4451 ego
1417 4381 1586 4448 homo,
1614 4385 1726 4448 quis
1746 4403 1824 4440 me
1844 4387 2071 4442 liberabit

485 4463 548 4516 de
575 4480 786 4536 corpore
810 4467 984 4521 mortis
1013 4468 1164 4535 huius
1184 4472 1210 4525 .9
1240 4469 1416 4525 Gratia
1446 4472 1541 4526 Dei
1568 4491 1657 4544 per
1691 4475 1868 4531 Iesum
1891 4477 2069 4533 Chris-

485 4568 592 4612 tum
623 4559 801 4631 (liam.
831 4576 905 4616 vn
927 4602 943 4628 ,
975 4560 1064 4628 ιιι,
1091 4563 1213 4635 25).
1259 4565 1334 4620 Ita
1375 4567 1515 4621 enim
1554 4583 1674 4623 cum
1719 4587 1776 4625 se
1807 4572 2070 4630 infelicem

486 4651 789 4717 exclamat,
837 4651 1070 4723 lugendo
1115 4657 1363 4726 implorat
1403 4659 1757 4716 consolatoris
1792 4665 2066 4722 auxilium.

482 4741 591 4797 Nec
620 4756 814 4812 parvus
857 4755 938 4799 est
982 4746 1047 4800 ad
1091 4747 1468 4806 beatitudinem
1511 4769 1792 4824 accessus,
1839 4760 2071 4830 cognitio

483 4835 809 4892 infelicitatis
849 4852 961 4894 sua:
986 4856 998 4892 :
1027 4848 1082 4893 et
1119 4839 1269 4909 ideo,
1303 4841 1447 4898 Beati
1467 4847 1627 4902 etiam
1659 4848 1920 4921 lugentes;
1943 4869 2070 4922 quo-

485 4929 622 4983 niam
650 4929 752 5000 ipsi
774 4929 1184 4988 consolabuntur.

555 5021 784 5079 CAPUT
825 5022 960 5080 XIII.
987 5055 1060 5066 —
1079 5026 1167 5082 57.
1202 5027 1403 5089 Deinde
1427 5034 1686 5103 sequitur,
1715 5045 1771 5092 et
1803 5039 1932 5094 dicit
1962 5058 1974 5094 :
2010 5041 2072 5096 Si

484 5125 653 5169 autent
695 5117 870 5172 oculus
898 5127 1016 5173 tuus
1057 5119 1232 5175 dexter
1258 5122 1568 5178 scandalth
1592 5137 1656 5192 te,
1695 5146 1816 5184 erue
1839 5148 1983 5200 eum,
2024 5143 2070 5188 et

485 5207 680 5278 projice
723 5209 812 5264 abs
834 5219 880 5264 te
899 5228 919 5265 :
939 5212 1140 5283 expedit
1187 5215 1320 5269 enim
1341 5215 1432 5271 tibi
1459 5226 1513 5271 ut
1537 5230 1710 5286 pereat
1734 5238 1887 5278 unum
1915 5243 2072 5280 mem-

481 5299 684 5356 brorum
710 5311 940 5373 tuorum,
961 5322 1112 5378 quam
1138 5317 1294 5364 totum
1321 5327 1504 5384 corpus
1533 5323 1670 5369 tuum
1700 5327 1778 5370 eat
1809 5318 1859 5372 in
1879 5321 2068 5390 gehen-

479 5410 620 5449 nam.
651 5393 751 5450 Hic
769 5411 898 5453 vero
917 5413 1108 5472 magna
1135 5416 1269 5473 opus
1299 5413 1382 5460 est
1410 5404 1718 5465 fortitudine
1741 5411 1806 5465 ad
1829 5414 2066 5471 membra

479 5488 838 5560 prmcidenda.
871 5489 1138 5564 Quidquid
1167 5496 1310 5551 enim
1346 5507 1430 5554 est
1463 5500 1605 5571 quod
1647 5502 1912 5574 signiﬁcat
1941 5524 2067 5561 ocu-

477 5580 586 5652 lus,
613 5582 732 5639 sine
759 5581 922 5640 dubio
951 5584 1054 5642 tale
1102 5594 1185 5644 est
1229 5589 1372 5662 quod
1421 5590 1784 5670 vehementer_
1812 5597 2064 5670 diligitur.

699 5751 773 5796 Er.
799 5755 851 5799 et
866 5755 994 5813 Lov.,
1013 5754 1305 5815 potestatem.
1321 5759 1449 5812 Mss.
1473 5760 1813 5813 consentiente
1836 5769 1966 5827 Man,
1982 5777 2069 5830 pa-

654 5871 826 5924 decetn
851 5883 975 5935 Mss,
1001 5875 1246 5928 indomita.

1300 377 1392 436 DE
1418 375 1746 436 SERMONE
1785 373 2021 434 DOMINI
2059 371 2127 430 IN
2165 372 2416 448 ΜΟΝΤΕ,
2449 380 2504 437 S.
2545 383 2910 446 AUGUSTINI

2163 494 2313 549 Solet
2357 497 2497 552 enim
2545 509 2599 555 et
2651 503 2718 556 ab
2765 503 2844 558 eis
2881 503 2972 572 qui
3021 501 3373 560 Vehementer
3427 503 3620 560 volunt
3657 521 3764 564 ex-

2163 586 2394 656 primere
2442 589 2779 648 dilectionem
2805 604 2979 656 suam,
3028 593 3098 648 ita
3125 593 3264 661 dici,
3311 594 3495 664 Diligo
3535 610 3656 651 eum
3704 607 3763 655 ut

2163 680 2345 734 oculos
2370 697 2538 743 meos.
2568 697 2659 741 aut
2677 687 2836 743 etiam
2864 686 2982 757 plus
3005 701 3162 756 quam
3190 686 3376 742 oculos
3405 702 3585 742 meos.
3607 690 3764 756 thd

2161 781 2337 828 autem
2359 773 2596 829 additum
2621 784 2722 838 est,
2749 779 2943 844 dexter,
2970 782 3196 835 fortasse
3224 780 3289 834 ad
3317 780 3626 852 augendam
3649 783 3765 838 vim

2161 863 2464 921 dilectionis
2504 867 2662 922 valct.
2693 867 3006 941 Quanquam
3055 872 3198 926 enim
3238 871 3305 926 ad
3344 872 3641 929 videndum
3675 875 3767 930 isti

2162 956 2301 1010 oculi
2341 958 2581 1027 corporis
2619 961 2974 1016 communiter
3013 961 3373 1028 intendantur,
3407 975 3463 1018 et
3503 965 3552 1018 si
3599 967 3767 1021 ambo

2164 1047 2523 1116 intendantur,
2556 1051 2833 1123 :cqualitcr
2873 1055 3108 1124 possint;
3155 1055 3382 1123 amplius
3427 1067 3613 1111 tamen
3659 1058 3772 1112 for-

2163 1141 2367 1196 midant
2388 1143 2630 1199 homines
2653 1144 2897 1200 dextrum
2924 1148 3190 1203 amittere.
3216 1147 3284 1203 Ut
3313 1151 3414 1205 iste
3436 1151 3508 1204 sit
3534 1166 3770 1207 sensus:

2163 1235 2428 1306 Quidquid
2473 1237 2600 1293 illud
2655 1248 2740 1294 est
2789 1240 2929 1310 quod
2976 1242 3045 1296 ita
3089 1242 3283 1316 diligis,
3329 1252 3384 1296 ut
3427 1258 3528 1313 pro
3573 1243 3771 1299 dextro

2164 1329 2320 1384 oculo
2347 1329 2560 1393 habeas.
2592 1332 2638 1386 si
2667 1332 2990 1387 scandalizat
3018 1343 3088 1397 te,
3119 1333 3171 1388 id
3198 1343 3279 1390 est
3300 1377 3314 1399 ,
3355 1336 3403 1390 si
3454 1337 3551 1390 tibi
3596 1337 3771 1406 irnpec

2164 1422 2403 1480 dimento
2430 1435 2514 1480 est
2555 1424 2621 1480 ad
2668 1441 2849 1480 veram
2889 1426 3266 1482 beatitudinem
3294 1470 3309 1493 ,
3339 1442 3475 1483 erue
3500 1429 3675 1495 illud,
3715 1437 3772 1484 et

2166 1517 2366 1588 projice
2395 1518 2490 1573 abs
2515 1529 2585 1573 te.
2618 1517 2846 1588 Expedit
2872 1520 3014 1575 enim
3043 1521 3138 1576 tibi
3163 1530 3218 1575 ut
3245 1531 3431 1590 pereat
3461 1538 3633 1577 unum
3659 1521 3766 1578 ho-

2165 1625 2303 1672 rum,
2326 1624 2444 1679 qua:
2468 1609 2535 1664 ita
2563 1609 2738 1681 diligis
2759 1619 2816 1665 ut
2833 1621 3080 1680 tanquam
3107 1615 3342 1666 membra
3366 1611 3464 1666 tibi
3485 1612 3759 1681 meream,

2166 1717 2325 1772 quam
2359 1710 2524 1756 totum
2551 1717 2746 1772 corpus
2775 1711 2922 1756 tuum
2949 1713 3038 1758 eat
3060 1703 3110 1757 in
3144 1703 3464 1775 gehennam.

2237 1794 2326 1850 58.
2357 1794 2461 1849 Sed
2503 1793 2755 1865 quoniam
2786 1796 3024 1866 sequitur
3048 1795 3118 1851 de
3146 1810 3302 1850 manu
3332 1796 3584 1864 dextera,
3611 1807 3671 1856 et
3698 1799 3771 1855 si-

2168 1887 2366 1942 militer
2408 1886 2622 1953 dicitur,
2657 1886 2720 1942 Si
2755 1888 2961 1942 dextera
3004 1903 3184 1942 manus
3211 1898 3297 1942 tua
3333 1889 3667 1944 scandalizat
3694 1901 3771 1960 te,

2167 1979 2366 2034 abscide
2401 1996 2512 2034 eam
2533 2020 2548 2045 ,
2599 1990 2646 2035 et
2693 1983 2884 2052 projice
2929 1981 3018 2036 abs
3062 1992 3110 2036 te
3137 2000 3151 2035 :
3177 1983 3377 2053 expedit
3425 1984 3565 2038 enim
3602 1985 3697 2038 tibi
3724 1995 3775 2040 at

2169 2082 2340 2142 pereat
2365 2089 2522 2126 unum
2552 2074 2886 2129 membrorum
2930 2085 3158 2142 tuorum,
3186 2093 3340 2148 quam
3377 2087 3542 2131 ιοιιιιιι
3586 2096 3773 2150 corpus

2171 2173 2311 2218 tuum
2341 2175 2418 2218 eat
2445 2165 2498 2218 in
2523 2165 2837 2236 gehennam;
2864 2169 3007 2238 cogit
3029 2185 3269 2239 quaerere
3294 2169 3621 2239 diligentius
3645 2171 3775 2240 quid

2169 2256 2364 2313 dixerit
2386 2259 2620 2314 oculum.
2649 2257 2704 2314 ln
2726 2275 2828 2330 qua
2873 2263 3166 2332 quaestione
3196 2263 3324 2318 nihil
3352 2264 3486 2319 mihi
3525 2268 3775 2322 occurrit

2170 2354 2571 2423 congruentius,
2596 2369 2754 2424 quam
2780 2355 3183 2412 dilectissimum
3211 2359 3476 2425 amicum;
3508 2375 3646 2414 nam
3675 2360 3777 2415 hoc

2172 2453 2254 2498 est
2279 2445 2461 2514 utique
2481 2444 2621 2514 quod
2648 2447 2946 2502 membrum
2973 2457 3118 2502 recte
3148 2463 3430 2519 possumus
3464 2451 3771 2521 appellare,

2171 2535 2311 2606 quod
2352 2535 2700 2591 vehementer
2739 2537 3052 2608 diligimus:
3084 2548 3138 2594 et
3175 2539 3317 2594 hunc
3356 2542 3773 2609 consiliarium;

2171 2627 2295 2697 quia
2322 2628 2506 2682 oculus
2533 2638 2635 2695 est,
2665 2637 2914 2700 tanquam
2941 2630 3310 2686 demonstrans
3339 2633 3472 2694 iter;
3508 2643 3567 2689 et
3597 2637 3656 2690 in
3687 2651 3772 2692 re-

2172 2720 2272 2776 bus
2311 2720 2539 2789 divinis,
2572 2723 2694 2792 quia
2734 2723 2924 2780 dexter
2949 2735 3031 2780 est
3054 2744 3066 2780 :
3092 2735 3149 2781 ut
3176 2727 3392 2783 sinister
3428 2729 3501 2783 sit
3535 2729 3774 2786 dilectus

2174 2811 2388 2883 quidem
2417 2815 2774 2882 consiliarius,
2807 2815 2900 2871 sed
2930 2817 2982 2871 in
3024 2817 3185 2872 rebus
3214 2819 3458 2886 terrenis,
3487 2820 3554 2873 ad
3581 2837 3774 2877 neces-

2175 2906 2386 2962 sitatem
2425 2909 2668 2978 corporis
2695 2909 3111 2978 pertinentibus;
3142 2911 3210 2966 de
3242 2927 3348 2982 quo
3370 2913 3773 2971 scandalizante

2171 2999 2499 3069 superﬂuum
2541 3011 2655 3056 erat
2697 3001 2898 3071 dicere,
2949 3003 3378 3075 quandoquidem
3426 3022 3529 3062 nec
3575 3008 3772 3065 dextro

2172 3093 2500 3161 parcendum
2548 3094 2636 3149 sit.
2683 3094 2740 3150 In
2786 3097 2946 3152 rebus
2991 3108 3171 3152 autem
3211 3099 3395 3154 divinis
3423 3102 3772 3158 consiliarius

2176 3185 2543 3241 scandalizans
2569 3196 2671 3253 est,
2704 3187 2750 3242 si
2789 3188 2840 3242 in
2866 3187 3097 3260 aliquam
3139 3191 3486 3261 perniciosam
3517 3193 3771 3249 bmresim

2176 3279 2393 3334 nomine
2430 3279 2701 3349 religionis
2739 3290 2900 3350 atque
2946 3281 3203 3337 doctrinm
3242 3293 3464 3338 conatur
3489 3283 3768 3341 inducere.

2174 3369 2318 3439 Ergo
2347 3378 2402 3425 et
2421 3371 2637 3426 dextera
2668 3387 2858 3427 manus
2889 3375 3180 3444 accipiatur
3204 3375 3431 3430 dilectus
3471 3377 3698 3445 adjutor
3723 3388 3770 3434 et

2174 3461 2418 3518 minister
2442 3463 2495 3516 in
2525 3463 2720 3518 divinis
2760 3465 3010 3534 operibus
3043 3484 3055 3519 :
3087 3481 3207 3520 nam
3233 3467 3693 3537 quemadmodum
3721 3471 3768 3524 iu

2176 3554 2332 3609 oculo
2373 3555 2775 3624 contemplatio,
2807 3557 2885 3610 sic
2928 3557 2980 3611 in
3011 3572 3169 3611 manu
3217 3567 3364 3613 recte.
3401 3559 3540 3614 actio
3567 3560 3769 3616 intelli-

2174 3646 2350 3715 gitur;
2383 3655 2439 3700 ut
2463 3647 2680 3702 sinistra
2711 3662 2902 3702 manus
2929 3649 3249 3719 intelligatur
3277 3651 3329 3704 in
3355 3651 3614 3721 operibus
3656 3668 3768 3725 qua

2176 3738 2299 3794 huic
2325 3741 2447 3795 vitae
2485 3751 2539 3796 et
2581 3741 2794 3811 corpori
2822 3751 2947 3796 sunt
2985 3745 3307 3798 necessaria.

2245 3833 2472 3888 CAPUT
2511 3832 2652 3889 XIV.
2688 3865 2756 3875 —
2795 3834 2879 3889 59.
2924 3835 3127 3889 Dictum
3163 3847 3235 3892 est
3271 3848 3477 3905 autem,
3527 3840 3767 3906 Quicun-

2175 3943 2270 3996 que
2297 3925 2542 3979 dimiserit
2580 3942 2790 3980 uxorem
2831 3944 3010 3993 suam,
3051 3929 3132 3982 det
3169 3928 3246 3982 illi
3290 3929 3513 3985 libellum
3549 3935 3764 4004 repudii.

2177 4019 2303 4074 Haec
2325 4019 2528 4088 justitia
2554 4019 2730 4073 minor
2751 4028 2834 4074 est
2856 4019 3266 4088 Phariszcorum,
3291 4025 3374 4078 cui
3400 4040 3505 4079 non
3535 4036 3620 4080 est
3647 4043 3765 4082 con-

2176 4111 2396 4166 trarium
2427 4111 2566 4182 quod
2603 4112 2857 4167 Dominus
2891 4113 3052 4177 dicit,
3106 4112 3220 4186 Ego
3255 4126 3422 4170 autem
3459 4119 3571 4171 dico
3611 4121 3762 4187 uobis,

2179 4204 2492 4277 Quicumque
2516 4203 2758 4259 dimiserit
2787 4221 2994 4259 uxorem
3018 4223 3162 4259 suam
3189 4218 3398 4277 excepta
3425 4211 3764 4280 fornicationis

2177 4314 2350 4361 causa,
2377 4298 2496 4368 facit
2521 4313 2630 4351 eam
2655 4297 2894 4351 mmehari
2910 4315 2927 4364 ;
2955 4309 3002 4352 et
3019 4301 3108 4370 qui
3125 4300 3339 4354 solutam
3364 4319 3396 4354 a
3419 4303 3525 4356 uiro
3545 4305 3760 4370 duxerit,

2176 4391 2470 4442 ηιαεεΙιαιιιικ
2501 4389 2615 4444 Νοιι
2642 4390 2783 4444 enim
2815 4391 2901 4460 qui
2930 4393 3181 4461 praecepit
3205 4393 3318 4446 dari
3347 4393 3582 4449 libellum
3610 4412 3762 4466 repu-

2176 4479 2279 4544 dii,
2314 4479 2415 4535 hoc
2440 4482 2693 4552 prmcepit
2713 4523 2728 4545 ,
2761 4492 2817 4536 ut
2846 4498 2979 4537 uxor
3007 4483 3334 4539 dimittatur:
3358 4487 3477 4553 sed,
3500 4485 3596 4553 Qui
3621 4490 3764 4541 dimi-

2175 4573 2328 4640 serit,
2365 4573 2565 4644 inquit,
2598 4575 2680 4629 det
2706 4573 2784 4628 illi
2824 4575 3044 4630 libellum
3072 4579 3310 4648 repudii;
3341 4589 3395 4632 ut
3440 4581 3758 4636 iracundiam

2179 4667 2513 4721 temerariam
2544 4666 2867 4737 projicientis
2895 4684 3112 4723 uxorem
3152 4669 3316 4726 libelli
3346 4673 3596 4742 cogitatio
3634 4685 3759 4728 tem-

2178 4770 2406 4830 peraret.
2439 4760 2540 4829 Qui
2569 4776 2695 4832 ergo
2731 4761 3027 4817 dimittendi
3069 4778 3269 4818 moram
3300 4765 3576 4834 qutcsivit,
3602 4769 3759 4838 signi-

2177 4853 2355 4908 ficavit
2403 4866 2655 4924 quantum
2709 4855 2881 4925 potuit
2930 4855 3078 4910 duris
3130 4856 3463 4924 hominibus,
3517 4874 3578 4914 se
3629 4858 3758 4915 nolle

2175 4945 2476 5001 discidium.
2518 4947 2586 5002 Et
2613 4947 2733 5002 ideo
2763 4948 2875 5019 ipse
2905 4949 3159 5005 Dominus
3183 4952 3286 5004 alio
3314 4953 3428 5007 loco
3455 4953 3522 5008 de
3549 4953 3653 5009 hoc
3681 4955 3754 5008 in-

2177 5047 2476 5110 terrogatus
2497 5082 2510 5105 ,
2543 5041 2611 5094 ita
2643 5040 2917 5110 respondit
2947 5031 2978 5095 :l
2998 5041 3108 5096 Hoc
3144 5043 3345 5115 Moyses
3388 5055 3593 5116 propter
3619 5045 3755 5099 dario

2177 5130 2297 5184 tiam
2325 5140 2538 5185 uestram
2576 5132 2693 5202 fecit
2734 5131 2944 5203 (Matth.
2974 5149 3062 5188 xix
3084 5176 3097 5199 ,
3129 5133 3205 5206 8).
3238 5136 3584 5201 Quantumvis
3621 5138 3751 5192 enim

2176 5225 2343 5281 durus
2364 5235 2504 5281 esset
2523 5225 2614 5296 qui
2636 5225 2794 5280 vellet
2813 5225 3083 5282 dimittere
3104 5243 3344 5295 uxorem,
3368 5243 3487 5283 cum
3508 5232 3752 5301 cogitaret

2175 5319 2357 5374 libello
2394 5320 2599 5390 repudii
2632 5320 2757 5375 dato
2792 5321 2902 5392 jam
2929 5323 3042 5377 sine
3066 5323 3302 5393 periculo
3335 5338 3451 5378 eam
3479 5339 3642 5395 posse
3669 5341 3751 5378 nu-

2177 5413 2305 5468 bere
2329 5412 2514 5480 alteri,
2545 5413 2696 5469 facile
2725 5414 3041 5485 placaretur.
3092 5414 3348 5472 Dominus
3384 5431 3512 5486 ergo
3541 5417 3607 5471 ad
3638 5414 3750 5471 illud

2177 5504 2597 5562 confirmandum
2637 5514 2695 5560 ut
2735 5522 2840 5562 non
2881 5507 3036 5563 facile
3074 5523 3209 5561 uxor
3240 5507 3568 5573 dimittatur,
3598 5506 3748 5564 solum

2173 5615 2388 5656 causam
2417 5597 2780 5655 fornicationis
2805 5601 3010 5670 excepit
3037 5618 3052 5655 :
3077 5610 3301 5656 caueras
3327 5615 3453 5656 vero
3481 5601 3749 5655 universas

2175 5693 2480 5759 molesdas,
2518 5693 2562 5747 si
2608 5707 2726 5764 quze
2769 5692 2906 5749 forte
2947 5693 3276 5761 exstiterint,
3317 5693 3470 5765 jubet
3519 5708 3618 5763 pro
3659 5690 3748 5746 ﬁde

2173 5785 2437 5858 coniugali
2466 5794 2520 5842 et
2557 5799 2654 5856 pro
2686 5785 2929 5842 castitate
2970 5784 3177 5841 fortiter
3216 5785 3500 5852 sustineri;
3543 5794 3600 5841 et
3624 5797 3745 5841 tute-

2177 5880 2333 5937 chum
2360 5879 2487 5935 dicit
2515 5879 2674 5936 etiam
2696 5879 2868 5935 virum
2909 5877 2999 5952 qui
3028 5893 3144 5936 eam
3172 5878 3416 5945 duxerit,
3447 5893 3568 5951 qua:
3592 5876 3742 5935 soluts
