3888 6306
125 283 296 342 1249

123 413 238 462 est
256 420 288 460 a
310 401 444 460 viro.
471 400 635 473 Cujus
655 399 733 456 rei
753 396 1025 470 apostolus
1047 394 1243 452 Paulus
1265 393 1547 450 terminum
1570 401 1751 448 osten-

124 496 254 564 dit,
284 495 408 568 quia
435 493 639 550 tamdiu
666 489 1057 548 observandum
1085 487 1230 551 dicit,
1258 485 1509 558 quamdiu
1533 485 1615 538 vir
1638 483 1752 553 ejus

126 591 289 646 vivit
314 609 327 645 :
351 590 439 644 illo
460 597 636 644 autem
660 597 892 649 mortuo,
915 581 1007 639 dat
1028 579 1260 638 nubendi
1280 581 1549 635 licentiam
1575 577 1748 650 (Rom.

125 697 244 743 vn,
271 681 326 740 2.
355 680 433 751 5).
469 680 614 735 lianc
641 680 784 735 enim
811 677 971 733 etiam
1000 675 1113 745 ipse
1140 673 1376 744 regulam
1404 674 1592 737 tenuit,
1619 679 1673 725 et
1699 670 1752 724 in

126 791 209 831 ea
257 791 363 829 non
399 789 552 828 suum
588 772 868 828 consilium
890 813 904 836 ,
947 769 1083 825 sicut
1119 767 1172 821 in
1210 765 1480 822 nonnullis
1511 763 1748 830 monitis,

123 865 251 923 sed
287 873 609 936 praeceptum
642 861 854 918 Domini
893 859 1128 930 jubentis
1166 856 1430 920 ostendit,
1477 870 1596 910 cum
1637 853 1749 908 ait:

127 957 247 1013 Eis
275 968 441 1012 autent
469 957 555 1024 qui
583 967 700 1009 sunt
737 956 790 1008 in
825 952 1060 1023 conjugio
1101 949 1361 1020 praecipio,
1382 963 1484 1002 non
1523 962 1634 1018 ego,
1664 943 1753 999 sed

127 1050 423 1117 Dominus,
449 1049 708 1104 mulierem
733 1066 764 1101 (ι
787 1047 892 1101 viro
913 1061 1013 1099 non
1034 1043 1289 1098 discedere
1308 1059 1326 1106 ;
1347 1039 1482 1112 quod
1501 1040 1545 1093 si
1567 1040 1754 1093 disces-

127 1146 293 1210 serit,
325 1158 528 1199 manere
552 1144 836 1213 innuptam,
866 1148 950 1194 aut
977 1139 1084 1193 uiro
1110 1154 1202 1191 suo
1223 1133 1539 1190 reconciliari
1568 1148 1585 1186 :
1611 1141 1654 1186 et
1681 1133 1754 1186 υἱι-

128 1257 365 1297 uxorem
393 1258 497 1296 non
520 1239 739 1294 dimittat
771 1235 824 1309 (l
851 1233 969 1290 Cor.
992 1247 1087 1297 vn,
1116 1231 1204 1296 10,
1234 1228 1343 1301 Η).
1373 1226 1565 1293 Credo,
1595 1227 1752 1282 simili

131 1330 327 1388 forma
348 1374 364 1400 ,
398 1341 454 1387 ut
481 1331 526 1386 si
550 1328 812 1385 dimiserit
841 1341 946 1380 non
977 1323 1138 1378 ducat
1164 1321 1320 1376 aliaat
1343 1362 1358 1385 ,
1391 1327 1480 1373 aut
1510 1317 1752 1373 reconci-

129 1425 315 1481 lietur
345 1424 518 1480 uxori.
565 1421 706 1477 Fieri
750 1417 892 1475 enim
939 1424 1114 1486 potest
1159 1423 1217 1468 ut
1256 1412 1487 1468 dimittat
1531 1426 1754 1467 uxorem

129 1532 315 1574 causa
362 1512 758 1576 fornicationis,
809 1523 966 1579 quam
1020 1504 1274 1560 Dominus
1318 1512 1594 1573 exceptam
1635 1516 1754 1558 esse

126 1610 341 1666 voluit.
370 1607 620 1662 Jamvero
641 1604 686 1659 si
708 1618 808 1658 nec
830 1601 904 1655 illi
933 1599 1134 1654 nubere
1157 1596 1468 1652 conceditur
1494 1595 1616 1650 vivo
1643 1594 1754 1648 viro

127 1720 166 1760 τι
199 1717 320 1774 quo
345 1700 588 1764 recessit,
619 1710 792 1767 neque
819 1693 941 1748 huic
965 1693 1187 1747 alteram
1215 1688 1410 1744 ducere
1445 1688 1562 1742 viva
1590 1702 1754 1742 uxore

127 1813 311 1870 quam
341 1793 575 1859 dimisit;
607 1791 778 1846 multo
805 1787 978 1843 minus
1011 1785 1094 1840 fas
1135 1792 1216 1840 est
1259 1781 1440 1838 illicita
1477 1796 1594 1836 eum
1633 1780 1754 1850 qui-

129 1891 388 1948 buslibet
434 1897 615 1959 stupra
658 1883 1012 1942 committere.
1062 1879 1304 1934 Beatiora
1344 1891 1474 1932 sane
1511 1873 1754 1944 conjugia

126 1982 440 2058 judicanda
468 1988 624 2042 sunt,
657 1994 778 2049 qua:
804 1977 916 2031 sive
945 1973 1065 2028 filiis
1096 1969 1392 2042 procreatis
1411 2011 1426 2035 ,
1456 1967 1567 2022 sive
1593 1965 1754 2022 etiam

132 2078 253 2134 ista
290 2085 498 2131 terrena
539 2071 690 2142 prole
726 2075 1066 2137 contempta,
1111 2061 1493 2118 continentiam
1531 2059 1669 2113 inter
1697 2072 1756 2113 se

136 2169 272 2241 pari
312 2181 575 2224 consensu
614 2178 829 2219 servare
870 2157 1138 2230 potuerint
1165 2173 1177 2209 :
1203 2154 1324 2225 quia
1363 2168 1535 2224 neque
1572 2160 1754 2206 contra

136 2261 284 2320 illud
317 2267 639 2332 praeceptum
681 2253 772 2319 ﬁt,
806 2268 911 2323 quo
953 2248 1210 2305 Dominus
1249 2244 1441 2300 dimitti
1476 2243 1757 2312 conjugem

136 2362 332 2419 vetat;
366 2367 469 2407 non
501 2348 643 2404 enim
672 2345 908 2406 dimittit,
940 2342 1029 2412 qui
1061 2354 1182 2397 cum
1214 2353 1275 2394 ea
1303 2351 1410 2391 non
1447 2333 1755 2397 carnaliter,

139 2445 249 2504 sed
273 2441 618 2515 spiritualiter
638 2437 765 2493 vivit
790 2455 801 2490 :
827 2444 879 2490 et
900 2432 1027 2487 illud
1050 2439 1311 2495 servatur,
1336 2427 1476 2498 quod
1501 2442 1597 2497 per
1617 2426 1759 2495 Apo-

140 2540 356 2598 stolum
408 2537 633 2600 dicitur,
686 2531 957 2601 Reliquum
1001 2535 1071 2580 est
1114 2534 1169 2578 ut
1216 2522 1302 2593 qui
1345 2521 1526 2576 habent
1555 2535 1754 2587 uxores,

140 2632 300 2706 quasi
327 2647 428 2685 non
455 2627 693 2682 habentes
716 2623 817 2677 sint
848 2619 1008 2691 (Ibid.
1036 2615 1151 2688 29).

221 2720 455 2781 CAPUT
486 2719 602 2774 XV.
626 2746 696 2757 ——
717 2714 806 2770 40.
834 2711 968 2768 lllud
990 2709 1157 2780 magis
1179 2707 1313 2762 solet
1338 2704 1624 2760 sollicitare
1645 2701 1761 2756 ani-

143 2834 308 2878 mum
325 2812 688 2886 parvulorum,
705 2808 794 2878 qui
819 2814 996 2860 tamen
1020 2801 1312 2858 secundum
1335 2807 1600 2870 praecepta
1614 2795 1759 2851 Chri-

144 2915 217 2970 sti
246 2912 362 2983 jam
391 2906 569 2962 vivere
591 2901 854 2974 gestiunt,
886 2895 1028 2968 quod
1058 2894 1163 2949 alio
1199 2895 1316 2948 loco
1354 2893 1468 2961 ipse
1505 2888 1759 2943 Dominus

146 3005 292 3062 dicit
315 3043 331 3069 ,
360 2996 598 3067 Quisquis
617 2992 746 3049 venit
765 2991 832 3045 ad
855 3006 952 3055 me,
979 2997 1026 3041 et
1052 3004 1151 3052 non
1173 2985 1278 3040 odit
1306 2992 1502 3054 patrem
1521 2997 1688 3047 suum,
1713 2988 1761 3033 et

147 3106 402 3160 matrem,
431 3100 478 3146 et
506 3103 742 3152 uxorem,
774 3093 820 3138 et
847 3082 982 3152 ﬁlios
1001 3120 1015 3146 ,
1047 3089 1092 3133 et
1112 3082 1296 3148 fratres
1315 3117 1329 3141 ,
1362 3085 1408 3128 et
1433 3090 1647 3139 sorores,
1676 3072 1759 3126 in-

147 3203 315 3259 super
345 3193 389 3238 et
415 3183 638 3236 animam
661 3193 804 3233 suam
823 3215 837 3240 ,
868 3191 970 3226 non
997 3179 1326 3241 potest,meus
1352 3183 1456 3221 esse
1482 3164 1760 3234 discipulus

152 3254 318 3352 (Luc.
348 3290 456 3340 xw,
482 3268 596 3342 26).
632 3267 808 3322 Videri
838 3264 978 3320 enim
1012 3270 1186 3331 potest
1221 3258 1548 3313 contrarium
1587 3254 1760 3307 minus

151 3351 607 3436 intelligentibus,
629 3357 772 3430 quod
795 3356 881 3410 hic
897 3364 1039 3408 vetat
1056 3351 1249 3407 dimitti
1273 3363 1521 3412 uxorem,
1540 3353 1761 3414 excepta

154 3477 324 3521 causa
353 3454 738 3517 fornicationis,
766 3449 890 3505 alibi
920 3463 1048 3503 vero
1076 3444 1393 3514 discipulum
1423 3456 1578 3495 suum
1607 3447 1764 3508 negat

154 3571 286 3613 esse
319 3567 475 3623 posse
502 3560 820 3620 quemquam
860 3541 950 3612 qui
989 3555 1093 3593 non
1135 3537 1309 3591 oderit
1340 3548 1576 3588 uxorem.
1609 3529 1762 3599 Quod

156 3649 203 3711 si
234 3655 454 3719 propter
488 3640 827 3698 concubitum
854 3634 1088 3698 diceret,
1123 3646 1228 3684 non
1257 3629 1414 3684 etiam
1444 3635 1681 3696 patrem,
1711 3632 1765 3679 et

157 3715 393 3798 matrem
411 3778 426 3802 ,
459 3744 513 3790 et
541 3733 731 3787 fratres
759 3731 810 3784 in
838 3727 1026 3783 eadem
1050 3722 1352 3778 conditione
1381 3729 1622 3790 poneret.
1657 3715 1764 3772 Sed

158 3847 328 3904 quam
361 3841 547 3882 verum
578 3833 658 3878 est
687 3819 825 3892 quod
857 3833 1063 3889 regnum
1095 3815 1333 3869 caelorum
1357 3812 1455 3865 vim
1482 3810 1692 3881 patitur,
1720 3819 1766 3863 et

159 3902 254 3997 qui
278 3923 380 3978 vim
403 3920 617 3991 faciunt,
645 3915 888 3984 diripiunt
913 3911 1041 3965 illud
1071 3906 1280 3980 (Matth.
1305 3922 1376 3970 xu,
1408 3902 1530 3977 te)!
1560 3904 1766 3972 Quanta

162 3996 316 4076 enim
342 4016 394 4070 vi
421 4029 556 4085 opus
579 4020 663 4067 est
683 4052 697 4077 ,
732 4018 788 4064 ut
829 4009 988 4062 homo
1013 4003 1195 4072 diligat
1226 3999 1488 4066 inimicos,
1518 4006 1572 4054 et
1595 3996 1768 4053 oderit

163 4123 375 4185 patrem
397 4149 412 4176 ,
445 4114 497 4161 et
523 4113 782 4166 matrem,
809 4107 865 4153 et
892 4110 1108 4151 uxorem
1133 4133 1148 4158 ,
1177 4103 1231 4147 et
1257 4091 1390 4144 filios
1412 4132 1426 4157 ,
1458 4099 1512 4144 et
1537 4087 1762 4143 fratres!

167 4203 468 4271 Utrumque
491 4197 635 4253 enim
655 4192 828 4264 jubet,
856 4190 945 4261 qui
971 4187 1039 4242 ad
1065 4201 1283 4256 regnum
1310 4185 1564 4240 caelorum
1591 4189 1760 4237 vocat.

166 4297 239 4354 Et
257 4289 531 4366 quomodo
553 4287 666 4342 haec
686 4299 794 4339 non
818 4282 922 4338 sint
945 4277 1210 4334 contraria
1233 4277 1371 4331 inter
1391 4291 1468 4340 se,
1495 4275 1610 4344 ipso
1631 4272 1768 4328 duce

168 4385 461 4446 ostendere
498 4381 654 4437 facile
691 4386 775 4435 cst
801 4395 817 4444 ;
846 4375 941 4432 sed
981 4390 1044 4430 ea
1081 4372 1346 4427 intellecta
1377 4369 1599 4440 implere
1623 4367 1769 4423 difﬁ-

171 4482 275 4540 cile
303 4497 317 4534 :
345 4490 645 4550 quanquam
672 4481 727 4529 et
753 4472 854 4526 hoc
881 4467 1068 4524 eodem
1112 4467 1227 4536 ipso
1259 4465 1541 4535 adjuvante
1581 4463 1769 4518 facilli-

171 4587 344 4630 mum.
386 4569 626 4639 Regnum
673 4563 816 4620 enim
862 4567 1122 4616 mternum
1165 4572 1270 4628 quo
1303 4555 1592 4626 discipulos
1620 4569 1765 4621 suos,

170 4680 312 4741 quos
337 4663 495 4721 etiam
527 4663 718 4716 fratres
745 4655 997 4726 appellat,
1033 4666 1224 4705 vocare
1252 4649 1498 4720 dignatus
1527 4656 1628 4714 est,
1663 4662 1770 4703 non

175 4739 338 4818 habet
359 4754 659 4827 hujusmodi
683 4748 1101 4807 necessitudines
1122 4743 1465 4815 temporales.
1491 4739 1612 4796 Non
1627 4742 1769 4796 enim

174 4864 248 4909 est
272 4851 520 4912 Judwus,
552 4860 709 4916 neque
737 4841 943 4898 Gratcus
961 4881 977 4907 ,
1009 4854 1166 4909 neque
1194 4836 1446 4890 masculus
1465 4877 1482 4902 ,
1513 4851 1668 4905 neque
1691 4836 1770 4905 fe-

176 4946 350 5010 mina,
379 4956 536 5011 neque
559 4954 748 5002 servus,
783 4951 938 5005 neque
966 4933 1126 4998 liber;
1153 4929 1241 4986 sed
1267 4928 1437 4983 omnia
1461 4936 1504 4980 et
1532 4927 1584 4980 in
1609 4926 1772 4980 enuti-

178 5041 271 5096 bus
297 5035 526 5091 Christus
557 5029 748 5101 (ϐαιοὶ.
779 5044 831 5082 ιιι
853 5067 867 5092 ,
891 5025 962 5081 28
981 5067 996 5092 ,
1025 5034 1070 5078 et
1093 5021 1286 5079 Coloss.
1311 5039 1396 5089 tu,
1427 5022 1536 5091 11).
1570 5020 1635 5073 ΕΙ.
1661 5018 1773 5088 ipse

180 5129 440 5189 Dominus
468 5127 596 5182 dicit
628 5143 643 5183 :
687 5121 754 5178 In
793 5119 1156 5176 resurrectione
1199 5117 1331 5171 enim
1372 5132 1528 5186 neque
1563 5114 1770 5177 nubent,

182 5243 339 5297 neque
365 5239 544 5279 uxores
570 5221 789 5280 ducent;
813 5215 902 5271 sed
924 5223 1065 5268 erunt
1089 5212 1214 5266 sicut
1238 5207 1416 5282 Angeh'
1442 5207 1536 5261 Dei
1562 5208 1614 5260 in
1637 5205 1776 5261 cretis

186 5318 396 5394 (Matth.
421 5331 551 5382 χιιι,
574 5312 689 5384 '50).
715 5309 939 5380 Oportet
963 5320 1092 5376 ergo
1118 5313 1176 5358 ut
1199 5299 1438 5374 quisquis
1465 5299 1605 5354 illius
1626 5297 1775 5368 regni

185 5391 346 5470 vitam
370 5413 480 5481 jam
511 5409 596 5463 hic
622 5406 865 5462 meditari
893 5401 1139 5465 voluerit,
1173 5397 1345 5452 oderit
1372 5411 1476 5450 non
1510 5394 1652 5464 ipsos
1679 5391 1777 5446 ho-

188 5508 392 5573 mines,
430 5503 524 5560 sed
567 5503 696 5556 istas
735 5496 1153 5557 necessitudines
1193 5490 1545 5562 temporales,
1586 5486 1776 5557 quibus

191 5600 291 5656 ista
319 5614 438 5669 qua:
469 5595 754 5652 transitura
781 5603 862 5647 est
887 5591 991 5645 vita
1023 5589 1256 5653 fulcitur,
1289 5601 1408 5656 qua:
1433 5580 1699 5638 nascendo
1725 5589 1780 5636 et

193 5691 468 5749 moriendo
490 5687 756 5760 peragitur
778 5701 791 5737 :
817 5682 956 5755 quod
984 5683 1072 5754 qui
1096 5697 1200 5737 non
1223 5679 1353 5745 odit,
1369 5676 1615 5736 nondum
1637 5683 1782 5731 amat

195 5781 337 5845 illam
369 5785 533 5845 vitam
575 5780 666 5851 ubi
709 5778 850 5842 nulla
894 5777 997 5842 erit
1036 5775 1273 5839 conditio
1321 5772 1573 5836 nascendi
1621 5780 1781 5846 atque

1503 270 1709 330 LIBER
1749 269 2020 329 ριιιιιυδ.

3307 277 3448 337 1250

1863 386 2144 452 moriendi,
2175 398 2294 457 quae
2320 387 2533 458 cepulat
2561 396 2767 446 terrena
2796 390 3059 462 conjugia.
3455 435 3458 437 .

1931 483 2021 536 4!.
2054 481 2233 551 Itaque
2261 481 2303 535 si
2331 481 2575 570 aliquem
2591 483 2727 538 bene
2749 482 3116 550 christianum,
3147 486 3237 558 qui
3265 495 3445 552 tamen

1860 573 2017 628 habet
2047 588 2296 639 uxorem,
2327 577 2568 644 quamvis
2596 590 2717 629 cum
2745 591 2806 631 ea
2831 576 3006 634 adhuc
3042 578 3180 634 filios
3201 591 3438 652 generet,

1860 665 2206 736 interrogem,
2236 674 2412 719 utrum
2442 666 2492 720 in
2521 666 2612 722 illo
2635 682 2799 738 regno
2823 667 3021 724 habere
3039 671 3169 726 velit
3186 688 3440 744 uxorem;

1859 772 2067 813 memor
2110 759 2290 826 utique
2334 759 2716 827 promissorum
2760 760 2855 816 Dei
2893 771 2949 818 et
2985 762 3106 819 vita-
3144 763 3317 830 illius,
3357 766 3445 823 ubi

1860 848 2203 919 corruptibile
2247 848 2350 902 hoc
2394 848 2576 905 induet
2619 851 3108 922 incorruptionem,
3138 864 3194 912 et
3221 858 3445 915 mortale

1860 941 1964 997 hoc
1994 941 2176 996 induet
2202 940 2650 997 immortalitatem
2685 941 2736 1013 (Ι
2763 942 2880 998 Cor.
2907 960 2996 1012 xv,
3037 946 3140 1012 55,
3181 946 3308 1017 54);
3337 947 3446 1019 jam

1860 1047 2054 1103 magno
2083 1032 2166 1088 vel
2193 1043 2338 1089 certe
2363 1034 2540 1106 aliquo
2576 1050 2760 1091 amore
2793 1051 3085 1108 suspensus
3103 1080 3119 1106 ,
3150 1056 3271 1096 cmn
3298 1057 3450 1100 exse-

1861 1127 2098 1182 cratione
2128 1127 2489 1196 respondebit,
2524 1143 2584 1184 se
2609 1128 2957 1185 vehementer
2983 1130 3034 1186 id
3060 1132 3221 1190 nolle.
3248 1133 3451 1192 Rursus

1860 1219 1906 1274 si
1934 1219 2287 1290 interrogem,
2321 1230 2496 1274 utrum
2529 1235 2751 1276 uxorem
2780 1235 2928 1277 suam
2958 1231 3077 1293 post
3101 1227 3451 1282 resurrectio-

1862 1327 1983 1368 nem
2014 1323 2230 1381 accepta
2260 1312 2496 1382 angelica
2527 1311 2893 1369 immutatione
2916 1314 2932 1346 ¹
2959 1330 3078 1385 qua:
3108 1316 3304 1371 sanctis
3328 1333 3452 1387 pro-

1861 1404 2116 1471 mittitur,
2148 1419 2328 1459 secum
2370 1403 2440 1458 ibi
2477 1403 2658 1459 vivere
2697 1404 2854 1469 velit;
2889 1414 2994 1460 tam
3023 1406 3368 1464 vehementer
3394 1425 3455 1466 se

1861 1495 1913 1551 id
1939 1497 2076 1553 velle
2117 1512 2275 1567 quam
2307 1496 2436 1552 illud
2471 1497 2611 1552 nolle
2651 1498 3010 1568 respondebit.
3055 1498 3143 1555 Sic
3188 1501 3455 1563 invenitur

1861 1592 2032 1646 bonus
2063 1591 2384 1647 Christianus
2424 1591 2649 1662 diligere
2688 1591 2740 1646 iu
2781 1607 2884 1647 una
2923 1592 3119 1648 femina
3156 1604 3455 1654 creaturam

1863 1685 1989 1751 Dei,
2024 1701 2183 1756 quam
2225 1684 2503 1741 reformari
2548 1694 2603 1740 et
2644 1686 2888 1741 renovari
2929 1685 3233 1754 desiderat;
3278 1689 3456 1746 odisse

1862 1787 2040 1833 autem
2071 1776 2499 1846 conjunctionem
2531 1777 3026 1848 copulationemque
3054 1781 3456 1848 corruptibilem

1862 1880 2022 1942 atque
2048 1871 2327 1926 mortalem
2358 1890 2371 1927 :
2405 1871 2506 1928 hoc
2537 1883 2651 1938 cst,
2688 1871 2912 1942 diligere
2951 1872 3004 1927 in
3033 1888 3094 1927 ea
3123 1873 3264 1943 quod
3294 1874 3455 1932 homo

1861 1972 1945 2019 est
1964 2005 1979 2030 ,
2009 1963 2186 2020 odisse
2210 1964 2350 2034 quod
2383 1979 2515 2018 uxor
2541 1971 2640 2018 est.
2671 1964 2745 2018 lta
2773 1964 2932 2018 etiam
2959 1963 3130 2035 diligit
3163 1965 3453 2034 inimicum,

1862 2071 1968 2112 non
1997 2057 2046 2111 in
2083 2066 2336 2127 quantum
2369 2056 2613 2111 inimicus
2642 2065 2759 2120 est,
2788 2055 2882 2111 sed
2922 2055 2974 2110 in
3010 2065 3264 2128 quantum
3294 2057 3458 2116 homo

1863 2159 1978 2213 est;
2013 2153 2070 2201 ut
2095 2145 2195 2201 hoc
2221 2147 2270 2200 ei
2302 2145 2429 2202 velit
2456 2145 2736 2216 provenire
2762 2144 2902 2215 quod
2928 2145 3061 2213 sibi,
3091 2145 3145 2202 id
3169 2154 3278 2213 est,
3307 2157 3366 2204 ut
3388 2147 3458 2206 ad

1863 2254 2083 2309 regnum
2117 2239 2376 2293 caelorum
2421 2245 2692 2293 correctus
2732 2245 3124 2309 renovatusque
3163 2238 3456 2308 perveniat.

1866 2330 1977 2385 Hoc
2015 2339 2070 2385 et
2105 2329 2172 2386 de
2203 2338 2350 2398 patre
2384 2328 2530 2384 etde
2559 2337 2730 2383 matre
2757 2337 2812 2382 et
2837 2329 3046 2384 caeteris
3075 2328 3298 2384 vinculis
3335 2344 3459 2386 san-

1865 2423 2036 2494 guinis
2066 2421 2466 2493 intelligentlum
2497 2429 2609 2486 est,
2639 2428 2696 2475 ut
2722 2420 2772 2475 in
2800 2420 2880 2476 eis
2905 2420 3178 2476 oderimus
3204 2421 3344 2493 quod
3368 2437 3458 2493 ge-

1866 2533 1967 2573 nus
1993 2517 2280 2572 humanum
2307 2515 2578 2572 nascendo
2601 2525 2654 2571 et
2681 2514 2957 2570 moriendo
2983 2515 3228 2570 sortitum
3253 2523 3334 2571 est
3360 2510 3472 2588 (ιι),¹

1865 2607 2150 2679 diligamus
2178 2616 2355 2663 autem
2387 2606 2527 2678 quod
2569 2606 2847 2662 nobiscum
2878 2615 3054 2676 potest
3080 2606 3146 2661 ad
3179 2606 3264 2660 illa
3298 2620 3460 2678 regna

1867 2700 2082 2772 perduci
2107 2743 2122 2767 ,
2152 2701 2239 2755 ubi
2267 2715 2426 2755 nemo
2453 2699 2599 2764 dicit,
2636 2699 2790 2754 Pater
2818 2713 3006 2764 mens;
3035 2697 3129 2753 sed
3155 2712 3342 2753 omnes
3368 2697 3461 2755 uni

1867 2793 1976 2848 Deo
1997 2835 2012 2859 ,
2051 2791 2211 2846 Pater
2245 2800 2413 2846 noster
2449 2807 2468 2846 :
2498 2806 2632 2855 nec,
2661 2791 2827 2845 Mater
2863 2805 3016 2856 mea;
3046 2789 3140 2844 sed
3169 2804 3354 2846 omnes
3383 2787 3462 2847 illi

1866 2884 2184 2950 Jerusalem,
2209 2883 2374 2938 Mater
2397 2893 2574 2938 nostra
2601 2900 2612 2935 :
2638 2897 2736 2937 nec
2751 2881 2940 2937 Frater
2959 2896 3137 2946 meus;
3162 2880 3255 2936 sed
3275 2896 3463 2938 omnes
3552 2901 3562 2912 ο

1868 2976 1936 3032 de
1961 2977 2241 3039 omnibus,
2273 2975 2461 3030 Frater
2487 2984 2668 3030 noster
2701 2992 2713 3028 :
2741 2973 3044 3044 conjugium
3069 2989 3197 3028 vero
3225 2988 3344 3027 cum
3373 2972 3464 3029 illo

1868 3070 2024 3125 simul
2061 3070 2213 3124 nobis
2258 3068 2309 3122 in
2355 3084 2518 3122 unum
2564 3067 2830 3132 redactis,
2859 3065 3008 3134 quasi
3041 3064 3196 3120 unius
3225 3064 3465 3136 conjugis

1868 3163 1989 3228 erit,
2022 3163 2110 3232 qui
2142 3177 2239 3226 nos
2269 3159 2334 3215 de
2359 3159 2733 3228 prostitutione
2761 3157 2916 3227 hujus
2943 3157 3121 3212 sazculi
3153 3156 3233 3211 sui
3253 3157 3468 3228 sangui-

1869 3255 1954 3307 nis
1978 3253 2234 3307 effusione
2264 3252 2525 3305 liberavit.
2555 3249 2788 3304 Necesse
2823 3257 2906 3304 est
2943 3265 3072 3318 ergo
3112 3256 3169 3303 nt
3203 3249 3378 3305 oderit
3403 3265 3466 3307 ea

1869 3361 1987 3416 qua:
2031 3351 2310 3398 transeunt
2350 3342 2646 3412 discipulus
2681 3339 2911 3403 Christi,
2946 3341 2998 3394 in
3029 3340 3093 3394 iis
3122 3353 3256 3409 quos
3284 3355 3465 3397 secum

1870 3438 1936 3493 ad
1965 3454 2026 3493 ea
2061 3438 2244 3493 venire
2283 3435 2587 3501 desiderat,
2630 3450 2750 3504 quae
2792 3449 3004 3502 semper
3047 3433 3370 3499 manebunt;
3413 3443 3468 3491 et

1872 3538 2018 3585 tanto
2042 3529 2209 3599 magis
2232 3529 2346 3582 lucc
2369 3527 2421 3581 iu
2444 3527 2522 3582 eis
2540 3526 2730 3589 oderit,
2755 3533 2952 3595 quanto
2974 3525 3140 3596 magis
3161 3540 3256 3580 eos
3274 3525 3464 3596 diligit.

1944 3623 2033 3676 4‘2.
2083 3622 2266 3676 Potest
2305 3621 2461 3691 igitur
2488 3618 2810 3674 Christianus
2845 3634 2965 3674 cum
2992 3619 3216 3690 conjuge
3244 3633 3468 3676 concern

1872 3714 2009 3770 diter
2043 3715 2255 3779 vivere;
2287 3713 2400 3768 sive
2427 3711 2774 3783 indigentiam
2804 3713 3072 3768 carnalem
3101 3705 3220 3768 cum
3248 3729 3309 3768 ea
3333 3728 3463 3785 sup-

1875 3809 2054 3880 piens,
2083 3807 2222 3878 quod
2249 3805 2541 3862 secundum
2569 3805 2808 3870 veniam,
2837 3820 2943 3859 non
2968 3803 3261 3860 secundum
3291 3805 3460 3876 impe-

1874 3902 2011 3956 rium
2034 3902 2055 3932 ³
2082 3899 2210 3955 dicit
2247 3897 2570 3969 Apostolus;
2611 3897 2722 3952 sive
2753 3896 2979 3951 filiorum
3012 3897 3464 3968 propagationem,

1875 3993 2015 4064 quod
2046 3992 2155 4064 jam
2199 3991 2458 4048 nonnullo
2487 3989 2655 4061 gradu
2679 3999 2856 4060 poest
2881 4004 3002 4045 esse
3027 3989 3328 4052 laudabile;
3356 3989 3470 4049 sive

1875 4087 2162 4142 fraternam
2190 4085 2523 4150 societatem,
2553 4084 2668 4138 sine
2697 4082 2803 4137 ulla
2828 4097 3113 4152 corporum
3137 4082 3472 4138 commixtio-

1877 4196 1965 4248 ne,
1999 4178 2201 4234 habens
2227 4193 2446 4234 uxorem
2477 4185 2728 4246 tanquam
2756 4189 2861 4229 non
2885 4173 3108 4238 habens,
3135 4172 3277 4246 quod
3306 4182 3388 4230 est
3415 4174 3471 4232 in

1879 4272 2124 4344 conjugio
2149 4271 2568 4328 Christianorum
2596 4265 3101 4322 excellentissimum
3125 4273 3285 4337 atque
3308 4265 3475 4322 subli-

1878 4385 1966 4425 me
1995 4387 2007 4422 :
2036 4377 2094 4422 ut
2123 4375 2300 4422 tamen
2341 4363 2513 4418 oderit
2541 4363 2592 4417 in
2622 4377 2685 4417 ea
2713 4375 2905 4415 nomen
2937 4358 3244 4430 temporalis
3280 4373 3471 4415 neces-

1879 4461 2050 4518 sitatis
2086 4460 2141 4525 ³,
2185 4468 2239 4513 et
2286 4457 2472 4527 diligat
2521 4469 2670 4524 spem
2724 4452 3061 4521 sempiternae
3109 4449 3469 4507 beatitudinis.

1877 4553 2100 4610 Odimus
2125 4549 2266 4605 enim
2294 4547 2408 4604 sine
2433 4546 2614 4610 dubio,
2639 4543 2778 4615 quod
2806 4550 2950 4598 certe
2976 4550 3031 4597 ut
3057 4540 3341 4612 aliquando
3367 4555 3473 4599 non

1879 4646 1948 4702 sit
1976 4653 2255 4714 optamus,
2289 4639 2426 4694 sicut
2456 4637 2610 4693 istam
2653 4635 2823 4706 ipsam
2865 4633 3142 4705 praesentis
3179 4617 3360 4689 saeculi
3393 4632 3476 4688 vi-

1880 4747 1985 4792 tam
2007 4779 2022 4802 ,
2052 4750 2208 4806 quam
2249 4730 2595 4801 temporalem
2627 4726 2672 4782 si
2702 4742 2806 4781 non
2831 4725 3161 4790 odissemus,
3194 4740 3298 4779 non
3328 4723 3476 4780 desi-

1879 4832 2191 4888 deraremus
2232 4826 2496 4889 futuram,
2544 4837 2663 4892 qua:
2692 4835 2798 4876 non
2829 4828 2910 4876 est
2951 4817 3178 4888 tempori
3223 4815 3472 4871 obnoxia.

1881 4924 1988 4980 Pro
2017 4923 2115 4976 hac
2141 4919 2282 4975 enim
2313 4917 2416 4972 vita
2449 4915 2617 4987 posita
2643 4924 2725 4970 est
2744 4911 2943 4978 anima,
2967 4909 3036 4964 de
3058 4922 3160 4980 qua
3184 4907 3256 4962 ibi
3276 4905 3476 4963 dictum

1881 5026 1983 5085 est,
2016 5015 2116 5082 Qui
2142 5031 2243 5068 non
2267 5011 2428 5066 oderit
2454 5009 2659 5080 insuper
2687 5017 2735 5060 et
2759 5005 2985 5060 animant
3005 5017 3172 5069 suam,
3195 5017 3296 5056 non
3317 5008 3478 5072 potest

1881 5125 1987 5164 esse
2018 5122 2155 5161 meus
2185 5105 2463 5175 discipulus
2495 5101 2644 5175 (an.
2669 5114 2778 5165 xw,
2818 5097 2898 5167 6).
2930 5095 3061 5151 lluic
3092 5106 3324 5165 namque
3357 5092 3480 5149 vita).

1882 5204 2032 5261 cibus
2062 5212 2145 5259 est
2177 5199 2510 5258 necessarius
2548 5196 2650 5250 iste
2683 5190 3044 5264 corruptibilis
3064 5231 3079 5258 ,
3117 5190 3185 5246 de
3221 5205 3327 5261 quo
3364 5189 3479 5260 ipse

1949 5342 1965 5372 ι
1991 5339 2073 5406 δίᾳ¹
2089 5343 2193 5386 Mss.
2219 5341 2273 5384 et
2296 5332 2432 5393 editi,
2471 5337 2651 5394 praeter
2672 5335 2785 5378 Mar.
2823 5333 2876 5378 et
2908 5324 3141 5388 Lov.,qui
3162 5322 3366 5385 habent,
3388 5319 3480 5373 ἔκηε
3511 5345 3515 5348 ~

1883 5399 2187 5454 mortalitate.

1948 5467 1968 5496 ³
1993 5469 2042 5510 tn
2062 5460 2286 5512 omnibus
2308 5465 2543 5516 Mss.,non
2565 5451 2827 5516 secundum
2849 5449 3076 5503 debitum.

1951 5527 1971 5558 ³
1993 5508 2096 5573 λιιι.
2115 5508 2188 5570 Er.
2215 5508 2592 5591 etillova'oderit
2609 5516 2729 5567 inea
2749 5528 2910 5591 attines
2928 5511 3209 5591 τεηξΡθναίεδ
3227 5508 3482 5591 ἐίῖδξῖπίέέέἶ

1887 5595 1972 5641 tes.
1996 5571 2206 5643 ilius,
2228 5581 2384 5650 oderit
2405 5571 2456 5630 in
2496 5592 2757 5650 ea
2784 5571 3387 5650 tentppralis_ttecessitatis.
3412 5572 3486 5642 sic

1890 5637 2046 5763 figam.
2062 5655 2172 5697 .uar.
2195 5637 2282 5695 ubi
2306 5658 2392 5708 pro
2413 5639 2725 5702 necessitatis,
2745 5637 3011 5705 legendum
3035 5637 3244 5697 videtur,
3278 5637 3485 5688 necessi-

1912 5728 1924 5763 t
1979 5723 2087 5762 uas.

1889 5721 2087 5766 tudinis.

1951 5775 2024 5838 ta)
2058 5779 2324 5837 tuetract.,
2342 5783 2447 5837 cap.
2471 5768 2550 5836 t9,
2586 5783 2634 5822 ιι.
2660 5767 2708 5822 5.

1945 5876 2073 5905 ini-ai...-
2098 5882 2135 5900 δ’
2187 5884 2252 5903 έ--ι-
2271 5893 2274 5897 -
2291 5887 2324 5901 ’ν
2369 5897 2397 5902 ..

3378 5815 3414 5855 ι’.
