3888 6312
453 259 588 320 ηδε

449 375 709 434 Dominus
728 371 874 435 dicit,
894 367 1080 424 Non:
1097 367 1270 420 anima
1289 368 1406 437 plus
1428 376 1500 422 est
1519 383 1669 436 quam
1691 380 1806 420 esca
1825 361 2037 434 (Matth.

449 483 523 533 vt,
545 467 678 536 35,)?
705 464 756 524 id
782 473 894 530 est,
921 461 1035 515 haec
1075 459 1181 514 vita
1220 459 1305 514 cui
1347 458 1652 514 necessaria
1689 464 1771 510 est
1803 469 1946 509 esca.
1975 451 2044 507 Et

448 559 593 633 quod
622 557 783 620 dicit,
816 564 873 610 ut
904 553 1137 608 animam
1171 566 1323 606 suam
1375 558 1534 619 ponat
1575 564 1669 618 pro
1707 547 1895 601 ovibus
1931 543 2045 599 suis

453 650 630 723 (loco.
673 665 735 711 it,
768 644 896 718 to);
930 646 1064 700 hanc
1094 643 1274 713 utique
1305 640 1464 716 vitam
1495 639 1655 705 dicit,
1699 655 1818 693 cum
1859 652 1918 693 se
1945 650 2043 707 pro

449 741 604 797 nobis
636 739 948 796 moriturum
979 749 1097 790 esse
1129 733 1452 802 pronuntiat.

517 829 744 888 CAPUT
766 826 1080 884 Κνι-ιδ.
1101 824 1352 880 Exoritur
1371 824 1453 876 hic
1473 821 1638 876 altera
1657 819 1901 890 quaestio,
1921 833 2041 874 cum

449 923 705 980 Dominus
724 936 880 976 causa
904 917 1266 974 fornicationis
1287 915 1560 987 permittat
1582 911 1774 967 dimitti
1797 925 2039 975 uxorem,

449 1025 713 1088 quatenus
739 1013 840 1066 hoc
877 1011 994 1066 loco
1024 1006 1363 1078 intelligenda
1399 1007 1468 1060 sit
1506 1003 1786 1060 fornicatio
1820 1020 1834 1057 :
1866 1010 2041 1056 utrum

450 1120 726 1177 quousque
747 1102 1046 1173 intelligunt
1073 1115 1281 1163 omnes,
1313 1097 1364 1153 id
1388 1107 1490 1164 est,
1520 1106 1577 1151 ut
1597 1111 1715 1151 eam
1739 1093 2044 1150 fornicatio-

448 1213 572 1254 nem
598 1195 878 1251 credamus
903 1193 1096 1248 dictam
1121 1206 1240 1261 qua:
1269 1191 1318 1245 in
1347 1189 1546 1259 stupris
1570 1187 1948 1251 committitur;
1974 1201 2043 1240 au

449 1286 895 1360 quemadmodum
920 1285 1208 1356 Scriptura:
1243 1283 1416 1338 solent
1446 1280 1851 1336 fornicationem
1884 1293 2041 1334 voca-

446 1396 528 1448 re,
558 1381 693 1435 sicut
716 1393 874 1447 supra
895 1376 1092 1432 dictum
1115 1384 1217 1442 est,
1247 1390 1458 1430 omnem
1489 1371 1723 1426 illicitum
1747 1370 2044 1442 corruptio-

447 1489 570 1530 nem
591 1515 606 1542 ,
637 1473 774 1529 sicut
801 1481 884 1528 est
920 1467 1213 1524 idololatria
1255 1469 1337 1522 vel
1369 1467 1587 1522 avaritia
1609 1507 1622 1530 ,
1655 1474 1709 1520 et
1747 1481 1811 1520 ex
1842 1479 1907 1518 eo
1931 1464 2041 1534 jam

447 1565 623 1620 omnis
649 1561 996 1632 transgressio
1018 1561 1146 1630 legis
1171 1568 1386 1629 propter
1408 1557 1641 1612 illicitum
1663 1555 2042 1624 concupiscen-

447 1659 574 1712 tiam
593 1655 669 1726 (α)
681 1694 694 1706 .
709 1654 810 1710 Sed
832 1654 1174 1710 conmilamus
1192 1654 1229 1705 A
1241 1651 1526 1722 postolum,
1547 1666 1612 1705 ne
1628 1649 1822 1720 aliquid
1843 1659 2043 1703 temere

445 1745 684 1801 dicamus
712 1761 724 1797 :
759 1742 856 1798 llis
885 1744 968 1814 qui
1002 1751 1114 1798 sunt
1153 1743 1204 1796 in
1239 1743 1508 1814 conjugio,
1543 1739 1745 1812 inquit,
1781 1739 2039 1811 prtccipio,

446 1855 548 1893 non
593 1854 704 1910 ego,
728 1837 816 1892 sed
857 1835 1138 1900 Dominus,
1177 1851 1384 1890 uxorem
1423 1851 1454 1888 a
1493 1834 1598 1888 uiro
1630 1850 1727 1887 non
1757 1832 2042 1897 discedere;

446 1929 580 2002 quod
606 1929 647 1982 si
673 1927 986 1992 discesserit,
1021 1942 1220 1981 manere
1260 1925 1558 1994 innuptam,
1589 1934 1675 1978 aut
1702 1925 1807 1976 viro
1838 1939 1928 1977 suo
1957 1939 2039 1976 re-

445 2020 729 2076 conciliari.
760 2019 940 2074 Potest
970 2018 1111 2073 enim
1145 2016 1256 2070 fieri
1288 2024 1347 2070 ut
1381 2014 1619 2069 discedat
1653 2029 1716 2069 ea
1750 2029 1908 2068 causa
1938 2028 2041 2083 qua

445 2111 704 2166 Dominus
731 2109 1004 2180 permittit.
1039 2110 1143 2162 Aut
1171 2107 1214 2162 si
1252 2107 1461 2160 fontium
1503 2106 1623 2160 licet
1659 2105 1826 2158 virum
1860 2102 2040 2158 dimit-

445 2211 561 2259 tere
587 2202 745 2257 etiam
783 2209 974 2271 praeter
1008 2214 1222 2254 causam
1255 2197 1650 2260 fornicationis,
1683 2204 1737 2249 et
1775 2212 1879 2250 non
1919 2195 2042 2250 licet

446 2295 596 2359 viro;
619 2292 746 2364 quid
768 2291 1207 2362 respondebimus
1228 2288 1294 2344 de
1318 2289 1418 2344 hoc
1437 2287 1576 2359 quod
1601 2288 1733 2342 dixit
1755 2287 2037 2357 posterius,

447 2383 516 2440 Et
535 2385 608 2439 vir
632 2399 838 2438 uxorem
863 2400 924 2438 ne
948 2382 1206 2436 dimittat?
1233 2380 1408 2448 Quare
1435 2395 1539 2434 non
1568 2379 1789 2444 addidit,
1821 2389 2040 2450 excepta

445 2491 606 2534 causa
661 2475 1060 2537 fornicationis,
1113 2473 1252 2545 quod
1301 2472 1556 2528 Dominus
1605 2471 1897 2542 permittit;
1941 2471 2040 2524 nisi

444 2569 566 2642 quia
612 2567 839 2623 similem
886 2565 1112 2620 formam
1162 2565 1274 2619 vult
1323 2564 1578 2635 intelligi,
1612 2573 1668 2619 ut
1705 2564 1748 2617 si
1781 2563 2042 2619 dimiserit

443 2659 611 2737 (quod
651 2675 809 2716 causa
850 2658 1217 2714 fornicationis
1259 2655 1638 2728 permittitur),
1679 2652 1890 2710 maneat
1925 2656 2041 2711 sine

443 2769 630 2822 uxore,
660 2764 750 2809 aut
776 2754 1152 2809 reconcilietur
1176 2752 1365 2806 uxori?
1393 2750 1506 2805 Non
1531 2750 1672 2804 enim
1698 2750 1835 2804 male
1855 2765 2044 2804 recon-

442 2848 716 2905 ciliaretur
755 2845 836 2900 vir
877 2846 953 2901 illi
998 2845 1244 2909 mulieri,
1277 2859 1433 2914 quam
1466 2857 1586 2898 cum
1618 2840 1852 2912 lapidare
1883 2856 2041 2896 nemo

442 2956 604 2999 ausus
633 2949 805 3004 esset,
834 2939 965 2994 dixit
989 2939 1038 2994 ei
1064 2938 1320 2993 Dominus
1347 2955 1358 2990 :
1399 2934 1540 2990 Vade
1558 2977 1572 3002 ,
1600 2945 1646 2990 et
1669 2933 1780 2989 vide
1809 2933 2042 3005 deinceps

442 3051 507 3090 ne
560 3049 732 3102 pecces
765 3029 786 3103 (
812 3029 903 3085 Id.
943 3047 1030 3085 vm
1050 3072 1062 3095 ,
1095 3031 1203 3102 li).
1229 3030 1360 3098 Quia
1388 3039 1436 3084 et
1467 3028 1556 3098 qui
1582 3028 1741 3094 dicit,
1773 3026 1888 3082 Non
1919 3027 2042 3082 licet

441 3125 713 3183 dimittere
742 3137 968 3178 uxorem
990 3163 1004 3190 ,
1038 3124 1137 3177 nisi
1167 3137 1324 3177 causa
1357 3121 1751 3186 fornicationis;
1779 3121 1921 3192 cogit
1950 3136 2039 3176 re-

442 3217 615 3274 tinere
642 3228 900 3279 uxorem,
939 3212 984 3268 si
1013 3227 1168 3268 causa
1209 3210 1572 3268 fornicationis
1611 3227 1719 3266 non
1760 3210 1951 3272 fuerit;
1993 3212 2039 3268 si

442 3320 618 3366 autem
648 3308 828 3376 fuerit,
858 3321 966 3362 non
987 3306 1126 3376 cogit
1149 3304 1438 3372 dimittere,
1466 3303 1558 3359 sed
1584 3303 1877 3373 permittit:
1901 3302 2040 3358 sicut

441 3403 654 3471 dicitur,
686 3401 806 3458 Non
833 3399 992 3454 liceat
1016 3399 1226 3452 mulieri
1255 3399 1454 3453 nubere
1476 3397 1662 3463 alteri,
1695 3396 1795 3451 nisi
1827 3404 2039 3451 mortuo

442 3497 592 3562 viro;
623 3495 668 3552 si
698 3501 823 3550 ante
848 3489 950 3546 viri
985 3499 1210 3546 mortem
1242 3488 1516 3559 nupserit,
1559 3503 1649 3542 rea
1686 3496 1769 3542 est
1799 3503 1812 3540 :
1845 3487 1888 3542 si
1919 3495 2040 3557 post

439 3588 540 3645 viri
581 3595 808 3643 mortem
847 3598 956 3640 non
995 3579 1269 3650 nupserit,
1317 3596 1421 3634 non
1465 3588 1547 3635 est
1591 3593 1716 3644 rea;
1759 3594 1864 3632 non
1894 3579 2036 3633 enim

437 3680 587 3753 jussa
612 3687 694 3734 est
717 3677 944 3744 nubere,
972 3672 1068 3730 sed
1092 3672 1368 3744 permissa.
1399 3670 1452 3726 Si
1480 3685 1607 3742 ergo
1637 3685 1732 3740 par
1757 3669 1925 3725 forma
1955 3679 2037 3726 est

441 3773 497 3832 in
524 3773 627 3828 isto
651 3773 771 3843 jure
796 3766 1027 3841 conjugii
1059 3767 1198 3821 inter
1229 3765 1395 3819 virum
1431 3772 1485 3818 et
1527 3763 1801 3818 mulierem
1822 3805 1836 3820 .
1871 3777 2036 3833 usque

439 3866 576 3924 adeo
597 3874 776 3922 utnon
796 3871 1000 3918 tantum
1023 3860 1091 3916 de
1112 3859 1329 3922 femina,
1357 3856 1494 3912 idem
1514 3856 1802 3926 Apostolus
1820 3855 2032 3921 dixerit,

439 3955 631 4014 Hither
663 3970 764 4010 non
790 3952 937 4007 habet
971 3957 1268 4022 potestatem
1297 3947 1376 4002 sui
1405 3947 1660 4015 corporis,
1689 3945 1778 4000 sed
1803 3946 1914 4012 vir;
1941 3945 2034 4001 sed

439 4047 600 4106 etiam
628 4045 695 4102 de
725 4043 820 4099 illo
846 4058 951 4099 non
990 4042 1214 4098 tacuerit
1247 4037 1467 4105 dicens,
1497 4037 1743 4095 Similiter
1772 4049 1819 4094 et
1854 4039 1929 4093 vir
1955 4040 2035 4095 sui

439 4140 666 4212 corporis
685 4145 980 4210 potestatem
1003 4151 1104 4190 non
1127 4133 1294 4200 habet,
1319 4131 1407 4186 sed
1429 4131 1608 4186 mulier
1629 4146 1649 4195 ;
1675 4131 1717 4186 si
1740 4146 1868 4202 ergo
1886 4131 2034 4187 simi-

435 4234 504 4290 lis
525 4232 694 4288 forma
711 4238 817 4297 est,
841 4244 945 4284 non
969 4235 1182 4298 oportet
1206 4223 1426 4295 intelligi
1448 4223 1610 4278 licere
1631 4221 1840 4277 mulieri
1861 4221 2032 4277 virum

437 4324 728 4390 dimittere,
758 4320 860 4377 nisi
888 4334 1045 4376 causa
1075 4316 1464 4382 fornicationis,
1491 4313 1628 4369 sicut
1656 4322 1710 4369 et
1739 4312 1872 4370 viro.

506 4416 598 4472 44.
625 4412 1083 4471 Censiderandum
1114 4419 1194 4468 est
1222 4411 1399 4482 itaque
1425 4417 1684 4481 quatenus
1714 4406 2028 4464 fornicatio-

436 4524 564 4566 nem
611 4507 904 4578 intelligere
950 4504 1274 4569 debeamus,
1306 4513 1361 4558 ct
1413 4499 1808 4569 consulendus,
1835 4509 1892 4556 ut
1917 4514 2030 4557 ca:-

435 4615 718 4673 peratnus,
757 4596 1066 4668 Apostolus.
1100 4593 1352 4666 Sequitur
1377 4595 1516 4649 enim
1555 4603 1607 4649 et
1634 4592 1763 4648 dicit
1784 4633 1802 4660 ,
1825 4591 2031 4649 theris

435 4703 605 4750 autem
628 4707 718 4763 ego
745 4689 880 4756 dico,
908 4707 1006 4744 non
1029 4687 1297 4744 Dominus.
1322 4686 1420 4743 Hic
1451 4688 1622 4758 primo
1641 4685 1924 4742 videndum
1950 4697 2031 4743 est

435 4784 630 4857 quibus
646 4781 879 4848 ctrteris;
903 4779 1113 4835 dicebat
1135 4783 1275 4835 enim
1305 4781 1554 4852 superius
1574 4795 1640 4836 cx
1666 4779 1876 4834 Domini
1904 4795 2030 4850 pcr-

436 4893 567 4934 sona
595 4877 659 4931 iis
684 4875 775 4947 qui
801 4881 926 4929 sunt
966 4872 1018 4926 in
1046 4871 1322 4942 conjugio,
1365 4887 1506 4927 nunc
1535 4885 1664 4926 vero
1686 4885 1750 4926 ex
1779 4885 1873 4927 sua
1903 4887 2027 4942 per-

436 4983 566 5025 sona
607 4966 814 5022 czcteris
841 4964 1006 5020 dicit:
1035 4977 1164 5033 ergo
1191 4961 1415 5016 fortasse
1446 4962 1510 5016 iis
1548 4963 1640 5034 qui
1679 4977 1785 5017 non
1813 4973 1935 5018 sunt
1973 4962 2027 5019 in

440 5058 692 5129 conjugio
723 5055 846 5113 :scd
875 5072 980 5110 non
1007 5053 1109 5110 hoc
1144 5053 1400 5125 sequitur.
1436 5053 1510 5107 lta
1540 5054 1680 5108 enim
1709 5053 1975 5128 subjungit
2009 5072 2024 5109 :

433 5153 499 5208 Si
519 5151 632 5222 quis
655 5149 818 5221 frater
856 5146 1004 5202 habet
1026 5163 1236 5201 uxorem
1260 5143 1548 5214 inﬁdelem,
1584 5154 1630 5200 et
1653 5145 1760 5200 hwc
1785 5145 2026 5202 consentit

432 5245 660 5299 habitare
691 5259 806 5298 cum
828 5241 940 5310 illo,
972 5257 1072 5296 non
1097 5240 1313 5294 dimittat
1335 5237 1499 5294 illam.
1539 5238 1676 5309 Ergo
1701 5238 1859 5293 etiam
1885 5253 2026 5294 nunc

430 5337 500 5393 iis
525 5335 654 5392 dicit
673 5333 765 5404 qui
785 5342 911 5388 sunt
938 5333 990 5386 in
1012 5331 1282 5403 conjugio.
1309 5331 1449 5398 Quid
1477 5330 1576 5386 sibi
1600 5345 1728 5402 ergo
1746 5330 1857 5386 vult
1882 5331 2024 5403 quod

431 5431 525 5496 ait,
551 5429 744 5485 cteteris
767 5441 787 5483 :
809 5427 912 5485 nisi
938 5427 1065 5499 quia
1091 5426 1334 5498 superius
1363 5427 1442 5483 eis
1465 5426 1797 5499 loquebatur,
1827 5428 1916 5501 qui
1947 5427 2024 5484 sic

431 5525 665 5597 copulati
694 5532 878 5594 erant,
920 5533 977 5580 ut
1008 5523 1204 5597 pariter
1237 5523 1292 5580 in
1321 5523 1424 5579 fide
1446 5522 1647 5580 Christi
1674 5531 1889 5590 essent;
1919 5541 2020 5580 ca:-

432 5620 554 5674 teris
579 5633 707 5675 vero
735 5632 877 5674 nunc
912 5617 1042 5674 dicit
1061 5659 1075 5684 ,
1103 5617 1156 5674 id
1180 5626 1263 5674 est
1285 5615 1366 5674 eis
1386 5615 1476 5690 qui
1502 5617 1581 5675 sic
1607 5617 1840 5692 copulati
1866 5626 2020 5689 sunt,

427 5780 450 5801 ι.
498 5727 572 5794 (ti)
605 5735 622 5778 ι
654 5735 858 5782 Item
881 5741 986 5782 ean.
1013 5728 1090 5794 19,
1113 5741 1163 5781 n.
1187 5728 1238 5782 ϐ.

1232 247 1322 305 DE
1361 244 1684 304 SERMONE
1727 242 1962 300 DOMINI
1997 239 2064 298 IN
2100 238 2356 307 ΗΟΝΤΕ,
2395 239 2451 296 S.
2493 233 2859 296 AUGUSTINI

3606 239 3725 308 ιω

2153 367 2211 413 ut
2242 373 2348 414 non
2379 358 2536 413 ambo
2566 358 2752 414 fideles
2783 357 2926 412 sint?
2955 355 3062 412 Sed
3088 359 3216 430 quid
3243 360 3322 418 eis
3345 359 3516 417 dicit?
3549 358 3606 418 Si
3631 361 3720 431 quis

2153 455 2310 522 frater
2334 451 2480 505 habet
2505 467 2712 506 uxorem
2742 449 3019 518 inﬁdelem,
3048 460 3094 505 et
3119 450 3227 506 ha'c
3247 453 3490 506 consentit
3522 451 3719 508 habitare

2149 561 2264 599 cum
2292 545 2403 610 illo,
2426 561 2525 599 non
2553 544 2770 598 dimittat
2799 543 2944 597 illam
2975 561 2993 597 :
3020 552 3066 596 et
3098 545 3142 597 si
3167 561 3265 614 qua
3292 527 3472 601 mulier
3500 542 3638 597 habet
3661 545 3716 597 ri-

2148 656 2265 693 rum
2294 639 2553 707 inﬁdelem
2573 679 2588 702 ,
2619 647 2666 692 et
2704 638 2784 692 hic
2813 638 3055 692 consentit
3085 638 3311 694 habitare
3345 654 3461 692 cum
3498 637 3614 703 illa,
3643 656 3720 692 non

2149 730 2369 784 dimittat
2401 732 2581 785 virum.
2617 729 2674 786 Si
2707 745 2835 801 ergo
2870 744 2976 785 non
3007 731 3246 800 prazcipit
3277 745 3342 785 ex
3376 728 3586 784 Domini
3622 746 3715 800 per-

2147 835 2298 886 sona,
2333 821 2427 878 sed
2455 839 2517 876 ex
2559 836 2654 877 sua
2683 836 2909 892 persona
2944 831 3159 885 monet,
3189 821 3258 875 ita
3289 829 3370 876 est
3395 820 3498 876 hoc.
3525 821 3716 882 bonum,

2149 922 2206 968 ut
2224 914 2267 968 si
2289 914 2408 984 quis
2429 914 2586 968 aliter
2607 912 2814 977 fecerit,
2841 929 2945 966 non
2973 911 3040 967 sit
3067 913 3314 984 prmcepti
3343 921 3716 982 transgressor:

2148 1002 2288 1057 sicut
2315 1005 2382 1059 de
2409 1003 2703 1074 virginibus
2730 1003 2890 1074 paulo
2931 1013 3052 1074 post
3081 1003 3241 1071 dicit,
3287 1014 3606 1074 prmccptum
3636 1006 3720 1058 Du-

2149 1095 2282 1150 mini
2311 1112 2369 1150 se
2401 1112 2504 1151 non
2535 1096 2756 1162 habere,
2785 1095 3064 1150 consilium
3103 1106 3277 1150 autem
3305 1095 3470 1162 dare;
3503 1107 3649 1168 atque
3668 1097 3718 1149 ila

2147 1187 2329 1242 laudat
2355 1188 2733 1258 virginitatem,
2765 1195 2819 1242 ut
2842 1187 3061 1258 arripiat
3089 1203 3207 1244 eam
3237 1187 3327 1258 qui
3359 1187 3602 1253 voluerit,
3632 1204 3714 1241 non

2147 1287 2325 1333 tamen
2370 1289 2424 1334 ut
2470 1280 2513 1335 si
2548 1295 2653 1335 non
2693 1279 2918 1344 fecerit,
2954 1288 3137 1334 contra
3183 1287 3516 1350 praeceptum
3563 1277 3720 1334 fecis-c

2144 1371 2436 1442 judicctur.
2470 1372 2625 1427 Aliud
2669 1373 2812 1427 enim
2858 1380 2942 1427 est
2979 1371 3119 1442 quod
3148 1372 3398 1442 jubetur,
3444 1370 3578 1426 aliud
3605 1373 3720 1443 quod

2151 1473 2425 1529 monetur,
2450 1463 2590 1519 aliud
2622 1463 2760 1534 quod
2785 1463 3092 1534 ignoscitur.
3115 1461 3341 1518 Jubctur
3366 1461 3559 1518 mulier
3581 1479 3607 1517 τι
3629 1463 3720 1519 viro

2149 1570 2257 1608 non
2289 1553 2600 1620 discedere;
2633 1555 2772 1626 quod
2797 1555 2839 1608 si
2872 1553 3199 1621 discesserit,
3227 1570 3450 1609 manere
3481 1555 3717 1625 innuptam

2148 1657 2243 1701 aut
2271 1649 2385 1702 viro
2411 1663 2510 1703 suo
2531 1647 2861 1703 reconciliari
2894 1665 2904 1700 :
2933 1647 3090 1702 aliter
3115 1662 3240 1719 ergo
3265 1662 3372 1701 non
3407 1647 3530 1701 licet
3554 1646 3717 1705 facere.

2152 1738 2400 1796 Monetur
2429 1751 2606 1795 autem
2647 1740 2724 1793 vir
2756 1739 2945 1800 fidelis.
2974 1738 3017 1792 si
3047 1738 3205 1794 habet
3233 1755 3459 1794 uxorem
3490 1738 3718 1796 infidelem

2151 1832 2577 1887 consentientem
2609 1845 2788 1887 secum
2826 1829 3098 1897 habitare,
3142 1847 3244 1884 non
3274 1845 3396 1886 eam
3442 1831 3718 1888 dimittere:

2150 1923 2276 1980 licet
2306 1939 2434 1995 ergo
2460 1933 2514 1979 ct
2541 1923 2845 1988 dimittere;
2877 1923 2997 1995 quia
3041 1939 3144 1978 non
3177 1933 3260 1978 est
3289 1936 3609 1997 prmceptum
3637 1925 3718 1980 Do-

2150 2017 2304 2082 mini,
2339 2033 2406 2073 ne
2436 2018 2688 2085 dimittat,
2727 2017 2819 2072 sed
2847 2018 3128 2072 consilium
3158 2018 3403 2089 Apostoli
3431 2037 3445 2071 :
3479 2021 3605 2074 sicut
3631 2035 3721 2074 [που

2150 2117 2312 2163 netnr
2341 2109 2487 2179 virgo
2517 2124 2621 2163 non
2655 2109 2891 2174 nubere;
2937 2107 3030 2164 sed
3067 2109 3109 2162 si
3153 2109 3432 2180 nupserit,
3476 2110 3716 2166 consilium

2151 2199 2365 2272 quidem
2398 2215 2503 2254 non
2553 2200 2787 2267 tenebit,
2820 2199 2913 2255 sed
2957 2212 3140 2255 contra
3174 2211 3503 2272 praeceptum
3545 2219 3638 2257 non
3663 2202 3719 2258 fa-

2149 2290 2275 2346 ciet.
2306 2289 2604 2362 lgnoscitur
2629 2307 2750 2347 eum
2778 2291 2988 2359 dicitur,
3019 2291 3130 2364 lloc
3159 2301 3321 2346 autem
3339 2293 3460 2347 dico
3485 2294 3717 2348 secundum

2149 2386 2372 2453 veniam,
2403 2402 2502 2440 non
2529 2387 2805 2441 secundum
2833 2386 3118 2452 imperium.
3157 2386 3494 2458 Quapropter
3512 2429 3528 2454 ,
3555 2388 3596 2442 si
3622 2385 3718 2441 licet

2151 2487 2212 2532 ut
2234 2477 2533 2533 dimittatur
2557 2479 2750 2549 conjnx
2783 2478 3032 2546 infidelis,
3058 2480 3298 2550 quamvis
3325 2480 3518 2535 melius
3545 2479 3607 2535 sit
3632 2495 3716 2536 non

2151 2566 2456 2636 dimittere,
2485 2578 2542 2624 et
2573 2580 2749 2624 tamen
2790 2587 2895 2627 non
2941 2571 3065 2625 licet
3093 2571 3386 2627 secundum
3436 2583 3716 2643 perceptum

2151 2659 2357 2716 Detnini
2388 2670 2441 2716 ut
2467 2662 2769 2717 dimittatur
2803 2663 2998 2734 conjux
3030 2663 3132 2718 nisi
3171 2680 3330 2721 causa
3359 2662 3713 2731 fornicationis,

2146 2751 2426 2808 fornicatio
2455 2763 2538 2810 est
2559 2756 2722 2811 etiam
2748 2757 2858 2827 ipsa
2887 2755 3190 2812 infidelitas.

2333 2845 2468 2912 Quid
2508 2846 2650 2902 enim
2684 2856 2736 2900 tu
2776 2845 2911 2901 dicis
2935 2889 2949 2913 ,
2984 2846 3278 2916 Apostole?
3307 2845 3466 2904 Certe
3492 2856 3546 2904 ut
3571 2848 3640 2904 vir
3662 2847 3713 2902 fi-

2147 2931 2281 2988 delis
2315 2935 2740 2990 consentientem
2773 2951 2952 2991 secum
2983 2935 3224 2992 habitare
3254 2939 3529 2994 mulierem
3555 2938 3712 2992 infide-

2146 3023 2250 3077 lem
2283 3042 2387 3078 non
2415 3026 2669 3081 dimittat.
2699 3026 2795 3093 lla,
2825 3025 3013 3097 inquit.
3043 3027 3179 3084 Cum
3210 3045 3336 3101 ergo
3363 3030 3466 3085 hoc
3495 3038 3545 3086 et
3573 3029 3712 3084 Domi-

2143 3129 2246 3168 nus
2273 3115 2566 3186 prateipiat,
2602 3133 2668 3172 ne
2697 3117 2927 3173 dimittat
2957 3119 3036 3173 vir
3071 3135 3308 3186 uxorem,
3335 3123 3438 3177 nisi
3459 3136 3610 3177 causa
3629 3120 3714 3174 lor-

2144 3205 2461 3272 nicationis,
2500 3223 2668 3278 quare
2698 3207 2783 3263 hic
2821 3208 2972 3272 dicis,
3008 3208 3116 3282 Ego
3145 3211 3280 3277 dico,
3316 3228 3417 3267 non
3457 3210 3714 3266 Dominus!

2145 3298 2276 3368 Quia
2301 3300 2505 3356 scilicet
2545 3301 2840 3357 idololatria
2869 3319 3025 3374 quam
3057 3314 3350 3375 sequuntur
3375 3306 3636 3371 infideles,
3669 3311 3712 3360 et

2144 3391 2396 3462 qurelibet
2418 3392 2577 3448 noxia
2597 3393 2925 3464 superstitio,
2955 3395 3232 3451 fornicatio
3254 3405 3353 3452 est.
3380 3398 3619 3453 Dominus
3635 3410 3710 3451 au-

2144 3489 2249 3536 tem
2275 3482 2518 3553 permisit
2551 3498 2709 3538 causa
2739 3484 3100 3540 fornicationis
3131 3503 3356 3544 uxorem
3389 3490 3572 3544 dimitti
3599 3507 3610 3542 :
3634 3487 3708 3542 sed

2143 3574 2268 3644 quia
2303 3575 2562 3644 permisit,
2595 3592 2711 3645 non
2736 3576 2926 3648 jussit,
2955 3577 3100 3634 dedit
3131 3580 3304 3636 locum
3338 3582 3588 3653 Apostolo
3610 3595 3706 3636 mo-

2143 3665 2323 3728 nendi,
2374 3675 2430 3720 ut
2468 3666 2556 3738 qui
2591 3667 2816 3722 voluerit
2859 3685 2964 3724 non
3010 3670 3240 3726 dimittat
3287 3688 3509 3729 uxorem
3548 3672 3704 3728 infide-

2142 3757 2268 3825 lem,
2297 3774 2403 3829 qno
2431 3759 2508 3814 sic
2540 3759 2764 3816 fortasse
2793 3763 2960 3832 possit
2990 3761 3104 3818 ﬁeri
3145 3762 3336 3819 fidelis.
3378 3765 3705 3835 Sancti/iectu

2141 3860 2212 3903 est
2253 3852 2404 3917 enim,
2431 3852 2619 3921 inquit,
2649 3853 2724 3907 vir
2761 3853 2981 3923 inﬁdelis
3009 3855 3060 3909 in
3099 3871 3257 3912 uxore
3279 3857 3331 3924 ¹;
3358 3867 3411 3912 et
3433 3857 3704 3928 sanctiﬁcata

2141 3951 2212 3995 est
2249 3943 2430 3997 mulier
2455 3944 2680 4017 inﬁdelis
2705 3946 2756 3998 in
2781 3946 2960 4016 fratre.
2989 3947 3180 4015 Credo,
3203 3947 3313 4018 jam
3340 3957 3637 4021 provenerat
3657 3954 3702 4002 ut

2140 4036 2408 4090 nonnulla:
2438 4036 2650 4094 feminze
2686 4054 2781 4108 per
2812 4039 2958 4094 viros
2983 4039 3184 4107 fideles,
3215 4051 3269 4097 et
3305 4043 3404 4098 viri
3429 4060 3522 4118 per
3543 4053 3700 4098 uxores

2139 4131 2330 4186 fideles
2353 4129 2406 4184 in
2441 4129 2599 4186 fidem
2635 4131 2910 4198 venirent;
2939 4141 2994 4188 et
3015 4133 3254 4205 quamvis
3287 4149 3397 4190 non
3428 4136 3595 4192 dicens
3619 4147 3700 4188 no-

2139 4223 2301 4289 mina,
2327 4221 2589 4293 exemplis
2615 4229 2790 4277 tamen
2818 4221 3060 4279 hortatus
3087 4234 3191 4291 est,
3223 4224 3286 4279 ad
3309 4223 3697 4282 confirmandum

2139 4315 2421 4372 consilium
2451 4330 2627 4370 suum.
2653 4314 2852 4371 Deinde
2879 4316 3118 4387 sequitur
3150 4335 3162 4370 :
3194 4317 3434 4390 Alioquin
3459 4319 3549 4389 ﬁlii
3573 4314 3698 4372 uestri

2136 4408 2384 4462 immundi
2424 4417 2618 4473 essent;
2659 4424 2790 4463 nunc
2822 4417 2989 4464 autem
3019 4410 3179 4464 sancti
3218 4421 3332 4466 sunt
3364 4411 3421 4482 (Ι
3455 4411 3562 4467 Cor.
3587 4407 3693 4480 vn).

2135 4499 2250 4556 Jam
2277 4500 2418 4555 enim
2464 4508 2617 4555 erant
2645 4501 2846 4572 parvuli
2884 4499 3192 4567 christiani,
3242 4503 3332 4574 qui
3362 4504 3476 4560 sive
3509 4512 3693 4559 auctore

2136 4607 2244 4647 uno
2273 4607 2336 4647 ex
2367 4592 2695 4662 parentibus,
2723 4593 2834 4648 sive
2877 4601 3104 4664 utroque
3140 4594 3504 4650 consentiente
3531 4591 3694 4649 sancti~

2135 4686 2274 4741 ﬁcati
2299 4694 2453 4742 erant
2481 4703 2494 4739 :
2521 4685 2662 4758 quod
2682 4702 2787 4740 non
2816 4685 2983 4755 fieret,
3019 4687 3115 4742 nisi
3143 4701 3250 4743 uno
3283 4689 3531 4745 credente
3547 4685 3692 4743 disso-

2135 4775 2367 4831 ciaretur
2392 4775 2715 4848 conjuginm,
2747 4784 2800 4832 et
2827 4792 2930 4831 non
2957 4777 3271 4833 toleraretur
3291 4779 3564 4836 infidelitas
3584 4792 3689 4832 con-

2128 4870 2271 4940 jugis
2301 4886 2466 4940 usque
2485 4868 2550 4924 ad
2577 4870 3018 4940 Opportunitatcm
3048 4869 3318 4926 credendi.
3354 4871 3465 4927 Hoc
3486 4880 3560 4927 est
3583 4880 3688 4938 ergo

2132 4963 2413 5018 consilium
2436 4963 2571 5033 ejus,
2603 4963 2687 5017 cui
2713 4963 2875 5017 credo
2898 4961 3095 5017 dictum
3123 4978 3266 5030 esse,
3295 4961 3359 5020 Si
3381 4964 3502 5036 quid
3531 4977 3684 5032 super-

2131 5057 2431 5130 erogaveris,
2456 5057 2651 5110 rediens
2675 5056 2886 5110 reddant
2915 5057 3001 5110 tibi
3025 5055 3184 5129 (Luc.
3212 5074 3269 5126 Χ,

2205 5148 2296 5205 46.
2327 5148 2496 5204 Porro
2523 5149 2568 5202 si
2597 5147 2880 5204 infidelitas
2911 5148 3188 5205 fornicatio
3214 5162 3316 5218 cst,
3341 5160 3395 5208 et
3421 5145 3680 5206 idololatria

2131 5241 2437 5309 infidelitas,
2468 5248 2521 5296 et
2547 5241 2764 5295 avaritia
2795 5241 3114 5309 idololatria,
3137 5258 3241 5298 non
3267 5253 3350 5300 est
3369 5239 3679 5299 dubitandum

2130 5347 2184 5393 et
2211 5337 2482 5390 avaritiam
2512 5335 2913 5392 fornicationem
2942 5349 3080 5392 esse.
3111 5336 3240 5403 Quis
3259 5352 3386 5411 ergo
3398 5337 3504 5410 jam
3523 5346 3681 5408 quam-

2193 5543 2210 5575 ί
2239 5539 2374 5601 editi,
2398 5536 2449 5590 in
2473 5548 2624 5604 uxore
2645 5533 2782 5600 ﬁdeli
2809 5549 2826 5589 :
2851 5547 2904 5589 et
2925 5535 3068 5602 paulo
3091 5546 3218 5604 post,
3239 5539 3288 5592 in
3308 5539 3459 5604 fratre
3477 5529 3617 5604 ﬁdeli.
3633 5537 3676 5604 At

2128 5611 2235 5654 Mss.
2261 5615 2313 5653 ιιι
2335 5591 2544 5672 utroque
2730 5591 3058 5672 mr'OQtjoces
3080 5591 3218 5668 βάεά
3239 5591 3257 5653 ξ
3279 5591 3388 5666 (Ιῖιε
3415 5591 3676 5672 θυίέῑωὲι

2663 5675 2756 5714 nec
2777 5659 2999 5716 ialatiuo
3023 5659 3146 5728 erat,
3170 5659 3673 5726 teste'Augustimia-
