  <div class='ocr_page' id='page_1' title='image "/cluster/home/n/w/nwhite01/storage/ocr_20150623/34/uva.x000826574/648.png"; bbox 0 0 3888 6304; ppageno 0'>
   <div class='ocr_carea' id='block_1_1' title="bbox 157 289 322 363">
    <p class='ocr_par' dir='ltr' id='par_1_1' title="bbox 157 289 322 363">
     <span class='ocr_line' id='line_1_1' title="bbox 157 289 322 363; baseline 0.012 -1"><span class='ocrx_word' id='word_1_1' title='bbox 157 289 322 363; x_wconf 62' lang='grc'><strong>4255</strong></span> 
     </span>
    </p>
   </div>
   <div class='ocr_carea' id='block_1_2' title="bbox 157 418 1771 500">
    <p class='ocr_par' dir='ltr' id='par_1_2' title="bbox 157 418 1771 500">
     <span class='ocr_line' id='line_1_2' title="bbox 157 418 1771 500; baseline -0.001 -23"><span class='ocrx_word' id='word_1_2' title='bbox 157 421 315 479; x_wconf 83' lang='lat' dir='ltr'><strong>libet</strong></span> <span class='ocrx_word' id='word_1_3' title='bbox 337 425 568 481; x_wconf 81' lang='lat' dir='ltr'><strong>illicitum</strong></span> <span class='ocrx_word' id='word_1_4' title='bbox 597 428 1079 500; x_wconf 74' lang='lat' dir='ltr'><strong>concupiscentiam</strong></span> <span class='ocrx_word' id='word_1_5' title='bbox 1107 437 1281 500; x_wconf 88' lang='lat' dir='ltr'><strong>potest</strong></span> <span class='ocrx_word' id='word_1_6' title='bbox 1317 433 1460 482; x_wconf 87' lang='lat' dir='ltr'><strong>recte</strong></span> <span class='ocrx_word' id='word_1_7' title='bbox 1485 439 1513 478; x_wconf 93' lang='lat' dir='ltr'><strong>a</strong></span> <span class='ocrx_word' id='word_1_8' title='bbox 1543 418 1771 478; x_wconf 49' lang='lat' dir='ltr'><strong>fornice.</strong></span> 
     </span>
    </p>
   </div>
   <div class='ocr_carea' id='block_1_3' title="bbox 156 513 1772 592">
    <p class='ocr_par' dir='ltr' id='par_1_3' title="bbox 156 513 1772 592">
     <span class='ocr_line' id='line_1_3' title="bbox 156 513 1772 592; baseline -0.003 -22"><span class='ocrx_word' id='word_1_9' title='bbox 156 513 344 572; x_wconf 67' lang='lat' dir='ltr'><strong>tionis</strong></span> <span class='ocrx_word' id='word_1_10' title='bbox 369 532 566 588; x_wconf 78' lang='lat' dir='ltr'><strong>genere</strong></span> <span class='ocrx_word' id='word_1_11' title='bbox 591 533 841 592; x_wconf 87' lang='lat' dir='ltr'><strong>separare</strong></span> <span class='ocrx_word' id='word_1_12' title='bbox 859 563 874 590; x_wconf 91' lang='lat'><strong>,</strong></span> <span class='ocrx_word' id='word_1_13' title='bbox 915 522 962 576; x_wconf 87' lang='lat' dir='ltr'><strong>si</strong></span> <span class='ocrx_word' id='word_1_14' title='bbox 998 522 1217 577; x_wconf 87' lang='lat' dir='ltr'><strong>avaritia</strong></span> <span class='ocrx_word' id='word_1_15' title='bbox 1244 519 1522 575; x_wconf 88' lang='lat' dir='ltr'><strong>iornicatio</strong></span> <span class='ocrx_word' id='word_1_16' title='bbox 1545 514 1663 570; x_wconf 85' lang='lat' dir='ltr'><strong>est?</strong></span> <span class='ocrx_word' id='word_1_17' title='bbox 1694 513 1772 566; x_wconf 69' lang='lat' dir='ltr'><strong>Es</strong></span> 
     </span>
    </p>
   </div>
   <div class='ocr_carea' id='block_1_4' title="bbox 156 609 1771 686">
    <p class='ocr_par' dir='ltr' id='par_1_4' title="bbox 156 609 1771 686">
     <span class='ocr_line' id='line_1_4' title="bbox 156 609 1771 686; baseline -0.002 -23"><span class='ocrx_word' id='word_1_18' title='bbox 156 624 290 679; x_wconf 86' lang='lat' dir='ltr'><strong>quo</strong></span> <span class='ocrx_word' id='word_1_19' title='bbox 312 611 640 682; x_wconf 89' lang='lat' dir='ltr'><strong>intelligitur,</strong></span> <span class='ocrx_word' id='word_1_20' title='bbox 663 615 800 684; x_wconf 91' lang='lat' dir='ltr'><strong>quod</strong></span> <span class='ocrx_word' id='word_1_21' title='bbox 824 624 1044 686; x_wconf 75' lang='lat' dir='ltr'><strong>propter</strong></span> <span class='ocrx_word' id='word_1_22' title='bbox 1065 615 1276 672; x_wconf 89' lang='lat' dir='ltr'><strong>illicitas</strong></span> <span class='ocrx_word' id='word_1_23' title='bbox 1295 609 1771 681; x_wconf 76' lang='lat' dir='ltr'><strong>concupiscentiae,</strong></span> 
     </span>
    </p>
   </div>
   <div class='ocr_carea' id='block_1_5' title="bbox 155 699 1774 779">
    <p class='ocr_par' dir='ltr' id='par_1_5' title="bbox 155 699 1774 779">
     <span class='ocr_line' id='line_1_5' title="bbox 155 699 1774 779; baseline -0.002 -24"><span class='ocrx_word' id='word_1_24' title='bbox 155 715 292 756; x_wconf 82' lang='lat' dir='ltr'><strong>non</strong></span> <span class='ocrx_word' id='word_1_25' title='bbox 327 711 526 758; x_wconf 87' lang='lat' dir='ltr'><strong>tantum</strong></span> <span class='ocrx_word' id='word_1_26' title='bbox 554 719 675 776; x_wconf 73' lang='lat' dir='ltr'><strong>quae</strong></span> <span class='ocrx_word' id='word_1_27' title='bbox 700 708 752 760; x_wconf 89' lang='lat' dir='ltr'><strong>in</strong></span> <span class='ocrx_word' id='word_1_28' title='bbox 783 709 979 779; x_wconf 88' lang='lat' dir='ltr'><strong>stupris</strong></span> <span class='ocrx_word' id='word_1_29' title='bbox 999 723 1120 763; x_wconf 89' lang='lat' dir='ltr'><strong>cum</strong></span> <span class='ocrx_word' id='word_1_30' title='bbox 1140 707 1328 761; x_wconf 86' lang='lat' dir='ltr'><strong>alienis</strong></span> <span class='ocrx_word' id='word_1_31' title='bbox 1353 704 1481 758; x_wconf 87' lang='lat' dir='ltr'><strong>viris</strong></span> <span class='ocrx_word' id='word_1_32' title='bbox 1500 711 1590 756; x_wconf 84' lang='lat' dir='ltr'><strong>aut</strong></span> <span class='ocrx_word' id='word_1_33' title='bbox 1619 699 1774 755; x_wconf 68' lang='grc' dir='ltr'>[διιήά</span> 
     </span>
    </p>
   </div>
   <div class='ocr_carea' id='block_1_6' title="bbox 159 795 1775 871">
    <p class='ocr_par' dir='ltr' id='par_1_6' title="bbox 159 795 1775 871">
     <span class='ocr_line' id='line_1_6' title="bbox 159 795 1775 871; baseline -0.003 -21"><span class='ocrx_word' id='word_1_34' title='bbox 159 798 262 851; x_wconf 87' lang='lat' dir='ltr'><strong>nis</strong></span> <span class='ocrx_word' id='word_1_35' title='bbox 294 797 716 865; x_wconf 84' lang='lat' dir='ltr'><strong>committuntur,</strong></span> <span class='ocrx_word' id='word_1_36' title='bbox 747 801 838 855; x_wconf 89' lang='lat' dir='ltr'><strong>sed</strong></span> <span class='ocrx_word' id='word_1_37' title='bbox 864 801 1080 856; x_wconf 84' lang='lat' dir='ltr'><strong>omnino</strong></span> <span class='ocrx_word' id='word_1_38' title='bbox 1100 800 1382 871; x_wconf 81' lang='lat' dir='ltr'><strong>quaslibet,</strong></span> <span class='ocrx_word' id='word_1_39' title='bbox 1409 811 1528 868; x_wconf 77' lang='lat' dir='ltr'><strong>quae</strong></span> <span class='ocrx_word' id='word_1_40' title='bbox 1543 795 1775 848; x_wconf 86' lang='lat' dir='ltr'><strong>animam</strong></span> 
     </span>
    </p>
   </div>
   <div class='ocr_carea' id='block_1_7' title="bbox 156 889 1777 964">
    <p class='ocr_par' dir='ltr' id='par_1_7' title="bbox 156 889 1777 964">
     <span class='ocr_line' id='line_1_7' title="bbox 156 889 1777 964; baseline -0.004 -19"><span class='ocrx_word' id='word_1_41' title='bbox 156 903 410 959; x_wconf 80' lang='lat' dir='ltr'><strong>corpore</strong></span> <span class='ocrx_word' id='word_1_42' title='bbox 436 891 577 945; x_wconf 87' lang='lat' dir='ltr'><strong>male</strong></span> <span class='ocrx_word' id='word_1_43' title='bbox 604 901 839 947; x_wconf 76' lang='lat' dir='ltr'><strong>utentem</strong></span> <span class='ocrx_word' id='word_1_44' title='bbox 869 909 898 946; x_wconf 89' lang='lat' dir='ltr'><strong>a</strong></span> <span class='ocrx_word' id='word_1_45' title='bbox 931 895 1048 964; x_wconf 85' lang='lat' dir='ltr'><strong>lege</strong></span> <span class='ocrx_word' id='word_1_46' title='bbox 1077 895 1168 948; x_wconf 86' lang='lat' dir='ltr'><strong>Dei</strong></span> <span class='ocrx_word' id='word_1_47' title='bbox 1199 893 1446 946; x_wconf 78' lang='lat' dir='ltr'><strong>aberrare</strong></span> <span class='ocrx_word' id='word_1_48' title='bbox 1473 889 1692 950; x_wconf 72' lang='lat' dir='ltr'><strong>faciunt,</strong></span> <span class='ocrx_word' id='word_1_49' title='bbox 1723 890 1777 938; x_wconf 87' lang='lat' dir='ltr'><strong>et</strong></span> 
     </span>
    </p>
   </div>
   <div class='ocr_carea' id='block_1_8' title="bbox 156 978 1776 1054">
    <p class='ocr_par' dir='ltr' id='par_1_8' title="bbox 156 978 1776 1054">
     <span class='ocr_line' id='line_1_8' title="bbox 156 978 1776 1054; baseline -0.002 -20"><span class='ocrx_word' id='word_1_50' title='bbox 156 980 480 1050; x_wconf 85' lang='lat' dir='ltr'><strong>perniciose</strong></span> <span class='ocrx_word' id='word_1_51' title='bbox 513 985 840 1054; x_wconf 83' lang='lat' dir='ltr'><strong>turpiterque</strong></span> <span class='ocrx_word' id='word_1_52' title='bbox 867 985 1158 1054; x_wconf 79' lang='lat' dir='ltr'><strong>corrumpi,</strong></span> <span class='ocrx_word' id='word_1_53' title='bbox 1192 985 1360 1053; x_wconf 82' lang='lat' dir='ltr'><strong>possit</strong></span> <span class='ocrx_word' id='word_1_54' title='bbox 1397 983 1514 1038; x_wconf 88' lang='lat' dir='ltr'><strong>sine</strong></span> <span class='ocrx_word' id='word_1_55' title='bbox 1555 978 1776 1034; x_wconf 83' lang='lat' dir='ltr'><strong>crimine</strong></span> 
     </span>
    </p>
   </div>
   <div class='ocr_carea' id='block_1_9' title="bbox 155 1071 1777 1141">
    <p class='ocr_par' dir='ltr' id='par_1_9' title="bbox 155 1071 1777 1141">
     <span class='ocr_line' id='line_1_9' title="bbox 155 1071 1777 1141; baseline -0.001 -17"><span class='ocrx_word' id='word_1_56' title='bbox 155 1081 220 1124; x_wconf 89' lang='lat' dir='ltr'><strong>et</strong></span> <span class='ocrx_word' id='word_1_57' title='bbox 253 1073 344 1126; x_wconf 80' lang='lat' dir='ltr'><strong>vir</strong></span> <span class='ocrx_word' id='word_1_58' title='bbox 389 1085 610 1128; x_wconf 80' lang='lat' dir='ltr'><strong>uxorem</strong></span> <span class='ocrx_word' id='word_1_59' title='bbox 653 1076 942 1140; x_wconf 87' lang='lat' dir='ltr'><strong>dimittere,</strong></span> <span class='ocrx_word' id='word_1_60' title='bbox 975 1085 1029 1130; x_wconf 90' lang='lat' dir='ltr'><strong>et</strong></span> <span class='ocrx_word' id='word_1_61' title='bbox 1056 1091 1187 1129; x_wconf 82' lang='lat' dir='ltr'><strong>uxor</strong></span> <span class='ocrx_word' id='word_1_62' title='bbox 1223 1076 1395 1128; x_wconf 85' lang='lat' dir='ltr'><strong>virum</strong></span> <span class='ocrx_word' id='word_1_63' title='bbox 1424 1090 1436 1124; x_wconf 86' lang='lat'><strong>:</strong></span> <span class='ocrx_word' id='word_1_64' title='bbox 1467 1071 1586 1141; x_wconf 83' lang='lat' dir='ltr'><strong>quia</strong></span> <span class='ocrx_word' id='word_1_65' title='bbox 1613 1083 1777 1124; x_wconf 44' lang='lat' dir='ltr'><strong>exceé</strong></span> 
     </span>
    </p>
   </div>
   <div class='ocr_carea' id='block_1_10' title="bbox 157 1161 1778 1232">
    <p class='ocr_par' dir='ltr' id='par_1_10' title="bbox 157 1161 1778 1232">
     <span class='ocr_line' id='line_1_10' title="bbox 157 1161 1778 1232; baseline -0.002 -16"><span class='ocrx_word' id='word_1_66' title='bbox 157 1170 326 1232; x_wconf 70' lang='lat' dir='ltr'><strong>ptum</strong></span> <span class='ocrx_word' id='word_1_67' title='bbox 368 1162 492 1218; x_wconf 81' lang='lat' dir='ltr'><strong>facit</strong></span> <span class='ocrx_word' id='word_1_68' title='bbox 517 1165 771 1221; x_wconf 84' lang='lat' dir='ltr'><strong>Dominus</strong></span> <span class='ocrx_word' id='word_1_69' title='bbox 795 1181 1011 1221; x_wconf 81' lang='lat' dir='ltr'><strong>causam</strong></span> <span class='ocrx_word' id='word_1_70' title='bbox 1041 1165 1448 1229; x_wconf 88' lang='lat' dir='ltr'><strong>fornicationis;</strong></span> <span class='ocrx_word' id='word_1_71' title='bbox 1479 1177 1636 1232; x_wconf 89' lang='lat' dir='ltr'><strong>quam</strong></span> <span class='ocrx_word' id='word_1_72' title='bbox 1667 1161 1778 1214; x_wconf 51' lang='lat' dir='ltr'><strong>fore</strong></span> 
     </span>
    </p>
   </div>
   <div class='ocr_carea' id='block_1_11' title="bbox 157 1253 1775 1327">
    <p class='ocr_par' dir='ltr' id='par_1_11' title="bbox 157 1253 1775 1327">
     <span class='ocr_line' id='line_1_11' title="bbox 157 1253 1775 1327; baseline -0.001 -20"><span class='ocrx_word' id='word_1_73' title='bbox 157 1254 522 1322; x_wconf 72' lang='lat' dir='ltr'><strong>nierttiouem,</strong></span> <span class='ocrx_word' id='word_1_74' title='bbox 554 1258 693 1312; x_wconf 90' lang='lat' dir='ltr'><strong>sicut</strong></span> <span class='ocrx_word' id='word_1_75' title='bbox 716 1268 878 1327; x_wconf 87' lang='lat' dir='ltr'><strong>supra</strong></span> <span class='ocrx_word' id='word_1_76' title='bbox 912 1256 1307 1310; x_wconf 89' lang='lat' dir='ltr'><strong>consideratum</strong></span> <span class='ocrx_word' id='word_1_77' title='bbox 1341 1263 1442 1323; x_wconf 86' lang='lat' dir='ltr'><strong>est,</strong></span> <span class='ocrx_word' id='word_1_78' title='bbox 1472 1253 1775 1324; x_wconf 73' lang='lat' dir='ltr'><strong>generalem</strong></span> 
     </span>
    </p>
   </div>
   <div class='ocr_carea' id='block_1_12' title="bbox 159 1346 1234 1416">
    <p class='ocr_par' dir='ltr' id='par_1_12' title="bbox 159 1346 1234 1416">
     <span class='ocr_line' id='line_1_12' title="bbox 159 1346 1234 1416; baseline 0.001 -19"><span class='ocrx_word' id='word_1_79' title='bbox 159 1354 222 1398; x_wconf 91' lang='lat' dir='ltr'><strong>et</strong></span> <span class='ocrx_word' id='word_1_80' title='bbox 257 1346 616 1401; x_wconf 83' lang='lat' dir='ltr'><strong>tsniversalem</strong></span> <span class='ocrx_word' id='word_1_81' title='bbox 651 1347 948 1416; x_wconf 78' lang='lat' dir='ltr'><strong>intelligere</strong></span> <span class='ocrx_word' id='word_1_82' title='bbox 975 1346 1234 1416; x_wconf 88' lang='lat' dir='ltr'><strong>cogimur.</strong></span> 
     </span>
    </p>
   </div>
   <div class='ocr_carea' id='block_1_13' title="bbox 242 1435 1774 1507">
    <p class='ocr_par' dir='ltr' id='par_1_13' title="bbox 242 1435 1774 1507">
     <span class='ocr_line' id='line_1_13' title="bbox 242 1435 1774 1507; baseline -0.002 -16"><span class='ocrx_word' id='word_1_83' title='bbox 242 1437 342 1491; x_wconf 77' lang='grc'><strong>47.</strong></span> <span class='ocrx_word' id='word_1_84' title='bbox 371 1437 506 1492; x_wconf 85' lang='lat' dir='ltr'><strong>Cum</strong></span> <span class='ocrx_word' id='word_1_85' title='bbox 525 1446 706 1492; x_wconf 84' lang='lat' dir='ltr'><strong>autem</strong></span> <span class='ocrx_word' id='word_1_86' title='bbox 732 1439 826 1504; x_wconf 84' lang='lat' dir='ltr'><strong>ait,</strong></span> <span class='ocrx_word' id='word_1_87' title='bbox 853 1446 1061 1507; x_wconf 62' lang='lat' dir='ltr'><strong>excepta</strong></span> <span class='ocrx_word' id='word_1_88' title='bbox 1082 1453 1236 1494; x_wconf 79' lang='lat' dir='ltr'><strong>causa</strong></span> <span class='ocrx_word' id='word_1_89' title='bbox 1265 1435 1613 1506; x_wconf 78' lang='lat' dir='ltr'><strong>fon-ricatiouis</strong></span> <span class='ocrx_word' id='word_1_90' title='bbox 1629 1449 1649 1498; x_wconf 85' lang='lat'><strong>,&#39;</strong></span> <span class='ocrx_word' id='word_1_91' title='bbox 1672 1449 1774 1488; x_wconf 90' lang='lat' dir='ltr'><strong>non</strong></span> 
     </span>
    </p>
   </div>
   <div class='ocr_carea' id='block_1_14' title="bbox 163 1527 1775 1599">
    <p class='ocr_par' dir='ltr' id='par_1_14' title="bbox 163 1527 1775 1599">
     <span class='ocr_line' id='line_1_14' title="bbox 163 1527 1775 1599; baseline -0.001 -18"><span class='ocrx_word' id='word_1_92' title='bbox 163 1527 322 1582; x_wconf 72' lang='lat' dir='ltr'><strong>dixit</strong></span> <span class='ocrx_word' id='word_1_93' title='bbox 356 1529 508 1598; x_wconf 88' lang='lat' dir='ltr'><strong>cujus</strong></span> <span class='ocrx_word' id='word_1_94' title='bbox 538 1529 791 1599; x_wconf 80' lang='lat' dir='ltr'><strong>ipsorum,</strong></span> <span class='ocrx_word' id='word_1_95' title='bbox 827 1530 949 1595; x_wconf 85' lang='lat' dir='ltr'><strong>viri,</strong></span> <span class='ocrx_word' id='word_1_96' title='bbox 982 1545 1048 1584; x_wconf 89' lang='lat' dir='ltr'><strong>an</strong></span> <span class='ocrx_word' id='word_1_97' title='bbox 1089 1530 1321 1584; x_wconf 69' lang='lat' dir='ltr'><strong>femina}.</strong></span> <span class='ocrx_word' id='word_1_98' title='bbox 1349 1528 1464 1584; x_wconf 82' lang='lat' dir='ltr'><strong>Non</strong></span> <span class='ocrx_word' id='word_1_99' title='bbox 1492 1530 1633 1582; x_wconf 88' lang='lat' dir='ltr'><strong>enim</strong></span> <span class='ocrx_word' id='word_1_100' title='bbox 1659 1537 1775 1580; x_wconf 87' lang='lat' dir='ltr'><strong>tan-</strong></span> 
     </span>
    </p>
   </div>
   <div class='ocr_carea' id='block_1_15' title="bbox 161 1619 1777 1685">
    <p class='ocr_par' dir='ltr' id='par_1_15' title="bbox 161 1619 1777 1685">
     <span class='ocr_line' id='line_1_15' title="bbox 161 1619 1777 1685; baseline -0.001 -9"><span class='ocrx_word' id='word_1_101' title='bbox 161 1633 293 1678; x_wconf 84' lang='lat' dir='ltr'><strong>tum</strong></span> <span class='ocrx_word' id='word_1_102' title='bbox 327 1623 678 1679; x_wconf 85' lang='lat' dir='ltr'><strong>fornicantem</strong></span> <span class='ocrx_word' id='word_1_103' title='bbox 726 1639 947 1679; x_wconf 77' lang='lat' dir='ltr'><strong>uxorem</strong></span> <span class='ocrx_word' id='word_1_104' title='bbox 992 1624 1260 1679; x_wconf 82' lang='lat' dir='ltr'><strong>dimittere</strong></span> <span class='ocrx_word' id='word_1_105' title='bbox 1293 1623 1636 1685; x_wconf 81' lang='lat' dir='ltr'><strong>conceditur,</strong></span> <span class='ocrx_word' id='word_1_106' title='bbox 1681 1619 1777 1676; x_wconf 86' lang='lat' dir='ltr'><strong>sed</strong></span> 
     </span>
    </p>
   </div>
   <div class='ocr_carea' id='block_1_16' title="bbox 161 1713 1779 1786">
    <p class='ocr_par' dir='ltr' id='par_1_16' title="bbox 161 1713 1779 1786">
     <span class='ocr_line' id='line_1_16' title="bbox 161 1713 1779 1786; baseline -0.002 -17"><span class='ocrx_word' id='word_1_107' title='bbox 161 1715 424 1785; x_wconf 82' lang='lat' dir='ltr'><strong>quisquis</strong></span> <span class='ocrx_word' id='word_1_108' title='bbox 446 1731 564 1770; x_wconf 85' lang='lat' dir='ltr'><strong>eam</strong></span> <span class='ocrx_word' id='word_1_109' title='bbox 595 1731 806 1786; x_wconf 83' lang='lat' dir='ltr'><strong>quoque</strong></span> <span class='ocrx_word' id='word_1_110' title='bbox 833 1729 1056 1770; x_wconf 75' lang='lat' dir='ltr'><strong>uxorem</strong></span> <span class='ocrx_word' id='word_1_111' title='bbox 1091 1716 1326 1781; x_wconf 89' lang='lat' dir='ltr'><strong>dimittit,</strong></span> <span class='ocrx_word' id='word_1_112' title='bbox 1357 1730 1386 1767; x_wconf 87' lang='lat' dir='ltr'><strong>a</strong></span> <span class='ocrx_word' id='word_1_113' title='bbox 1425 1729 1528 1784; x_wconf 88' lang='lat' dir='ltr'><strong>qua</strong></span> <span class='ocrx_word' id='word_1_114' title='bbox 1556 1713 1669 1782; x_wconf 86' lang='lat' dir='ltr'><strong>ipse</strong></span> <span class='ocrx_word' id='word_1_115' title='bbox 1693 1726 1779 1766; x_wconf 79' lang='lat' dir='ltr'><strong>co-</strong></span> 
     </span>
    </p>
   </div>
   <div class='ocr_carea' id='block_1_17' title="bbox 159 1805 1774 1876">
    <p class='ocr_par' dir='ltr' id='par_1_17' title="bbox 159 1805 1774 1876">
     <span class='ocr_line' id='line_1_17' title="bbox 159 1805 1774 1876; baseline 0 -18"><span class='ocrx_word' id='word_1_116' title='bbox 159 1807 325 1875; x_wconf 82' lang='lat' dir='ltr'><strong>gitur</strong></span> <span class='ocrx_word' id='word_1_117' title='bbox 358 1806 647 1871; x_wconf 76' lang='lat' dir='ltr'><strong>fornicari,</strong></span> <span class='ocrx_word' id='word_1_118' title='bbox 696 1822 854 1862; x_wconf 85' lang='lat' dir='ltr'><strong>causa</strong></span> <span class='ocrx_word' id='word_1_119' title='bbox 900 1807 1267 1862; x_wconf 72' lang='lat' dir='ltr'><strong>fornicationis</strong></span> <span class='ocrx_word' id='word_1_120' title='bbox 1310 1807 1488 1876; x_wconf 90' lang='lat' dir='ltr'><strong>utique</strong></span> <span class='ocrx_word' id='word_1_121' title='bbox 1538 1805 1774 1860; x_wconf 86' lang='lat' dir='ltr'><strong>dimittit.</strong></span> 
     </span>
    </p>
   </div>
   <div class='ocr_carea' id='block_1_18' title="bbox 166 1897 1779 1970">
    <p class='ocr_par' dir='ltr' id='par_1_18' title="bbox 166 1897 1779 1970">
     <span class='ocr_line' id='line_1_18' title="bbox 166 1897 1779 1970; baseline -0.001 -18"><span class='ocrx_word' id='word_1_122' title='bbox 166 1897 342 1952; x_wconf 82' lang='lat' dir='ltr'><strong>Velut</strong></span> <span class='ocrx_word' id='word_1_123' title='bbox 373 1899 418 1952; x_wconf 91' lang='lat' dir='ltr'><strong>si</strong></span> <span class='ocrx_word' id='word_1_124' title='bbox 449 1899 681 1968; x_wconf 88' lang='lat' dir='ltr'><strong>aliquetn</strong></span> <span class='ocrx_word' id='word_1_125' title='bbox 707 1909 863 1970; x_wconf 88' lang='lat' dir='ltr'><strong>cogat</strong></span> <span class='ocrx_word' id='word_1_126' title='bbox 893 1915 1024 1954; x_wconf 80' lang='lat' dir='ltr'><strong>uxor</strong></span> <span class='ocrx_word' id='word_1_127' title='bbox 1043 1900 1343 1954; x_wconf 81' lang='lat' dir='ltr'><strong>sacrificare</strong></span> <span class='ocrx_word' id='word_1_128' title='bbox 1373 1899 1547 1965; x_wconf 87' lang='lat' dir='ltr'><strong>idolis,</strong></span> <span class='ocrx_word' id='word_1_129' title='bbox 1575 1899 1663 1968; x_wconf 87' lang='lat' dir='ltr'><strong>qui</strong></span> <span class='ocrx_word' id='word_1_130' title='bbox 1700 1907 1779 1951; x_wconf 55' lang='lat' dir='ltr'><strong>tab</strong></span> 
     </span>
    </p>
   </div>
   <div class='ocr_carea' id='block_1_19' title="bbox 165 1990 1778 2058">
    <p class='ocr_par' dir='ltr' id='par_1_19' title="bbox 165 1990 1778 2058">
     <span class='ocr_line' id='line_1_19' title="bbox 165 1990 1778 2058; baseline -0.001 -14"><span class='ocrx_word' id='word_1_131' title='bbox 165 1990 289 2044; x_wconf 76' lang='lat' dir='ltr'><strong>lem</strong></span> <span class='ocrx_word' id='word_1_132' title='bbox 319 1990 558 2058; x_wconf 89' lang='lat' dir='ltr'><strong>dimittit,</strong></span> <span class='ocrx_word' id='word_1_133' title='bbox 586 2006 746 2046; x_wconf 86' lang='lat' dir='ltr'><strong>causa</strong></span> <span class='ocrx_word' id='word_1_134' title='bbox 775 1992 1140 2047; x_wconf 86' lang='lat' dir='ltr'><strong>fornicationis</strong></span> <span class='ocrx_word' id='word_1_135' title='bbox 1174 1991 1408 2058; x_wconf 83' lang='lat' dir='ltr'><strong>dimittit,</strong></span> <span class='ocrx_word' id='word_1_136' title='bbox 1438 2005 1542 2044; x_wconf 91' lang='lat' dir='ltr'><strong>nou</strong></span> <span class='ocrx_word' id='word_1_137' title='bbox 1577 1997 1778 2044; x_wconf 84' lang='lat' dir='ltr'><strong>tantum</strong></span> 
     </span>
    </p>
   </div>
   <div class='ocr_carea' id='block_1_20' title="bbox 168 2081 1779 2153">
    <p class='ocr_par' dir='ltr' id='par_1_20' title="bbox 168 2081 1779 2153">
     <span class='ocr_line' id='line_1_20' title="bbox 168 2081 1779 2153; baseline -0.001 -16"><span class='ocrx_word' id='word_1_138' title='bbox 168 2083 362 2147; x_wconf 87' lang='lat' dir='ltr'><strong>illius,</strong></span> <span class='ocrx_word' id='word_1_139' title='bbox 408 2083 502 2137; x_wconf 85' lang='lat' dir='ltr'><strong>sed</strong></span> <span class='ocrx_word' id='word_1_140' title='bbox 541 2091 595 2137; x_wconf 87' lang='lat' dir='ltr'><strong>et</strong></span> <span class='ocrx_word' id='word_1_141' title='bbox 623 2097 731 2136; x_wconf 75' lang='lat' dir='ltr'><strong>sua:</strong></span> <span class='ocrx_word' id='word_1_142' title='bbox 766 2099 779 2135; x_wconf 89' lang='lat'><strong>:</strong></span> <span class='ocrx_word' id='word_1_143' title='bbox 814 2082 953 2137; x_wconf 87' lang='lat' dir='ltr'><strong>illius</strong></span> <span class='ocrx_word' id='word_1_144' title='bbox 979 2125 992 2151; x_wconf 96' lang='lat'><strong>,</strong></span> <span class='ocrx_word' id='word_1_145' title='bbox 1022 2084 1142 2153; x_wconf 84' lang='lat' dir='ltr'><strong>quia</strong></span> <span class='ocrx_word' id='word_1_146' title='bbox 1173 2081 1499 2148; x_wconf 83' lang='lat' dir='ltr'><strong>fornicatur;</strong></span> <span class='ocrx_word' id='word_1_147' title='bbox 1531 2096 1641 2136; x_wconf 76' lang='lat' dir='ltr'><strong>sua:</strong></span> <span class='ocrx_word' id='word_1_148' title='bbox 1667 2113 1679 2145; x_wconf 86' lang='lat'><strong>,</strong></span> <span class='ocrx_word' id='word_1_149' title='bbox 1710 2093 1779 2136; x_wconf 84' lang='lat' dir='ltr'><strong>ne</strong></span> 
     </span>
    </p>
   </div>
   <div class='ocr_carea' id='block_1_21' title="bbox 166 2173 1778 2245">
    <p class='ocr_par' dir='ltr' id='par_1_21' title="bbox 166 2173 1778 2245">
     <span class='ocr_line' id='line_1_21' title="bbox 166 2173 1778 2245; baseline 0 -17"><span class='ocrx_word' id='word_1_150' title='bbox 166 2173 496 2228; x_wconf 78' lang='lat' dir='ltr'><strong>fornicetur.</strong></span> <span class='ocrx_word' id='word_1_151' title='bbox 543 2174 685 2227; x_wconf 80' lang='lat' dir='ltr'><strong>Nihil</strong></span> <span class='ocrx_word' id='word_1_152' title='bbox 712 2183 890 2230; x_wconf 85' lang='lat' dir='ltr'><strong>autem</strong></span> <span class='ocrx_word' id='word_1_153' title='bbox 921 2174 1187 2245; x_wconf 82' lang='lat' dir='ltr'><strong>iniquius,</strong></span> <span class='ocrx_word' id='word_1_154' title='bbox 1233 2185 1390 2243; x_wconf 86' lang='lat' dir='ltr'><strong>quam</strong></span> <span class='ocrx_word' id='word_1_155' title='bbox 1419 2173 1778 2228; x_wconf 77' lang='lat' dir='ltr'><strong>fornicationis</strong></span> 
     </span>
    </p>
   </div>
   <div class='ocr_carea' id='block_1_22' title="bbox 170 2263 1836 2336">
    <p class='ocr_par' dir='ltr' id='par_1_22' title="bbox 170 2263 1836 2336">
     <span class='ocr_line' id='line_1_22' title="bbox 170 2263 1836 2336; baseline 0.002 -16"><span class='ocrx_word' id='word_1_156' title='bbox 170 2279 347 2320; x_wconf 81' lang='lat' dir='ltr'><strong>causa</strong></span> <span class='ocrx_word' id='word_1_157' title='bbox 383 2263 650 2320; x_wconf 84' lang='lat' dir='ltr'><strong>dimittere</strong></span> <span class='ocrx_word' id='word_1_158' title='bbox 678 2280 916 2331; x_wconf 82' lang='lat' dir='ltr'><strong>uxorem,</strong></span> <span class='ocrx_word' id='word_1_159' title='bbox 951 2271 994 2319; x_wconf 87' lang='lat' dir='ltr'><strong>si</strong></span> <span class='ocrx_word' id='word_1_160' title='bbox 1025 2276 1079 2320; x_wconf 85' lang='lat' dir='ltr'><strong>et</strong></span> <span class='ocrx_word' id='word_1_161' title='bbox 1109 2267 1222 2336; x_wconf 88' lang='lat' dir='ltr'><strong>ipse</strong></span> <span class='ocrx_word' id='word_1_162' title='bbox 1249 2266 1577 2320; x_wconf 87' lang='lat' dir='ltr'><strong>convincitur</strong></span> <span class='ocrx_word' id='word_1_163' title='bbox 1615 2265 1779 2320; x_wconf 83' lang='lat' dir='ltr'><strong>forni-</strong></span> <span class='ocrx_word' id='word_1_164' title='bbox 1831 2316 1836 2323; x_wconf 93' lang='lat'>.</span> 
     </span>
    </p>
   </div>
   <div class='ocr_carea' id='block_1_23' title="bbox 167 2355 1775 2428">
    <p class='ocr_par' dir='ltr' id='par_1_23' title="bbox 167 2355 1775 2428">
     <span class='ocr_line' id='line_1_23' title="bbox 167 2355 1775 2428; baseline 0.001 -18"><span class='ocrx_word' id='word_1_165' title='bbox 167 2357 312 2410; x_wconf 84' lang='lat' dir='ltr'><strong>cari.</strong></span> <span class='ocrx_word' id='word_1_166' title='bbox 343 2356 584 2412; x_wconf 80' lang='lat' dir='ltr'><strong>Occurrit</strong></span> <span class='ocrx_word' id='word_1_167' title='bbox 611 2358 752 2411; x_wconf 90' lang='lat' dir='ltr'><strong>enitn</strong></span> <span class='ocrx_word' id='word_1_168' title='bbox 776 2357 929 2426; x_wconf 90' lang='lat' dir='ltr'><strong>illud,</strong></span> <span class='ocrx_word' id='word_1_169' title='bbox 958 2357 1024 2411; x_wconf 82' lang='lat' dir='ltr'><strong>In</strong></span> <span class='ocrx_word' id='word_1_170' title='bbox 1045 2373 1142 2427; x_wconf 83' lang='lat' dir='ltr'><strong>quo</strong></span> <span class='ocrx_word' id='word_1_171' title='bbox 1162 2359 1294 2410; x_wconf 81' lang='lat' dir='ltr'><strong>enim</strong></span> <span class='ocrx_word' id='word_1_172' title='bbox 1317 2355 1534 2411; x_wconf 77' lang='lat' dir='ltr'><strong>alterum</strong></span> <span class='ocrx_word' id='word_1_173' title='bbox 1548 2357 1775 2428; x_wconf 81' lang='lat' dir='ltr'><strong>judicas,</strong></span> 
     </span>
    </p>
   </div>
   <div class='ocr_carea' id='block_1_24' title="bbox 172 2449 1780 2519">
    <p class='ocr_par' dir='ltr' id='par_1_24' title="bbox 172 2449 1780 2519">
     <span class='ocr_line' id='line_1_24' title="bbox 172 2449 1780 2519; baseline 0.001 -18"><span class='ocrx_word' id='word_1_174' title='bbox 172 2449 503 2517; x_wconf 77' lang='lat' dir='ltr'><strong>temetipsum</strong></span> <span class='ocrx_word' id='word_1_175' title='bbox 534 2450 838 2502; x_wconf 80' lang='lat' dir='ltr'><strong>condemnas</strong></span> <span class='ocrx_word' id='word_1_176' title='bbox 868 2463 884 2503; x_wconf 89' lang='lat'><em>:</em></span> <span class='ocrx_word' id='word_1_177' title='bbox 915 2449 1089 2503; x_wconf 80' lang='lat' dir='ltr'><strong>eadem</strong></span> <span class='ocrx_word' id='word_1_178' title='bbox 1125 2451 1256 2502; x_wconf 83' lang='lat' dir='ltr'><strong>enim</strong></span> <span class='ocrx_word' id='word_1_179' title='bbox 1297 2449 1407 2518; x_wconf 85' lang='lat' dir='ltr'><strong>agis</strong></span> <span class='ocrx_word' id='word_1_180' title='bbox 1434 2464 1546 2518; x_wconf 66' lang='lat' dir='ltr'><strong>quis</strong></span> <span class='ocrx_word' id='word_1_181' title='bbox 1575 2449 1780 2519; x_wconf 77' lang='lat' dir='ltr'><strong>judiras</strong></span> 
     </span>
    </p>
   </div>
   <div class='ocr_carea' id='block_1_25' title="bbox 171 2540 1780 2612">
    <p class='ocr_par' dir='ltr' id='par_1_25' title="bbox 171 2540 1780 2612">
     <span class='ocr_line' id='line_1_25' title="bbox 171 2540 1780 2612; baseline 0.002 -20"><span class='ocrx_word' id='word_1_182' title='bbox 171 2540 384 2611; x_wconf 78' lang='lat' dir='ltr'><strong>(Itoni.</strong></span> <span class='ocrx_word' id='word_1_183' title='bbox 425 2557 498 2607; x_wconf 92' lang='grc' dir='ltr'>ιι,</span> <span class='ocrx_word' id='word_1_184' title='bbox 560 2543 584 2595; x_wconf 85' lang='lat' dir='ltr'><strong>l</strong></span> <span class='ocrx_word' id='word_1_185' title='bbox 622 2544 660 2612; x_wconf 91' lang='lat'><strong>).</strong></span> <span class='ocrx_word' id='word_1_186' title='bbox 708 2542 1074 2612; x_wconf 82' lang='lat' dir='ltr'><strong>Quapropter,</strong></span> <span class='ocrx_word' id='word_1_187' title='bbox 1133 2543 1370 2612; x_wconf 86' lang='lat' dir='ltr'><strong>quisquis</strong></span> <span class='ocrx_word' id='word_1_188' title='bbox 1417 2543 1780 2597; x_wconf 77' lang='lat' dir='ltr'><strong>fornicationis</strong></span> 
     </span>
    </p>
   </div>
   <div class='ocr_carea' id='block_1_26' title="bbox 170 2633 1778 2703">
    <p class='ocr_par' dir='ltr' id='par_1_26' title="bbox 170 2633 1778 2703">
     <span class='ocr_line' id='line_1_26' title="bbox 170 2633 1778 2703; baseline -0.001 -16"><span class='ocrx_word' id='word_1_189' title='bbox 170 2647 347 2687; x_wconf 84' lang='lat' dir='ltr'><strong>causa</strong></span> <span class='ocrx_word' id='word_1_190' title='bbox 374 2633 488 2686; x_wconf 90' lang='lat' dir='ltr'><strong>vult</strong></span> <span class='ocrx_word' id='word_1_191' title='bbox 518 2633 749 2703; x_wconf 86' lang='lat' dir='ltr'><strong>abjicere</strong></span> <span class='ocrx_word' id='word_1_192' title='bbox 776 2645 1012 2700; x_wconf 77' lang='lat' dir='ltr'><strong>exorent,</strong></span> <span class='ocrx_word' id='word_1_193' title='bbox 1059 2635 1202 2702; x_wconf 89' lang='lat' dir='ltr'><strong>prior</strong></span> <span class='ocrx_word' id='word_1_194' title='bbox 1225 2633 1382 2689; x_wconf 89' lang='lat' dir='ltr'><strong>debet</strong></span> <span class='ocrx_word' id='word_1_195' title='bbox 1419 2649 1538 2688; x_wconf 84' lang='lat' dir='ltr'><strong>esse</strong></span> <span class='ocrx_word' id='word_1_196' title='bbox 1559 2649 1587 2688; x_wconf 80' lang='lat' dir='ltr'><strong>tt</strong></span> <span class='ocrx_word' id='word_1_197' title='bbox 1615 2633 1778 2687; x_wconf 79' lang='lat' dir='ltr'><strong>forni-</strong></span> 
     </span>
    </p>
   </div>
   <div class='ocr_carea' id='block_1_27' title="bbox 170 2721 1779 2796">
    <p class='ocr_par' dir='ltr' id='par_1_27' title="bbox 170 2721 1779 2796">
     <span class='ocr_line' id='line_1_27' title="bbox 170 2721 1779 2796; baseline -0.001 -16"><span class='ocrx_word' id='word_1_198' title='bbox 170 2727 396 2780; x_wconf 88' lang='lat' dir='ltr'><strong>catione</strong></span> <span class='ocrx_word' id='word_1_199' title='bbox 423 2734 675 2796; x_wconf 73' lang='lat' dir='ltr'><strong>purgatus”</strong></span> <span class='ocrx_word' id='word_1_200' title='bbox 700 2745 710 2779; x_wconf 88' lang='lat'><strong>:</strong></span> <span class='ocrx_word' id='word_1_201' title='bbox 737 2726 877 2796; x_wconf 90' lang='lat' dir='ltr'><strong>quod</strong></span> <span class='ocrx_word' id='word_1_202' title='bbox 917 2721 1160 2781; x_wconf 82' lang='lat' dir='ltr'><strong>similiter</strong></span> <span class='ocrx_word' id='word_1_203' title='bbox 1195 2727 1352 2780; x_wconf 89' lang='lat' dir='ltr'><strong>etiam</strong></span> <span class='ocrx_word' id='word_1_204' title='bbox 1381 2727 1448 2781; x_wconf 86' lang='lat' dir='ltr'><strong>de</strong></span> <span class='ocrx_word' id='word_1_205' title='bbox 1476 2726 1672 2780; x_wconf 88' lang='lat' dir='ltr'><strong>fetnina</strong></span> <span class='ocrx_word' id='word_1_206' title='bbox 1699 2724 1779 2779; x_wconf 58' lang='lat' dir='ltr'><strong>dia</strong></span> 
     </span>
    </p>
   </div>
   <div class='ocr_carea' id='block_1_28' title="bbox 172 2821 376 2874">
    <p class='ocr_par' dir='ltr' id='par_1_28' title="bbox 172 2821 376 2874">
     <span class='ocr_line' id='line_1_28' title="bbox 172 2821 376 2874; baseline -0.01 0"><span class='ocrx_word' id='word_1_207' title='bbox 172 2821 376 2874; x_wconf 68' lang='lat' dir='ltr'><strong>serius.</strong></span> 
     </span>
    </p>
   </div>
   <div class='ocr_carea' id='block_1_29' title="bbox 252 2909 1778 2984">
    <p class='ocr_par' dir='ltr' id='par_1_29' title="bbox 252 2909 1778 2984">
     <span class='ocr_line' id='line_1_29' title="bbox 252 2909 1778 2984; baseline -0.001 -17"><span class='ocrx_word' id='word_1_208' title='bbox 252 2913 349 2967; x_wconf 74' lang='grc'><strong>48.</strong></span> <span class='ocrx_word' id='word_1_209' title='bbox 391 2911 544 2978; x_wconf 84' lang='lat' dir='ltr'><strong>Quod</strong></span> <span class='ocrx_word' id='word_1_210' title='bbox 573 2921 751 2968; x_wconf 85' lang='lat' dir='ltr'><strong>autem</strong></span> <span class='ocrx_word' id='word_1_211' title='bbox 793 2909 941 2978; x_wconf 82' lang='lat' dir='ltr'><strong>dicit,</strong></span> <span class='ocrx_word' id='word_1_212' title='bbox 974 2912 1213 2984; x_wconf 77' lang='lat' dir='ltr'><strong>Quisquis</strong></span> <span class='ocrx_word' id='word_1_213' title='bbox 1245 2911 1463 2967; x_wconf 80' lang='lat' dir='ltr'><strong>solutam</strong></span> <span class='ocrx_word' id='word_1_214' title='bbox 1491 2929 1520 2965; x_wconf 84' lang='grc' dir='ltr'><em>α</em></span> <span class='ocrx_word' id='word_1_215' title='bbox 1547 2913 1652 2966; x_wconf 80' lang='lat' dir='ltr'><strong>uiro</strong></span> <span class='ocrx_word' id='word_1_216' title='bbox 1678 2912 1778 2966; x_wconf 60' lang='lat' dir='ltr'><strong>dit-</strong></span> 
     </span>
    </p>
   </div>
   <div class='ocr_carea' id='block_1_30' title="bbox 172 3003 1776 3076">
    <p class='ocr_par' dir='ltr' id='par_1_30' title="bbox 172 3003 1776 3076">
     <span class='ocr_line' id='line_1_30' title="bbox 172 3003 1776 3076; baseline 0 -18"><span class='ocrx_word' id='word_1_217' title='bbox 172 3007 338 3068; x_wconf 57' lang='grc' dir='ltr'><strong>πει-ἐι,</strong></span> <span class='ocrx_word' id='word_1_218' title='bbox 384 3004 696 3070; x_wconf 71' lang='lat' dir='ltr'><strong>incernatur;</strong></span> <span class='ocrx_word' id='word_1_219' title='bbox 728 3006 893 3076; x_wconf 70' lang='lat' dir='ltr'><strong>quaeri</strong></span> <span class='ocrx_word' id='word_1_220' title='bbox 923 3011 1098 3074; x_wconf 83' lang='lat' dir='ltr'><strong>potest</strong></span> <span class='ocrx_word' id='word_1_221' title='bbox 1127 3014 1298 3059; x_wconf 86' lang='lat' dir='ltr'><strong>utrum</strong></span> <span class='ocrx_word' id='word_1_222' title='bbox 1335 3003 1599 3074; x_wconf 83' lang='lat' dir='ltr'><strong>quomodo</strong></span> <span class='ocrx_word' id='word_1_223' title='bbox 1641 3018 1776 3058; x_wconf 73' lang='grc' dir='ltr'>ιιιωι</span> 
     </span>
    </p>
   </div>
   <div class='ocr_carea' id='block_1_31' title="bbox 174 3097 1780 3170">
    <p class='ocr_par' dir='ltr' id='par_1_31' title="bbox 174 3097 1780 3170">
     <span class='ocr_line' id='line_1_31' title="bbox 174 3097 1780 3170; baseline -0.002 -16"><span class='ocrx_word' id='word_1_224' title='bbox 174 3099 378 3154; x_wconf 88' lang='lat' dir='ltr'><strong>chatur</strong></span> <span class='ocrx_word' id='word_1_225' title='bbox 419 3099 505 3153; x_wconf 88' lang='lat' dir='ltr'><strong>ille</strong></span> <span class='ocrx_word' id='word_1_226' title='bbox 533 3100 620 3170; x_wconf 86' lang='lat' dir='ltr'><strong>qui</strong></span> <span class='ocrx_word' id='word_1_227' title='bbox 647 3097 813 3162; x_wconf 84' lang='lat' dir='ltr'><strong>ducit,</strong></span> <span class='ocrx_word' id='word_1_228' title='bbox 843 3099 922 3153; x_wconf 85' lang='lat' dir='ltr'><strong>sie</strong></span> <span class='ocrx_word' id='word_1_229' title='bbox 964 3107 1018 3152; x_wconf 90' lang='lat' dir='ltr'><strong>et</strong></span> <span class='ocrx_word' id='word_1_230' title='bbox 1060 3099 1144 3151; x_wconf 88' lang='lat' dir='ltr'><strong>illa</strong></span> <span class='ocrx_word' id='word_1_231' title='bbox 1175 3107 1332 3167; x_wconf 84' lang='lat' dir='ltr'><strong>quam</strong></span> <span class='ocrx_word' id='word_1_232' title='bbox 1362 3097 1525 3152; x_wconf 83' lang='lat' dir='ltr'><strong>ducit.</strong></span> <span class='ocrx_word' id='word_1_233' title='bbox 1557 3097 1780 3152; x_wconf 70' lang='lat' dir='ltr'><strong>labetur</strong></span> 
     </span>
    </p>
   </div>
   <div class='ocr_carea' id='block_1_32' title="bbox 175 3187 1775 3258">
    <p class='ocr_par' dir='ltr' id='par_1_32' title="bbox 175 3187 1775 3258">
     <span class='ocr_line' id='line_1_32' title="bbox 175 3187 1775 3258; baseline -0.002 -13"><span class='ocrx_word' id='word_1_234' title='bbox 175 3191 332 3245; x_wconf 83' lang='lat' dir='ltr'><strong>enim</strong></span> <span class='ocrx_word' id='word_1_235' title='bbox 367 3196 420 3242; x_wconf 83' lang='lat' dir='ltr'><strong>et</strong></span> <span class='ocrx_word' id='word_1_236' title='bbox 447 3190 534 3242; x_wconf 89' lang='lat' dir='ltr'><strong>illa</strong></span> <span class='ocrx_word' id='word_1_237' title='bbox 565 3203 783 3243; x_wconf 88' lang='lat' dir='ltr'><strong>manere</strong></span> <span class='ocrx_word' id='word_1_238' title='bbox 826 3191 1042 3258; x_wconf 86' lang='lat' dir='ltr'><strong>innupta</strong></span> <span class='ocrx_word' id='word_1_239' title='bbox 1065 3231 1078 3256; x_wconf 96' lang='lat'><strong>,</strong></span> <span class='ocrx_word' id='word_1_240' title='bbox 1125 3198 1214 3242; x_wconf 88' lang='lat' dir='ltr'><strong>aut</strong></span> <span class='ocrx_word' id='word_1_241' title='bbox 1242 3190 1358 3243; x_wconf 89' lang='lat' dir='ltr'><strong>viro</strong></span> <span class='ocrx_word' id='word_1_242' title='bbox 1399 3187 1728 3244; x_wconf 86' lang='lat' dir='ltr'><strong>reconciliari</strong></span> <span class='ocrx_word' id='word_1_243' title='bbox 1762 3206 1775 3242; x_wconf 86' lang='lat'><strong>:</strong></span> 
     </span>
    </p>
   </div>
   <div class='ocr_carea' id='block_1_33' title="bbox 179 3282 1779 3351">
    <p class='ocr_par' dir='ltr' id='par_1_33' title="bbox 179 3282 1779 3351">
     <span class='ocr_line' id='line_1_33' title="bbox 179 3282 1779 3351; baseline -0.003 -12"><span class='ocrx_word' id='word_1_244' title='bbox 179 3283 278 3339; x_wconf 85' lang='lat' dir='ltr'><strong>seti</strong></span> <span class='ocrx_word' id='word_1_245' title='bbox 303 3283 347 3336; x_wconf 86' lang='lat' dir='ltr'><strong>si</strong></span> <span class='ocrx_word' id='word_1_246' title='bbox 370 3282 696 3347; x_wconf 83' lang='lat' dir='ltr'><strong>discesserit,</strong></span> <span class='ocrx_word' id='word_1_247' title='bbox 731 3283 914 3351; x_wconf 89' lang='lat' dir='ltr'><strong>inquit,</strong></span> <span class='ocrx_word' id='word_1_248' title='bbox 948 3297 978 3334; x_wconf 90' lang='lat' dir='ltr'><strong>a</strong></span> <span class='ocrx_word' id='word_1_249' title='bbox 999 3283 1135 3335; x_wconf 90' lang='lat' dir='ltr'><strong>viro.</strong></span> <span class='ocrx_word' id='word_1_250' title='bbox 1167 3282 1383 3335; x_wconf 83' lang='lat' dir='ltr'><strong>Multum</strong></span> <span class='ocrx_word' id='word_1_251' title='bbox 1410 3291 1583 3335; x_wconf 85' lang='lat' dir='ltr'><strong>autem</strong></span> <span class='ocrx_word' id='word_1_252' title='bbox 1615 3283 1779 3335; x_wconf 80' lang='lat' dir='ltr'><strong>inter-</strong></span> 
     </span>
    </p>
   </div>
   <div class='ocr_carea' id='block_1_34' title="bbox 185 3370 1778 3443">
    <p class='ocr_par' dir='ltr' id='par_1_34' title="bbox 185 3370 1778 3443">
     <span class='ocr_line' id='line_1_34' title="bbox 185 3370 1778 3443; baseline -0.003 -14"><span class='ocrx_word' id='word_1_253' title='bbox 185 3382 272 3430; x_wconf 83' lang='lat' dir='ltr'><strong>est</strong></span> <span class='ocrx_word' id='word_1_254' title='bbox 299 3381 475 3428; x_wconf 79' lang='lat' dir='ltr'><strong>Utrum</strong></span> <span class='ocrx_word' id='word_1_255' title='bbox 515 3373 762 3440; x_wconf 88' lang='lat' dir='ltr'><strong>dimittat,</strong></span> <span class='ocrx_word' id='word_1_256' title='bbox 793 3387 859 3427; x_wconf 86' lang='lat' dir='ltr'><strong>an</strong></span> <span class='ocrx_word' id='word_1_257' title='bbox 885 3373 1196 3426; x_wconf 86' lang='lat' dir='ltr'><strong>dimittatur.</strong></span> <span class='ocrx_word' id='word_1_258' title='bbox 1230 3373 1284 3427; x_wconf 85' lang='lat' dir='ltr'><strong>Si</strong></span> <span class='ocrx_word' id='word_1_259' title='bbox 1307 3373 1446 3426; x_wconf 90' lang='lat' dir='ltr'><strong>enim</strong></span> <span class='ocrx_word' id='word_1_260' title='bbox 1470 3374 1582 3443; x_wconf 87' lang='lat' dir='ltr'><strong>ipsa</strong></span> <span class='ocrx_word' id='word_1_261' title='bbox 1605 3370 1778 3425; x_wconf 88' lang='lat' dir='ltr'><strong>virum</strong></span> 
     </span>
    </p>
   </div>
   <div class='ocr_carea' id='block_1_35' title="bbox 179 3464 1778 3536">
    <p class='ocr_par' dir='ltr' id='par_1_35' title="bbox 179 3464 1778 3536">
     <span class='ocr_line' id='line_1_35' title="bbox 179 3464 1778 3536; baseline -0.004 -12"><span class='ocrx_word' id='word_1_262' title='bbox 179 3467 454 3525; x_wconf 79' lang='lat' dir='ltr'><strong>dimiserit</strong></span> <span class='ocrx_word' id='word_1_263' title='bbox 478 3510 493 3534; x_wconf 91' lang='lat'><strong>,</strong></span> <span class='ocrx_word' id='word_1_264' title='bbox 527 3475 584 3523; x_wconf 89' lang='lat' dir='ltr'><strong>et</strong></span> <span class='ocrx_word' id='word_1_265' title='bbox 623 3466 775 3522; x_wconf 82' lang='lat' dir='ltr'><strong>alteri</strong></span> <span class='ocrx_word' id='word_1_266' title='bbox 807 3465 1072 3536; x_wconf 89' lang='lat' dir='ltr'><strong>nupserit;</strong></span> <span class='ocrx_word' id='word_1_267' title='bbox 1102 3464 1310 3520; x_wconf 86' lang='lat' dir='ltr'><strong>videtur</strong></span> <span class='ocrx_word' id='word_1_268' title='bbox 1350 3465 1634 3535; x_wconf 80' lang='lat' dir='ltr'><strong>cupiditate</strong></span> <span class='ocrx_word' id='word_1_269' title='bbox 1661 3479 1778 3518; x_wconf 55' lang='lat' dir='ltr'><strong>mus</strong></span> 
     </span>
    </p>
   </div>
   <div class='ocr_carea' id='block_1_36' title="bbox 181 3555 1780 3630">
    <p class='ocr_par' dir='ltr' id='par_1_36' title="bbox 181 3555 1780 3630">
     <span class='ocr_line' id='line_1_36' title="bbox 181 3555 1780 3630; baseline -0.004 -15"><span class='ocrx_word' id='word_1_270' title='bbox 181 3560 336 3615; x_wconf 85' lang='lat' dir='ltr'><strong>taudi</strong></span> <span class='ocrx_word' id='word_1_271' title='bbox 358 3559 585 3630; x_wconf 77' lang='lat' dir='ltr'><strong>conjugii</strong></span> <span class='ocrx_word' id='word_1_272' title='bbox 608 3561 777 3614; x_wconf 82' lang='lat' dir='ltr'><strong>virum</strong></span> <span class='ocrx_word' id='word_1_273' title='bbox 814 3558 1041 3626; x_wconf 87' lang='lat' dir='ltr'><strong>priorem</strong></span> <span class='ocrx_word' id='word_1_274' title='bbox 1071 3556 1371 3625; x_wconf 85' lang='lat' dir='ltr'><strong>reliquisse,</strong></span> <span class='ocrx_word' id='word_1_275' title='bbox 1403 3573 1518 3625; x_wconf 76' lang='lat' dir='ltr'><strong>qua:</strong></span> <span class='ocrx_word' id='word_1_276' title='bbox 1545 3555 1659 3609; x_wconf 83' lang='lat' dir='ltr'><strong>sine</strong></span> <span class='ocrx_word' id='word_1_277' title='bbox 1685 3555 1780 3609; x_wconf 45' lang='lat' dir='ltr'><strong>dus</strong></span> 
     </span>
    </p>
   </div>
   <div class='ocr_carea' id='block_1_37' title="bbox 184 3645 1778 3720">
    <p class='ocr_par' dir='ltr' id='par_1_37' title="bbox 184 3645 1778 3720">
     <span class='ocr_line' id='line_1_37' title="bbox 184 3645 1778 3720; baseline -0.005 -13"><span class='ocrx_word' id='word_1_278' title='bbox 184 3653 280 3708; x_wconf 86' lang='lat' dir='ltr'><strong>bio</strong></span> <span class='ocrx_word' id='word_1_279' title='bbox 327 3650 622 3705; x_wconf 86' lang='lat' dir='ltr'><strong>adulterina</strong></span> <span class='ocrx_word' id='word_1_280' title='bbox 667 3648 916 3720; x_wconf 87' lang='lat' dir='ltr'><strong>cogitatio</strong></span> <span class='ocrx_word' id='word_1_281' title='bbox 954 3654 1054 3701; x_wconf 91' lang='lat' dir='ltr'><strong>est.</strong></span> <span class='ocrx_word' id='word_1_282' title='bbox 1098 3646 1152 3702; x_wconf 89' lang='lat' dir='ltr'><strong>Si</strong></span> <span class='ocrx_word' id='word_1_283' title='bbox 1190 3654 1368 3700; x_wconf 89' lang='lat' dir='ltr'><strong>autem</strong></span> <span class='ocrx_word' id='word_1_284' title='bbox 1416 3645 1711 3699; x_wconf 82' lang='lat' dir='ltr'><strong>dimittatur</strong></span> <span class='ocrx_word' id='word_1_285' title='bbox 1749 3657 1778 3699; x_wconf 87' lang='lat' dir='ltr'><strong>a</strong></span> 
     </span>
    </p>
   </div>
   <div class='ocr_carea' id='block_1_38' title="bbox 180 3737 1779 3812">
    <p class='ocr_par' dir='ltr' id='par_1_38' title="bbox 180 3737 1779 3812">
     <span class='ocr_line' id='line_1_38' title="bbox 180 3737 1779 3812; baseline -0.004 -13"><span class='ocrx_word' id='word_1_286' title='bbox 180 3745 329 3810; x_wconf 74' lang='lat' dir='ltr'><strong>viro,</strong></span> <span class='ocrx_word' id='word_1_287' title='bbox 363 3753 481 3796; x_wconf 88' lang='lat' dir='ltr'><strong>eum</strong></span> <span class='ocrx_word' id='word_1_288' title='bbox 519 3757 628 3812; x_wconf 92' lang='lat' dir='ltr'><strong>quo</strong></span> <span class='ocrx_word' id='word_1_289' title='bbox 663 3757 782 3797; x_wconf 87' lang='lat' dir='ltr'><strong>esse</strong></span> <span class='ocrx_word' id='word_1_290' title='bbox 822 3740 1096 3810; x_wconf 79' lang='lat' dir='ltr'><strong>cupiebat;</strong></span> <span class='ocrx_word' id='word_1_291' title='bbox 1127 3737 1426 3794; x_wconf 80' lang='lat' dir='ltr'><strong>moechatur</strong></span> <span class='ocrx_word' id='word_1_292' title='bbox 1452 3737 1664 3808; x_wconf 86' lang='lat' dir='ltr'><strong>quidem</strong></span> <span class='ocrx_word' id='word_1_293' title='bbox 1690 3737 1779 3807; x_wconf 88' lang='lat' dir='ltr'><strong>qui</strong></span> 
     </span>
    </p>
   </div>
   <div class='ocr_carea' id='block_1_39' title="bbox 182 3828 1779 3900">
    <p class='ocr_par' dir='ltr' id='par_1_39' title="bbox 182 3828 1779 3900">
     <span class='ocr_line' id='line_1_39' title="bbox 182 3828 1779 3900; baseline -0.005 -10"><span class='ocrx_word' id='word_1_294' title='bbox 182 3849 308 3892; x_wconf 81' lang='lat' dir='ltr'><strong>eam</strong></span> <span class='ocrx_word' id='word_1_295' title='bbox 332 3835 560 3900; x_wconf 75' lang='lat' dir='ltr'><strong>duxerit,</strong></span> <span class='ocrx_word' id='word_1_296' title='bbox 585 3832 873 3888; x_wconf 88' lang='lat' dir='ltr'><strong>secundum</strong></span> <span class='ocrx_word' id='word_1_297' title='bbox 902 3831 1107 3885; x_wconf 88' lang='lat' dir='ltr'><strong>Domini</strong></span> <span class='ocrx_word' id='word_1_298' title='bbox 1129 3831 1465 3894; x_wconf 83' lang='lat' dir='ltr'><strong>sententiam,</strong></span> <span class='ocrx_word' id='word_1_299' title='bbox 1489 3828 1583 3884; x_wconf 87' lang='lat' dir='ltr'><strong>sed</strong></span> <span class='ocrx_word' id='word_1_300' title='bbox 1606 3837 1779 3882; x_wconf 88' lang='lat' dir='ltr'><strong>utrum</strong></span> 
     </span>
    </p>
   </div>
   <div class='ocr_carea' id='block_1_40' title="bbox 183 3920 1781 3996">
    <p class='ocr_par' dir='ltr' id='par_1_40' title="bbox 183 3920 1781 3996">
     <span class='ocr_line' id='line_1_40' title="bbox 183 3920 1781 3996; baseline -0.007 -13"><span class='ocrx_word' id='word_1_301' title='bbox 183 3932 241 3984; x_wconf 86' lang='lat' dir='ltr'><strong>et</strong></span> <span class='ocrx_word' id='word_1_302' title='bbox 287 3927 405 3996; x_wconf 81' lang='lat' dir='ltr'><strong>ipsa</strong></span> <span class='ocrx_word' id='word_1_303' title='bbox 445 3924 534 3979; x_wconf 91' lang='lat' dir='ltr'><strong>tali</strong></span> <span class='ocrx_word' id='word_1_304' title='bbox 561 3924 783 3980; x_wconf 87' lang='lat' dir='ltr'><strong>crimine</strong></span> <span class='ocrx_word' id='word_1_305' title='bbox 815 3931 1076 3989; x_wconf 86' lang='lat' dir='ltr'><strong>teneatur,</strong></span> <span class='ocrx_word' id='word_1_306' title='bbox 1108 3921 1366 3977; x_wconf 87' lang='lat' dir='ltr'><strong>incertum</strong></span> <span class='ocrx_word' id='word_1_307' title='bbox 1398 3928 1497 3974; x_wconf 83' lang='lat' dir='ltr'><strong>est.</strong></span> <span class='ocrx_word' id='word_1_308' title='bbox 1530 3920 1781 3988; x_wconf 80' lang='lat' dir='ltr'><strong>Quamvis</strong></span> 
     </span>
    </p>
   </div>
   <div class='ocr_carea' id='block_1_41' title="bbox 187 4013 1779 4084">
    <p class='ocr_par' dir='ltr' id='par_1_41' title="bbox 187 4013 1779 4084">
     <span class='ocr_line' id='line_1_41' title="bbox 187 4013 1779 4084; baseline -0.006 -10"><span class='ocrx_word' id='word_1_309' title='bbox 187 4013 363 4074; x_wconf 83' lang='lat' dir='ltr'><strong>multo</strong></span> <span class='ocrx_word' id='word_1_310' title='bbox 393 4017 569 4071; x_wconf 85' lang='lat' dir='ltr'><strong>minus</strong></span> <span class='ocrx_word' id='word_1_311' title='bbox 597 4015 820 4070; x_wconf 85' lang='lat' dir='ltr'><strong>inveniri</strong></span> <span class='ocrx_word' id='word_1_312' title='bbox 848 4015 1012 4084; x_wconf 87' lang='lat' dir='ltr'><strong>possit</strong></span> <span class='ocrx_word' id='word_1_313' title='bbox 1036 4013 1302 4084; x_wconf 91' lang='lat' dir='ltr'><strong>quomodo</strong></span> <span class='ocrx_word' id='word_1_314' title='bbox 1325 4025 1443 4066; x_wconf 89' lang='lat' dir='ltr'><strong>cum</strong></span> <span class='ocrx_word' id='word_1_315' title='bbox 1476 4014 1556 4066; x_wconf 89' lang='lat' dir='ltr'><strong>vir</strong></span> <span class='ocrx_word' id='word_1_316' title='bbox 1584 4020 1637 4067; x_wconf 91' lang='lat' dir='ltr'><strong>et</strong></span> <span class='ocrx_word' id='word_1_317' title='bbox 1662 4027 1779 4065; x_wconf 62' lang='lat' dir='ltr'><strong>tuna</strong></span> 
     </span>
    </p>
   </div>
   <div class='ocr_carea' id='block_1_42' title="bbox 187 4107 1786 4178">
    <p class='ocr_par' dir='ltr' id='par_1_42' title="bbox 187 4107 1786 4178">
     <span class='ocr_line' id='line_1_42' title="bbox 187 4107 1786 4178; baseline -0.003 -15"><span class='ocrx_word' id='word_1_318' title='bbox 187 4109 292 4164; x_wconf 88' lang='lat' dir='ltr'><strong>lier</strong></span> <span class='ocrx_word' id='word_1_319' title='bbox 314 4109 428 4178; x_wconf 86' lang='lat' dir='ltr'><strong>pari</strong></span> <span class='ocrx_word' id='word_1_320' title='bbox 456 4121 718 4163; x_wconf 87' lang='lat' dir='ltr'><strong>consensu</strong></span> <span class='ocrx_word' id='word_1_321' title='bbox 745 4107 844 4160; x_wconf 84' lang='lat' dir='ltr'><strong>sibi</strong></span> <span class='ocrx_word' id='word_1_322' title='bbox 871 4107 1194 4159; x_wconf 88' lang='lat' dir='ltr'><strong>misceantur</strong></span> <span class='ocrx_word' id='word_1_323' title='bbox 1215 4146 1228 4170; x_wconf 95' lang='lat'><strong>,</strong></span> <span class='ocrx_word' id='word_1_324' title='bbox 1266 4119 1403 4158; x_wconf 87' lang='lat' dir='ltr'><strong>unus</strong></span> <span class='ocrx_word' id='word_1_325' title='bbox 1430 4119 1615 4159; x_wconf 86' lang='lat' dir='ltr'><strong>eorum</strong></span> <span class='ocrx_word' id='word_1_326' title='bbox 1652 4117 1786 4159; x_wconf 71' lang='grc' dir='ltr'>ιηωι</span> 
     </span>
    </p>
   </div>
   <div class='ocr_carea' id='block_1_43' title="bbox 189 4193 1782 4264">
    <p class='ocr_par' dir='ltr' id='par_1_43' title="bbox 189 4193 1782 4264">
     <span class='ocr_line' id='line_1_43' title="bbox 189 4193 1782 4264; baseline -0.004 -9"><span class='ocrx_word' id='word_1_327' title='bbox 189 4200 330 4255; x_wconf 79' lang='lat' dir='ltr'><strong>chus</strong></span> <span class='ocrx_word' id='word_1_328' title='bbox 357 4199 444 4264; x_wconf 87' lang='lat' dir='ltr'><strong>sit,</strong></span> <span class='ocrx_word' id='word_1_329' title='bbox 473 4203 525 4252; x_wconf 84' lang='lat' dir='ltr'><strong>et</strong></span> <span class='ocrx_word' id='word_1_330' title='bbox 565 4211 670 4251; x_wconf 90' lang='lat' dir='ltr'><strong>non</strong></span> <span class='ocrx_word' id='word_1_331' title='bbox 712 4198 780 4250; x_wconf 86' lang='lat' dir='ltr'><strong>sit</strong></span> <span class='ocrx_word' id='word_1_332' title='bbox 821 4197 972 4250; x_wconf 85' lang='lat' dir='ltr'><strong>alter.</strong></span> <span class='ocrx_word' id='word_1_333' title='bbox 1013 4195 1128 4250; x_wconf 86' lang='lat' dir='ltr'><strong>Huc</strong></span> <span class='ocrx_word' id='word_1_334' title='bbox 1153 4193 1352 4250; x_wconf 87' lang='lat' dir='ltr'><strong>accedit</strong></span> <span class='ocrx_word' id='word_1_335' title='bbox 1378 4233 1392 4261; x_wconf 96' lang='lat'><strong>,</strong></span> <span class='ocrx_word' id='word_1_336' title='bbox 1423 4195 1546 4264; x_wconf 88' lang='lat' dir='ltr'><strong>quia</strong></span> <span class='ocrx_word' id='word_1_337' title='bbox 1574 4195 1616 4249; x_wconf 91' lang='lat' dir='ltr'><strong>si</strong></span> <span class='ocrx_word' id='word_1_338' title='bbox 1646 4209 1782 4250; x_wconf 69' lang='lat' dir='ltr'><strong>mte-</strong></span> 
     </span>
    </p>
   </div>
   <div class='ocr_carea' id='block_1_44' title="bbox 189 4285 1784 4357">
    <p class='ocr_par' dir='ltr' id='par_1_44' title="bbox 189 4285 1784 4357">
     <span class='ocr_line' id='line_1_44' title="bbox 189 4285 1784 4357; baseline -0.003 -12"><span class='ocrx_word' id='word_1_339' title='bbox 189 4292 385 4346; x_wconf 79' lang='lat' dir='ltr'><strong>chatur</strong></span> <span class='ocrx_word' id='word_1_340' title='bbox 427 4289 516 4343; x_wconf 90' lang='lat' dir='ltr'><strong>ille</strong></span> <span class='ocrx_word' id='word_1_341' title='bbox 546 4287 789 4343; x_wconf 91' lang='lat' dir='ltr'><strong>ducendo</strong></span> <span class='ocrx_word' id='word_1_342' title='bbox 813 4302 930 4342; x_wconf 88' lang='lat' dir='ltr'><strong>eam</strong></span> <span class='ocrx_word' id='word_1_343' title='bbox 962 4303 1078 4357; x_wconf 71' lang='lat' dir='ltr'><strong>qua}</strong></span> <span class='ocrx_word' id='word_1_344' title='bbox 1109 4286 1278 4349; x_wconf 68' lang='lat' dir='ltr'><strong>soluta</strong></span> <span class='ocrx_word' id='word_1_345' title='bbox 1301 4295 1380 4340; x_wconf 89' lang='lat' dir='ltr'><strong>est</strong></span> <span class='ocrx_word' id='word_1_346' title='bbox 1403 4300 1430 4338; x_wconf 73' lang='grc' dir='ltr'>τι</span> <span class='ocrx_word' id='word_1_347' title='bbox 1453 4285 1587 4350; x_wconf 84' lang='lat' dir='ltr'><strong>viro,</strong></span> <span class='ocrx_word' id='word_1_348' title='bbox 1618 4301 1784 4354; x_wconf 67' lang='lat' dir='ltr'><strong>quam</strong></span> 
     </span>
    </p>
   </div>
   <div class='ocr_carea' id='block_1_45' title="bbox 191 4375 1785 4454">
    <p class='ocr_par' dir='ltr' id='par_1_45' title="bbox 191 4375 1785 4454">
     <span class='ocr_line' id='line_1_45' title="bbox 191 4375 1785 4454; baseline -0.004 -16"><span class='ocrx_word' id='word_1_349' title='bbox 191 4397 355 4454; x_wconf 78' lang='lat' dir='ltr'><strong>quam</strong></span> <span class='ocrx_word' id='word_1_350' title='bbox 384 4396 487 4435; x_wconf 92' lang='lat' dir='ltr'><strong>non</strong></span> <span class='ocrx_word' id='word_1_351' title='bbox 524 4379 818 4442; x_wconf 88' lang='lat' dir='ltr'><strong>dimiserit,</strong></span> <span class='ocrx_word' id='word_1_352' title='bbox 852 4378 946 4433; x_wconf 89' lang='lat' dir='ltr'><strong>sed</strong></span> <span class='ocrx_word' id='word_1_353' title='bbox 987 4377 1204 4432; x_wconf 90' lang='lat' dir='ltr'><strong>dimissa</strong></span> <span class='ocrx_word' id='word_1_354' title='bbox 1241 4377 1339 4442; x_wconf 87' lang='lat' dir='ltr'><strong>sit,</strong></span> <span class='ocrx_word' id='word_1_355' title='bbox 1369 4377 1480 4446; x_wconf 86' lang='lat' dir='ltr'><strong>ipsa</strong></span> <span class='ocrx_word' id='word_1_356' title='bbox 1505 4389 1624 4431; x_wconf 90' lang='lat' dir='ltr'><strong>eum</strong></span> <span class='ocrx_word' id='word_1_357' title='bbox 1660 4375 1785 4432; x_wconf 84' lang='lat' dir='ltr'><strong>facit</strong></span> 
     </span>
    </p>
   </div>
   <div class='ocr_carea' id='block_1_46' title="bbox 191 4465 1784 4540">
    <p class='ocr_par' dir='ltr' id='par_1_46' title="bbox 191 4465 1784 4540">
     <span class='ocr_line' id='line_1_46' title="bbox 191 4465 1784 4540; baseline -0.004 -12"><span class='ocrx_word' id='word_1_358' title='bbox 191 4471 454 4530; x_wconf 70' lang='lat' dir='ltr'><strong>maschari</strong></span> <span class='ocrx_word' id='word_1_359' title='bbox 477 4512 490 4538; x_wconf 89' lang='lat'><strong>,</strong></span> <span class='ocrx_word' id='word_1_360' title='bbox 519 4469 659 4540; x_wconf 89' lang='lat' dir='ltr'><strong>quod</strong></span> <span class='ocrx_word' id='word_1_361' title='bbox 699 4467 1040 4523; x_wconf 89' lang='lat' dir='ltr'><strong>nihilominus</strong></span> <span class='ocrx_word' id='word_1_362' title='bbox 1068 4465 1322 4521; x_wconf 87' lang='lat' dir='ltr'><strong>Dominus</strong></span> <span class='ocrx_word' id='word_1_363' title='bbox 1362 4475 1524 4522; x_wconf 87' lang='lat' dir='ltr'><strong>vetat.</strong></span> <span class='ocrx_word' id='word_1_364' title='bbox 1576 4468 1652 4521; x_wconf 79' lang='lat' dir='ltr'><strong>Ex</strong></span> <span class='ocrx_word' id='word_1_365' title='bbox 1679 4475 1784 4538; x_wconf 85' lang='lat' dir='ltr'><strong>quo</strong></span> 
     </span>
    </p>
   </div>
   <div class='ocr_carea' id='block_1_47' title="bbox 193 4557 1784 4633">
    <p class='ocr_par' dir='ltr' id='par_1_47' title="bbox 193 4557 1784 4633">
     <span class='ocr_line' id='line_1_47' title="bbox 193 4557 1784 4633; baseline -0.004 -13"><span class='ocrx_word' id='word_1_366' title='bbox 193 4563 482 4633; x_wconf 83' lang='lat' dir='ltr'><strong>colligitur,</strong></span> <span class='ocrx_word' id='word_1_367' title='bbox 511 4561 624 4616; x_wconf 84' lang='lat' dir='ltr'><strong>sive</strong></span> <span class='ocrx_word' id='word_1_368' title='bbox 644 4560 862 4615; x_wconf 76' lang='lat' dir='ltr'><strong>diruisse</strong></span> <span class='ocrx_word' id='word_1_369' title='bbox 886 4558 1062 4623; x_wconf 89' lang='lat' dir='ltr'><strong>fuerit,</strong></span> <span class='ocrx_word' id='word_1_370' title='bbox 1094 4559 1205 4612; x_wconf 87' lang='lat' dir='ltr'><strong>sive</strong></span> <span class='ocrx_word' id='word_1_371' title='bbox 1230 4557 1510 4624; x_wconf 85' lang='lat' dir='ltr'><strong>dimiserit,</strong></span> <span class='ocrx_word' id='word_1_372' title='bbox 1538 4567 1784 4628; x_wconf 86' lang='lat' dir='ltr'><strong>oportere</strong></span> 
     </span>
    </p>
   </div>
   <div class='ocr_carea' id='block_1_48' title="bbox 195 4649 1542 4723">
    <p class='ocr_par' dir='ltr' id='par_1_48' title="bbox 195 4649 1542 4723">
     <span class='ocr_line' id='line_1_48' title="bbox 195 4649 1542 4723; baseline -0.008 -10"><span class='ocrx_word' id='word_1_373' title='bbox 195 4659 344 4713; x_wconf 87' lang='lat' dir='ltr'><strong>illam</strong></span> <span class='ocrx_word' id='word_1_374' title='bbox 371 4670 586 4711; x_wconf 84' lang='lat' dir='ltr'><strong>manere</strong></span> <span class='ocrx_word' id='word_1_375' title='bbox 614 4655 911 4723; x_wconf 88' lang='lat' dir='ltr'><strong>innuptam,</strong></span> <span class='ocrx_word' id='word_1_376' title='bbox 938 4659 1028 4705; x_wconf 88' lang='lat' dir='ltr'><strong>aut</strong></span> <span class='ocrx_word' id='word_1_377' title='bbox 1053 4649 1168 4704; x_wconf 87' lang='lat' dir='ltr'><strong>viro</strong></span> <span class='ocrx_word' id='word_1_378' title='bbox 1193 4649 1542 4704; x_wconf 90' lang='lat' dir='ltr'><strong>reconciliari.</strong></span> 
     </span>
    </p>
   </div>
   <div class='ocr_carea' id='block_1_49' title="bbox 267 4741 1780 4816">
    <p class='ocr_par' dir='ltr' id='par_1_49' title="bbox 267 4741 1780 4816">
     <span class='ocr_line' id='line_1_49' title="bbox 267 4741 1780 4816; baseline -0.007 -12"><span class='ocrx_word' id='word_1_379' title='bbox 267 4749 359 4805; x_wconf 84' lang='grc'><strong>49.</strong></span> <span class='ocrx_word' id='word_1_380' title='bbox 397 4749 627 4802; x_wconf 80' lang='lat' dir='ltr'><strong>Rursum</strong></span> <span class='ocrx_word' id='word_1_381' title='bbox 663 4744 922 4816; x_wconf 64' lang='lat' dir='ltr'><strong>quieritur</strong></span> <span class='ocrx_word' id='word_1_382' title='bbox 964 4754 1138 4797; x_wconf 89' lang='lat' dir='ltr'><strong>utrum</strong></span> <span class='ocrx_word' id='word_1_383' title='bbox 1180 4742 1224 4797; x_wconf 88' lang='lat' dir='ltr'><strong>si</strong></span> <span class='ocrx_word' id='word_1_384' title='bbox 1270 4741 1450 4797; x_wconf 75' lang='lat' dir='ltr'><strong>uxoris</strong></span> <span class='ocrx_word' id='word_1_385' title='bbox 1493 4741 1780 4812; x_wconf 85' lang='lat' dir='ltr'><strong>permissu,</strong></span> 
     </span>
    </p>
   </div>
   <div class='ocr_carea' id='block_1_50' title="bbox 197 4824 1782 4907">
    <p class='ocr_par' dir='ltr' id='par_1_50' title="bbox 197 4824 1782 4907">
     <span class='ocr_line' id='line_1_50' title="bbox 197 4824 1782 4907; baseline -0.006 -10"><span class='ocrx_word' id='word_1_386' title='bbox 197 4843 313 4898; x_wconf 88' lang='lat' dir='ltr'><strong>sive</strong></span> <span class='ocrx_word' id='word_1_387' title='bbox 339 4840 558 4906; x_wconf 86' lang='lat' dir='ltr'><strong>sterilis,</strong></span> <span class='ocrx_word' id='word_1_388' title='bbox 587 4839 700 4893; x_wconf 83' lang='lat' dir='ltr'><strong>sive</strong></span> <span class='ocrx_word' id='word_1_389' title='bbox 727 4852 845 4907; x_wconf 65' lang='lat' dir='ltr'><strong>quae</strong></span> <span class='ocrx_word' id='word_1_390' title='bbox 874 4835 1216 4891; x_wconf 87' lang='lat' dir='ltr'><strong>concubitum</strong></span> <span class='ocrx_word' id='word_1_391' title='bbox 1247 4835 1353 4905; x_wconf 87' lang='lat' dir='ltr'><strong>pati</strong></span> <span class='ocrx_word' id='word_1_392' title='bbox 1384 4849 1488 4888; x_wconf 90' lang='lat' dir='ltr'><strong>non</strong></span> <span class='ocrx_word' id='word_1_393' title='bbox 1515 4834 1622 4888; x_wconf 88' lang='lat' dir='ltr'><strong>vult</strong></span> <span class='ocrx_word' id='word_1_394' title='bbox 1643 4873 1657 4901; x_wconf 93' lang='lat'><strong>,</strong></span> <span class='ocrx_word' id='word_1_395' title='bbox 1686 4824 1782 4888; x_wconf 61' lang='lat' dir='ltr'><strong>ad.</strong></span> 
     </span>
    </p>
   </div>
   <div class='ocr_carea' id='block_1_51' title="bbox 196 4928 1784 4998">
    <p class='ocr_par' dir='ltr' id='par_1_51' title="bbox 196 4928 1784 4998">
     <span class='ocr_line' id='line_1_51' title="bbox 196 4928 1784 4998; baseline -0.006 -7"><span class='ocrx_word' id='word_1_396' title='bbox 196 4935 434 4991; x_wconf 85' lang='lat' dir='ltr'><strong>hibuerit</strong></span> <span class='ocrx_word' id='word_1_397' title='bbox 458 4934 557 4988; x_wconf 91' lang='lat' dir='ltr'><strong>sibi</strong></span> <span class='ocrx_word' id='word_1_398' title='bbox 582 4932 801 4985; x_wconf 86' lang='lat' dir='ltr'><strong>alteram</strong></span> <span class='ocrx_word' id='word_1_399' title='bbox 831 4930 912 4984; x_wconf 91' lang='lat' dir='ltr'><strong>vir</strong></span> <span class='ocrx_word' id='word_1_400' title='bbox 939 4971 952 4995; x_wconf 97' lang='lat'><strong>,</strong></span> <span class='ocrx_word' id='word_1_401' title='bbox 982 4944 1087 4984; x_wconf 92' lang='lat' dir='ltr'><strong>non</strong></span> <span class='ocrx_word' id='word_1_402' title='bbox 1117 4929 1366 4995; x_wconf 87' lang='lat' dir='ltr'><strong>alienam,</strong></span> <span class='ocrx_word' id='word_1_403' title='bbox 1399 4943 1570 4998; x_wconf 87' lang='lat' dir='ltr'><strong>neque</strong></span> <span class='ocrx_word' id='word_1_404' title='bbox 1597 4943 1625 4980; x_wconf 88' lang='lat' dir='ltr'><strong>a</strong></span> <span class='ocrx_word' id='word_1_405' title='bbox 1670 4928 1784 4982; x_wconf 88' lang='lat' dir='ltr'><strong>viro</strong></span> 
     </span>
    </p>
   </div>
   <div class='ocr_carea' id='block_1_52' title="bbox 197 5021 1785 5100">
    <p class='ocr_par' dir='ltr' id='par_1_52' title="bbox 197 5021 1785 5100">
     <span class='ocr_line' id='line_1_52' title="bbox 197 5021 1785 5100; baseline -0.006 -15"><span class='ocrx_word' id='word_1_406' title='bbox 197 5029 519 5100; x_wconf 83' lang='lat' dir='ltr'><strong>sejunctam,</strong></span> <span class='ocrx_word' id='word_1_407' title='bbox 552 5025 720 5095; x_wconf 88' lang='lat' dir='ltr'><strong>possit</strong></span> <span class='ocrx_word' id='word_1_408' title='bbox 753 5037 871 5079; x_wconf 86' lang='lat' dir='ltr'><strong>esse</strong></span> <span class='ocrx_word' id='word_1_409' title='bbox 900 5024 1017 5078; x_wconf 87' lang='lat' dir='ltr'><strong>sine</strong></span> <span class='ocrx_word' id='word_1_410' title='bbox 1041 5023 1264 5078; x_wconf 90' lang='lat' dir='ltr'><strong>crimine</strong></span> <span class='ocrx_word' id='word_1_411' title='bbox 1294 5021 1693 5077; x_wconf 87' lang='lat' dir='ltr'><strong>fornicationis?</strong></span> <span class='ocrx_word' id='word_1_412' title='bbox 1721 5023 1785 5076; x_wconf 87' lang='lat' dir='ltr'><strong>Et</strong></span> 
     </span>
    </p>
   </div>
   <div class='ocr_carea' id='block_1_53' title="bbox 198 5117 1786 5188">
    <p class='ocr_par' dir='ltr' id='par_1_53' title="bbox 198 5117 1786 5188">
     <span class='ocr_line' id='line_1_53' title="bbox 198 5117 1786 5188; baseline -0.003 -12"><span class='ocrx_word' id='word_1_413' title='bbox 198 5123 253 5176; x_wconf 90' lang='lat' dir='ltr'><strong>in</strong></span> <span class='ocrx_word' id='word_1_414' title='bbox 272 5121 489 5176; x_wconf 87' lang='lat' dir='ltr'><strong>historia</strong></span> <span class='ocrx_word' id='word_1_415' title='bbox 511 5117 723 5188; x_wconf 87' lang='lat' dir='ltr'><strong>quidem</strong></span> <span class='ocrx_word' id='word_1_416' title='bbox 747 5117 956 5172; x_wconf 82' lang='lat' dir='ltr'><strong>Veteris</strong></span> <span class='ocrx_word' id='word_1_417' title='bbox 977 5117 1299 5172; x_wconf 87' lang='lat' dir='ltr'><strong>&#39;l‘estamenti</strong></span> <span class='ocrx_word' id='word_1_418' title='bbox 1322 5117 1588 5172; x_wconf 90' lang='lat' dir='ltr'><strong>invenitur</strong></span> <span class='ocrx_word' id='word_1_419' title='bbox 1605 5131 1786 5172; x_wconf 75' lang='lat' dir='ltr'><strong>exem-</strong></span> 
     </span>
    </p>
   </div>
   <div class='ocr_carea' id='block_1_54' title="bbox 201 5208 1786 5284">
    <p class='ocr_par' dir='ltr' id='par_1_54' title="bbox 201 5208 1786 5284">
     <span class='ocr_line' id='line_1_54' title="bbox 201 5208 1786 5284; baseline -0.001 -18"><span class='ocrx_word' id='word_1_420' title='bbox 201 5213 381 5284; x_wconf 89' lang='lat' dir='ltr'><strong>plum;</strong></span> <span class='ocrx_word' id='word_1_421' title='bbox 426 5209 520 5266; x_wconf 87' lang='lat' dir='ltr'><strong>sed</strong></span> <span class='ocrx_word' id='word_1_422' title='bbox 550 5223 690 5265; x_wconf 89' lang='lat' dir='ltr'><strong>nunc</strong></span> <span class='ocrx_word' id='word_1_423' title='bbox 721 5219 981 5280; x_wconf 69' lang='lat' dir='ltr'><strong>prmcepta</strong></span> <span class='ocrx_word' id='word_1_424' title='bbox 1017 5208 1216 5278; x_wconf 80' lang='lat' dir='ltr'><strong>majora</strong></span> <span class='ocrx_word' id='word_1_425' title='bbox 1258 5216 1413 5274; x_wconf 89' lang='lat' dir='ltr'><strong>sunt,</strong></span> <span class='ocrx_word' id='word_1_426' title='bbox 1455 5208 1510 5262; x_wconf 90' lang='lat' dir='ltr'><strong>in</strong></span> <span class='ocrx_word' id='word_1_427' title='bbox 1541 5223 1660 5278; x_wconf 71' lang='lat' dir='ltr'><strong>qua:</strong></span> <span class='ocrx_word' id='word_1_428' title='bbox 1686 5223 1786 5280; x_wconf 91' lang='lat' dir='ltr'><strong>per</strong></span> 
     </span>
    </p>
   </div>
   <div class='ocr_carea' id='block_1_55' title="bbox 199 5302 1784 5375">
    <p class='ocr_par' dir='ltr' id='par_1_55' title="bbox 199 5302 1784 5375">
     <span class='ocr_line' id='line_1_55' title="bbox 199 5302 1784 5375; baseline -0.003 -14"><span class='ocrx_word' id='word_1_429' title='bbox 199 5306 352 5361; x_wconf 89' lang='lat' dir='ltr'><strong>illum</strong></span> <span class='ocrx_word' id='word_1_430' title='bbox 377 5304 594 5374; x_wconf 84' lang='lat' dir='ltr'><strong>gradum</strong></span> <span class='ocrx_word' id='word_1_431' title='bbox 620 5304 893 5375; x_wconf 86' lang='lat' dir='ltr'><strong>generatio</strong></span> <span class='ocrx_word' id='word_1_432' title='bbox 931 5302 1159 5356; x_wconf 85' lang='lat' dir='ltr'><strong>humana</strong></span> <span class='ocrx_word' id='word_1_433' title='bbox 1198 5302 1434 5372; x_wconf 88' lang='lat' dir='ltr'><strong>pervenit</strong></span> <span class='ocrx_word' id='word_1_434' title='bbox 1468 5320 1482 5356; x_wconf 89' lang='lat'><strong>:</strong></span> <span class='ocrx_word' id='word_1_435' title='bbox 1515 5302 1784 5357; x_wconf 73' lang='lat' dir='ltr'><strong>tractanda</strong></span> 
     </span>
    </p>
   </div>
   <div class='ocr_carea' id='block_1_56' title="bbox 200 5394 1783 5468">
    <p class='ocr_par' dir='ltr' id='par_1_56' title="bbox 200 5394 1783 5468">
     <span class='ocr_line' id='line_1_56' title="bbox 200 5394 1783 5468; baseline -0.001 -17"><span class='ocrx_word' id='word_1_436' title='bbox 200 5397 288 5452; x_wconf 88' lang='lat' dir='ltr'><strong>illa</strong></span> <span class='ocrx_word' id='word_1_437' title='bbox 317 5405 442 5450; x_wconf 90' lang='lat' dir='ltr'><strong>sunt</strong></span> <span class='ocrx_word' id='word_1_438' title='bbox 465 5396 529 5450; x_wconf 85' lang='lat' dir='ltr'><strong>ad</strong></span> <span class='ocrx_word' id='word_1_439' title='bbox 555 5394 954 5468; x_wconf 76' lang='lat' dir='ltr'><strong>distinguendae</strong></span> <span class='ocrx_word' id='word_1_440' title='bbox 981 5404 1165 5450; x_wconf 78' lang='lat' dir='ltr'><strong>tetates</strong></span> <span class='ocrx_word' id='word_1_441' title='bbox 1199 5395 1609 5465; x_wconf 84' lang='lat' dir='ltr'><strong>dispensationis</strong></span> <span class='ocrx_word' id='word_1_442' title='bbox 1647 5395 1783 5449; x_wconf 49' lang='lat' dir='ltr'><strong>divis</strong></span> 
     </span>
    </p>
   </div>
   <div class='ocr_carea' id='block_1_57' title="bbox 199 5486 1784 5558">
    <p class='ocr_par' dir='ltr' id='par_1_57' title="bbox 199 5486 1784 5558">
     <span class='ocr_line' id='line_1_57' title="bbox 199 5486 1784 5558; baseline -0.003 -14"><span class='ocrx_word' id='word_1_443' title='bbox 199 5503 284 5544; x_wconf 73' lang='lat' dir='ltr'><strong>nte</strong></span> <span class='ocrx_word' id='word_1_444' title='bbox 309 5487 689 5558; x_wconf 62' lang='lat' dir='ltr'><strong>providentia,</strong></span> <span class='ocrx_word' id='word_1_445' title='bbox 727 5505 844 5558; x_wconf 77' lang='lat' dir='ltr'><strong>qute</strong></span> <span class='ocrx_word' id='word_1_446' title='bbox 893 5488 1125 5542; x_wconf 85' lang='lat' dir='ltr'><strong>humano</strong></span> <span class='ocrx_word' id='word_1_447' title='bbox 1163 5487 1344 5557; x_wconf 84' lang='lat' dir='ltr'><strong>generi</strong></span> <span class='ocrx_word' id='word_1_448' title='bbox 1391 5486 1784 5542; x_wconf 82' lang='lat' dir='ltr'><strong>ordinatissime</strong></span> 
     </span>
    </p>
   </div>
   <div class='ocr_carea' id='block_1_58' title="bbox 201 5579 1780 5651">
    <p class='ocr_par' dir='ltr' id='par_1_58' title="bbox 201 5579 1780 5651">
     <span class='ocr_line' id='line_1_58' title="bbox 201 5579 1780 5651; baseline -0.003 -15"><span class='ocrx_word' id='word_1_449' title='bbox 201 5581 474 5651; x_wconf 82' lang='lat' dir='ltr'><strong>subvenit;</strong></span> <span class='ocrx_word' id='word_1_450' title='bbox 496 5594 602 5634; x_wconf 87' lang='lat' dir='ltr'><strong>non</strong></span> <span class='ocrx_word' id='word_1_451' title='bbox 630 5589 804 5634; x_wconf 85' lang='lat' dir='ltr'><strong>autem</strong></span> <span class='ocrx_word' id='word_1_452' title='bbox 826 5579 891 5634; x_wconf 84' lang='lat' dir='ltr'><strong>ad</strong></span> <span class='ocrx_word' id='word_1_453' title='bbox 919 5579 1126 5635; x_wconf 84' lang='lat' dir='ltr'><strong>vivendi</strong></span> <span class='ocrx_word' id='word_1_454' title='bbox 1157 5579 1368 5650; x_wconf 82' lang='lat' dir='ltr'><strong>regulas</strong></span> <span class='ocrx_word' id='word_1_455' title='bbox 1393 5579 1724 5649; x_wconf 80' lang='lat' dir='ltr'><strong>nsurpaudas</strong></span> <span class='ocrx_word' id='word_1_456' title='bbox 1742 5579 1780 5632; x_wconf 77' lang='grc'><strong>³.</strong></span> 
     </span>
    </p>
   </div>
   <div class='ocr_carea' id='block_1_59' title="bbox 202 5669 1784 5742">
    <p class='ocr_par' dir='ltr' id='par_1_59' title="bbox 202 5669 1784 5742">
     <span class='ocr_line' id='line_1_59' title="bbox 202 5669 1784 5742; baseline -0.001 -16"><span class='ocrx_word' id='word_1_457' title='bbox 202 5670 306 5726; x_wconf 87' lang='lat' dir='ltr'><strong>Sed</strong></span> <span class='ocrx_word' id='word_1_458' title='bbox 338 5681 512 5727; x_wconf 87' lang='lat' dir='ltr'><strong>tamen</strong></span> <span class='ocrx_word' id='word_1_459' title='bbox 540 5679 722 5726; x_wconf 86' lang='lat' dir='ltr'><strong>utrum</strong></span> <span class='ocrx_word' id='word_1_460' title='bbox 751 5670 889 5740; x_wconf 86' lang='lat' dir='ltr'><strong>quod</strong></span> <span class='ocrx_word' id='word_1_461' title='bbox 919 5672 991 5726; x_wconf 89' lang='lat' dir='ltr'><strong>ait</strong></span> <span class='ocrx_word' id='word_1_462' title='bbox 1019 5671 1320 5742; x_wconf 84' lang='lat' dir='ltr'><strong>Apostolus,</strong></span> <span class='ocrx_word' id='word_1_463' title='bbox 1354 5669 1540 5724; x_wconf 74' lang='lat' dir='ltr'><strong>Mulier</strong></span> <span class='ocrx_word' id='word_1_464' title='bbox 1568 5685 1667 5726; x_wconf 76' lang='lat' dir='ltr'><strong>non</strong></span> <span class='ocrx_word' id='word_1_465' title='bbox 1692 5671 1784 5726; x_wconf 84' lang='lat' dir='ltr'><strong>lut-</strong></span> 
     </span>
    </p>
   </div>
   <div class='ocr_carea' id='block_1_60' title="bbox 198 5781 1717 5854">
    <p class='ocr_par' dir='ltr' id='par_1_60' title="bbox 198 5781 1717 5854">
     <span class='ocr_line' id='line_1_60' title="bbox 198 5781 1717 5854; baseline -0.007 -10"><span class='ocrx_word' id='word_1_466' title='bbox 198 5835 210 5848; x_wconf 71' lang='lat'><strong>.</strong></span> <span class='ocrx_word' id='word_1_467' title='bbox 264 5782 654 5844; x_wconf 76' lang='lat' dir='ltr'><strong>&#39;lnonrbeiensi</strong></span> <span class='ocrx_word' id='word_1_468' title='bbox 677 5781 1717 5854; x_wconf 60' lang='lat' dir='ltr'><strong>codiesmdrimdtrsyntammurpaws.</strong></span> 
     </span>
    </p>
   </div>
   <div class='ocr_carea' id='block_1_61' title="bbox 1561 299 2080 361">
    <p class='ocr_par' dir='ltr' id='par_1_61' title="bbox 1561 299 2080 361">
     <span class='ocr_line' id='line_1_61' title="bbox 1561 299 2080 361; baseline -0.002 -2"><span class='ocrx_word' id='word_1_469' title='bbox 1561 301 1766 359; x_wconf 72' lang='lat' dir='ltr'><strong>LIBER</strong></span> <span class='ocrx_word' id='word_1_470' title='bbox 1802 299 2080 361; x_wconf 75' lang='lat' dir='ltr'><strong>PRIMUS.</strong></span> 
     </span>
    </p>
   </div>
   <div class='ocr_carea' id='block_1_62' title="bbox 3323 312 3463 372">
    <p class='ocr_par' dir='ltr' id='par_1_62' title="bbox 3323 312 3463 372">
     <span class='ocr_line' id='line_1_62' title="bbox 3323 312 3463 372; baseline 0.014 -2"><span class='ocrx_word' id='word_1_471' title='bbox 3323 312 3463 372; x_wconf 65' lang='lat' dir='ltr'><strong>im</strong></span> 
     </span>
    </p>
   </div>
   <div class='ocr_carea' id='block_1_63' title="bbox 1883 417 3465 488">
    <p class='ocr_par' dir='ltr' id='par_1_63' title="bbox 1883 417 3465 488">
     <span class='ocr_line' id='line_1_63' title="bbox 1883 417 3465 488; baseline 0.006 -16"><span class='ocrx_word' id='word_1_472' title='bbox 1883 417 1960 472; x_wconf 77' lang='lat' dir='ltr'><strong>bet</strong></span> <span class='ocrx_word' id='word_1_473' title='bbox 1985 424 2276 488; x_wconf 76' lang='lat' dir='ltr'><strong>potestatem</strong></span> <span class='ocrx_word' id='word_1_474' title='bbox 2299 433 2377 472; x_wconf 77' lang='lat' dir='ltr'><strong>sui</strong></span> <span class='ocrx_word' id='word_1_475' title='bbox 2406 421 2652 488; x_wconf 78' lang='lat' dir='ltr'><strong>corporis,</strong></span> <span class='ocrx_word' id='word_1_476' title='bbox 2681 419 2769 474; x_wconf 80' lang='lat' dir='ltr'><strong>sed</strong></span> <span class='ocrx_word' id='word_1_477' title='bbox 2805 421 2911 485; x_wconf 79' lang='lat' dir='ltr'><strong>uir;</strong></span> <span class='ocrx_word' id='word_1_478' title='bbox 2935 421 3163 478; x_wconf 76' lang='lat' dir='ltr'><strong>similiter</strong></span> <span class='ocrx_word' id='word_1_479' title='bbox 3186 431 3235 480; x_wconf 72' lang='lat' dir='ltr'><strong>st</strong></span> <span class='ocrx_word' id='word_1_480' title='bbox 3258 424 3334 480; x_wconf 75' lang='lat' dir='ltr'><strong>vir</strong></span> <span class='ocrx_word' id='word_1_481' title='bbox 3363 441 3465 483; x_wconf 83' lang='lat' dir='ltr'><strong>non</strong></span> 
     </span>
    </p>
   </div>
   <div class='ocr_carea' id='block_1_64' title="bbox 1885 509 3466 588">
    <p class='ocr_par' dir='ltr' id='par_1_64' title="bbox 1885 509 3466 588">
     <span class='ocr_line' id='line_1_64' title="bbox 1885 509 3466 588; baseline 0.006 -26"><span class='ocrx_word' id='word_1_482' title='bbox 1885 509 2029 564; x_wconf 79' lang='lat' dir='ltr'><strong>habet</strong></span> <span class='ocrx_word' id='word_1_483' title='bbox 2059 519 2352 579; x_wconf 67' lang='lat' dir='ltr'><strong>protestetur:</strong></span> <span class='ocrx_word' id='word_1_484' title='bbox 2389 512 2470 563; x_wconf 83' lang='lat' dir='ltr'><strong>sui</strong></span> <span class='ocrx_word' id='word_1_485' title='bbox 2504 513 2762 580; x_wconf 80' lang='lat' dir='ltr'><strong>corporis,</strong></span> <span class='ocrx_word' id='word_1_486' title='bbox 2802 513 2890 567; x_wconf 73' lang='lat' dir='ltr'><strong>sed</strong></span> <span class='ocrx_word' id='word_1_487' title='bbox 2930 514 3151 577; x_wconf 81' lang='lat' dir='ltr'><strong>mulier;</strong></span> <span class='ocrx_word' id='word_1_488' title='bbox 3199 515 3366 588; x_wconf 80' lang='lat' dir='ltr'><strong>possit</strong></span> <span class='ocrx_word' id='word_1_489' title='bbox 3413 516 3466 572; x_wconf 87' lang='lat' dir='ltr'><strong>in</strong></span> 
     </span>
    </p>
   </div>
   <div class='ocr_carea' id='block_1_65' title="bbox 1885 601 3469 678">
    <p class='ocr_par' dir='ltr' id='par_1_65' title="bbox 1885 601 3469 678">
     <span class='ocr_line' id='line_1_65' title="bbox 1885 601 3469 678; baseline 0.007 -23"><span class='ocrx_word' id='word_1_490' title='bbox 1885 609 2086 656; x_wconf 89' lang='lat' dir='ltr'><strong>tantum</strong></span> <span class='ocrx_word' id='word_1_491' title='bbox 2120 601 2300 658; x_wconf 90' lang='lat' dir='ltr'><strong>valere</strong></span> <span class='ocrx_word' id='word_1_492' title='bbox 2325 644 2340 668; x_wconf 86' lang='lat'><strong>,</strong></span> <span class='ocrx_word' id='word_1_493' title='bbox 2370 610 2428 656; x_wconf 87' lang='lat' dir='ltr'><strong>ut</strong></span> <span class='ocrx_word' id='word_1_494' title='bbox 2463 604 2804 673; x_wconf 87' lang='lat' dir='ltr'><strong>permittente</strong></span> <span class='ocrx_word' id='word_1_495' title='bbox 2835 621 3027 673; x_wconf 78' lang='lat' dir='ltr'><strong>nitore,</strong></span> <span class='ocrx_word' id='word_1_496' title='bbox 3059 623 3176 678; x_wconf 69' lang='lat' dir='ltr'><strong>quae</strong></span> <span class='ocrx_word' id='word_1_497' title='bbox 3206 610 3469 666; x_wconf 83' lang='lat' dir='ltr'><strong>maritalis</strong></span> 
     </span>
    </p>
   </div>
   <div class='ocr_carea' id='block_1_66' title="bbox 1881 695 3469 774">
    <p class='ocr_par' dir='ltr' id='par_1_66' title="bbox 1881 695 3469 774">
     <span class='ocr_line' id='line_1_66' title="bbox 1881 695 3469 774; baseline 0.005 -24"><span class='ocrx_word' id='word_1_498' title='bbox 1881 695 2123 766; x_wconf 85' lang='lat' dir='ltr'><strong>corporis</strong></span> <span class='ocrx_word' id='word_1_499' title='bbox 2148 703 2462 764; x_wconf 88' lang='lat' dir='ltr'><strong>potestatem</strong></span> <span class='ocrx_word' id='word_1_500' title='bbox 2488 695 2665 762; x_wconf 85' lang='lat' dir='ltr'><strong>habet,</strong></span> <span class='ocrx_word' id='word_1_501' title='bbox 2696 699 2856 766; x_wconf 75' lang='lat' dir='ltr'><strong>possit</strong></span> <span class='ocrx_word' id='word_1_502' title='bbox 2886 700 2964 752; x_wconf 79' lang='lat' dir='ltr'><strong>vir</strong></span> <span class='ocrx_word' id='word_1_503' title='bbox 2985 709 3106 756; x_wconf 84' lang='lat' dir='ltr'><strong>cum</strong></span> <span class='ocrx_word' id='word_1_504' title='bbox 3132 704 3318 766; x_wconf 65' lang='lat' dir='ltr'><strong>:‘tlie&#39;t‘tt,</strong></span> <span class='ocrx_word' id='word_1_505' title='bbox 3351 715 3469 774; x_wconf 69' lang='lat' dir='ltr'><strong>quae</strong></span> 
     </span>
    </p>
   </div>
   <div class='ocr_carea' id='block_1_67' title="bbox 1883 776 3471 864">
    <p class='ocr_par' dir='ltr' id='par_1_67' title="bbox 1883 776 3471 864">
     <span class='ocr_line' id='line_1_67' title="bbox 1883 776 3471 864; baseline 0.006 -23"><span class='ocrx_word' id='word_1_506' title='bbox 1883 801 1982 841; x_wconf 85' lang='lat' dir='ltr'><strong>nec</strong></span> <span class='ocrx_word' id='word_1_507' title='bbox 2002 787 2171 842; x_wconf 86' lang='lat' dir='ltr'><strong>aliena</strong></span> <span class='ocrx_word' id='word_1_508' title='bbox 2193 802 2327 842; x_wconf 77' lang='lat' dir='ltr'><strong>uxor</strong></span> <span class='ocrx_word' id='word_1_509' title='bbox 2351 787 2438 850; x_wconf 86' lang='lat' dir='ltr'><strong>sit,</strong></span> <span class='ocrx_word' id='word_1_510' title='bbox 2462 801 2560 842; x_wconf 88' lang='lat' dir='ltr'><strong>nee</strong></span> <span class='ocrx_word' id='word_1_511' title='bbox 2579 803 2608 843; x_wconf 84' lang='lat' dir='ltr'><strong>a</strong></span> <span class='ocrx_word' id='word_1_512' title='bbox 2636 790 2750 844; x_wconf 92' lang='lat' dir='ltr'><strong>viro</strong></span> <span class='ocrx_word' id='word_1_513' title='bbox 2772 789 3054 864; x_wconf 82' lang='lat' dir='ltr'><strong>disjuncta,</strong></span> <span class='ocrx_word' id='word_1_514' title='bbox 3076 776 3430 851; x_wconf 80' lang='lat' dir='ltr'><strong>concumbere</strong></span> <span class='ocrx_word' id='word_1_515' title='bbox 3458 814 3471 850; x_wconf 91' lang='lat'><strong>:</strong></span> 
     </span>
    </p>
   </div>
   <div class='ocr_carea' id='block_1_68' title="bbox 1884 877 3468 948">
    <p class='ocr_par' dir='ltr' id='par_1_68' title="bbox 1884 877 3468 948">
     <span class='ocr_line' id='line_1_68' title="bbox 1884 877 3468 948; baseline 0.004 -16"><span class='ocrx_word' id='word_1_516' title='bbox 1884 877 1980 932; x_wconf 88' lang='lat' dir='ltr'><strong>sed</strong></span> <span class='ocrx_word' id='word_1_517' title='bbox 2010 894 2115 932; x_wconf 90' lang='lat' dir='ltr'><strong>non</strong></span> <span class='ocrx_word' id='word_1_518' title='bbox 2149 879 2220 932; x_wconf 87' lang='lat' dir='ltr'><strong>ita</strong></span> <span class='ocrx_word' id='word_1_519' title='bbox 2249 886 2330 934; x_wconf 87' lang='lat' dir='ltr'><strong>est</strong></span> <span class='ocrx_word' id='word_1_520' title='bbox 2359 879 2798 946; x_wconf 74' lang='lat' dir='ltr'><strong>existimandum,</strong></span> <span class='ocrx_word' id='word_1_521' title='bbox 2831 894 2896 936; x_wconf 87' lang='lat' dir='ltr'><strong>ne</strong></span> <span class='ocrx_word' id='word_1_522' title='bbox 2927 881 3028 938; x_wconf 87' lang='lat' dir='ltr'><strong>hoc</strong></span> <span class='ocrx_word' id='word_1_523' title='bbox 3065 884 3224 942; x_wconf 81' lang='lat' dir='ltr'><strong>etiam</strong></span> <span class='ocrx_word' id='word_1_524' title='bbox 3251 884 3468 948; x_wconf 81' lang='lat' dir='ltr'><strong>femina,</strong></span> 
     </span>
    </p>
   </div>
   <div class='ocr_carea' id='block_1_69' title="bbox 1882 966 3466 1044">
    <p class='ocr_par' dir='ltr' id='par_1_69' title="bbox 1882 966 3466 1044">
     <span class='ocr_line' id='line_1_69' title="bbox 1882 966 3466 1044; baseline 0.008 -24"><span class='ocrx_word' id='word_1_525' title='bbox 1882 967 1999 1021; x_wconf 80' lang='lat' dir='ltr'><strong>viro</strong></span> <span class='ocrx_word' id='word_1_526' title='bbox 2030 967 2388 1036; x_wconf 86' lang='lat' dir='ltr'><strong>permittente,</strong></span> <span class='ocrx_word' id='word_1_527' title='bbox 2415 966 2588 1024; x_wconf 85' lang='lat' dir='ltr'><strong>facere</strong></span> <span class='ocrx_word' id='word_1_528' title='bbox 2617 984 2772 1038; x_wconf 88' lang='lat' dir='ltr'><strong>posse</strong></span> <span class='ocrx_word' id='word_1_529' title='bbox 2794 970 3052 1038; x_wconf 86' lang='lat' dir='ltr'><strong>videatur,</strong></span> <span class='ocrx_word' id='word_1_530' title='bbox 3072 975 3212 1044; x_wconf 87' lang='lat' dir='ltr'><strong>quod</strong></span> <span class='ocrx_word' id='word_1_531' title='bbox 3231 977 3466 1033; x_wconf 86' lang='lat' dir='ltr'><strong>omnium</strong></span> 
     </span>
    </p>
   </div>
   <div class='ocr_carea' id='block_1_70' title="bbox 1885 1059 2346 1116">
    <p class='ocr_par' dir='ltr' id='par_1_70' title="bbox 1885 1059 2346 1116">
     <span class='ocr_line' id='line_1_70' title="bbox 1885 1059 2346 1116; baseline 0 -4"><span class='ocrx_word' id='word_1_532' title='bbox 1885 1075 2070 1114; x_wconf 86' lang='lat' dir='ltr'><strong>sensus</strong></span> <span class='ocrx_word' id='word_1_533' title='bbox 2096 1059 2346 1116; x_wconf 80' lang='lat' dir='ltr'><strong>excludit.</strong></span> 
     </span>
    </p>
   </div>
   <div class='ocr_carea' id='block_1_71' title="bbox 1955 1149 3469 1228">
    <p class='ocr_par' dir='ltr' id='par_1_71' title="bbox 1955 1149 3469 1228">
     <span class='ocr_line' id='line_1_71' title="bbox 1955 1149 3469 1228; baseline 0.006 -24"><span class='ocrx_word' id='word_1_534' title='bbox 1955 1149 2044 1204; x_wconf 82' lang='lat'><strong>50.</strong></span> <span class='ocrx_word' id='word_1_535' title='bbox 2085 1150 2398 1220; x_wconf 83' lang='lat' dir='ltr'><strong>Quanquam</strong></span> <span class='ocrx_word' id='word_1_536' title='bbox 2440 1153 2709 1208; x_wconf 65' lang='lat' dir='ltr'><strong>nonnullae</strong></span> <span class='ocrx_word' id='word_1_537' title='bbox 2752 1169 2928 1208; x_wconf 67' lang='lat' dir='ltr'><strong>causae</strong></span> <span class='ocrx_word' id='word_1_538' title='bbox 2968 1157 3169 1224; x_wconf 86' lang='lat' dir='ltr'><strong>possint</strong></span> <span class='ocrx_word' id='word_1_539' title='bbox 3207 1159 3469 1228; x_wconf 73' lang='lat' dir='ltr'><strong>existere,</strong></span> 
     </span>
    </p>
   </div>
   <div class='ocr_carea' id='block_1_72' title="bbox 1886 1241 3463 1316">
    <p class='ocr_par' dir='ltr' id='par_1_72' title="bbox 1886 1241 3463 1316">
     <span class='ocr_line' id='line_1_72' title="bbox 1886 1241 3463 1316; baseline 0.008 -23"><span class='ocrx_word' id='word_1_540' title='bbox 1886 1241 1973 1295; x_wconf 85' lang='lat' dir='ltr'><strong>tibi</strong></span> <span class='ocrx_word' id='word_1_541' title='bbox 2000 1252 2052 1296; x_wconf 87' lang='lat' dir='ltr'><strong>et</strong></span> <span class='ocrx_word' id='word_1_542' title='bbox 2077 1258 2228 1308; x_wconf 83' lang='lat' dir='ltr'><strong>uxor,</strong></span> <span class='ocrx_word' id='word_1_543' title='bbox 2257 1245 2430 1298; x_wconf 87' lang='lat' dir='ltr'><strong>tnariti</strong></span> <span class='ocrx_word' id='word_1_544' title='bbox 2461 1261 2746 1311; x_wconf 81' lang='lat' dir='ltr'><strong>consensu,</strong></span> <span class='ocrx_word' id='word_1_545' title='bbox 2777 1263 2872 1315; x_wconf 88' lang='lat' dir='ltr'><strong>pro</strong></span> <span class='ocrx_word' id='word_1_546' title='bbox 2904 1248 3019 1316; x_wconf 86' lang='lat' dir='ltr'><strong>ipso</strong></span> <span class='ocrx_word' id='word_1_547' title='bbox 3041 1251 3231 1304; x_wconf 90' lang='lat' dir='ltr'><strong>marito</strong></span> <span class='ocrx_word' id='word_1_548' title='bbox 3257 1251 3360 1308; x_wconf 86' lang='lat' dir='ltr'><strong>hoc</strong></span> <span class='ocrx_word' id='word_1_549' title='bbox 3387 1251 3463 1306; x_wconf 79' lang='lat' dir='ltr'><strong>fa-</strong></span> 
     </span>
    </p>
   </div>
   <div class='ocr_carea' id='block_1_73' title="bbox 1885 1333 3474 1400">
    <p class='ocr_par' dir='ltr' id='par_1_73' title="bbox 1885 1333 3474 1400">
     <span class='ocr_line' id='line_1_73' title="bbox 1885 1333 3474 1400; baseline 0.008 -13"><span class='ocrx_word' id='word_1_550' title='bbox 1885 1348 2008 1388; x_wconf 88' lang='lat' dir='ltr'><strong>cere</strong></span> <span class='ocrx_word' id='word_1_551' title='bbox 2046 1333 2242 1390; x_wconf 87' lang='lat' dir='ltr'><strong>debere</strong></span> <span class='ocrx_word' id='word_1_552' title='bbox 2281 1336 2522 1392; x_wconf 89' lang='lat' dir='ltr'><strong>videatur</strong></span> <span class='ocrx_word' id='word_1_553' title='bbox 2565 1357 2577 1392; x_wconf 73' lang='grc' dir='ltr'>ε</span> <span class='ocrx_word' id='word_1_554' title='bbox 2621 1339 2755 1392; x_wconf 90' lang='lat' dir='ltr'><strong>sicut</strong></span> <span class='ocrx_word' id='word_1_555' title='bbox 2797 1339 3091 1394; x_wconf 71' lang='lat' dir='ltr'><strong>Antiochiae</strong></span> <span class='ocrx_word' id='word_1_556' title='bbox 3135 1340 3330 1396; x_wconf 87' lang='lat' dir='ltr'><strong>factum</strong></span> <span class='ocrx_word' id='word_1_557' title='bbox 3355 1359 3474 1400; x_wconf 85' lang='lat' dir='ltr'><strong>esse</strong></span> 
     </span>
    </p>
   </div>
   <div class='ocr_carea' id='block_1_74' title="bbox 1885 1423 3474 1498">
    <p class='ocr_par' dir='ltr' id='par_1_74' title="bbox 1885 1423 3474 1498">
     <span class='ocr_line' id='line_1_74' title="bbox 1885 1423 3474 1498; baseline 0.007 -21"><span class='ocrx_word' id='word_1_558' title='bbox 1885 1423 2195 1493; x_wconf 86' lang='lat' dir='ltr'><strong>perhibetur</strong></span> <span class='ocrx_word' id='word_1_559' title='bbox 2229 1436 2353 1482; x_wconf 89' lang='lat' dir='ltr'><strong>ante</strong></span> <span class='ocrx_word' id='word_1_560' title='bbox 2382 1428 2758 1498; x_wconf 86' lang='lat' dir='ltr'><strong>quinquaginta</strong></span> <span class='ocrx_word' id='word_1_561' title='bbox 2792 1429 2956 1484; x_wconf 89' lang='lat' dir='ltr'><strong>ferme</strong></span> <span class='ocrx_word' id='word_1_562' title='bbox 2986 1446 3174 1498; x_wconf 87' lang='lat' dir='ltr'><strong>annos,</strong></span> <span class='ocrx_word' id='word_1_563' title='bbox 3213 1432 3474 1488; x_wconf 85' lang='lat' dir='ltr'><strong>Constan-</strong></span> 
     </span>
    </p>
   </div>
   <div class='ocr_carea' id='block_1_75' title="bbox 1886 1515 3470 1593">
    <p class='ocr_par' dir='ltr' id='par_1_75' title="bbox 1886 1515 3470 1593">
     <span class='ocr_line' id='line_1_75' title="bbox 1886 1515 3470 1593; baseline 0.009 -26"><span class='ocrx_word' id='word_1_564' title='bbox 1886 1515 1940 1568; x_wconf 92' lang='lat' dir='ltr'><strong>tii</strong></span> <span class='ocrx_word' id='word_1_565' title='bbox 1986 1516 2311 1584; x_wconf 86' lang='lat' dir='ltr'><strong>temporibus</strong></span> <span class='ocrx_word' id='word_1_566' title='bbox 2345 1515 2440 1588; x_wconf 89' lang='lat' dir='ltr'><strong>(a).</strong></span> <span class='ocrx_word' id='word_1_567' title='bbox 2484 1518 2614 1574; x_wconf 84' lang='lat' dir='ltr'><strong>Nam</strong></span> <span class='ocrx_word' id='word_1_568' title='bbox 2650 1519 2958 1590; x_wconf 81' lang='lat' dir='ltr'><strong>Acyndinus</strong></span> <span class='ocrx_word' id='word_1_569' title='bbox 3001 1529 3124 1576; x_wconf 90' lang='lat' dir='ltr'><strong>tunc</strong></span> <span class='ocrx_word' id='word_1_570' title='bbox 3167 1523 3470 1593; x_wconf 60' lang='lat' dir='ltr'><strong>pruriectus,</strong></span> 
     </span>
    </p>
   </div>
   <div class='ocr_carea' id='block_1_76' title="bbox 1885 1607 3473 1682">
    <p class='ocr_par' dir='ltr' id='par_1_76' title="bbox 1885 1607 3473 1682">
     <span class='ocr_line' id='line_1_76' title="bbox 1885 1607 3473 1682; baseline 0.011 -25"><span class='ocrx_word' id='word_1_571' title='bbox 1885 1607 1972 1676; x_wconf 89' lang='lat' dir='ltr'><strong>qui</strong></span> <span class='ocrx_word' id='word_1_572' title='bbox 1999 1609 2160 1663; x_wconf 83' lang='lat' dir='ltr'><strong>etiam</strong></span> <span class='ocrx_word' id='word_1_573' title='bbox 2191 1611 2376 1665; x_wconf 89' lang='lat' dir='ltr'><strong>consul</strong></span> <span class='ocrx_word' id='word_1_574' title='bbox 2406 1610 2524 1676; x_wconf 89' lang='lat' dir='ltr'><strong>fuit,</strong></span> <span class='ocrx_word' id='word_1_575' title='bbox 2554 1627 2673 1666; x_wconf 83' lang='lat' dir='ltr'><strong>cum</strong></span> <span class='ocrx_word' id='word_1_576' title='bbox 2703 1613 2983 1682; x_wconf 86' lang='lat' dir='ltr'><strong>quemdam</strong></span> <span class='ocrx_word' id='word_1_577' title='bbox 3011 1615 3156 1670; x_wconf 66' lang='lat' dir='ltr'><strong>librat</strong></span> <span class='ocrx_word' id='word_1_578' title='bbox 3180 1620 3290 1672; x_wconf 88' lang='lat' dir='ltr'><strong>auri</strong></span> <span class='ocrx_word' id='word_1_579' title='bbox 3323 1619 3473 1674; x_wconf 88' lang='lat' dir='ltr'><strong>dehi-</strong></span> 
     </span>
    </p>
   </div>
   <div class='ocr_carea' id='block_1_77' title="bbox 1891 1700 3475 1778">
    <p class='ocr_par' dir='ltr' id='par_1_77' title="bbox 1891 1700 3475 1778">
     <span class='ocr_line' id='line_1_77' title="bbox 1891 1700 3475 1778; baseline 0.008 -25"><span class='ocrx_word' id='word_1_580' title='bbox 1891 1707 2062 1754; x_wconf 89' lang='lat' dir='ltr'><strong>torem</strong></span> <span class='ocrx_word' id='word_1_581' title='bbox 2087 1700 2194 1754; x_wconf 84' lang='lat' dir='ltr'><strong>fisci</strong></span> <span class='ocrx_word' id='word_1_582' title='bbox 2213 1702 2469 1771; x_wconf 77' lang='lat' dir='ltr'><strong>exigeret,</strong></span> <span class='ocrx_word' id='word_1_583' title='bbox 2485 1704 2664 1757; x_wconf 91' lang='lat' dir='ltr'><strong>nescio</strong></span> <span class='ocrx_word' id='word_1_584' title='bbox 2686 1704 2825 1758; x_wconf 88' lang='lat' dir='ltr'><strong>unde</strong></span> <span class='ocrx_word' id='word_1_585' title='bbox 2847 1718 3164 1770; x_wconf 88' lang='lat' dir='ltr'><strong>commotus,</strong></span> <span class='ocrx_word' id='word_1_586' title='bbox 3190 1709 3328 1778; x_wconf 91' lang='lat' dir='ltr'><strong>quod</strong></span> <span class='ocrx_word' id='word_1_587' title='bbox 3357 1711 3475 1778; x_wconf 83' lang='lat' dir='ltr'><strong>ple-</strong></span> 
     </span>
    </p>
   </div>
   <div class='ocr_carea' id='block_1_78' title="bbox 1884 1793 3471 1868">
    <p class='ocr_par' dir='ltr' id='par_1_78' title="bbox 1884 1793 3471 1868">
     <span class='ocr_line' id='line_1_78' title="bbox 1884 1793 3471 1868; baseline 0.006 -20"><span class='ocrx_word' id='word_1_588' title='bbox 1884 1807 2108 1861; x_wconf 85' lang='lat' dir='ltr'><strong>rumque</strong></span> <span class='ocrx_word' id='word_1_589' title='bbox 2147 1793 2198 1847; x_wconf 90' lang='lat' dir='ltr'><strong>in</strong></span> <span class='ocrx_word' id='word_1_590' title='bbox 2243 1794 2356 1848; x_wconf 87' lang='lat' dir='ltr'><strong>istis</strong></span> <span class='ocrx_word' id='word_1_591' title='bbox 2388 1796 2738 1864; x_wconf 82' lang='lat' dir='ltr'><strong>potestatibus</strong></span> <span class='ocrx_word' id='word_1_592' title='bbox 2767 1798 3118 1864; x_wconf 83' lang='lat' dir='ltr'><strong>periculosum</strong></span> <span class='ocrx_word' id='word_1_593' title='bbox 3146 1808 3247 1865; x_wconf 88' lang='lat' dir='ltr'><strong>est,</strong></span> <span class='ocrx_word' id='word_1_594' title='bbox 3281 1801 3471 1868; x_wconf 83' lang='lat' dir='ltr'><strong>quibus</strong></span> 
     </span>
    </p>
   </div>
   <div class='ocr_carea' id='block_1_79' title="bbox 1884 1883 3476 1956">
    <p class='ocr_par' dir='ltr' id='par_1_79' title="bbox 1884 1883 3476 1956">
     <span class='ocr_line' id='line_1_79' title="bbox 1884 1883 3476 1956; baseline 0.008 -20"><span class='ocrx_word' id='word_1_595' title='bbox 1884 1883 2157 1952; x_wconf 86' lang='lat' dir='ltr'><strong>quodlibet</strong></span> <span class='ocrx_word' id='word_1_596' title='bbox 2200 1884 2343 1948; x_wconf 88' lang='lat' dir='ltr'><strong>licet,</strong></span> <span class='ocrx_word' id='word_1_597' title='bbox 2367 1893 2458 1938; x_wconf 88' lang='lat' dir='ltr'><strong>aut</strong></span> <span class='ocrx_word' id='word_1_598' title='bbox 2484 1887 2657 1954; x_wconf 89' lang='lat' dir='ltr'><strong>potius</strong></span> <span class='ocrx_word' id='word_1_599' title='bbox 2687 1895 2902 1956; x_wconf 88' lang='lat' dir='ltr'><strong>putatur</strong></span> <span class='ocrx_word' id='word_1_600' title='bbox 2925 1887 3102 1952; x_wconf 90' lang='lat' dir='ltr'><strong>licere,</strong></span> <span class='ocrx_word' id='word_1_601' title='bbox 3125 1890 3476 1948; x_wconf 87' lang='lat' dir='ltr'><strong>comminatus</strong></span> 
     </span>
    </p>
   </div>
   <div class='ocr_carea' id='block_1_80' title="bbox 1885 1977 3477 2050">
    <p class='ocr_par' dir='ltr' id='par_1_80' title="bbox 1885 1977 3477 2050">
     <span class='ocr_line' id='line_1_80' title="bbox 1885 1977 3477 2050; baseline 0.006 -20"><span class='ocrx_word' id='word_1_602' title='bbox 1885 1985 1968 2032; x_wconf 84' lang='lat' dir='ltr'><strong>est</strong></span> <span class='ocrx_word' id='word_1_603' title='bbox 1988 1977 2172 2045; x_wconf 89' lang='lat' dir='ltr'><strong>jurans</strong></span> <span class='ocrx_word' id='word_1_604' title='bbox 2195 1986 2248 2032; x_wconf 89' lang='lat' dir='ltr'><strong>ct</strong></span> <span class='ocrx_word' id='word_1_605' title='bbox 2279 1977 2622 2033; x_wconf 85' lang='lat' dir='ltr'><strong>vehementer</strong></span> <span class='ocrx_word' id='word_1_606' title='bbox 2651 1979 2945 2044; x_wconf 85' lang='lat' dir='ltr'><strong>affirmans,</strong></span> <span class='ocrx_word' id='word_1_607' title='bbox 2973 1981 3115 2050; x_wconf 90' lang='lat' dir='ltr'><strong>quod</strong></span> <span class='ocrx_word' id='word_1_608' title='bbox 3145 1981 3190 2034; x_wconf 89' lang='lat' dir='ltr'><strong>si</strong></span> <span class='ocrx_word' id='word_1_609' title='bbox 3217 1989 3365 2037; x_wconf 88' lang='lat' dir='ltr'><strong>certo</strong></span> <span class='ocrx_word' id='word_1_610' title='bbox 3391 1983 3477 2045; x_wconf 62' lang='lat' dir='ltr'><strong>clis</strong></span> 
     </span>
    </p>
   </div>
   <div class='ocr_carea' id='block_1_81' title="bbox 1885 2071 3477 2139">
    <p class='ocr_par' dir='ltr' id='par_1_81' title="bbox 1885 2071 3477 2139">
     <span class='ocr_line' id='line_1_81' title="bbox 1885 2071 3477 2139; baseline 0.006 -18"><span class='ocrx_word' id='word_1_611' title='bbox 1885 2085 2041 2139; x_wconf 90' lang='lat' dir='ltr'><strong>quem</strong></span> <span class='ocrx_word' id='word_1_612' title='bbox 2073 2071 2442 2137; x_wconf 86' lang='lat' dir='ltr'><strong>constituerat,</strong></span> <span class='ocrx_word' id='word_1_613' title='bbox 2474 2080 2830 2127; x_wconf 84' lang='lat' dir='ltr'><strong>memoratum</strong></span> <span class='ocrx_word' id='word_1_614' title='bbox 2874 2089 3060 2127; x_wconf 88' lang='lat' dir='ltr'><strong>aurntn</strong></span> <span class='ocrx_word' id='word_1_615' title='bbox 3093 2089 3197 2126; x_wconf 88' lang='lat' dir='ltr'><strong>non</strong></span> <span class='ocrx_word' id='word_1_616' title='bbox 3238 2075 3477 2130; x_wconf 70' lang='lat' dir='ltr'><strong>exsolte-</strong></span> 
     </span>
    </p>
   </div>
   <div class='ocr_carea' id='block_1_82' title="bbox 1883 2161 3476 2232">
    <p class='ocr_par' dir='ltr' id='par_1_82' title="bbox 1883 2161 3476 2232">
     <span class='ocr_line' id='line_1_82' title="bbox 1883 2161 3476 2232; baseline 0.003 -16"><span class='ocrx_word' id='word_1_617' title='bbox 1883 2171 1986 2226; x_wconf 83' lang='lat' dir='ltr'><strong>ret,</strong></span> <span class='ocrx_word' id='word_1_618' title='bbox 2011 2161 2360 2218; x_wconf 88' lang='lat' dir='ltr'><strong>occideretur.</strong></span> <span class='ocrx_word' id='word_1_619' title='bbox 2389 2163 2566 2232; x_wconf 77' lang='lat' dir='ltr'><strong>Itaque</strong></span> <span class='ocrx_word' id='word_1_620' title='bbox 2588 2178 2706 2217; x_wconf 88' lang='lat' dir='ltr'><strong>cum</strong></span> <span class='ocrx_word' id='word_1_621' title='bbox 2731 2163 2817 2216; x_wconf 89' lang='lat' dir='ltr'><strong>ille</strong></span> <span class='ocrx_word' id='word_1_622' title='bbox 2843 2171 3114 2218; x_wconf 88' lang='lat' dir='ltr'><strong>teneretur</strong></span> <span class='ocrx_word' id='word_1_623' title='bbox 3136 2165 3351 2220; x_wconf 88' lang='lat' dir='ltr'><strong>immani</strong></span> <span class='ocrx_word' id='word_1_624' title='bbox 3380 2180 3476 2220; x_wconf 86' lang='lat' dir='ltr'><strong>cu-</strong></span> 
     </span>
    </p>
   </div>
   <div class='ocr_carea' id='block_1_83' title="bbox 1887 2254 3478 2325">
    <p class='ocr_par' dir='ltr' id='par_1_83' title="bbox 1887 2254 3478 2325">
     <span class='ocr_line' id='line_1_83' title="bbox 1887 2254 3478 2325; baseline 0.003 -18"><span class='ocrx_word' id='word_1_625' title='bbox 1887 2254 2080 2319; x_wconf 89' lang='lat' dir='ltr'><strong>stodia,</strong></span> <span class='ocrx_word' id='word_1_626' title='bbox 2129 2270 2225 2310; x_wconf 89' lang='lat' dir='ltr'><strong>nec</strong></span> <span class='ocrx_word' id='word_1_627' title='bbox 2257 2270 2314 2309; x_wconf 89' lang='lat' dir='ltr'><strong>se</strong></span> <span class='ocrx_word' id='word_1_628' title='bbox 2344 2267 2523 2324; x_wconf 86' lang='lat' dir='ltr'><strong>posset</strong></span> <span class='ocrx_word' id='word_1_629' title='bbox 2549 2254 2729 2310; x_wconf 82' lang='lat' dir='ltr'><strong>debito</strong></span> <span class='ocrx_word' id='word_1_630' title='bbox 2769 2257 2859 2310; x_wconf 92' lang='lat' dir='ltr'><strong>illo</strong></span> <span class='ocrx_word' id='word_1_631' title='bbox 2895 2255 3164 2325; x_wconf 80' lang='lat' dir='ltr'><strong>expedire,</strong></span> <span class='ocrx_word' id='word_1_632' title='bbox 3210 2257 3326 2311; x_wconf 89' lang='lat' dir='ltr'><strong>dies</strong></span> <span class='ocrx_word' id='word_1_633' title='bbox 3363 2273 3478 2313; x_wconf 86' lang='lat' dir='ltr'><strong>me-</strong></span> 
     </span>
    </p>
   </div>
   <div class='ocr_carea' id='block_1_84' title="bbox 1890 2344 3480 2416">
    <p class='ocr_par' dir='ltr' id='par_1_84' title="bbox 1890 2344 3480 2416">
     <span class='ocr_line' id='line_1_84' title="bbox 1890 2344 3480 2416; baseline 0.004 -18"><span class='ocrx_word' id='word_1_634' title='bbox 1890 2344 2120 2400; x_wconf 90' lang='lat' dir='ltr'><strong>tuendus</strong></span> <span class='ocrx_word' id='word_1_635' title='bbox 2148 2346 2427 2401; x_wconf 89' lang='lat' dir='ltr'><strong>imminere</strong></span> <span class='ocrx_word' id='word_1_636' title='bbox 2449 2357 2503 2400; x_wconf 90' lang='lat' dir='ltr'><strong>et</strong></span> <span class='ocrx_word' id='word_1_637' title='bbox 2534 2347 2891 2416; x_wconf 74' lang='lat' dir='ltr'><strong>prspinquare</strong></span> <span class='ocrx_word' id='word_1_638' title='bbox 2919 2349 3099 2416; x_wconf 63' lang='lat' dir='ltr'><strong>coepit.</strong></span> <span class='ocrx_word' id='word_1_639' title='bbox 3130 2347 3195 2402; x_wconf 87' lang='lat' dir='ltr'><strong>Et</strong></span> <span class='ocrx_word' id='word_1_640' title='bbox 3223 2347 3358 2404; x_wconf 89' lang='lat' dir='ltr'><strong>forte</strong></span> <span class='ocrx_word' id='word_1_641' title='bbox 3387 2350 3480 2404; x_wconf 83' lang='lat' dir='ltr'><strong>ha-</strong></span> 
     </span>
    </p>
   </div>
   <div class='ocr_carea' id='block_1_85' title="bbox 1889 2433 3478 2510">
    <p class='ocr_par' dir='ltr' id='par_1_85' title="bbox 1889 2433 3478 2510">
     <span class='ocr_line' id='line_1_85' title="bbox 1889 2433 3478 2510; baseline 0.004 -22"><span class='ocrx_word' id='word_1_642' title='bbox 1889 2433 2049 2489; x_wconf 78' lang='lat' dir='ltr'><strong>bebat</strong></span> <span class='ocrx_word' id='word_1_643' title='bbox 2077 2451 2294 2490; x_wconf 78' lang='lat' dir='ltr'><strong>uxorem</strong></span> <span class='ocrx_word' id='word_1_644' title='bbox 2324 2435 2754 2506; x_wconf 87' lang='lat' dir='ltr'><strong>pulcherrimam,</strong></span> <span class='ocrx_word' id='word_1_645' title='bbox 2779 2437 2872 2492; x_wconf 87' lang='lat' dir='ltr'><strong>sed</strong></span> <span class='ocrx_word' id='word_1_646' title='bbox 2900 2437 3091 2492; x_wconf 87' lang='lat' dir='ltr'><strong>nullius</strong></span> <span class='ocrx_word' id='word_1_647' title='bbox 3113 2439 3351 2509; x_wconf 68' lang='lat' dir='ltr'><strong>pecunia:</strong></span> <span class='ocrx_word' id='word_1_648' title='bbox 3376 2455 3478 2510; x_wconf 85' lang='lat' dir='ltr'><strong>qua</strong></span> 
     </span>
    </p>
   </div>
   <div class='ocr_carea' id='block_1_86' title="bbox 1886 2524 3476 2598">
    <p class='ocr_par' dir='ltr' id='par_1_86' title="bbox 1886 2524 3476 2598">
     <span class='ocr_line' id='line_1_86' title="bbox 1886 2524 3476 2598; baseline 0.004 -18"><span class='ocrx_word' id='word_1_649' title='bbox 1886 2524 2194 2582; x_wconf 78' lang='lat' dir='ltr'><strong>subveniret</strong></span> <span class='ocrx_word' id='word_1_650' title='bbox 2237 2527 2396 2582; x_wconf 89' lang='lat' dir='ltr'><strong>viro:</strong></span> <span class='ocrx_word' id='word_1_651' title='bbox 2436 2527 2587 2598; x_wconf 82' lang='lat' dir='ltr'><strong>cujus</strong></span> <span class='ocrx_word' id='word_1_652' title='bbox 2631 2528 2869 2582; x_wconf 88' lang='lat' dir='ltr'><strong>mulieris</strong></span> <span class='ocrx_word' id='word_1_653' title='bbox 2914 2530 3308 2598; x_wconf 85' lang='lat' dir='ltr'><strong>pulchritudine</strong></span> <span class='ocrx_word' id='word_1_654' title='bbox 3354 2547 3476 2587; x_wconf 88' lang='lat' dir='ltr'><strong>cum</strong></span> 
     </span>
    </p>
   </div>
   <div class='ocr_carea' id='block_1_87' title="bbox 1885 2615 3479 2689">
    <p class='ocr_par' dir='ltr' id='par_1_87' title="bbox 1885 2615 3479 2689">
     <span class='ocr_line' id='line_1_87' title="bbox 1885 2615 3479 2689; baseline 0.006 -20"><span class='ocrx_word' id='word_1_655' title='bbox 1885 2615 2101 2684; x_wconf 88' lang='lat' dir='ltr'><strong>quidam</strong></span> <span class='ocrx_word' id='word_1_656' title='bbox 2128 2615 2278 2672; x_wconf 84' lang='lat' dir='ltr'><strong>dives</strong></span> <span class='ocrx_word' id='word_1_657' title='bbox 2307 2627 2451 2672; x_wconf 87' lang='lat' dir='ltr'><strong>esset</strong></span> <span class='ocrx_word' id='word_1_658' title='bbox 2479 2633 2756 2684; x_wconf 88' lang='lat' dir='ltr'><strong>accensus,</strong></span> <span class='ocrx_word' id='word_1_659' title='bbox 2789 2628 2841 2672; x_wconf 90' lang='lat' dir='ltr'><strong>et</strong></span> <span class='ocrx_word' id='word_1_660' title='bbox 2871 2621 3208 2689; x_wconf 83' lang='lat' dir='ltr'><strong>cognovisset</strong></span> <span class='ocrx_word' id='word_1_661' title='bbox 3231 2622 3479 2678; x_wconf 86' lang='lat' dir='ltr'><strong>maritum</strong></span> 
     </span>
    </p>
   </div>
   <div class='ocr_carea' id='block_1_88' title="bbox 1886 2708 3480 2783">
    <p class='ocr_par' dir='ltr' id='par_1_88' title="bbox 1886 2708 3480 2783">
     <span class='ocr_line' id='line_1_88' title="bbox 1886 2708 3480 2783; baseline 0.004 -21"><span class='ocrx_word' id='word_1_662' title='bbox 1886 2708 2002 2777; x_wconf 88' lang='lat' dir='ltr'><strong>ejus</strong></span> <span class='ocrx_word' id='word_1_663' title='bbox 2025 2708 2077 2762; x_wconf 91' lang='lat' dir='ltr'><strong>in</strong></span> <span class='ocrx_word' id='word_1_664' title='bbox 2108 2709 2198 2763; x_wconf 93' lang='lat' dir='ltr'><strong>illo</strong></span> <span class='ocrx_word' id='word_1_665' title='bbox 2223 2709 2533 2765; x_wconf 89' lang='lat' dir='ltr'><strong>discrimine</strong></span> <span class='ocrx_word' id='word_1_666' title='bbox 2553 2711 2924 2776; x_wconf 86' lang='lat' dir='ltr'><strong>constitutum,</strong></span> <span class='ocrx_word' id='word_1_667' title='bbox 2959 2712 3101 2766; x_wconf 77' lang='lat' dir='ltr'><strong>misit</strong></span> <span class='ocrx_word' id='word_1_668' title='bbox 3124 2711 3190 2765; x_wconf 87' lang='lat' dir='ltr'><strong>ad</strong></span> <span class='ocrx_word' id='word_1_669' title='bbox 3217 2728 3333 2768; x_wconf 88' lang='lat' dir='ltr'><strong>eam</strong></span> <span class='ocrx_word' id='word_1_670' title='bbox 3367 2713 3480 2783; x_wconf 88' lang='lat' dir='ltr'><strong>pol-</strong></span> 
     </span>
    </p>
   </div>
   <div class='ocr_carea' id='block_1_89' title="bbox 1886 2798 3478 2871">
    <p class='ocr_par' dir='ltr' id='par_1_89' title="bbox 1886 2798 3478 2871">
     <span class='ocr_line' id='line_1_89' title="bbox 1886 2798 3478 2871; baseline 0.006 -20"><span class='ocrx_word' id='word_1_671' title='bbox 1886 2798 2053 2852; x_wconf 89' lang='lat' dir='ltr'><strong>licens</strong></span> <span class='ocrx_word' id='word_1_672' title='bbox 2084 2814 2179 2868; x_wconf 90' lang='lat' dir='ltr'><strong>pro</strong></span> <span class='ocrx_word' id='word_1_673' title='bbox 2211 2815 2312 2853; x_wconf 90' lang='lat' dir='ltr'><strong>una</strong></span> <span class='ocrx_word' id='word_1_674' title='bbox 2346 2809 2501 2855; x_wconf 90' lang='lat' dir='ltr'><strong>nocte</strong></span> <span class='ocrx_word' id='word_1_675' title='bbox 2525 2840 2538 2866; x_wconf 92' lang='lat'><strong>,</strong></span> <span class='ocrx_word' id='word_1_676' title='bbox 2580 2801 2623 2856; x_wconf 90' lang='lat' dir='ltr'><strong>si</strong></span> <span class='ocrx_word' id='word_1_677' title='bbox 2657 2802 2703 2857; x_wconf 89' lang='lat' dir='ltr'><strong>ei</strong></span> <span class='ocrx_word' id='word_1_678' title='bbox 2734 2803 2945 2857; x_wconf 89' lang='lat' dir='ltr'><strong>misceri</strong></span> <span class='ocrx_word' id='word_1_679' title='bbox 2975 2803 3149 2871; x_wconf 87' lang='lat' dir='ltr'><strong>vellet,</strong></span> <span class='ocrx_word' id='word_1_680' title='bbox 3185 2819 3244 2858; x_wconf 88' lang='lat' dir='ltr'><strong>se</strong></span> <span class='ocrx_word' id='word_1_681' title='bbox 3272 2806 3386 2858; x_wconf 90' lang='lat' dir='ltr'><strong>auri</strong></span> <span class='ocrx_word' id='word_1_682' title='bbox 3415 2805 3478 2862; x_wconf 83' lang='lat' dir='ltr'><strong>li-</strong></span> 
     </span>
    </p>
   </div>
   <div class='ocr_carea' id='block_1_90' title="bbox 1887 2891 3480 2964">
    <p class='ocr_par' dir='ltr' id='par_1_90' title="bbox 1887 2891 3480 2964">
     <span class='ocr_line' id='line_1_90' title="bbox 1887 2891 3480 2964; baseline 0.004 -18"><span class='ocrx_word' id='word_1_683' title='bbox 1887 2891 2036 2947; x_wconf 85' lang='lat' dir='ltr'><strong>bram</strong></span> <span class='ocrx_word' id='word_1_684' title='bbox 2064 2891 2332 2948; x_wconf 82' lang='lat' dir='ltr'><strong>daturum.</strong></span> <span class='ocrx_word' id='word_1_685' title='bbox 2362 2894 2494 2948; x_wconf 87' lang='lat' dir='ltr'><strong>Tum</strong></span> <span class='ocrx_word' id='word_1_686' title='bbox 2523 2894 2609 2948; x_wconf 90' lang='lat' dir='ltr'><strong>illa</strong></span> <span class='ocrx_word' id='word_1_687' title='bbox 2636 2911 2752 2964; x_wconf 84' lang='lat' dir='ltr'><strong>quae</strong></span> <span class='ocrx_word' id='word_1_688' title='bbox 2774 2910 2832 2949; x_wconf 90' lang='lat' dir='ltr'><strong>se</strong></span> <span class='ocrx_word' id='word_1_689' title='bbox 2852 2896 3012 2950; x_wconf 90' lang='lat' dir='ltr'><strong>sciret</strong></span> <span class='ocrx_word' id='word_1_690' title='bbox 3037 2913 3142 2950; x_wconf 90' lang='lat' dir='ltr'><strong>non</strong></span> <span class='ocrx_word' id='word_1_691' title='bbox 3172 2897 3369 2953; x_wconf 89' lang='lat' dir='ltr'><strong>habere</strong></span> <span class='ocrx_word' id='word_1_692' title='bbox 3397 2897 3480 2954; x_wconf 75' lang='lat' dir='ltr'><strong>sui</strong></span> 
     </span>
    </p>
   </div>
   <div class='ocr_carea' id='block_1_91' title="bbox 1885 2986 3481 3059">
    <p class='ocr_par' dir='ltr' id='par_1_91' title="bbox 1885 2986 3481 3059">
     <span class='ocr_line' id='line_1_91' title="bbox 1885 2986 3481 3059; baseline 0.005 -19"><span class='ocrx_word' id='word_1_693' title='bbox 1885 2986 2124 3055; x_wconf 89' lang='lat' dir='ltr'><strong>corporis</strong></span> <span class='ocrx_word' id='word_1_694' title='bbox 2147 2995 2481 3056; x_wconf 87' lang='lat' dir='ltr'><strong>potestatem,</strong></span> <span class='ocrx_word' id='word_1_695' title='bbox 2512 2987 2605 3042; x_wconf 89' lang='lat' dir='ltr'><strong>sed</strong></span> <span class='ocrx_word' id='word_1_696' title='bbox 2637 2989 2808 3044; x_wconf 89' lang='lat' dir='ltr'><strong>virum</strong></span> <span class='ocrx_word' id='word_1_697' title='bbox 2829 3006 3002 3054; x_wconf 88' lang='lat' dir='ltr'><strong>suum,</strong></span> <span class='ocrx_word' id='word_1_698' title='bbox 3030 2992 3243 3059; x_wconf 87' lang='lat' dir='ltr'><strong>pertulit</strong></span> <span class='ocrx_word' id='word_1_699' title='bbox 3264 2991 3328 3046; x_wconf 89' lang='lat' dir='ltr'><strong>ad</strong></span> <span class='ocrx_word' id='word_1_700' title='bbox 3358 3006 3481 3048; x_wconf 68' lang='lat' dir='ltr'><strong>etin</strong></span> 
     </span>
    </p>
   </div>
   <div class='ocr_carea' id='block_1_92' title="bbox 1885 3077 3478 3150">
    <p class='ocr_par' dir='ltr' id='par_1_92' title="bbox 1885 3077 3478 3150">
     <span class='ocr_line' id='line_1_92' title="bbox 1885 3077 3478 3150; baseline 0.006 -18"><span class='ocrx_word' id='word_1_701' title='bbox 1885 3077 2070 3134; x_wconf 89' lang='lat' dir='ltr'><strong>dicens</strong></span> <span class='ocrx_word' id='word_1_702' title='bbox 2100 3087 2338 3148; x_wconf 86' lang='lat' dir='ltr'><strong>paratam</strong></span> <span class='ocrx_word' id='word_1_703' title='bbox 2365 3096 2424 3134; x_wconf 88' lang='lat' dir='ltr'><strong>se</strong></span> <span class='ocrx_word' id='word_1_704' title='bbox 2444 3095 2563 3136; x_wconf 85' lang='lat' dir='ltr'><strong>esse</strong></span> <span class='ocrx_word' id='word_1_705' title='bbox 2594 3097 2690 3150; x_wconf 90' lang='lat' dir='ltr'><strong>pro</strong></span> <span class='ocrx_word' id='word_1_706' title='bbox 2716 3083 2906 3136; x_wconf 87' lang='lat' dir='ltr'><strong>marito</strong></span> <span class='ocrx_word' id='word_1_707' title='bbox 2927 3082 2977 3136; x_wconf 90' lang='lat' dir='ltr'><strong>id</strong></span> <span class='ocrx_word' id='word_1_708' title='bbox 2999 3083 3194 3147; x_wconf 86' lang='lat' dir='ltr'><strong>facere,</strong></span> <span class='ocrx_word' id='word_1_709' title='bbox 3222 3085 3267 3138; x_wconf 87' lang='lat' dir='ltr'><strong>si</strong></span> <span class='ocrx_word' id='word_1_710' title='bbox 3299 3093 3478 3142; x_wconf 87' lang='lat' dir='ltr'><strong>tamen</strong></span> 
     </span>
    </p>
   </div>
   <div class='ocr_carea' id='block_1_93' title="bbox 1885 3170 3483 3242">
    <p class='ocr_par' dir='ltr' id='par_1_93' title="bbox 1885 3170 3483 3242">
     <span class='ocr_line' id='line_1_93' title="bbox 1885 3170 3483 3242; baseline 0.005 -17"><span class='ocrx_word' id='word_1_711' title='bbox 1885 3170 1999 3240; x_wconf 89' lang='lat' dir='ltr'><strong>ipse</strong></span> <span class='ocrx_word' id='word_1_712' title='bbox 2029 3171 2323 3242; x_wconf 88' lang='lat' dir='ltr'><strong>conjugalis</strong></span> <span class='ocrx_word' id='word_1_713' title='bbox 2349 3173 2591 3242; x_wconf 88' lang='lat' dir='ltr'><strong>corporis</strong></span> <span class='ocrx_word' id='word_1_714' title='bbox 2619 3171 2886 3238; x_wconf 86' lang='lat' dir='ltr'><strong>dominus,</strong></span> <span class='ocrx_word' id='word_1_715' title='bbox 2908 3175 2990 3228; x_wconf 91' lang='lat' dir='ltr'><strong>cui</strong></span> <span class='ocrx_word' id='word_1_716' title='bbox 3020 3183 3126 3230; x_wconf 88' lang='lat' dir='ltr'><strong>tota</strong></span> <span class='ocrx_word' id='word_1_717' title='bbox 3155 3176 3241 3230; x_wconf 90' lang='lat' dir='ltr'><strong>illa</strong></span> <span class='ocrx_word' id='word_1_718' title='bbox 3267 3178 3483 3233; x_wconf 84' lang='lat' dir='ltr'><strong>castitas</strong></span> 
     </span>
    </p>
   </div>
   <div class='ocr_carea' id='block_1_94' title="bbox 1884 3261 3477 3334">
    <p class='ocr_par' dir='ltr' id='par_1_94' title="bbox 1884 3261 3477 3334">
     <span class='ocr_line' id='line_1_94' title="bbox 1884 3261 3477 3334; baseline 0.006 -18"><span class='ocrx_word' id='word_1_719' title='bbox 1884 3261 2170 3316; x_wconf 86' lang='lat' dir='ltr'><strong>deberetur</strong></span> <span class='ocrx_word' id='word_1_720' title='bbox 2192 3303 2208 3326; x_wconf 93' lang='lat'><strong>,</strong></span> <span class='ocrx_word' id='word_1_721' title='bbox 2253 3271 2505 3332; x_wconf 86' lang='lat' dir='ltr'><strong>tanquam</strong></span> <span class='ocrx_word' id='word_1_722' title='bbox 2533 3264 2601 3318; x_wconf 92' lang='lat' dir='ltr'><strong>de</strong></span> <span class='ocrx_word' id='word_1_723' title='bbox 2631 3279 2687 3318; x_wconf 85' lang='lat' dir='ltr'><strong>re</strong></span> <span class='ocrx_word' id='word_1_724' title='bbox 2725 3279 2817 3319; x_wconf 87' lang='lat' dir='ltr'><strong>sua</strong></span> <span class='ocrx_word' id='word_1_725' title='bbox 2848 3281 2941 3334; x_wconf 89' lang='lat' dir='ltr'><strong>pro</strong></span> <span class='ocrx_word' id='word_1_726' title='bbox 2970 3267 3073 3320; x_wconf 88' lang='lat' dir='ltr'><strong>vita</strong></span> <span class='ocrx_word' id='word_1_727' title='bbox 3103 3283 3197 3322; x_wconf 88' lang='lat' dir='ltr'><strong>sua</strong></span> <span class='ocrx_word' id='word_1_728' title='bbox 3241 3269 3397 3324; x_wconf 87' lang='lat' dir='ltr'><strong>vellet</strong></span> <span class='ocrx_word' id='word_1_729' title='bbox 3427 3270 3477 3326; x_wconf 88' lang='lat' dir='ltr'><strong>id</strong></span> 
     </span>
    </p>
   </div>
   <div class='ocr_carea' id='block_1_95' title="bbox 1886 3351 3480 3426">
    <p class='ocr_par' dir='ltr' id='par_1_95' title="bbox 1886 3351 3480 3426">
     <span class='ocr_line' id='line_1_95' title="bbox 1886 3351 3480 3426; baseline 0.008 -21"><span class='ocrx_word' id='word_1_730' title='bbox 1886 3352 2023 3406; x_wconf 87' lang='lat' dir='ltr'><strong>ﬁeri.</strong></span> <span class='ocrx_word' id='word_1_731' title='bbox 2076 3351 2198 3422; x_wconf 89' lang='lat' dir='ltr'><strong>Egit</strong></span> <span class='ocrx_word' id='word_1_732' title='bbox 2231 3352 2319 3408; x_wconf 91' lang='lat' dir='ltr'><strong>ille</strong></span> <span class='ocrx_word' id='word_1_733' title='bbox 2344 3353 2560 3423; x_wconf 86' lang='lat' dir='ltr'><strong>gratias,</strong></span> <span class='ocrx_word' id='word_1_734' title='bbox 2591 3361 2644 3408; x_wconf 90' lang='lat' dir='ltr'><strong>et</strong></span> <span class='ocrx_word' id='word_1_735' title='bbox 2665 3363 2720 3408; x_wconf 83' lang='grc' dir='ltr'><strong>ιιι</strong></span> <span class='ocrx_word' id='word_1_736' title='bbox 2748 3354 2798 3408; x_wconf 94' lang='lat' dir='ltr'><strong>id</strong></span> <span class='ocrx_word' id='word_1_737' title='bbox 2833 3355 2981 3411; x_wconf 83' lang='lat' dir='ltr'><strong>ﬁeret</strong></span> <span class='ocrx_word' id='word_1_738' title='bbox 3009 3358 3304 3426; x_wconf 88' lang='lat' dir='ltr'><strong>imperavit,</strong></span> <span class='ocrx_word' id='word_1_739' title='bbox 3333 3361 3480 3418; x_wconf 88' lang='lat' dir='ltr'><strong>nullo</strong></span> 
     </span>
    </p>
   </div>
   <div class='ocr_carea' id='block_1_96' title="bbox 1886 3443 3482 3519">
    <p class='ocr_par' dir='ltr' id='par_1_96' title="bbox 1886 3443 3482 3519">
     <span class='ocr_line' id='line_1_96' title="bbox 1886 3443 3482 3519; baseline 0.006 -22"><span class='ocrx_word' id='word_1_740' title='bbox 1886 3443 2047 3499; x_wconf 87' lang='lat' dir='ltr'><strong>modo</strong></span> <span class='ocrx_word' id='word_1_741' title='bbox 2066 3443 2313 3508; x_wconf 84' lang='lat' dir='ltr'><strong>judicans</strong></span> <span class='ocrx_word' id='word_1_742' title='bbox 2343 3444 2698 3501; x_wconf 89' lang='lat' dir='ltr'><strong>adulterinum</strong></span> <span class='ocrx_word' id='word_1_743' title='bbox 2725 3460 2844 3501; x_wconf 90' lang='lat' dir='ltr'><strong>esse</strong></span> <span class='ocrx_word' id='word_1_744' title='bbox 2873 3449 3232 3513; x_wconf 87' lang='lat' dir='ltr'><strong>concubitum,</strong></span> <span class='ocrx_word' id='word_1_745' title='bbox 3263 3451 3403 3519; x_wconf 92' lang='lat' dir='ltr'><strong>quod</strong></span> <span class='ocrx_word' id='word_1_746' title='bbox 3427 3461 3482 3507; x_wconf 90' lang='lat' dir='ltr'><strong>et</strong></span> 
     </span>
    </p>
   </div>
   <div class='ocr_carea' id='block_1_97' title="bbox 1884 3534 3477 3606">
    <p class='ocr_par' dir='ltr' id='par_1_97' title="bbox 1884 3534 3477 3606">
     <span class='ocr_line' id='line_1_97' title="bbox 1884 3534 3477 3606; baseline 0.004 -18"><span class='ocrx_word' id='word_1_747' title='bbox 1884 3534 2049 3589; x_wconf 86' lang='lat' dir='ltr'><strong>libido</strong></span> <span class='ocrx_word' id='word_1_748' title='bbox 2076 3534 2215 3598; x_wconf 77' lang='lat' dir='ltr'><strong>nulla</strong></span> <span class='ocrx_word' id='word_1_749' title='bbox 2241 3543 2294 3589; x_wconf 91' lang='lat' dir='ltr'><strong>et</strong></span> <span class='ocrx_word' id='word_1_750' title='bbox 2315 3550 2503 3606; x_wconf 88' lang='lat' dir='ltr'><strong>magna</strong></span> <span class='ocrx_word' id='word_1_751' title='bbox 2533 3536 2706 3589; x_wconf 85' lang='lat' dir='ltr'><strong>mariti</strong></span> <span class='ocrx_word' id='word_1_752' title='bbox 2728 3535 2961 3591; x_wconf 79' lang='lat' dir='ltr'><strong>Charitas</strong></span> <span class='ocrx_word' id='word_1_753' title='bbox 2983 3537 3277 3606; x_wconf 85' lang='lat' dir='ltr'><strong>sejubentc</strong></span> <span class='ocrx_word' id='word_1_754' title='bbox 3303 3549 3358 3594; x_wconf 91' lang='lat' dir='ltr'><strong>et</strong></span> <span class='ocrx_word' id='word_1_755' title='bbox 3381 3556 3477 3595; x_wconf 83' lang='lat' dir='ltr'><strong>vo-</strong></span> 
     </span>
    </p>
   </div>
   <div class='ocr_carea' id='block_1_98' title="bbox 1886 3625 3462 3701">
    <p class='ocr_par' dir='ltr' id='par_1_98' title="bbox 1886 3625 3462 3701">
     <span class='ocr_line' id='line_1_98' title="bbox 1886 3625 3462 3701; baseline 0.006 -22"><span class='ocrx_word' id='word_1_756' title='bbox 1886 3626 2027 3680; x_wconf 89' lang='lat' dir='ltr'><strong>lente</strong></span> <span class='ocrx_word' id='word_1_757' title='bbox 2065 3625 2341 3695; x_wconf 80' lang='lat' dir='ltr'><strong>ﬂagitaret.</strong></span> <span class='ocrx_word' id='word_1_758' title='bbox 2378 3626 2531 3681; x_wconf 88' lang='lat' dir='ltr'><strong>Venit</strong></span> <span class='ocrx_word' id='word_1_759' title='bbox 2560 3628 2751 3682; x_wconf 89' lang='lat' dir='ltr'><strong>mulier</strong></span> <span class='ocrx_word' id='word_1_760' title='bbox 2770 3628 2836 3683; x_wconf 89' lang='lat' dir='ltr'><strong>ad</strong></span> <span class='ocrx_word' id='word_1_761' title='bbox 2876 3629 3055 3683; x_wconf 87' lang='lat' dir='ltr'><strong>villam</strong></span> <span class='ocrx_word' id='word_1_762' title='bbox 3092 3629 3232 3685; x_wconf 92' lang='lat' dir='ltr'><strong>illius</strong></span> <span class='ocrx_word' id='word_1_763' title='bbox 3262 3631 3462 3701; x_wconf 88' lang='lat' dir='ltr'><strong>divitis,</strong></span> 
     </span>
    </p>
   </div>
   <div class='ocr_carea' id='block_1_99' title="bbox 1885 3715 3471 3793">
    <p class='ocr_par' dir='ltr' id='par_1_99' title="bbox 1885 3715 3471 3793">
     <span class='ocr_line' id='line_1_99' title="bbox 1885 3715 3471 3793; baseline 0.007 -23"><span class='ocrx_word' id='word_1_764' title='bbox 1885 3715 2008 3771; x_wconf 88' lang='lat' dir='ltr'><strong>fecit</strong></span> <span class='ocrx_word' id='word_1_765' title='bbox 2037 3717 2176 3788; x_wconf 89' lang='lat' dir='ltr'><strong>quod</strong></span> <span class='ocrx_word' id='word_1_766' title='bbox 2209 3719 2374 3773; x_wconf 90' lang='lat' dir='ltr'><strong>voluit</strong></span> <span class='ocrx_word' id='word_1_767' title='bbox 2411 3719 2708 3789; x_wconf 86' lang='lat' dir='ltr'><strong>impudicus</strong></span> <span class='ocrx_word' id='word_1_768' title='bbox 2743 3739 2754 3773; x_wconf 92' lang='lat'>:</span> <span class='ocrx_word' id='word_1_769' title='bbox 2789 3721 2881 3776; x_wconf 91' lang='lat' dir='ltr'><strong>sed</strong></span> <span class='ocrx_word' id='word_1_770' title='bbox 2921 3720 3009 3775; x_wconf 84' lang='lat' dir='ltr'><strong>illa</strong></span> <span class='ocrx_word' id='word_1_771' title='bbox 3038 3737 3230 3793; x_wconf 91' lang='lat' dir='ltr'><strong>corpus</strong></span> <span class='ocrx_word' id='word_1_772' title='bbox 3258 3727 3471 3781; x_wconf 85' lang='lat' dir='ltr'><strong>nonnisi</strong></span> 
     </span>
    </p>
   </div>
   <div class='ocr_carea' id='block_1_100' title="bbox 1886 3809 3476 3880">
    <p class='ocr_par' dir='ltr' id='par_1_100' title="bbox 1886 3809 3476 3880">
     <span class='ocr_line' id='line_1_100' title="bbox 1886 3809 3476 3880; baseline 0.006 -16"><span class='ocrx_word' id='word_1_773' title='bbox 1886 3810 2076 3864; x_wconf 88' lang='lat' dir='ltr'><strong>marito</strong></span> <span class='ocrx_word' id='word_1_774' title='bbox 2100 3809 2283 3879; x_wconf 90' lang='lat' dir='ltr'><strong>dedit,</strong></span> <span class='ocrx_word' id='word_1_775' title='bbox 2312 3825 2418 3865; x_wconf 92' lang='lat' dir='ltr'><strong>non</strong></span> <span class='ocrx_word' id='word_1_776' title='bbox 2447 3812 2804 3868; x_wconf 89' lang='lat' dir='ltr'><strong>concumbere</strong></span> <span class='ocrx_word' id='word_1_777' title='bbox 2825 3853 2838 3879; x_wconf 92' lang='lat'><strong>,</strong></span> <span class='ocrx_word' id='word_1_778' title='bbox 2871 3821 2925 3867; x_wconf 92' lang='lat' dir='ltr'><strong>ut</strong></span> <span class='ocrx_word' id='word_1_779' title='bbox 2950 3814 3086 3868; x_wconf 85' lang='lat' dir='ltr'><strong>solet</strong></span> <span class='ocrx_word' id='word_1_780' title='bbox 3110 3851 3124 3880; x_wconf 91' lang='lat'><strong>,</strong></span> <span class='ocrx_word' id='word_1_781' title='bbox 3171 3815 3266 3870; x_wconf 89' lang='lat' dir='ltr'><strong>sed</strong></span> <span class='ocrx_word' id='word_1_782' title='bbox 3295 3817 3476 3874; x_wconf 87' lang='lat' dir='ltr'><strong>vivere</strong></span> 
     </span>
    </p>
   </div>
   <div class='ocr_carea' id='block_1_101' title="bbox 1886 3903 3476 3978">
    <p class='ocr_par' dir='ltr' id='par_1_101' title="bbox 1886 3903 3476 3978">
     <span class='ocr_line' id='line_1_101' title="bbox 1886 3903 3476 3978; baseline 0.008 -22"><span class='ocrx_word' id='word_1_783' title='bbox 1886 3903 2137 3973; x_wconf 88' lang='lat' dir='ltr'><strong>cupienti.</strong></span> <span class='ocrx_word' id='word_1_784' title='bbox 2171 3903 2390 3974; x_wconf 84' lang='lat' dir='ltr'><strong>Accepit</strong></span> <span class='ocrx_word' id='word_1_785' title='bbox 2423 3920 2608 3960; x_wconf 87' lang='lat' dir='ltr'><strong>aurutn</strong></span> <span class='ocrx_word' id='word_1_786' title='bbox 2643 3923 2654 3960; x_wconf 87' lang='lat'>:</span> <span class='ocrx_word' id='word_1_787' title='bbox 2693 3907 2784 3961; x_wconf 85' lang='lat' dir='ltr'><strong>sed</strong></span> <span class='ocrx_word' id='word_1_788' title='bbox 2824 3907 2913 3963; x_wconf 92' lang='lat' dir='ltr'><strong>ille</strong></span> <span class='ocrx_word' id='word_1_789' title='bbox 2949 3909 3038 3978; x_wconf 88' lang='lat' dir='ltr'><strong>qui</strong></span> <span class='ocrx_word' id='word_1_790' title='bbox 3070 3907 3245 3974; x_wconf 87' lang='lat' dir='ltr'><strong>dedit,</strong></span> <span class='ocrx_word' id='word_1_791' title='bbox 3290 3909 3476 3968; x_wconf 85' lang='lat' dir='ltr'><strong>fraude</strong></span> 
     </span>
    </p>
   </div>
   <div class='ocr_carea' id='block_1_102' title="bbox 1887 3993 3476 4070">
    <p class='ocr_par' dir='ltr' id='par_1_102' title="bbox 1887 3993 3476 4070">
     <span class='ocr_line' id='line_1_102' title="bbox 1887 3993 3476 4070; baseline 0.006 -23"><span class='ocrx_word' id='word_1_792' title='bbox 1887 3993 2157 4049; x_wconf 82' lang='lat' dir='ltr'><strong>subtraxit</strong></span> <span class='ocrx_word' id='word_1_793' title='bbox 2183 3994 2326 4064; x_wconf 90' lang='lat' dir='ltr'><strong>quod</strong></span> <span class='ocrx_word' id='word_1_794' title='bbox 2357 3994 2598 4064; x_wconf 86' lang='lat' dir='ltr'><strong>dederat,</strong></span> <span class='ocrx_word' id='word_1_795' title='bbox 2630 4004 2685 4051; x_wconf 92' lang='lat' dir='ltr'><strong>et</strong></span> <span class='ocrx_word' id='word_1_796' title='bbox 2710 3998 2987 4066; x_wconf 81' lang='lat' dir='ltr'><strong>supposuit</strong></span> <span class='ocrx_word' id='word_1_797' title='bbox 3016 3999 3187 4054; x_wconf 88' lang='lat' dir='ltr'><strong>simile</strong></span> <span class='ocrx_word' id='word_1_798' title='bbox 3216 4000 3476 4070; x_wconf 81' lang='lat' dir='ltr'><strong>ligamen-</strong></span> 
     </span>
    </p>
   </div>
   <div class='ocr_carea' id='block_1_103' title="bbox 1889 4086 3476 4161">
    <p class='ocr_par' dir='ltr' id='par_1_103' title="bbox 1889 4086 3476 4161">
     <span class='ocr_line' id='line_1_103' title="bbox 1889 4086 3476 4161; baseline 0.008 -24"><span class='ocrx_word' id='word_1_799' title='bbox 1889 4094 2141 4139; x_wconf 90' lang='lat' dir='ltr'><strong>tumcum</strong></span> <span class='ocrx_word' id='word_1_800' title='bbox 2167 4094 2324 4141; x_wconf 89' lang='lat' dir='ltr'><strong>terra.</strong></span> <span class='ocrx_word' id='word_1_801' title='bbox 2349 4086 2500 4154; x_wconf 86' lang='lat' dir='ltr'><strong>Quod</strong></span> <span class='ocrx_word' id='word_1_802' title='bbox 2533 4087 2618 4142; x_wconf 87' lang='lat' dir='ltr'><strong>ubi</strong></span> <span class='ocrx_word' id='word_1_803' title='bbox 2643 4088 2837 4143; x_wconf 82' lang='lat' dir='ltr'><strong>mulier</strong></span> <span class='ocrx_word' id='word_1_804' title='bbox 2857 4089 2968 4158; x_wconf 87' lang='lat' dir='ltr'><strong>jam</strong></span> <span class='ocrx_word' id='word_1_805' title='bbox 2992 4089 3132 4144; x_wconf 91' lang='lat' dir='ltr'><strong>domi</strong></span> <span class='ocrx_word' id='word_1_806' title='bbox 3164 4106 3272 4146; x_wconf 75' lang='lat' dir='ltr'><strong>sua:</strong></span> <span class='ocrx_word' id='word_1_807' title='bbox 3303 4093 3476 4161; x_wconf 71' lang='lat' dir='ltr'><strong>pos-ita</strong></span> 
     </span>
    </p>
   </div>
   <div class='ocr_carea' id='block_1_104' title="bbox 1886 4175 3478 4248">
    <p class='ocr_par' dir='ltr' id='par_1_104' title="bbox 1886 4175 3478 4248">
     <span class='ocr_line' id='line_1_104' title="bbox 1886 4175 3478 4248; baseline 0.005 -18"><span class='ocrx_word' id='word_1_808' title='bbox 1886 4175 2111 4242; x_wconf 87' lang='lat' dir='ltr'><strong>invenit,</strong></span> <span class='ocrx_word' id='word_1_809' title='bbox 2146 4177 2390 4247; x_wconf 84' lang='lat' dir='ltr'><strong>prosiluit</strong></span> <span class='ocrx_word' id='word_1_810' title='bbox 2420 4178 2472 4232; x_wconf 91' lang='lat' dir='ltr'><strong>in</strong></span> <span class='ocrx_word' id='word_1_811' title='bbox 2502 4179 2773 4248; x_wconf 90' lang='lat' dir='ltr'><strong>publicum</strong></span> <span class='ocrx_word' id='word_1_812' title='bbox 2808 4179 2993 4234; x_wconf 86' lang='lat' dir='ltr'><strong>eadem</strong></span> <span class='ocrx_word' id='word_1_813' title='bbox 3017 4182 3189 4235; x_wconf 89' lang='lat' dir='ltr'><strong>mariti</strong></span> <span class='ocrx_word' id='word_1_814' title='bbox 3219 4182 3478 4238; x_wconf 88' lang='lat' dir='ltr'><strong>charitate</strong></span> 
     </span>
    </p>
   </div>
   <div class='ocr_carea' id='block_1_105' title="bbox 1887 4267 3477 4338">
    <p class='ocr_par' dir='ltr' id='par_1_105' title="bbox 1887 4267 3477 4338">
     <span class='ocr_line' id='line_1_105' title="bbox 1887 4267 3477 4338; baseline 0.003 -16"><span class='ocrx_word' id='word_1_815' title='bbox 1887 4267 2175 4322; x_wconf 89' lang='lat' dir='ltr'><strong>clamatura</strong></span> <span class='ocrx_word' id='word_1_816' title='bbox 2206 4267 2345 4338; x_wconf 92' lang='lat' dir='ltr'><strong>quod</strong></span> <span class='ocrx_word' id='word_1_817' title='bbox 2388 4269 2617 4336; x_wconf 87' lang='lat' dir='ltr'><strong>fecerat,</strong></span> <span class='ocrx_word' id='word_1_818' title='bbox 2662 4283 2764 4338; x_wconf 90' lang='lat' dir='ltr'><strong>qua</strong></span> <span class='ocrx_word' id='word_1_819' title='bbox 2801 4269 2974 4323; x_wconf 89' lang='lat' dir='ltr'><strong>facere</strong></span> <span class='ocrx_word' id='word_1_820' title='bbox 3012 4278 3192 4324; x_wconf 87' lang='lat' dir='ltr'><strong>coacta</strong></span> <span class='ocrx_word' id='word_1_821' title='bbox 3233 4281 3317 4326; x_wconf 90' lang='lat' dir='ltr'><strong>est</strong></span> <span class='ocrx_word' id='word_1_822' title='bbox 3349 4291 3362 4326; x_wconf 91' lang='lat'><strong>:</strong></span> <span class='ocrx_word' id='word_1_823' title='bbox 3394 4271 3477 4327; x_wconf 85' lang='lat' dir='ltr'><strong>in-</strong></span> 
     </span>
    </p>
   </div>
   <div class='ocr_carea' id='block_1_106' title="bbox 1890 4357 3475 4429">
    <p class='ocr_par' dir='ltr' id='par_1_106' title="bbox 1890 4357 3475 4429">
     <span class='ocr_line' id='line_1_106' title="bbox 1890 4357 3475 4429; baseline 0.003 -17"><span class='ocrx_word' id='word_1_824' title='bbox 1890 4359 2131 4428; x_wconf 90' lang='lat' dir='ltr'><strong>terpellat</strong></span> <span class='ocrx_word' id='word_1_825' title='bbox 2163 4358 2503 4428; x_wconf 67' lang='lat' dir='ltr'><strong>praefectum,</strong></span> <span class='ocrx_word' id='word_1_826' title='bbox 2555 4357 2749 4413; x_wconf 90' lang='lat' dir='ltr'><strong>fatetur</strong></span> <span class='ocrx_word' id='word_1_827' title='bbox 2777 4359 2988 4425; x_wconf 85' lang='lat' dir='ltr'><strong>omnia,</strong></span> <span class='ocrx_word' id='word_1_828' title='bbox 3035 4376 3190 4429; x_wconf 88' lang='lat' dir='ltr'><strong>quam</strong></span> <span class='ocrx_word' id='word_1_829' title='bbox 3237 4361 3475 4422; x_wconf 85' lang='lat' dir='ltr'><strong>fraudem</strong></span> 
     </span>
    </p>
   </div>
   <div class='ocr_carea' id='block_1_107' title="bbox 1888 4450 3480 4524">
    <p class='ocr_par' dir='ltr' id='par_1_107' title="bbox 1888 4450 3480 4524">
     <span class='ocr_line' id='line_1_107' title="bbox 1888 4450 3480 4524; baseline 0.006 -23"><span class='ocrx_word' id='word_1_830' title='bbox 1888 4464 2041 4519; x_wconf 85' lang='lat' dir='ltr'><strong>passa</strong></span> <span class='ocrx_word' id='word_1_831' title='bbox 2082 4459 2222 4505; x_wconf 84' lang='lat' dir='ltr'><strong>esset</strong></span> <span class='ocrx_word' id='word_1_832' title='bbox 2261 4450 2514 4505; x_wconf 79' lang='lat' dir='ltr'><strong>ostendit.</strong></span> <span class='ocrx_word' id='word_1_833' title='bbox 2559 4451 2692 4505; x_wconf 89' lang='lat' dir='ltr'><strong>Tum</strong></span> <span class='ocrx_word' id='word_1_834' title='bbox 2738 4467 2864 4506; x_wconf 87' lang='lat' dir='ltr'><strong>vero</strong></span> <span class='ocrx_word' id='word_1_835' title='bbox 2912 4452 3191 4522; x_wconf 67' lang='lat' dir='ltr'><strong>prazfeetus</strong></span> <span class='ocrx_word' id='word_1_836' title='bbox 3219 4455 3388 4524; x_wconf 88' lang='lat' dir='ltr'><strong>primo</strong></span> <span class='ocrx_word' id='word_1_837' title='bbox 3419 4471 3480 4512; x_wconf 83' lang='lat' dir='ltr'><strong>se</strong></span> 
     </span>
    </p>
   </div>
   <div class='ocr_carea' id='block_1_108' title="bbox 1888 4541 3475 4614">
    <p class='ocr_par' dir='ltr' id='par_1_108' title="bbox 1888 4541 3475 4614">
     <span class='ocr_line' id='line_1_108' title="bbox 1888 4541 3475 4614; baseline 0.001 -18"><span class='ocrx_word' id='word_1_838' title='bbox 1888 4557 2059 4609; x_wconf 83' lang='lat' dir='ltr'><strong>reum,</strong></span> <span class='ocrx_word' id='word_1_839' title='bbox 2083 4543 2223 4612; x_wconf 89' lang='lat' dir='ltr'><strong>quod</strong></span> <span class='ocrx_word' id='word_1_840' title='bbox 2250 4544 2361 4598; x_wconf 89' lang='lat' dir='ltr'><strong>suis</strong></span> <span class='ocrx_word' id='word_1_841' title='bbox 2381 4544 2541 4598; x_wconf 91' lang='lat' dir='ltr'><strong>minis</strong></span> <span class='ocrx_word' id='word_1_842' title='bbox 2564 4543 2629 4597; x_wconf 90' lang='lat' dir='ltr'><strong>ad</strong></span> <span class='ocrx_word' id='word_1_843' title='bbox 2657 4541 2708 4598; x_wconf 90' lang='lat' dir='ltr'><strong>id</strong></span> <span class='ocrx_word' id='word_1_844' title='bbox 2732 4552 2945 4598; x_wconf 89' lang='lat' dir='ltr'><strong>ventum</strong></span> <span class='ocrx_word' id='word_1_845' title='bbox 2968 4553 3126 4610; x_wconf 89' lang='lat' dir='ltr'><strong>esset,</strong></span> <span class='ocrx_word' id='word_1_846' title='bbox 3151 4546 3475 4614; x_wconf 88' lang='lat' dir='ltr'><strong>pronuntiat,</strong></span> 
     </span>
    </p>
   </div>
   <div class='ocr_carea' id='block_1_109' title="bbox 1890 4634 3478 4708">
    <p class='ocr_par' dir='ltr' id='par_1_109' title="bbox 1890 4634 3478 4708">
     <span class='ocr_line' id='line_1_109' title="bbox 1890 4634 3478 4708; baseline 0.004 -21"><span class='ocrx_word' id='word_1_847' title='bbox 1890 4642 2138 4704; x_wconf 85' lang='lat' dir='ltr'><strong>tanquam</strong></span> <span class='ocrx_word' id='word_1_848' title='bbox 2167 4634 2218 4688; x_wconf 90' lang='lat' dir='ltr'><strong>in</strong></span> <span class='ocrx_word' id='word_1_849' title='bbox 2241 4635 2400 4690; x_wconf 90' lang='lat' dir='ltr'><strong>alium</strong></span> <span class='ocrx_word' id='word_1_850' title='bbox 2425 4636 2742 4691; x_wconf 83' lang='lat' dir='ltr'><strong>sententiam</strong></span> <span class='ocrx_word' id='word_1_851' title='bbox 2769 4636 2972 4697; x_wconf 79' lang='lat' dir='ltr'><strong>dicens,</strong></span> <span class='ocrx_word' id='word_1_852' title='bbox 3001 4637 3066 4692; x_wconf 90' lang='lat' dir='ltr'><strong>de</strong></span> <span class='ocrx_word' id='word_1_853' title='bbox 3097 4637 3356 4708; x_wconf 78' lang='lat' dir='ltr'><strong>Acyndini</strong></span> <span class='ocrx_word' id='word_1_854' title='bbox 3376 4640 3478 4694; x_wconf 83' lang='lat' dir='ltr'><strong>bo-</strong></span> 
     </span>
    </p>
   </div>
   <div class='ocr_carea' id='block_1_110' title="bbox 1889 4726 3475 4793">
    <p class='ocr_par' dir='ltr' id='par_1_110' title="bbox 1889 4726 3475 4793">
     <span class='ocr_line' id='line_1_110' title="bbox 1889 4726 3475 4793; baseline 0.003 -14"><span class='ocrx_word' id='word_1_855' title='bbox 1889 4727 1972 4780; x_wconf 91' lang='lat' dir='ltr'><strong>nis</strong></span> <span class='ocrx_word' id='word_1_856' title='bbox 1998 4726 2110 4780; x_wconf 87' lang='lat' dir='ltr'><strong>auri</strong></span> <span class='ocrx_word' id='word_1_857' title='bbox 2134 4726 2321 4781; x_wconf 90' lang='lat' dir='ltr'><strong>libram</strong></span> <span class='ocrx_word' id='word_1_858' title='bbox 2347 4728 2472 4782; x_wconf 82' lang='lat' dir='ltr'><strong>fisco</strong></span> <span class='ocrx_word' id='word_1_859' title='bbox 2494 4727 2857 4793; x_wconf 89' lang='lat' dir='ltr'><strong>inferendam;</strong></span> <span class='ocrx_word' id='word_1_860' title='bbox 2885 4729 3028 4783; x_wconf 88' lang='lat' dir='ltr'><strong>illam</strong></span> <span class='ocrx_word' id='word_1_861' title='bbox 3053 4745 3180 4785; x_wconf 88' lang='lat' dir='ltr'><strong>vero</strong></span> <span class='ocrx_word' id='word_1_862' title='bbox 3203 4729 3475 4784; x_wconf 90' lang='lat' dir='ltr'><strong>mulierem</strong></span> 
     </span>
    </p>
   </div>
   <div class='ocr_carea' id='block_1_111' title="bbox 1889 4819 3478 4891">
    <p class='ocr_par' dir='ltr' id='par_1_111' title="bbox 1889 4819 3478 4891">
     <span class='ocr_line' id='line_1_111' title="bbox 1889 4819 3478 4891; baseline 0.003 -19"><span class='ocrx_word' id='word_1_863' title='bbox 1889 4819 2159 4873; x_wconf 87' lang='lat' dir='ltr'><strong>dominam</strong></span> <span class='ocrx_word' id='word_1_864' title='bbox 2192 4821 2246 4874; x_wconf 91' lang='lat' dir='ltr'><strong>in</strong></span> <span class='ocrx_word' id='word_1_865' title='bbox 2279 4835 2394 4874; x_wconf 86' lang='lat' dir='ltr'><strong>eam</strong></span> <span class='ocrx_word' id='word_1_866' title='bbox 2425 4828 2645 4885; x_wconf 88' lang='lat' dir='ltr'><strong>terram,</strong></span> <span class='ocrx_word' id='word_1_867' title='bbox 2667 4819 2805 4876; x_wconf 88' lang='lat' dir='ltr'><strong>unde</strong></span> <span class='ocrx_word' id='word_1_868' title='bbox 2833 4836 2926 4891; x_wconf 90' lang='lat' dir='ltr'><strong>pro</strong></span> <span class='ocrx_word' id='word_1_869' title='bbox 2949 4837 3077 4876; x_wconf 89' lang='lat' dir='ltr'><strong>auro</strong></span> <span class='ocrx_word' id='word_1_870' title='bbox 3107 4832 3299 4875; x_wconf 90' lang='lat' dir='ltr'><strong>terram</strong></span> <span class='ocrx_word' id='word_1_871' title='bbox 3322 4837 3478 4876; x_wconf 78' lang='lat' dir='ltr'><strong>acce-</strong></span> 
     </span>
    </p>
   </div>
   <div class='ocr_carea' id='block_1_112' title="bbox 1891 4913 3475 4984">
    <p class='ocr_par' dir='ltr' id='par_1_112' title="bbox 1891 4913 3475 4984">
     <span class='ocr_line' id='line_1_112' title="bbox 1891 4913 3475 4984; baseline 0.001 -19"><span class='ocrx_word' id='word_1_872' title='bbox 1891 4913 2074 4984; x_wconf 88' lang='lat' dir='ltr'><strong>pisset,</strong></span> <span class='ocrx_word' id='word_1_873' title='bbox 2106 4913 2304 4968; x_wconf 90' lang='lat' dir='ltr'><strong>induci.</strong></span> <span class='ocrx_word' id='word_1_874' title='bbox 2334 4913 2473 4967; x_wconf 88' lang='lat' dir='ltr'><strong>Nihil</strong></span> <span class='ocrx_word' id='word_1_875' title='bbox 2503 4914 2706 4968; x_wconf 78' lang='lat' dir='ltr'><strong>hiuein</strong></span> <span class='ocrx_word' id='word_1_876' title='bbox 2736 4914 2964 4984; x_wconf 87' lang='lat' dir='ltr'><strong>aliquam</strong></span> <span class='ocrx_word' id='word_1_877' title='bbox 2993 4922 3193 4982; x_wconf 84' lang='lat' dir='ltr'><strong>partem</strong></span> <span class='ocrx_word' id='word_1_878' title='bbox 3223 4913 3435 4982; x_wconf 87' lang='lat' dir='ltr'><strong>disputo</strong></span> <span class='ocrx_word' id='word_1_879' title='bbox 3461 4931 3475 4980; x_wconf 92' lang='lat'><strong>;</strong></span> 
     </span>
    </p>
   </div>
   <div class='ocr_carea' id='block_1_113' title="bbox 1889 5004 3479 5077">
    <p class='ocr_par' dir='ltr' id='par_1_113' title="bbox 1889 5004 3479 5077">
     <span class='ocr_line' id='line_1_113' title="bbox 1889 5004 3479 5077; baseline 0 -17"><span class='ocrx_word' id='word_1_880' title='bbox 1889 5007 2045 5061; x_wconf 87' lang='lat' dir='ltr'><strong>liccat</strong></span> <span class='ocrx_word' id='word_1_881' title='bbox 2069 5007 2258 5076; x_wconf 82' lang='lat' dir='ltr'><strong>cuique</strong></span> <span class='ocrx_word' id='word_1_882' title='bbox 2277 5006 2541 5061; x_wconf 63' lang='lat' dir='ltr'><strong>aestimare</strong></span> <span class='ocrx_word' id='word_1_883' title='bbox 2569 5005 2710 5077; x_wconf 88' lang='lat' dir='ltr'><strong>quod</strong></span> <span class='ocrx_word' id='word_1_884' title='bbox 2730 5007 2857 5060; x_wconf 88' lang='lat' dir='ltr'><strong>velit</strong></span> <span class='ocrx_word' id='word_1_885' title='bbox 2879 5024 2892 5059; x_wconf 92' lang='lat'>:</span> <span class='ocrx_word' id='word_1_886' title='bbox 2914 5019 3016 5058; x_wconf 91' lang='lat' dir='ltr'><strong>non</strong></span> <span class='ocrx_word' id='word_1_887' title='bbox 3036 5005 3176 5059; x_wconf 90' lang='lat' dir='ltr'><strong>enim</strong></span> <span class='ocrx_word' id='word_1_888' title='bbox 3199 5004 3263 5059; x_wconf 91' lang='lat' dir='ltr'><strong>de</strong></span> <span class='ocrx_word' id='word_1_889' title='bbox 3287 5004 3479 5060; x_wconf 90' lang='lat' dir='ltr'><strong>divinis</strong></span> 
     </span>
    </p>
   </div>
   <div class='ocr_carea' id='block_1_114' title="bbox 1890 5097 3478 5170">
    <p class='ocr_par' dir='ltr' id='par_1_114' title="bbox 1890 5097 3478 5170">
     <span class='ocr_line' id='line_1_114' title="bbox 1890 5097 3478 5170; baseline -0.003 -12"><span class='ocrx_word' id='word_1_890' title='bbox 1890 5101 2293 5158; x_wconf 87' lang='lat' dir='ltr'><strong>auctoritatibus</strong></span> <span class='ocrx_word' id='word_1_891' title='bbox 2335 5097 2650 5170; x_wconf 81' lang='lat' dir='ltr'><strong>deprompta</strong></span> <span class='ocrx_word' id='word_1_892' title='bbox 2699 5098 2917 5153; x_wconf 86' lang='lat' dir='ltr'><strong>historia</strong></span> <span class='ocrx_word' id='word_1_893' title='bbox 2978 5107 3060 5152; x_wconf 91' lang='lat' dir='ltr'><strong>est</strong></span> <span class='ocrx_word' id='word_1_894' title='bbox 3097 5115 3108 5150; x_wconf 91' lang='lat'><strong>:</strong></span> <span class='ocrx_word' id='word_1_895' title='bbox 3153 5098 3248 5153; x_wconf 88' lang='lat' dir='ltr'><strong>sed</strong></span> <span class='ocrx_word' id='word_1_896' title='bbox 3300 5107 3478 5153; x_wconf 85' lang='lat' dir='ltr'><strong>tamen</strong></span> 
     </span>
    </p>
   </div>
   <div class='ocr_carea' id='block_1_115' title="bbox 1892 5189 3476 5260">
    <p class='ocr_par' dir='ltr' id='par_1_115' title="bbox 1892 5189 3476 5260">
     <span class='ocr_line' id='line_1_115' title="bbox 1892 5189 3476 5260; baseline -0.001 -13"><span class='ocrx_word' id='word_1_897' title='bbox 1892 5205 2104 5248; x_wconf 89' lang='lat' dir='ltr'><strong>narrato</strong></span> <span class='ocrx_word' id='word_1_898' title='bbox 2130 5193 2304 5260; x_wconf 89' lang='lat' dir='ltr'><strong>facto,</strong></span> <span class='ocrx_word' id='word_1_899' title='bbox 2349 5209 2453 5248; x_wconf 92' lang='lat' dir='ltr'><strong>non</strong></span> <span class='ocrx_word' id='word_1_900' title='bbox 2483 5193 2552 5246; x_wconf 90' lang='lat' dir='ltr'><strong>ita</strong></span> <span class='ocrx_word' id='word_1_901' title='bbox 2593 5191 2795 5260; x_wconf 80' lang='lat' dir='ltr'><strong>reSpuit</strong></span> <span class='ocrx_word' id='word_1_902' title='bbox 2831 5189 2934 5245; x_wconf 88' lang='lat' dir='ltr'><strong>hoc</strong></span> <span class='ocrx_word' id='word_1_903' title='bbox 2973 5205 3160 5246; x_wconf 89' lang='lat' dir='ltr'><strong>sensus</strong></span> <span class='ocrx_word' id='word_1_904' title='bbox 3194 5191 3476 5257; x_wconf 88' lang='lat' dir='ltr'><strong>humanus,</strong></span> 
     </span>
    </p>
   </div>
   <div class='ocr_carea' id='block_1_116' title="bbox 1888 5283 3476 5358">
    <p class='ocr_par' dir='ltr' id='par_1_116' title="bbox 1888 5283 3476 5358">
     <span class='ocr_line' id='line_1_116' title="bbox 1888 5283 3476 5358; baseline -0.003 -15"><span class='ocrx_word' id='word_1_905' title='bbox 1888 5288 2030 5358; x_wconf 91' lang='lat' dir='ltr'><strong>quod</strong></span> <span class='ocrx_word' id='word_1_906' title='bbox 2073 5286 2128 5342; x_wconf 90' lang='lat' dir='ltr'><strong>in</strong></span> <span class='ocrx_word' id='word_1_907' title='bbox 2172 5287 2256 5342; x_wconf 88' lang='lat' dir='ltr'><strong>illa</strong></span> <span class='ocrx_word' id='word_1_908' title='bbox 2293 5287 2516 5341; x_wconf 86' lang='lat' dir='ltr'><strong>muliere</strong></span> <span class='ocrx_word' id='word_1_909' title='bbox 2560 5285 2672 5340; x_wconf 83' lang='lat' dir='ltr'><strong>vito</strong></span> <span class='ocrx_word' id='word_1_910' title='bbox 2710 5283 2932 5354; x_wconf 89' lang='lat' dir='ltr'><strong>jubente</strong></span> <span class='ocrx_word' id='word_1_911' title='bbox 2973 5285 3317 5339; x_wconf 88' lang='lat' dir='ltr'><strong>commissum</strong></span> <span class='ocrx_word' id='word_1_912' title='bbox 3359 5294 3476 5352; x_wconf 89' lang='lat' dir='ltr'><strong>est,</strong></span> 
     </span>
    </p>
   </div>
   <div class='ocr_carea' id='block_1_117' title="bbox 1889 5375 3480 5449">
    <p class='ocr_par' dir='ltr' id='par_1_117' title="bbox 1889 5375 3480 5449">
     <span class='ocr_line' id='line_1_117' title="bbox 1889 5375 3480 5449; baseline -0.001 -15"><span class='ocrx_word' id='word_1_913' title='bbox 1889 5378 2333 5449; x_wconf 87' lang='lat' dir='ltr'><strong>quemadmodum</strong></span> <span class='ocrx_word' id='word_1_914' title='bbox 2361 5386 2535 5444; x_wconf 88' lang='lat' dir='ltr'><strong>antea,</strong></span> <span class='ocrx_word' id='word_1_915' title='bbox 2559 5391 2681 5431; x_wconf 89' lang='lat' dir='ltr'><strong>cum</strong></span> <span class='ocrx_word' id='word_1_916' title='bbox 2702 5375 2817 5431; x_wconf 88' lang='lat' dir='ltr'><strong>sine</strong></span> <span class='ocrx_word' id='word_1_917' title='bbox 2845 5376 2950 5431; x_wconf 92' lang='lat' dir='ltr'><strong>ullo</strong></span> <span class='ocrx_word' id='word_1_918' title='bbox 2977 5377 3221 5446; x_wconf 85' lang='lat' dir='ltr'><strong>exemplo</strong></span> <span class='ocrx_word' id='word_1_919' title='bbox 3251 5390 3336 5431; x_wconf 89' lang='lat' dir='ltr'><strong>res</strong></span> <span class='ocrx_word' id='word_1_920' title='bbox 3365 5375 3480 5444; x_wconf 87' lang='lat' dir='ltr'><strong>ipsa</strong></span> 
     </span>
    </p>
   </div>
   <div class='ocr_carea' id='block_1_118' title="bbox 1889 5467 3480 5539">
    <p class='ocr_par' dir='ltr' id='par_1_118' title="bbox 1889 5467 3480 5539">
     <span class='ocr_line' id='line_1_118' title="bbox 1889 5467 3480 5539; baseline -0.002 -13"><span class='ocrx_word' id='word_1_921' title='bbox 1889 5477 2207 5539; x_wconf 89' lang='lat' dir='ltr'><strong>poneretur,</strong></span> <span class='ocrx_word' id='word_1_922' title='bbox 2239 5469 2562 5524; x_wconf 88' lang='lat' dir='ltr'><strong>horruimus.</strong></span> <span class='ocrx_word' id='word_1_923' title='bbox 2587 5468 2694 5525; x_wconf 90' lang='lat' dir='ltr'><strong>Sed</strong></span> <span class='ocrx_word' id='word_1_924' title='bbox 2737 5469 2788 5524; x_wconf 93' lang='lat' dir='ltr'><strong>in</strong></span> <span class='ocrx_word' id='word_1_925' title='bbox 2821 5469 2921 5523; x_wconf 89' lang='lat' dir='ltr'><strong>hoc</strong></span> <span class='ocrx_word' id='word_1_926' title='bbox 2950 5468 3223 5539; x_wconf 85' lang='lat' dir='ltr'><strong>Evangelii</strong></span> <span class='ocrx_word' id='word_1_927' title='bbox 3250 5467 3480 5539; x_wconf 90' lang='lat' dir='ltr'><strong>capitulo</strong></span> 
     </span>
    </p>
   </div>
   <div class='ocr_carea' id='block_1_119' title="bbox 1891 5558 3479 5631">
    <p class='ocr_par' dir='ltr' id='par_1_119' title="bbox 1891 5558 3479 5631">
     <span class='ocr_line' id='line_1_119' title="bbox 1891 5558 3479 5631; baseline 0 -17"><span class='ocrx_word' id='word_1_928' title='bbox 1891 5561 2021 5615; x_wconf 89' lang='lat' dir='ltr'><strong>nihil</strong></span> <span class='ocrx_word' id='word_1_929' title='bbox 2054 5559 2237 5616; x_wconf 89' lang='lat' dir='ltr'><strong>fortius</strong></span> <span class='ocrx_word' id='word_1_930' title='bbox 2269 5560 2713 5616; x_wconf 89' lang='lat' dir='ltr'><strong>considerandum</strong></span> <span class='ocrx_word' id='word_1_931' title='bbox 2742 5569 2843 5626; x_wconf 89' lang='lat' dir='ltr'><strong>est,</strong></span> <span class='ocrx_word' id='word_1_932' title='bbox 2873 5576 3030 5631; x_wconf 87' lang='lat' dir='ltr'><strong>quam</strong></span> <span class='ocrx_word' id='word_1_933' title='bbox 3055 5568 3256 5614; x_wconf 89' lang='lat' dir='ltr'><strong>tantum</strong></span> <span class='ocrx_word' id='word_1_934' title='bbox 3280 5558 3479 5614; x_wconf 88' lang='lat' dir='ltr'><strong>malum</strong></span> 
     </span>
    </p>
   </div>
   <div class='ocr_carea' id='block_1_120' title="bbox 1887 5711 3478 5833">
    <p class='ocr_par' dir='ltr' id='par_1_120' title="bbox 1887 5711 3478 5833">
     <span class='ocr_line' id='line_1_120' title="bbox 1887 5711 3478 5833; baseline 0.003 -66"><span class='ocrx_word' id='word_1_935' title='bbox 1887 5718 2243 5833; x_wconf 38' lang='lat' dir='ltr'><strong>an(ag‘gircitet‘</strong></span> <span class='ocrx_word' id='word_1_936' title='bbox 2258 5719 2426 5770; x_wconf 83' lang='lat' dir='ltr'><strong>Christi</strong></span> <span class='ocrx_word' id='word_1_937' title='bbox 2458 5731 2637 5770; x_wconf 86' lang='lat' dir='ltr'><strong>annum</strong></span> <span class='ocrx_word' id='word_1_938' title='bbox 2659 5719 2784 5770; x_wconf 57' lang='grc' dir='ltr'><strong>ωδε</strong></span> <span class='ocrx_word' id='word_1_939' title='bbox 2809 5717 2990 5782; x_wconf 85' lang='lat' dir='ltr'><strong>quippe</strong></span> <span class='ocrx_word' id='word_1_940' title='bbox 3006 5715 3098 5768; x_wconf 88' lang='lat' dir='ltr'><strong>hoc</strong></span> <span class='ocrx_word' id='word_1_941' title='bbox 3118 5716 3365 5768; x_wconf 66' lang='lat' dir='ltr'><strong>scribebat</strong></span> <span class='ocrx_word' id='word_1_942' title='bbox 3384 5711 3478 5773; x_wconf 70' lang='lat' dir='ltr'><strong>lib</strong></span> 
     </span>
    </p>
   </div>
  </div>
