3888 6308
455 305 598 366 1355

454 434 575 477 esse
608 411 992 476 fornicationis,
1032 418 1092 465 ut
1115 423 1234 465 cum
1256 418 1402 463 tanto
1428 407 1764 463 vinculosibi
1794 406 2037 476 coniugia

455 510 903 578 constringantur,
935 505 1050 560 haec
1078 519 1180 558 una
1205 517 1361 557 causa
1389 501 1666 556 solutionis
1684 511 1902 570 excepta
1927 499 2034 552 sit:

455 618 576 674 qua:
598 601 668 656 sit
693 608 869 656 autem
893 597 1190 660 fornicatio,
1220 595 1329 662 iam
1358 602 1634 648 tractatum
1661 603 1760 648 est.

524 691 747 750 CAPUT
785 688 945 747 XVII.
972 718 1044 730 —
1062 688 1150 744 51.
1193 685 1386 741 Iterum
1409 727 1424 752 ,
1457 686 1658 756 inquit,
1682 685 1894 739 audistis
1912 684 2038 757 quia

455 787 646 842 dictum
658 792 731 840 est
745 781 984 855 antiquis,
1008 779 1129 836 Non
1150 780 1416 850 pejerabis,
1439 778 1616 833 reddes
1634 788 1800 832 autem
1824 776 2037 831 Domino

452 877 814 953 jusjurandum
849 886 1006 929 tuum.
1055 874 1166 946 Ego
1193 883 1359 927 autem
1396 871 1510 926 dico
1536 870 1670 925 vobis
1690 911 1705 938 ,
1737 887 1837 924 non
1859 870 2039 940 jurare

456 969 680 1033 omnino,
704 983 859 1037 neque
882 981 971 1037 per
989 963 1195 1027 caelum,
1235 963 1353 1027 quia
1382 963 1593 1016 thronus
1619 959 1716 1014 Dei
1743 969 1849 1022 est;
1884 975 2039 1028 neque

456 1077 546 1132 per
567 1070 752 1114 terram
777 1100 792 1125 ,
825 1059 945 1130 quia
964 1055 1237 1111 scabellum
1271 1065 1343 1110 est
1371 1056 1554 1126 pedum
1581 1056 1730 1125 ejus;
1769 1070 1928 1121 neque
1951 1069 2040 1124 per

454 1151 827 1222 Jerosolymam
847 1192 861 1216 ,
909 1150 1028 1220 quia
1051 1149 1224 1203 civitas
1253 1157 1325 1202 est
1365 1147 1534 1217 magni
1561 1147 1727 1217 regis;
1768 1160 1922 1215 neque
1951 1161 2037 1212 per

455 1257 604 1320 caput
633 1257 773 1301 tuum
804 1246 1078 1316 juraveris,
1125 1244 1246 1316 quia
1283 1259 1382 1297 non
1419 1252 1556 1312 potes
1597 1242 1763 1311 facere
1798 1239 2039 1309 capillum

454 1356 612 1394 unum
637 1338 804 1393 album
827 1347 912 1391 aut
941 1337 1158 1408 nigrum.
1194 1335 1273 1390 Sit
1307 1343 1473 1387 autem
1497 1348 1657 1386 sermo
1685 1341 1867 1394 vester,
1911 1328 2034 1395 Est,

456 1440 560 1497 est;
598 1429 746 1493 Non,
777 1446 876 1484 non
903 1446 921 1483 :
961 1427 1095 1501 quod
1126 1436 1294 1480 autem
1322 1425 1540 1495 amplius
1575 1433 1648 1477 est
1673 1465 1687 1488 ,
1726 1439 1756 1475 a
1786 1421 1918 1475 malo
1944 1429 2036 1475 est.

453 1524 665 1581 Justitia
687 1523 1075 1579 Pharisreorum
1102 1528 1206 1585 est,
1230 1535 1339 1574 non
1371 1517 1606 1588 peierare
1633 1533 1645 1568 :
1675 1515 1810 1569 hanc
1837 1514 2036 1569 contir-

457 1624 568 1671 mat
587 1615 676 1684 qui
706 1620 848 1668 vetat
871 1613 1070 1681 iurare,
1103 1610 1243 1680 quod
1271 1609 1498 1678 pertinet
1519 1606 1857 1676 adiustitiam
1889 1604 2037 1675 regni

458 1706 732 1762 ccelorum.
757 1703 902 1758 Sicut
927 1702 1068 1756 enim
1105 1701 1292 1754 falsum
1316 1699 1459 1769 loqui
1487 1715 1590 1753 non
1617 1707 1789 1768 potest
1814 1697 1902 1766 qui
1932 1712 2035 1750 non

455 1797 722 1868 loquitur,
751 1796 828 1850 sic
851 1794 1088 1864 peierare
1124 1807 1230 1846 non
1263 1800 1436 1860 potest
1472 1791 1560 1860 qui
1601 1806 1705 1844 non
1745 1789 1906 1859 iurat.
1933 1788 2038 1844 Sed

458 1897 633 1945 tamen
663 1884 1071 1958 quoniamiurat
1105 1883 1194 1954 qui
1215 1882 1432 1937 adhibet
1458 1890 1645 1937 testem
1684 1881 1885 1946 Deum,
1915 1880 2039 1935 dili-

446 1987 642 2054 genter
665 1977 1104 2034 considerandum
1147 1984 1230 2032 est
1268 1975 1368 2030 hoc
1395 1975 1710 2044 capitulum,
1763 1989 1829 2028 ne
1853 1982 2039 2028 contra

457 2082 782 2146 przcceptum
821 2070 1028 2127 Domini
1075 2068 1363 2140 Apostolus
1402 2068 1590 2124 fecisse
1630 2067 1897 2134 videatur,
1949 2066 2039 2137 qui

457 2182 599 2238 smpc
621 2165 723 2221 hoc
748 2163 907 2220 modo
929 2162 1160 2235 iuravit,
1184 2176 1304 2218 cum
1329 2161 1492 2227 dicit,
1538 2161 1664 2228 Quae
1692 2171 1858 2214 autem
1877 2162 2039 2215 scribo

458 2259 614 2326 vobis,
641 2276 751 2314 ecce
767 2275 936 2313 coram
968 2257 1093 2323 Deo,
1115 2256 1234 2328 quia
1260 2272 1360 2309 non
1378 2255 1588 2310 mentior
1611 2253 1802 2327 (Galat.
1835 2256 1886 2320 l,
1909 2253 2034 2324 20):
2085 2303 2088 2306 .

461 2359 516 2405 et
533 2350 744 2412 iterum,
762 2347 898 2402 Deus
921 2357 968 2402 et
990 2346 1147 2401 Pater
1168 2345 1370 2400 Domini
1400 2347 1555 2399 nostri
1574 2343 1610 2398 J
1615 2361 1699 2398 esu
1719 2343 1932 2406 Christi,
1955 2345 2039 2414 qui

461 2452 534 2498 est
559 2440 844 2497 benedictus
868 2439 923 2493 in
951 2437 1157 2503 sarcula,
1189 2438 1280 2492 scit
1303 2438 1420 2508 quia
1446 2453 1546 2492 non
1572 2438 1785 2490 mentior
1823 2435 1888 2508 (ll
1917 2435 2034 2491 Cor.

468 2551 546 2602 ιι,
577 2533 637 2589 51
653 2537 690 2603 ).
715 2533 844 2588 Tale
868 2541 950 2587 est
971 2533 1128 2587 etiam
1153 2530 1300 2594 illud,
1324 2529 1482 2585 Testis
1502 2531 1635 2584 enim
1654 2529 1777 2583 mihi
1799 2527 2036 2594 estDeus,

457 2625 542 2680 cui
565 2624 725 2680 servio
752 2625 806 2678 in
843 2623 1024 2694 spiritu
1064 2640 1171 2678 meo
1199 2624 1253 2676 in
1295 2621 1571 2693 Evangelia
1597 2621 1724 2675 Filii
1747 2623 1887 2693 ejus,
1915 2639 2040 2692 quo-

455 2716 605 2771 modo
625 2716 732 2770 sine
759 2715 1122 2770 intermissione
1141 2714 1429 2769 memoriam
1454 2715 1601 2769 vestri
1615 2715 1748 2783 facio
1773 2731 1968 2785 semper
1986 2716 2040 2768 in

456 2807 760 2864 orationibus
784 2808 905 2862 meis
931 2806 1104 2881 (Rom.
1150 2823 1188 2874 ι,
1219 2808 1270 2874 9,
1303 2807 1414 2878 10).
1441 2807 1554 2862 Nisi
1585 2807 1719 2863 forte
1755 2809 1873 2878 quis
1899 2803 2042 2863 dicat

456 2909 585 2956 tunc
609 2900 905 2956 habendam
937 2915 1057 2956 esse
1081 2899 1401 2970 iurationem
1423 2941 1436 2966 ,
1460 2915 1579 2954 cum
1607 2915 1700 2970 per
1730 2899 1924 2970 aliquid
1951 2899 2034 2954 di-

456 2992 595 3049 citur
624 3008 718 3062 per
753 2992 893 3063 quod
923 2992 1133 3061 iuratur
1162 3008 1176 3045 :
1207 3000 1263 3044 ut
1293 3007 1397 3045 non
1431 2990 1733 3060 iuraverit,
1778 2991 1898 3061 quia
1930 3007 2036 3046 non

455 3082 613 3145 dixit,
643 3097 736 3150 per
753 3081 952 3144 Deum;
976 3080 1067 3133 sed
1090 3079 1250 3143 dixit,
1273 3079 1435 3133 Testis
1455 3089 1526 3132 est
1553 3080 1705 3132 Deus.
1738 3081 2036 3136 Ridiculum

459 3183 543 3229 est
571 3172 673 3226 hoc
699 3180 880 3242 putare
915 3190 929 3225 :
964 3180 1138 3226 tamen
1163 3182 1380 3242 propter
1405 3173 1764 3228 contentiosos
1784 3183 1875 3228 aut
1898 3177 2031 3230 mul-

458 3272 569 3319 tum
601 3263 779 3318 tardos
803 3264 842 3329 ',
893 3279 961 3318 ne
997 3263 1193 3333 aliquid
1231 3263 1487 3319 interesse
1525 3265 1645 3335 quis
1684 3275 1862 3335 putet,
1907 3269 2039 3323 sciat

454 3359 614 3414 etiam
647 3358 742 3413 hoc
764 3356 921 3412 modo
941 3356 1152 3426 iurasse
1180 3357 1488 3426 Apostolum
1516 3357 1779 3414 dicentem
1809 3403 1821 3422 ,
1855 3359 2036 3426 Quoti-

455 3449 540 3503 die
566 3448 770 3513 morior,
807 3462 894 3518 per
918 3456 1129 3500 vestram
1159 3446 1376 3516 gloriam
1405 3446 1447 3518 (Ι
1470 3448 1584 3501 Cor.
1610 3465 1702 3512 xv,
1735 3450 1847 3520 51).
1881 3451 2035 3515 Quod

452 3554 524 3596 ne
561 3540 680 3610 quis
717 3538 983 3594 existimet
1013 3539 1081 3592 ita
1105 3537 1303 3592 dictum
1327 3580 1341 3604 ,
1383 3549 1626 3609 tanquam
1658 3542 1702 3596 si
1745 3541 2029 3609 diceretur,

455 3630 646 3686 Vestra
676 3630 841 3701 gloria
881 3645 964 3685 me
997 3629 1120 3685 facit
1158 3631 1390 3700 quotidie
1423 3632 1591 3696 mori;
1629 3633 1765 3688 sicut
1810 3633 2031 3703 dicitur,

454 3722 562 3780 Per
591 3723 730 3779 illius
754 3719 1113 3793 magisterium
1136 3723 1322 3778 doctus
1342 3722 1511 3778 factus
1537 3734 1653 3791 est,
1679 3725 1729 3780 id
1755 3735 1855 3792 est,
1891 3728 2034 3782 illius

455 3815 759 3886 magisterio
797 3814 990 3869 factum
1019 3823 1101 3869 est
1133 3822 1192 3869 ut
1235 3813 1470 3884 perfecte
1499 3815 1783 3871 doceretur
1814 3835 1826 3869 :
1859 3833 2032 3888 graeca

456 3905 776 3978 exemplaria
795 3904 1106 3974 diiudicant,
1141 3905 1192 3959 in
1221 3906 1411 3975 quibus
1441 3907 1693 3977 scriptum
1716 3918 1815 3974 est,
1850 3918 1929 3971 Νὴ
1948 3925 2033 3973 τὴν

455 4006 684 4068 καὺχησιν
721 4004 943 4069 ὑμετέραν
963 4040 977 4066 ,
1014 3997 1153 4067 quod
1183 3999 1390 4053 nonnisi
1417 4015 1444 4052 a
1465 4001 1676 4070 iurante
1705 4004 1914 4059 dicitur.
1957 4005 2030 4059 ita

452 4104 581 4162 ergo
605 4088 912 4161 intelligitur
941 4089 1258 4161 praecepisse
1297 4088 1577 4146 Dominum
1607 4110 1673 4149 ne
1693 4098 1928 4163 juretur,
1964 4112 2030 4151 nc

453 4181 732 4254 quisquam
754 4181 891 4237 sicut
914 4181 1109 4236 bonum
1141 4189 1355 4251 appetat
1374 4181 1744 4253 jusjurandum
1767 4229 1780 4251 ,
1811 4197 1864 4242 ct
1892 4189 2029 4244 assi-

453 4277 654 4335 duitate
674 4275 889 4348 iurandi
928 4277 994 4331 ad
1026 4275 1312 4347 periurium
1343 4292 1438 4347 per
1464 4280 1898 4336 consuetudinem
1932 4281 2029 4338 de-

449 4367 677 4426 labatur.
706 4368 1038 4438 Quapropter
1065 4372 1153 4438 qui
1195 4368 1472 4441 intelligit,
1503 4387 1606 4425 non
1637 4372 1687 4426 in
1719 4373 1869 4428 bonis
1889 4417 1904 4441 ,
1937 4376 2030 4431 sed

448 4459 503 4516 in
525 4459 1163 4529 necessariisjurationem
1184 4460 1216 4514 h
1236 4471 1264 4510 ιε
1287 4460 1501 4527 endam,
1531 4463 1761 4518 refrenet
1781 4480 1838 4519 se
1861 4481 2026 4536 quan-

447 4563 564 4608 tum
593 4559 801 4624 potest,
841 4561 898 4606 ut
921 4566 1026 4606 non
1055 4568 1116 4607 ea
1143 4561 1318 4608 utatur
1342 4595 1357 4620 ,
1400 4554 1498 4608 nisi
1529 4557 1843 4612 necessitate
1862 4599 1876 4623 ,
1908 4574 2028 4614 cum

449 4644 598 4700 videt
626 4646 800 4715 pigros
838 4659 956 4700 esse
994 4645 1237 4700 homines
1265 4647 1332 4701 ad
1371 4647 1691 4704 credendum
1715 4692 1730 4716 ,
1773 4653 1911 4722 quod
1953 4653 2031 4708 eis

451 4735 583 4792 utile
620 4743 703 4791 est
743 4734 990 4802 credere,
1023 4737 1122 4791 nisi
1146 4738 1413 4808 iuratione
1441 4742 1716 4796 tirmentur
1740 4746 1780 4797 ’⁸.
1821 4745 1898 4799 Ad
1932 4745 2031 4802 hoc

451 4830 631 4902 itaque
658 4829 883 4900 pertinet
912 4831 1053 4901 quod
1078 4832 1156 4888 sic
1180 4833 1374 4892 dicitur
1396 4879 1410 4903 ,
1454 4837 1536 4893 Sit
1574 4849 1739 4893 autem
1760 4857 1921 4895 sermo
1947 4859 2030 4896 ve-

450 4933 570 4989 ster,
602 4921 712 4988 Est,
736 4934 809 4980 est
830 4940 848 4988 ;
871 4922 1013 4990 Non,
1037 4942 1174 4981 non:
1204 4926 1306 4984 hoc
1330 4929 1527 4985 bonum
1559 4943 1658 4997 est,
1687 4943 1741 4990 et
1769 4945 2029 5006 appeten-

452 5013 601 5072 dum.
631 5015 778 5080 Quod
808 5027 975 5071 autem
1007 5017 1224 5086 amplius
1253 5029 1353 5086 est,
1400 5038 1430 5074 a
1460 5025 1592 5077 malo
1612 5035 1684 5080 est
1701 5042 1722 5091 ;
1759 5026 1808 5082 id
1835 5037 1916 5083 est
1942 5070 1957 5096 ,
1984 5028 2032 5084 si

449 5106 631 5179 iurare
657 5109 863 5180 cogeris
881 5151 896 5176 ,
919 5112 1057 5167 scias
1081 5110 1148 5167 de
1169 5113 1484 5170 necessitate
1509 5118 1689 5172 venire
1712 5119 2031 5178 infirmitatis

449 5215 635 5258 eorum
665 5202 855 5274 quibus
897 5203 1094 5275 aliquid
1123 5206 1315 5263 suades
1340 5226 1354 5263 :
1381 5224 1499 5280 qua!
1528 5210 1810 5266 infirmitas
1848 5215 2029 5285 utique

451 5293 651 5350 malum
676 5302 779 5355 est,
811 5293 951 5350 unde
996 5311 1092 5351 nos
1120 5297 1354 5367 quotidie
1393 5299 1602 5355 liberari
1645 5301 2027 5372 deprecamur,

449 5403 573 5443 cum
598 5386 854 5451 dicimus,
896 5385 1077 5442 Libera
1104 5405 1192 5444 nos
1215 5393 1401 5445 amato
1432 5392 1647 5460 (Matth.
1671 5409 1754 5458 v1,
1783 5396 1892 5467 l5).
1923 5397 2030 5453 Ita-

450 5497 556 5555 que
583 5497 688 5539 non
717 5481 848 5537 dixit
867 5523 881 5547 ,
909 5481 1060 5550 Quod
1090 5495 1267 5541 autem
1295 5485 1521 5557 amplius
1550 5497 1632 5543 est
1650 5530 1665 5555 ,
1690 5489 1885 5544 malum
1911 5499 2026 5561 est;

448 5616 853 5728 “grannde
876 5625 1003 5682 Mss,
1039 5627 1233 5687 propter
1261 5620 1577 5678 calumniam
1597 5632 1680 5678 aut
1697 5625 1898 5681 multum
1934 5635 2033 5682 tar-

509 5741 528 5771 ¹
551 5745 600 5789 ιιι
620 5740 773 5793 tribus
787 5749 909 5808 Mss,
935 5741 1172 5810 ﬁrmetur.

1287 296 1377 354 DE
1414 292 1734 352 SERMONE
1774 288 2004 348 DOMINI
2043 287 2108 348 IN
2145 287 2397 356 MONTE,
2439 289 2497 345 ὃ.
2537 287 2900 346 AUGUSTINI

3574 293 3694 352 1258

2146 412 2203 458 ιιι
2230 403 2369 458 enim
2407 419 2512 458 non
2542 404 2738 458 malum
2766 402 2925 468 facis,
2949 403 3038 472 qui
3067 403 3205 459 bene
3235 403 3398 460 uteris
3420 404 3695 475 iuratione,

2141 512 2260 566 qum
2288 497 2386 551 etsi
2410 511 2510 550 non
2534 496 2689 559 bona,
2715 506 2890 554 tamen
2916 497 3214 550 necessaria
3239 506 3323 552 est
3346 507 3404 552 ut
3427 500 3578 555 alteri
3600 518 3697 571 per-

2141 586 2363 642 suadeas
2388 588 2526 658 quod
2559 587 2756 642 utiliter
2781 586 2973 642 suades
2994 586 3116 643 :sed
3140 603 3172 640 a
3196 589 3330 642 malo
3351 599 3443 655 est,
3469 591 3608 646 illius
3623 608 3698 647 cu-

2137 677 2223 749 ius
2248 679 2549 733 inﬁrmitate
2572 679 2752 746 iurare
2775 678 3003 749 cogeris.
3032 678 3140 734 Sed
3163 695 3320 736 nemo
3340 682 3484 736 novit
3502 681 3601 736 nisi
3623 685 3698 754 qui

2140 781 2392 840 expertus
2415 780 2528 836 est,
2561 787 2716 841 quam
2745 771 2816 825 sit
2848 770 3062 825 difﬁcile
3090 780 3144 826 et
3162 772 3602 828 consuetudinem
3627 775 3700 843 in-

2140 863 2289 918 randi
2323 865 2694 935 exstinguere,
2736 873 2792 919 et
2831 880 3097 934 nunquam
3138 874 3339 922 temere
3377 865 3554 924 facere
3579 869 3700 939 quod

2141 970 2514 1026 nonnunquam
2539 956 2712 1012 facere
2736 957 3025 1012 necessitas
3053 958 3211 1027 cogit.

2211 1048 2298 1102 52.
2339 1048 2514 1115 Quzcri
2543 1057 2716 1104 autem
2745 1059 2939 1118 potest,
2967 1064 3086 1104 cum
3107 1048 3392 1116 diceretur,
3423 1049 3537 1121 Ego
3555 1060 3702 1108 aulas

2141 1138 2254 1192 dico
2282 1138 2417 1192 vobis
2445 1156 2544 1193 non
2561 1140 2745 1210 jurare
2769 1140 2973 1194 omnino
2992 1179 3010 1207 ,
3045 1155 3142 1194 cur
3160 1139 3400 1195 additum
3435 1143 3541 1206 sit,
3571 1161 3704 1214 nam

2142 1248 2231 1302 per
2251 1234 2448 1294 caelum,
2477 1233 2595 1301 quia
2619 1233 2829 1286 thronus
2857 1231 2954 1287 Dei
2982 1242 3055 1286 est
3074 1274 3088 1297 ,
3111 1243 3176 1289 et
3204 1242 3396 1289 caetera
3422 1273 3441 1302 ,
3469 1251 3630 1306 usque
3650 1237 3704 1294 ad

2141 1322 2194 1377 id
2220 1321 2359 1394 quod
2385 1323 2582 1402 dictum
2607 1333 2708 1391 est,
2737 1341 2894 1397 neque
2919 1341 3009 1395 per
3026 1335 3182 1395 caput
3210 1335 3369 1380 tuum.
3391 1325 3571 1382 Credo
3597 1343 3703 1398 pro-

2141 1427 2324 1489 pterea
2350 1461 2365 1487 ,
2411 1421 2534 1490 quia
2567 1437 2673 1477 non
2713 1423 2967 1492 putabant
2997 1422 3164 1478 Judazi
3205 1438 3266 1479 se
3307 1425 3482 1480 teneri
3521 1425 3704 1497 iurein-

2144 1510 2344 1575 rando,
2375 1511 2418 1566 si
2450 1527 2545 1580 per
2585 1513 2683 1567 ista
2715 1513 2985 1582 iurassent
3015 1533 3028 1569 :
3053 1524 3109 1569 et
3132 1515 3382 1586 quoniam
3413 1517 3701 1586 audierant,

2143 1601 2343 1656 Reddes
2367 1613 2534 1656 autem
2569 1602 2785 1658 Domino
2797 1606 3166 1675 jusjurandum
3190 1616 3369 1671 tuum;
3408 1623 3523 1662 non
3548 1623 3602 1662 se
3623 1626 3702 1678 pu-

2143 1692 2324 1746 tabant
2347 1692 2572 1747 Domino
2599 1693 2794 1749 debere
2810 1695 3201 1764 iusiurandum,
3233 1697 3278 1750 si
3304 1712 3400 1766 per
3419 1699 3614 1754 ccelum
3630 1708 3704 1755 aut

2143 1793 2358 1849 terram,
2381 1794 2472 1840 aut
2500 1801 2592 1856 per
2610 1785 3016 1855 Jer05olymam,
3048 1796 3140 1842 aut
3167 1803 3260 1857 per
3282 1798 3445 1860 caput
3469 1805 3616 1845 suum
3632 1789 3704 1860 in-

2141 1884 2321 1930 rarent
2354 1893 2367 1929 :
2399 1876 2543 1946 quod
2575 1891 2679 1932 non
2710 1877 2838 1931 vitio
2859 1877 3214 1947 prascipientis
3235 1919 3252 1945 ,
3297 1879 3393 1934 sed
3438 1880 3549 1935 illis
3588 1882 3706 1936 male

2141 1965 2586 2037 intelligentibus,
2638 1968 2834 2023 factum
2879 1978 2982 2024 est.
3035 1970 3217 2039 Itaque
3264 1971 3528 2025 Dominus
3574 1971 3707 2028 docet

2141 2056 2272 2112 nihil
2297 2073 2418 2114 esse
2446 2066 2553 2113 tam
2575 2059 2678 2114 vile
2709 2060 2760 2113 in
2784 2060 3044 2115 creaturis
3077 2059 3196 2125 Dei,
3231 2069 3290 2115 ut
3323 2076 3422 2131 per
3455 2061 3559 2116 hoc
3583 2061 3705 2131 quis-

2141 2163 2244 2218 que
2283 2148 2626 2218 peierandum
2651 2149 2972 2215 arbitretur;
3005 2150 3218 2221 quando
3245 2165 3276 2204 a
3305 2153 3541 2208 summis
3562 2167 3704 2222 usque

2142 2239 2207 2295 ad
2231 2240 2334 2295 ima
2359 2239 2533 2295 divina
2563 2241 2889 2312 providentia
2911 2251 3086 2297 creata
3115 2251 3383 2313 regantur,
3417 2244 3703 2314 incipienss

2143 2333 2336 2388 throno
2361 2332 2455 2389 Dei
2483 2349 2651 2405 usque
2674 2334 2739 2388 ad
2761 2334 3009 2405 capillum
3036 2334 3216 2390 album
3237 2343 3328 2389 aut
3353 2334 3586 2406 nigrum.
3614 2334 3705 2390 Ne-

2141 2441 2236 2496 que
2267 2442 2355 2495 per
2375 2424 2576 2492 caelum,
2610 2426 2799 2496 inquit,
2829 2427 2946 2496 quia
2975 2427 3186 2482 thronus
3204 2425 3303 2481 Dei
3327 2436 3438 2495 est;
3471 2444 3704 2499 nequeper

2143 2525 2362 2583 terram,
2403 2517 2523 2588 quia
2559 2517 2831 2571 scabellum
2876 2519 3060 2588 pedum
3099 2521 3207 2591 ejus
3233 2528 3306 2573 est
3332 2534 3349 2572 :
3377 2519 3430 2574 id
3457 2530 3540 2575 est
3559 2560 3575 2586 ,
3603 2535 3703 2574 cum

2137 2607 2288 2678 iuras
2327 2623 2422 2678 per
2459 2609 2652 2663 coelum
2693 2618 2784 2664 aut
2821 2617 3053 2675 terram,
3098 2625 3202 2664 non
3235 2618 3286 2664 te
3310 2609 3588 2666 arbitreris
3616 2627 3703 2667 non

2142 2698 2342 2754 debere
2371 2699 2595 2754 Domino
2619 2699 2989 2769 iusiurandum
3014 2710 3194 2768 tuum;
3226 2702 3346 2772 quia
3374 2717 3473 2772 per
3498 2719 3612 2758 eum
3632 2703 3703 2772 iu-

2142 2808 2262 2847 rare
2291 2793 2628 2848 convinccris
2670 2795 2823 2864 cuius
2852 2794 3047 2850 coelum
3094 2794 3316 2850 thronus
3344 2804 3462 2863 est,
3491 2807 3542 2852 et
3568 2796 3699 2867 cuius

2143 2887 2430 2942 scabellum
2463 2897 2604 2941 terra
2629 2895 2730 2942 est.
2759 2885 2937 2957 Neque
2964 2904 3054 2957 per
3078 2886 3473 2960 Jerosolynmm,
3505 2891 3619 2963 quia
3642 2889 3701 2942 ci-

2141 2979 2269 3033 vitas
2297 2987 2368 3032 est
2398 2979 2570 3050 magni
2599 2978 2729 3049 regis
2747 2995 2766 3033 :
2794 2979 2983 3034 melius
3011 2995 3170 3050 quam
3208 2980 3254 3034 si
3279 2979 3514 3048 diceret,
3563 2995 3698 3044 mea;

2141 3085 2262 3124 cum
2290 3080 2466 3124 tamen
2509 3069 2611 3124 hoc
2634 3069 2832 3125 dixisse
2859 3071 3208 3141 intelligatur.
3236 3071 3299 3125 Et
3322 3071 3448 3140 quia
3484 3073 3593 3142 ipse
3613 3070 3701 3124 uti-

2141 3175 2243 3230 que
2266 3161 2522 3215 Dominus
2537 3170 2637 3224 est,
2663 3161 2888 3217 Domino
2908 3161 3277 3232 iusiurandum
3296 3161 3477 3224 debet,
3507 3163 3593 3232 qui
3619 3175 3701 3233 per

2140 3251 2528 3325 Jerosolymam
2553 3254 2719 3322 iurat.
2749 3251 2924 3320 Neque
2960 3270 3050 3323 per
3079 3263 3234 3324 caput
3271 3264 3410 3307 tuum
3443 3252 3698 3324 juraveris.

2141 3344 2278 3410 Quid
2307 3344 2448 3398 enim
2477 3353 2682 3414 poterat
2708 3345 2931 3415 quisque
2969 3346 3136 3416 magis
3161 3345 3228 3400 ad
3251 3361 3310 3401 se
3341 3345 3600 3416 pertinere
3621 3360 3698 3399 ar-

2139 3433 2343 3500 bitrari,
2367 3450 2524 3504 quam
2546 3444 2703 3504 caput
2724 3435 2916 3489 suum?
2940 3436 3043 3491 Sed
3071 3435 3336 3506 quomodo
3358 3444 3590 3491 nostrum
3608 3444 3697 3502 est,

2141 3527 2228 3580 ubi
2261 3535 2571 3596 potestatem
2591 3526 2814 3583 faciendi
2843 3528 2999 3582 unius
3022 3528 3196 3598 capilli
3214 3528 3317 3583 albi
3337 3539 3430 3583 aut
3456 3530 3586 3600 nigri
3605 3542 3696 3582 non

2139 3618 2432 3675 habemus?
2477 3620 2618 3691 Ergo
2645 3621 2754 3676 Deo
2783 3619 2942 3675 debet
2976 3620 3345 3690 iusiurandum
3385 3621 3698 3676 inelfabiliter

2139 3711 2338 3766 tenenti
2359 3711 2557 3776 omnia,
2585 3720 2639 3766 et
2668 3711 2861 3780 ubique
2881 3713 3151 3781 prrcsenti,
3176 3712 3415 3782 quisquis
3437 3713 3594 3768 etiam
3619 3725 3699 3783 per

2139 3812 2296 3872 caput
2336 3818 2488 3858 suum
2521 3805 2702 3873 iurare
2732 3803 2997 3860 voluerit:
3037 3812 3093 3859 et
3119 3804 3205 3860 hic
3224 3805 3386 3860 etiam
3409 3817 3601 3862 caetera
3625 3804 3695 3860 in.

2140 3895 2464 3964 telliguntur,
2484 3911 2602 3965 qua:
2625 3895 2804 3949 omnia
2836 3897 3012 3966 utique
3039 3894 3144 3951 dici
3170 3911 3276 3952 non
3305 3905 3578 3968 poterant;
3603 3895 3695 3952 sic-

2139 3993 2196 4038 ut
2219 3983 2348 4038 illud
2388 3985 2921 4040 commemoravimus
2965 3985 3167 4042 dictum
3192 3987 3553 4060 abApostolo,
3577 3985 3696 4052 Ωιιο⁴

2137 4077 2258 4130 tidie
2287 4077 2490 4143 metior,
2521 4093 2610 4147 per
2635 4086 2849 4131 vestram
2868 4077 3101 4147 gloriam.
3132 4077 3301 4145 Quam
3321 4079 3631 4149 iurationem
3646 4083 3696 4131 ut

2137 4167 2363 4223 Domino
2409 4182 2469 4223 se
2518 4167 2714 4224 debere
2757 4168 3083 4236 ostenderet,
3127 4170 3364 4238 addidit,
3387 4169 3694 4243 quamhabeo

2136 4259 2188 4312 in
2213 4258 2412 4314 Christo
2429 4258 2574 4313 Jesu.
2684 4323 2697 4336 _

2208 4352 2298 4407 5'5.
2341 4351 2715 4409 Verumtamen
2739 4363 2951 4424 propter
2978 4356 3220 4411 carnales
3242 4355 3363 4412 dico
3380 4399 3397 4425 ,
3426 4374 3533 4414 non
3556 4373 3696 4430 opor-

2137 4453 2214 4500 tet
2239 4445 2442 4516 opinari
2479 4445 2620 4516 quod
2655 4445 2852 4501 dictum
2885 4457 2969 4502 est
2991 4450 3184 4504 coelum
3227 4449 3451 4507 thronus
3482 4451 3608 4516 Dei,
3648 4457 3696 4504 et

2138 4547 2279 4592 terra
2308 4539 2594 4594 scabellum
2621 4539 2815 4608 pedum
2845 4541 2995 4609 eius,
3042 4541 3180 4611 quod
3221 4544 3298 4598 sic
3339 4543 3530 4598 habeat
3576 4543 3694 4598 Deus

2136 4633 2392 4687 collocata
2423 4633 2658 4688 membra
2690 4633 2739 4686 in
2770 4633 2908 4688 cmlo
2933 4643 2988 4688 et
3011 4635 3062 4688 in
3092 4645 3254 4702 terra,
3279 4646 3335 4691 ut
3361 4653 3456 4696 uos
3481 4655 3595 4693 cum
3620 4653 3692 4691 sc-

2135 4722 2361 4790 demus;
2390 4725 2482 4778 sed
2501 4725 2587 4778 illa
2605 4725 2762 4779 sedes
2782 4725 3037 4795 iudicium
3065 4727 3322 4798 significat
3345 4748 3359 4783 :
3383 4740 3441 4786 et
3462 4729 3691 4802 quoniam

2138 4817 2189 4872 in
2215 4810 2322 4872 hoc
2353 4818 2600 4874 universo
2646 4817 2828 4873 mundi
2876 4822 3110 4890 corpore
3148 4823 3431 4877 maximam
3478 4803 3690 4894 speciem

2135 4912 2328 4968 cmlum
2357 4912 2546 4967 habeat
2568 4953 2583 4976 ,
2615 4921 2668 4968 et
2694 4921 2833 4967 terra
2873 4913 3176 4980 minimam;
3209 4924 3458 4986 tanquam
3480 4931 3691 4988 praesen-

2137 5004 2240 5058 tior
2266 5004 2335 5058 sit
2359 5003 2637 5057 excellenti
2666 5003 3042 5073 pulchritudini
3079 5005 3159 5060 vis
3196 5004 3406 5073 divina,
3443 5009 3689 5062 minimam

2136 5110 2265 5152 vero
2300 5095 2504 5150 ordinet
2545 5095 2596 5149 in
2624 5097 2878 5150 extremis
2906 5107 3064 5167 atque
3086 5097 3136 5151 in
3168 5098 3362 5153 intimis
3383 5141 3400 5164 ,
3444 5099 3622 5154 sedere
3643 5097 3689 5152 in

2135 5193 2274 5248 0min
2301 5193 2492 5248 dicitur
2520 5202 2820 5263 terramque
2862 5193 3089 5247 calcare.
3137 5193 3488 5261 Spiritualiter
3529 5201 3689 5247 autem

2135 5294 2345 5341 sanctas
2368 5285 2572 5340 animas
2591 5285 2713 5340 caeli
2737 5299 2929 5340 nomen
2958 5284 3248 5354 significat;
3276 5297 3328 5340 et
3362 5294 3516 5341 terra:
3536 5329 3553 5351 ,
3579 5297 3688 5355 pec-

2137 5377 2362 5433 catrices
2393 5394 2407 5432 :
2436 5385 2492 5432 et
2517 5376 2762 5446 quoniam
2807 5377 3093 5446 spiritualis
3119 5378 3295 5432 omnia
3315 5377 3549 5448 iudicat,
3591 5378 3688 5445 ipse

2137 5480 2310 5526 autem
2333 5487 2362 5524 a
2387 5469 2598 5525 nemine
2613 5468 2882 5540 iudicatur
2905 5468 3080 5541 (lCor.
3099 5485 3157 5536 ιι,
3188 5469 3300 5539 15),
3332 5470 3689 5526 convenienter

2092 5615 2104 5626 .
2137 5563 2329 5618 dicitur
2353 5562 2508 5618 sedes
2532 5562 2626 5617 Dei
2650 5579 2664 5615 :
2694 5574 2937 5632 peccator
2952 5579 3078 5619 vero
3102 5563 3184 5619 cui
3207 5564 3404 5618 dictum
3423 5573 3523 5630 est,
3552 5563 3686 5617 Terra

2137 5671 2222 5719 es,
2251 5665 2297 5709 et
2321 5657 2375 5709 in
2400 5665 2584 5709 terram
2608 5652 2704 5709 ibis
2729 5651 2879 5726 (Gen.
2906 5669 3001 5722 ιιι,
3030 5655 3122 5728 19)
3145 5672 3160 5720 ;
3182 5659 3301 5727 quia
3331 5671 3424 5726 per
3445 5656 3685 5727 iustitiam

2085 5813 2092 5838 ι,
2139 5747 2346 5806 meritis
2362 5748 2517 5820 digna
2540 5749 2891 5818 tribuentem,
2921 5749 2974 5809 in
2994 5748 3186 5807 inﬁmis
3209 5749 3498 5814 ordinatur,
3528 5757 3582 5804 et
3608 5745 3683 5839 qui

3835 3277 3837 3432 ι
