3888 6360
229 298 364 356 1257

224 427 279 468 ιη
303 421 418 483 lege
439 419 658 464 manere
682 399 885 468 noluit,
920 396 1020 454 sub
1044 395 1162 467 lege
1186 392 1402 465 punitur
1427 391 1474 458 ‘,
1505 403 1804 461 congruen-

226 516 308 562 ter
332 502 588 572 accipitur
606 496 894 553 scabellum
923 490 1112 562 pedum
1142 489 1278 558 ejus.
1395 569 1399 573 '

296 589 523 650 CAPUT
563 589 749 646 XVIII.
786 585 960 641 ~54.
1011 580 1119 638 Sed
1161 579 1268 650 iam
1314 585 1373 633 ut
1416 578 1573 632 istam
1600 589 1812 646 quoque

228 686 604 747 concludamus
625 697 886 739 summam
907 720 923 743 ,
955 675 1080 748 quid
1116 671 1432 729 laboriosius
1454 679 1508 725 et
1533 668 1814 740 operosius

229 781 331 838 dici
361 788 451 834 aut
474 776 691 848 cogitari
729 782 940 846 potest,
974 769 1062 825 ubi
1102 781 1292 821 omnes
1318 778 1509 820 nervos
1539 759 1812 817 industria:

230 887 340 929 suae
369 871 575 926 animus
606 867 773 922 ﬁdelis
795 871 1078 926 exerceat,
1108 875 1267 932 quam
1298 859 1350 913 in
1373 856 1562 911 vitiosa
1587 867 1815 910 consue-

231 965 412 1022 tudine
466 958 820 1032 superanda?
879 954 1130 1028 praecidat
1178 951 1419 1007 membra
1474 943 1817 1017 itnpedieutia

232 1075 449 1132 regnum
479 1057 769 1120 caelorum,
819 1066 919 1106 nec
959 1048 1144 1103 dolore
1191 1044 1499 1114 frangatur:
1539 1040 1732 1093 toleret
1763 1036 1814 1090 in

232 1128 492 1221 conjugali
523 1146 625 1201 ﬁde
649 1143 846 1207 omnia,
879 1155 997 1210 quae
1027 1135 1268 1208 quamvis
1289 1134 1395 1186 sint
1416 1128 1816 1190 molestissima,

233 1216 432 1296 crimen
465 1245 638 1293 tamen
671 1233 866 1290 illicitae
892 1225 1266 1298 corruptionis,
1302 1220 1354 1277 id
1375 1230 1476 1284 est,
1509 1216 1818 1273 fornicatio-

233 1332 318 1387 nis
348 1345 452 1384 non
491 1328 687 1382 habent
728 1340 741 1376 :
792 1321 950 1376 veluti
981 1319 1025 1373 si
1064 1330 1282 1370 uxorem
1321 1313 1546 1385 quisque
1589 1307 1817 1371 habent,

235 1422 349 1477 sive
379 1419 615 1475 sterilem
637 1457 652 1480 ,
686 1414 795 1468 sive
822 1409 1114 1464 deformem
1145 1419 1403 1475 corpore,
1457 1402 1568 1455 sive
1593 1397 1822 1452 debilem

237 1509 494 1568 membris
514 1549 529 1573 ,
555 1507 640 1561 vel
667 1518 862 1559 caream
883 1543 898 1567 ,
930 1501 1011 1554 vel
1041 1496 1254 1553 surdam
1275 1537 1291 1562 ,
1321 1493 1404 1548 vel
1429 1491 1670 1548 claudam
1692 1531 1706 1554 ,
1738 1488 1822 1544 vel

238 1607 281 1661 si
308 1603 430 1675 quid
458 1600 620 1665 aliud,
652 1599 766 1653 sive
784 1595 984 1649 morbis
1005 1602 1057 1648 et
1087 1589 1359 1646 doloribus
1376 1584 1825 1675 languoribusque

239 1671 567 1758 confectam,
603 1698 658 1746 et
689 1685 939 1758 quidquid
965 1693 1185 1753 excepta
1225 1677 1571 1734 fornicatione
1605 1671 1826 1742 cogitari

238 1795 416 1858 potest
432 1785 778 1839 vehementer
797 1777 1068 1837 horribile.
1100 1791 1193 1844 pro
1218 1771 1319 1827 ﬁde
1348 1779 1402 1825 et
1428 1768 1682 1823 societate
1703 1777 1826 1818 sus-

241 1853 441 1941 tineat;
489 1889 658 1944 neque
683 1872 852 1925 solum
875 1867 1035 1923 talem
1057 1882 1162 1921 non
1189 1863 1404 1933 abjiciat
1425 1903 1440 1926 ,
1467 1859 1558 1914 sed
1590 1861 1750 1912 etiam
1782 1853 1828 1910 si

245 1986 354 2026 non
382 1969 602 2030 habeat,
651 1979 755 2018 non
797 1962 952 2016 ducat
981 1974 1096 2012 eam
1141 1970 1260 2026 quae
1290 1955 1466 2009 soluta
1500 1960 1583 2005 est
1622 1965 1652 2003 a
1681 1948 1828 2013 viro,

244 2059 543 2133 pulchram,
565 2069 779 2116 sanam,
809 2049 1027 2105 divitem
1047 2089 1062 2114 ,
1091 2043 1390 2101 fecundam.
1423 2042 1556 2108 Quae
1578 2039 1622 2093 si
1655 2038 1832 2092 facere

246 2130 352 2206 non
381 2147 527 2213 licet,
558 2144 724 2201 multo
750 2143 923 2198 minus
946 2141 1045 2196 sibi
1075 2140 1234 2194 licere
1259 2136 1545 2192 arbitretur
1573 2133 1638 2188 ad
1667 2130 1830 2185 ullum

245 2243 405 2298 alium
434 2238 671 2294 illicitum
699 2234 1034 2291 concubitum
1060 2231 1315 2287 accedere
1348 2247 1362 2282 :
1397 2227 1830 2282 fornicationem-

246 2349 354 2406 que
398 2331 475 2387 sic
518 2329 712 2401 fugiat,
759 2319 817 2382 ut
853 2326 920 2381 ab
969 2324 1112 2379 omni
1160 2322 1302 2392 turpi
1349 2318 1690 2386 corruptione
1718 2329 1837 2370 sese

247 2423 512 2481 extrahat.
545 2420 737 2475 Verum
761 2419 1038 2490 loquatur,
1063 2429 1237 2485 neque
1265 2413 1315 2467 id
1333 2410 1688 2482 jurationibus
1723 2423 1839 2464 cre-

248 2516 392 2577 bris,
434 2512 527 2570 sed
574 2527 781 2566 morum
815 2509 1075 2578 probitate
1102 2503 1441 2561 commendet
1470 2521 1482 2555 :
1517 2501 1837 2556 rebellantes

249 2605 534 2661 adversum
563 2617 622 2658 se
655 2599 891 2656 omnium
923 2599 1178 2653 malarum
1205 2592 1647 2650 consuetudinum
1680 2591 1836 2644 innu-

251 2695 541 2754 merabiles
563 2694 763 2756 turbas,
789 2693 855 2746 de
872 2692 1063 2760 quibus
1093 2698 1150 2742 ut
1178 2702 1364 2743 omnes
1394 2685 1838 2755 intelligerentur,

254 2805 436 2863 paucae
484 2793 913 2841 commemoratae
967 2790 1129 2848 sunt,
1180 2778 1493 2848 confugiens
1543 2774 1607 2830 ad
1660 2789 1838 2829 arcem

252 2879 559 2934 christiana:
607 2873 841 2940 militiae,
877 2881 1124 2941 tanquam
1161 2869 1228 2924 de
1269 2869 1389 2923 loco
1412 2865 1688 2936 superiore
1713 2879 1840 2934 pro-

254 2977 480 3026 sternant.
507 2967 610 3022 Sed
633 2967 749 3037 quis
771 2974 945 3019 tantos
976 2961 1186 3017 labores
1208 2960 1342 3015 inire
1369 2958 1592 3020 audeat,
1630 2956 1732 3010 nisi
1753 2954 1842 3025 qui

254 3062 335 3117 sic
363 3055 1006 3130 ﬂagratamnre‘justitiae,
1035 3062 1090 3107 ut
1116 3063 1362 3120 tanquam
1393 3049 1536 3104 fame
1564 3057 1618 3104 et
1645 3048 1731 3103 siti
1754 3061 1846 3101 ve-

255 3151 658 3209 hementissime
677 3162 954 3210 accensus,
977 3156 1031 3200 et
1054 3144 1250 3198 nullam
1274 3141 1376 3196 sibi
1406 3143 1566 3195 vitam
1588 3139 1761 3194 donec
1783 3151 1846 3193 ea

256 3243 482 3300 satietur
502 3239 814 3296 existimans
838 3279 852 3303 ,
900 3238 1005 3291 vim
1037 3235 1192 3290 faciat
1222 3237 1271 3288 in
1301 3249 1522 3304 regnum
1550 3229 1848 3287 ccelorum?

256 3334 374 3389 Non
430 3332 570 3387 enim
622 3330 775 3383 aliter
822 3342 942 3382 esse
993 3325 1188 3395 poterit
1241 3323 1395 3377 fortis
1457 3321 1524 3375 ad
1576 3319 1849 3376 toleranda

263 3426 466 3487 omnia,
497 3439 615 3496 quae
641 3423 692 3475 in
721 3419 1069 3492 pra'cidendis
1088 3413 1559 3472 consuetudinibus
1589 3413 1849 3468 laboriosa

259 3529 317 3576 et
354 3516 517 3573 ardua
569 3525 623 3571 et
647 3513 864 3568 omnino
893 3510 1122 3566 difﬁcilia
1153 3507 1334 3564 saeculi
1374 3505 1530 3576 hujus
1585 3515 1852 3560 amatores

261 3618 468 3682 putant.
499 3606 640 3660 Beati
669 3619 796 3675 ergo
843 3603 927 3673 qui
975 3601 1203 3656 esuriunt
1244 3610 1291 3655 et
1345 3601 1518 3654 sitiunt
1563 3599 1852 3669 justitiam;

260 3701 499 3774 quoniam
525 3697 625 3767 ipsi
648 3694 1020 3750 saturabuntur.

337 3791 426 3847 55.
469 3789 662 3844 Verum
685 3797 861 3841 tamen
884 3786 934 3840 in
963 3785 1043 3840 his
1069 3783 1340 3840 laboribus
1367 3797 1488 3836 cum
1509 3783 1733 3852 quisque
1756 3779 1857 3836 dif-

265 3884 554 3941 ficultatem
585 3882 799 3950 patitur,
842 3889 895 3935 et
937 3894 1032 3950 per
1067 3878 1199 3933 dura
1229 3886 1282 3932 et
1309 3892 1496 3946 aSpera
1522 3875 1744 3947 gradum
1775 3875 1853 3928 fa-

266 3976 416 4031 ciens
433 3973 856 4030 circutnvallatus
874 3969 1034 4024 variis
1055 3969 1452 4032 tentationibus,
1477 3976 1531 4023 et
1556 3968 1679 4022 hinc
1699 3975 1856 4036 atque

267 4066 396 4121 hinc
442 4065 715 4133 insurgere
750 4060 1031 4130 praeteritae
1060 4062 1182 4113 vitae
1207 4059 1376 4112 moles
1403 4061 1423 4090 ²
1447 4059 1678 4125 intuens,
1708 4057 1860 4116 timet

269 4176 339 4214 ne
359 4171 604 4227 aggressa
636 4153 855 4222 implere
884 4166 987 4206 non
1015 4151 1202 4220 possit,
1231 4151 1449 4219 arripiat
1468 4152 1769 4213 consilium,
1801 4161 1860 4208 ut

270 4250 528 4306 auxilium
556 4256 840 4302 mereatur.
866 4243 1017 4311 Quod
1046 4252 1130 4298 est
1157 4253 1333 4297 autem
1373 4241 1513 4296 aliud
1538 4243 1815 4298 consilium
1840 4284 1856 4306 ,

271 4340 377 4396 nisi
396 4348 452 4393 ut
467 4335 820 4392 inﬁrmitatem
842 4335 1068 4388 aliorum
1096 4332 1250 4398 ferat,
1269 4342 1324 4386 et
1341 4334 1390 4387 ei
1409 4343 1661 4402 quantum
1689 4342 1862 4402 potest

270 4429 580 4501 opituletur,
601 4427 689 4496 qui
706 4440 814 4480 suae
835 4424 1084 4480 divinitus
1103 4423 1373 4480 desiderat
1399 4424 1701 4480 subveniri?
1720 4427 1858 4481 Con-

272 4529 559 4591 sequenter
614 4517 793 4588 itaque
830 4524 1093 4587 praecepta
1142 4501 1521 4572 misericordiae
1564 4516 1855 4572 videamus.

271 4614 415 4669 Mitis
461 4620 637 4666 autem
683 4618 739 4665 et
773 4608 1076 4664 misericors
1107 4623 1268 4664 unum
1313 4607 1558 4662 videntur
1593 4625 1608 4661 :
1636 4608 1730 4664 sed
1758 4608 1862 4664 hoc

271 4705 532 4770 interest,
561 4700 702 4772 quod
727 4701 903 4767 mitis,
934 4700 1132 4769 dequo
1159 4699 1406 4768 superius
1444 4707 1723 4754 tractatum
1754 4707 1860 4769 est,

272 4797 474 4869 pietate
511 4810 617 4850 non
658 4792 972 4848 contradicit
999 4792 1192 4847 divinis
1219 4791 1496 4848 sententiis
1523 4809 1646 4862 quae
1675 4792 1728 4848 in
1766 4808 1862 4849 sua

273 4893 492 4958 peccata
523 4883 883 4954 proferuntur,
913 4898 1084 4952 neque
1121 4882 1224 4937 illis
1256 4881 1346 4936 Dei
1370 4881 1703 4938 sermonibus
1729 4896 1863 4953 quos

272 4978 512 5034 nondum
543 4974 819 5046 intelligit;
849 4975 944 5030 sed
981 4973 1186 5030 nullum
1218 4972 1531 5030 beneﬁcium
1559 4983 1778 5045 praestat
1813 4973 1864 5030 ei

273 5070 362 5128 cui
389 5084 495 5126 non
525 5067 838 5124 contradicit
865 5082 963 5124 nec
992 5068 1227 5125 resistit:
1255 5069 1560 5124 misericors
1587 5078 1763 5124 autem
1790 5067 1869 5122 ita-

202 5227 204 5230 ,
276 5179 385 5218 non
415 5160 644 5227 resistit,
671 5169 731 5214 ut
757 5168 974 5230 propter
1011 5159 1126 5230 eius
1158 5159 1542 5214 correctionem
1589 5158 1639 5213 id
1683 5156 1860 5225 faciat,

203 5253 221 5336 Α·
273 5267 438 5324 quem
458 5251 705 5314 redderet
731 5251 1028 5310 resistendo
1049 5249 1304 5320 pejorem.

204 5344 214 5374 δ

315 5395 318 5400 .
351 5342 576 5401 CAPUT
607 5341 748 5400 XIX.
782 5373 836 5383 -
855 5343 941 5400 56.
967 5342 1217 5413 Sequitur
1246 5356 1372 5412 ergo
1398 5340 1671 5408 Dominus,
1699 5349 1754 5395 et
1780 5339 1862 5394 di-

277 5435 391 5514 cit:
422 5433 647 5494 Audistis
672 5437 792 5504 quia
820 5434 1012 5488 dictant
1049 5441 1159 5500 est,
1210 5431 1425 5487 Oculum
1471 5447 1560 5502 pro
1600 5431 1782 5497 oculo,
1817 5439 1865 5484 et

281 5527 485 5600 dentem
513 5524 793 5596 prodente.
822 5524 934 5595 Ego
957 5532 1133 5592 autem
1150 5523 1263 5578 dico
1289 5522 1426 5578 vobis
1445 5563 1461 5588 ,
1500 5539 1603 5577 non
1639 5522 1866 5579 resistere

347 5668 366 5732 ξ
388 5664 684 5732 Arnulfensis
705 5663 878 5723 codex,
899 5666 986 5716 sub
1002 5665 1104 5732 lege
1117 5664 1328 5731 ponitur.

343 5730 456 5778 ἐἰσ
477 5735 580 5777 Mss.
607 5732 660 5774 et
688 5732 796 5774 Mar.
832 5732 902 5776 Αι.
927 5725 1201 5790 et
1229 5725 1495 5784 [avaritia
1519 5725 1768 5782 molestiae.

560 5809 789 5870 διες-ιη.
835 5811 1109 5873 Aususr.
1149 5813 1254 5874 Ill.

1604 267 1808 331 LIBER
1845 269 2119 329 PRIMUS.

1874 5834 1950 5853 -ι-δθ

3364 265 3507 325 1258

1916 384 2154 439 adversus
2179 383 2370 437 malum
2392 397 2410 436 :
2433 382 2522 437 sed
2547 382 2592 437 si
2623 383 2734 453 quis
2762 390 2808 436 te
2833 380 3132 452 percusserit
3160 381 3215 434 in
3247 381 3509 436 dexteram

1916 475 2179 531 maxillam
2208 486 2346 528 tuam
2365 516 2380 540 ,
2412 473 2576 544 praebe
2601 473 2678 528 illi
2707 483 2752 527 et
2782 473 3030 537 alterunt;
3073 481 3118 527 et
3163 473 3246 542 qui
3291 473 3505 528 voluerit

1919 577 2081 622 tecum
2089 566 2289 638 judicio
2310 565 2605 619 contendere
2629 575 2672 618 et
2702 565 2920 618 tunicam
2943 576 3082 618 tuam
3101 565 3293 627 tollere,
3315 566 3510 618 renuas

1918 660 1996 714 illi
2032 668 2079 713 et
2117 659 2491 721 uestimentum;
2518 667 2566 712 et
2590 657 2676 728 qui
2699 668 2745 710 te
2768 659 3104 729 angariaverit
3143 659 3282 712 mille
3307 675 3505 729 passus,

1917 752 2045 808 vade
2063 769 2177 806 cum
2201 752 2290 805 illo
2329 751 2431 804 alia
2469 750 2588 805 duo.
2622 749 2773 805 Omni
2814 751 2997 820 petenti
3024 759 3072 805 te
3093 750 3180 814 da,
3208 760 3252 803 et
3290 750 3375 819 qui
3417 767 3508 804 ro-

1921 845 2068 901 luerit
2088 862 2119 896 a
2149 855 2196 899 te
2223 845 2462 907 mutuari,
2507 860 2568 898 ne
2607 854 2864 898 aversatus
2893 843 3068 914 fueris.
3119 844 3508 897 Pharisaeorum

1917 934 2119 1004 justitia
2152 935 2325 988 minor
2357 944 2440 989 est
2467 950 2572 988 non
2601 934 2858 989 excedere
2899 934 2951 987 in
2998 933 3228 988 vindicta
3270 933 3509 990 modum.

1923 1043 1991 1082 ne
2029 1028 2146 1096 plus
2175 1026 2428 1097 rependat
2457 1023 2696 1096 quisque
2735 1042 2890 1096 quam
2922 1027 3124 1096 accepit
3164 1045 3176 1080 :
3211 1035 3265 1081 et
3293 1042 3514 1096 magnus

1924 1118 2013 1174 hic
2038 1118 2234 1188 gradus
2255 1130 2356 1174 est.
2380 1119 2546 1173 Nemo
2569 1119 2714 1172 enim
2740 1117 2896 1172 facile
2927 1117 3191 1171 invenitur
3219 1118 3310 1187 qui
3338 1133 3515 1187 pugno

1926 1222 2146 1282 accepto
2174 1229 2406 1284 pugnum
2445 1213 2667 1268 reddere
2699 1214 2855 1275 velit;
2885 1222 2938 1268 et
2966 1228 3070 1266 uno
3107 1228 3137 1265 a
3183 1212 3515 1265 conviciante

1925 1306 2090 1360 verbo
2113 1305 2315 1372 audito,
2340 1322 2500 1359 unum
2528 1317 2578 1359 et
2604 1305 2742 1375 quod
2772 1305 3096 1358 tantumdem
3125 1305 3291 1357 valeat
3311 1304 3519 1358 ra-fert'o

1927 1408 2209 1454 contentus
2235 1399 2302 1452 sit
2338 1416 2349 1450 ί
2385 1399 2473 1452 sed
2497 1398 2609 1452 sive
2636 1398 2709 1451 ira
2743 1397 3076 1467 perturbatus
3117 1396 3518 1451 immoderatius

1929 1492 2193 1556 vindicat;
2225 1493 2335 1546 sive
2365 1491 2486 1561 quia
2508 1491 2708 1560 jUslum
2738 1498 2902 1558 putat,
2936 1505 3056 1544 eum
3094 1490 3182 1558 qui
3212 1489 3349 1543 laesit
3377 1488 3522 1557 prior

1930 1585 2142 1656 gravius
2172 1584 2320 1650 laedi,
2351 1599 2506 1654 quam
2532 1584 2688 1638 laesus
2716 1592 2798 1638 est
2829 1583 2918 1652 qui
2947 1600 3050 1636 non
3077 1583 3304 1636 laeserat.
3335 1581 3520 1637 Talem

1931 1675 2166 1730 animum
2196 1691 2385 1746 magna
2416 1690 2479 1730 ex
2527 1683 2676 1744 parte
2719 1673 3004 1728 refrenavit
3033 1674 3136 1737 lex,
3169 1675 3218 1726 in
3259 1688 3361 1742 qua
3388 1672 3528 1728 scri-

1933 1777 2080 1840 ptum
2117 1779 2229 1836 est,
2265 1767 2478 1821 Oculum
2515 1783 2606 1837 pro
2636 1767 2781 1821 oculo
2806 1807 2820 1831 ,
2863 1775 2910 1819 et
2961 1765 3156 1818 dentem
3201 1781 3292 1835 pro
3331 1766 3479 1818 dente
3502 1779 3525 1816 .·

1935 1863 2129 1935 quibus
2148 1863 2451 1918 nominibus
2475 1861 2800 1932 signiﬁcatur
2822 1861 3030 1923 modos,
3057 1871 3112 1915 ut
3134 1861 3380 1928 injuriam
3405 1861 3525 1916 vin-

1935 1953 2078 2009 dicta
2118 1970 2223 2008 non
2249 1962 2503 2007 transeat.
2532 1952 2598 2007 Et
2628 1953 2741 2006 haec
2770 1963 2850 2006 est
2894 1953 3037 2021 pacis
3068 1951 3333 2006 inchoatio
3359 1969 3371 2006 :
3398 1967 3523 2022 per-

1937 2044 2076 2100 fecta
2101 2053 2276 2098 autem
2305 2059 2405 2114 pax
2431 2053 2532 2106 est,
2561 2043 2715 2097 talem
2748 2043 2956 2112 penitus
2981 2043 3121 2096 nolle
3145 2043 3451 2097 vindictam.

2009 2136 2098 2191 57.
2153 2138 2296 2190 lnter
2336 2135 2461 2189 illud
2498 2150 2624 2204 ergo
2660 2134 2887 2204 primum
2931 2134 3072 2204 quod
3117 2144 3308 2203 praeter
3357 2135 3526 2202 legem

1939 2238 2022 2285 est
2049 2238 2105 2283 ut
2125 2229 2294 2296 majus
2318 2227 2512 2281 malum
2544 2241 2638 2296 pro
2666 2227 2870 2279 minore
2891 2227 3029 2278 malo
3051 2225 3319 2288 reddatur,
3346 2235 3402 2281 et
3427 2225 3529 2280 hoc

1940 2320 2082 2392 quod
2127 2319 2382 2374 Dominus
2426 2317 2758 2388 perliciendis
2798 2317 3072 2388 discipulis
3121 2317 3272 2382 dixit,
3320 2333 3386 2372 ne
3429 2331 3530 2388 pro

1941 2411 2084 2466 malo
2103 2411 2265 2466 ullum
2311 2411 2506 2465 malum
2552 2409 2833 2474 reddatur;
2875 2408 3106 2463 tnedium
3135 2409 3418 2478 quemdam
3447 2409 3530 2464 lo-

1943 2519 2064 2559 cmn
2112 2511 2290 2570 tenet,
2333 2511 2391 2556 ut
2441 2499 2938 2572 tantum_rcddatur
2971 2509 3227 2570 quantum
3256 2506 3532 2568 acceptum

1945 2607 2049 2662 eSt,
2079 2611 2172 2665 per
2199 2594 2338 2664 quod
2363 2609 2395 2647 a
2425 2608 2626 2647 summa
2652 2592 2914 2648 discordia
2941 2592 3005 2646 ad
3027 2608 3286 2647 summam
3312 2607 3534 2648 concor-

1947 2688 2088 2743 diam
2120 2703 2216 2758 pno
2245 2696 2541 2755 temporum
2571 2686 2938 2740 distributione
2968 2687 3218 2740 transitus
3241 2685 3406 2740 factus
3428 2695 3530 2741 est.

1946 2779 2195 2849 Quisquis
2209 2793 2336 2848 ergo
2354 2779 2546 2831 malum
2571 2777 2724 2831 infert
2750 2778 2890 2845 prior
2909 2777 3082 2832 studio
3106 2777 3334 2832 laedendi
3357 2787 3410 2834 et
3431 2793 3533 2833 no-

1947 2871 2123 2937 cendi,
2139 2869 2257 2924 vide
2275 2877 2526 2939 quantum
2545 2868 2783 2923 distetab
2797 2884 2862 2922 eo
2877 2871 2964 2938 qui
2984 2885 3080 2924 nec
3093 2870 3248 2924 laesus
3269 2869 3534 2938 rependit.

1947 2961 2198 3032 Quisquis
2216 2970 2392 3016 autem
2414 2960 2543 3013 nulli
2576 2961 2718 3028 prior
2737 2959 2874 3014 male
2897 2959 3035 3023 fecit,
3056 2960 3148 3014 sed
3178 2970 3351 3014 tamen
3378 2961 3538 3016 laesus

1949 3053 2195 3125 rependit
2219 3053 2450 3124 gravius,
2479 3052 2561 3106 vel
2588 3052 2858 3107 voluntate
2885 3052 2966 3106 vel
3001 3052 3156 3117 facto,
3190 3054 3410 3110 recessit
3436 3055 3539 3115 ali-

1950 3154 2206 3216 quantum
2232 3159 2260 3196 a
2285 3158 2488 3198 sunnna
2513 3143 2808 3212 iniquitate,
2831 3151 2885 3197 et
2912 3145 3166 3212 processit
3186 3145 3250 3199 ad
3278 3161 3541 3238 summam

1948 3237 2209 3307 justitiam
2234 3277 2249 3302 ,
2279 3246 2334 3290 et
2361 3243 2534 3290 tamen
2565 3235 2797 3288 nondum
2839 3244 2984 3290 tenet
3023 3237 3162 3305 quod
3193 3238 3276 3292 lex
3303 3235 3420 3307 quae
3447 3253 3544 3310 per

1952 3328 2175 3400 Moysen
2203 3327 2323 3382 data
2363 3336 2446 3381 est
2483 3326 2782 3394 imperavit.
2824 3328 2924 3391 Qui
2971 3343 3099 3397 ergo
3139 3338 3341 3383 tantum
3369 3330 3546 3387 reddit

1955 3429 2208 3491 quantum
2229 3417 2454 3487 accepit,
2473 3416 2582 3486 jam
2606 3417 2767 3470 donat
2787 3417 2982 3486 aliquid
3009 3437 3020 3470 :
3050 3434 3156 3472 non
3180 3421 3319 3473 enim
3342 3429 3544 3478 tantam

1957 3526 2171 3583 ptenam
2200 3520 2434 3565 meretur
2466 3523 2684 3572 nocens,
2711 3518 2959 3577 quantam
2987 3509 3073 3563 ille
3099 3509 3189 3579 qui
3212 3511 3281 3566 ab
3299 3527 3364 3566 eo
3384 3513 3545 3570 laesus

1956 3602 2212 3656 innocens
2251 3614 2436 3668 passus
2476 3607 2576 3652 est.
2626 3598 2770 3653 Hanc
2799 3615 2926 3669 ergo
2955 3600 3292 3668 inchoatam,
3324 3619 3430 3658 non
3459 3620 3546 3661 se-

1958 3707 2136 3748 veram
2159 3733 2172 3756 ,
2215 3690 2309 3744 sed
2351 3689 2749 3745 misericordem
2790 3689 3049 3758 justitiam
3082 3692 3169 3745 ille
3200 3694 3425 3761 perﬁcit,
3453 3696 3546 3765 qui

1958 3787 2128 3856 legem
2176 3786 2320 3840 venit
2361 3784 2600 3852 implere,
2644 3799 2748 3836 non
2788 3783 3017 3838 solvere.
3050 3783 3191 3839 Duos
3215 3801 3343 3854 ergo
3372 3787 3546 3845 adhuc

1957 3877 2153 3949 gradus
2178 3877 2265 3944 qui
2296 3876 2578 3938 intersunt,
2607 3874 2976 3944 intelligendos
2998 3876 3227 3946 reliquit,
3259 3887 3310 3931 ct
3337 3878 3406 3934 de
3427 3882 3545 3950 ipso

1960 3982 2170 4026 summo
2203 3966 2580 4022 misericordiae
2599 3966 2832 4020 culmine
2855 3965 3033 4021 dicere
3060 3969 3263 4021 maluit.
3297 3968 3427 4025 Nam
3458 3981 3547 4026 est

1961 4061 2133 4116 adhuc
2161 4059 2302 4130 quod
2349 4058 2522 4123 faciat,
2556 4057 2644 4127 qui
2697 4071 2804 4112 non
2844 4057 3027 4126 implet
3070 4057 3223 4111 istam
3275 4061 3543 4129 magnitu-

1961 4155 2140 4212 dinem
2168 4152 2418 4224 prmcepti
2445 4191 2457 4213 ,
2489 4166 2609 4219 quae
2639 4150 2866 4220 pertinet
2892 4149 2957 4203 ad
2989 4165 3207 4219 regnum
3248 4153 3544 4219 caelorum;

1963 4255 2021 4301 ut
2047 4261 2151 4302 non
2181 4244 2366 4300 reddat
2397 4253 2596 4296 tantum
2616 4281 2632 4308 ,
2663 4239 2757 4295 sed
2800 4239 2995 4302 minus,
3030 4239 3171 4294 velut
3201 4257 3296 4309 pro
3338 4242 3547 4298 duobus

1964 4338 2153 4408 pugnis
2179 4352 2341 4391 unum
2367 4376 2382 4401 ,
2414 4344 2504 4389 aut
2535 4348 2629 4404 pro
2654 4332 2840 4388 evulso
2867 4332 3021 4386 oculo
3047 4348 3229 4388 aurem
3273 4336 3545 4403 praecidat.

1965 4429 2100 4484 Hinc
2127 4427 2424 4484 ascendens
2451 4427 2538 4496 qui
2565 4424 2784 4480 omnino
2810 4423 2941 4478 nihil
2972 4423 3294 4493 rependerit,
3331 4428 3549 4496 propin-

1965 4529 2092 4592 quat
2117 4529 2384 4588 praecepto
2413 4514 2640 4579 Domini,
2672 4529 2769 4568 nec
2799 4523 2974 4567 tamen
3008 4513 3180 4568 adhuc
3211 4515 3282 4570 ibi
3306 4524 3407 4570 est.
3443 4516 3547 4570 Pa-

1965 4630 2081 4671 rum
2121 4613 2262 4668 enim
2310 4611 2483 4665 adhuc
2525 4609 2734 4665 videtur
2762 4609 2986 4663 Domino
3008 4650 3020 4671 ,
3045 4609 3088 4662 si
3118 4624 3212 4678 pro
3241 4610 3380 4664 malo
3407 4611 3549 4680 quod

1966 4706 2256 4776 acceperis,
2286 4703 2417 4758 nihil
2446 4702 2706 4772 rependas
2731 4700 2876 4764 mali,
2905 4700 3007 4755 nisi
3035 4701 3192 4756 etiam
3223 4702 3448 4771 amplius
3477 4705 3555 4758 sis
3582 4723 3586 4726 ·

1966 4807 2182 4870 paratus
2209 4797 2467 4866 accipere.
2499 4795 2832 4864 Quapropter
2857 4809 2962 4848 non
2989 4794 3083 4859 ait,
3108 4792 3218 4864 Ego
3242 4805 3408 4847 autem
3439 4796 3554 4848 dico

1966 4890 2103 4945 vobis
2123 4930 2138 4954 ,
2171 4904 2275 4944 non
2306 4887 2529 4942 reddere
2567 4886 2766 4941 malum
2795 4900 2890 4956 pro
2918 4885 3092 4948 malo;
3119 4899 3420 4954 quanquam
3451 4885 3555 4938 hoc

1968 4982 2125 5038 etiam
2155 4995 2404 5050 magnum
2444 4989 2766 5050 praeceptum
2795 4979 2864 5032 sit
2888 4995 2901 5031 :
2931 4977 3025 5032 sed
3054 4977 3159 5038 ait,
3193 4994 3294 5032 non
3321 4977 3556 5031 resistere

1968 5076 2204 5130 adversus
2229 5073 2418 5128 malum
2439 5087 2460 5138 ;
2480 5083 2659 5128 utnon
2682 5072 2853 5126 solum
2875 5086 2980 5124 non
3009 5070 3267 5139 rependas
3291 5070 3433 5140 quod
3460 5071 3553 5124 tibi

1969 5169 2128 5224 fuerit
2154 5169 2472 5238 irrogatam,
2502 5165 2596 5221 sed
2643 5165 2801 5218 etiam
2843 5177 2946 5217 non
2977 5163 3196 5218 resistas
3230 5178 3335 5233 quo
3376 5164 3554 5217 minus

1969 5261 2107 5315 aliud
2135 5262 2415 5328 irrogetur.
2446 5257 2558 5310 Hoc
2584 5263 2666 5309 est
2694 5254 2835 5308 enim
2863 5253 3003 5324 quod
3029 5255 3187 5308 etiam
3215 5268 3552 5323 consequen-

1971 5363 2050 5409 ter
2071 5351 2317 5422 exponit:
2338 5348 2445 5403 Sed
2464 5349 2507 5401 si
2522 5348 2630 5416 quis
2651 5356 2696 5399 te
2717 5348 3012 5416 percusserit
3030 5347 3082 5400 in
3103 5347 3358 5401 dexteram
3379 5346 3553 5398 maxil-

1973 5445 2076 5497 lam
2103 5424 2261 5504 tuani,
2291 5437 2454 5508 prtebe
2487 5437 2564 5490 illi
2589 5445 2635 5489 et
2659 5437 2872 5489 alteram
2890 5451 2909 5489 :
2929 5451 3036 5491 non
3061 5436 3202 5490 enim
3227 5436 3320 5502 ait,
3350 5436 3407 5490 Si
3433 5435 3552 5504 quis

1973 5544 2028 5590 te
2054 5531 2401 5604 percusserit,
2433 5529 2542 5584 noli
2570 5537 2623 5584 tu
2651 5537 2962 5599 percutere;
2994 5529 3108 5596 sed,
3138 5529 3271 5582 Para
3302 5539 3354 5584 te
3380 5528 3552 5583 adhuc

1974 5621 2312 5698 percutienti.
2366 5619 2519 5688 Quod
2566 5619 2632 5676 ad
2675 5618 3089 5676 misericordiam
3144 5620 3409 5689 pertinere
3430 5659 3446 5686 ,
3500 5617 3554 5673 In

1976 5715 2209 5777 maxime
2238 5713 2510 5777 sentiunt,
2539 5711 2628 5783 qui
2651 5712 2732 5769 eis
2757 5726 2896 5782 quos
2917 5713 3144 5767 multum
3165 5711 3410 5784 diligunt,
3434 5721 3552 5766 tan-

2861 5803 3236 5882 {Quarante.
3248 5807 3277 5874 Ι
