3888 6332
272 329 417 389 126i

1657 332 1860 409 uoca
1894 334 2178 405 ramus.

3429 346 3565 403 1262

267 440 404 509 quid
458 439 601 494 aliud
644 418 1159 525 indumenti'habes.
1202 426 1326 529 ideo
1373 441 1607 499 nonnulli
1654 446 1865 514 pallium
1979 450 2117 529 enim
2141 434 2479 506 metuendum
2500 432 2580 507 est
2602 469 2666 508 ne
2688 436 2866 511 odisse
2892 457 3165 527 parvulum
3192 457 3353 512 tilium
3378 446 3569 528 paren-

265 533 612 602 ititerprctati
642 543 797 601 sunt,
830 520 969 606 quod
994 524 1165 605 grmce
1194 520 1422 605 positum
1446 545 1526 589 est
1552 542 1757 605 ἱμάτιον.

351 627 439 680 (il.
485 626 547 680 Et
592 629 675 696 qui
707 641 752 682 te
794 632 1166 707 auguriuuerit,
1222 614 1423 700 inquit,
1473 618 1610 683 mille
1647 649 1863 705 passus,

266 719 405 771 vade
433 736 545 771 cum
571 720 659 775 illo
688 722 790 775 alia
818 722 937 775 duo.
974 721 1038 775 Et
1072 722 1170 776 hoc
1197 722 1375 790 utique
1402 737 1515 775 non
1545 728 1649 774 tam
1682 732 1737 775 ut
1775 737 1865 793 pe-

265 808 436 864 dibus
465 827 588 881 agas
608 854 621 876 ,
651 830 807 882 quam
852 825 908 868 ut
934 817 1110 875 animo
1138 814 1210 867 sis
1242 798 1474 883 paratus.
1506 812 1634 866 Nam
1668 813 1718 867 in
1753 814 1864 883 ipsa

268 903 565 958 christiana
601 903 818 963 historia
840 949 852 970 ,
983 923 1083 989 qua
1114 890 1545 971 estauctoritas,
1592 906 1721 961 nihil
1764 907 1865 961 tale

268 998 519 1052 invenies
549 998 746 1053 factum
777 1016 895 1055 esse
924 1017 951 1053 a
984 1002 1179 1057 sanctis
1203 1042 1216 1065 ,
1249 1000 1326 1053 vel
1356 1001 1423 1061 ab
1451 1002 1566 1069 ipso
1594 1000 1818 1053 Domino
1847 1042 1861 1063 ,

265 1105 397 1146 cum
430 1092 480 1144 in
512 1091 726 1147 homine
755 1109 909 1163 quem
939 1095 1212 1161 suscipere
1237 1080 1480 1161 dignatus
1511 1101 1625 1157 est,
1653 1092 1864 1147 vivendi

266 1183 432 1237 nobis
462 1185 722 1253 praeberet
751 1186 1049 1255 exemplum
1081 1201 1093 1246 ;
1131 1172 1453 1243 eumtamcn
1480 1183 1725 1257 clunibus
1754 1184 1864 1238 fere

268 1274 408 1329 locis
435 1262 527 1329 eus
556 1275 791 1333 invenias
818 1283 1028 1344 paratos
1055 1273 1215 1326 fuisse
1238 1266 1391 1349 gcquo
1420 1274 1597 1349 animo
1626 1274 1863 1349 tolerare

265 1366 529 1445 quidquid
586 1368 662 1425 eis
711 1366 950 1434 improbe
994 1364 1186 1439 luisset
1232 1366 1513 1443 ingestum.
1563 1366 1667 1420 Sed
1716 1365 1863 1420 verbi

263 1461 443 1530 gratia
473 1459 671 1517 dictum
719 1470 997 1527 putamus,
1042 1456 1180 1521 Vade
1218 1476 1334 1519 cum
1382 1475 1438 1512 eo
1475 1460 1578 1511 alia
1607 1459 1751 1511 duo?
1796 1474 1861 1512 an

266 1553 374 1607 tria
417 1551 669 1621 compleri
700 1552 914 1627 voluit,
963 1566 1067 1621 quo
1118 1567 1347 1609 numero.
1378 1551 1702 1631 signiﬁcatur
1742 1567 1863 1620 per-

268 1644 467 1709 fectio;
493 1652 549 1698 ut
578 1644 878 1717 meminerit
898 1644 1119 1712 quisque
1140 1658 1259 1701 cum
1281 1642 1375 1717 hoc
1409 1642 1546 1701 facit,
1576 1642 1861 1709 perfectam

267 1751 332 1792 se
362 1736 584 1809 implere
606 1735 888 1813 justitiam,
921 1734 1333 1795 misericorditer
1360 1733 1681 1813 perfertuido
1709 1733 1862 1787 inlir-

269 1829 487 1899 mitates
532 1844 721 1891 eorum
763 1843 897 1900 quos
941 1828 1053 1891 vult
1091 1843 1248 1883 sanos
1290 1827 1445 1891 ﬁeri?
1487 1828 1667 1881 Potest
1694 1827 1861 1881 videri

266 1933 561 1993 propterea
599 1923 758 1979 etiam
792 1922 959 1993 tribus
989 1922 1244 1989 exemplis
1285 1921 1399 1974 lucc
1442 1933 1701 1990 praecepta
1736 1920 1862 1974 insi-

270 2029 467 2073 nuasse
492 2031 502 2041 ·
531 2028 754 2083 quorum
785 2013 1013 2083 primum
1039 2023 1152 2077 est,
1184 2012 1227 2066 si
1254 2013 1371 2082 quis
1400 2022 1449 2065 te
1474 2014 1790 2089 percusserit
1809 2010 1860 2064 in

271 2106 574 2179 maxillam;
603 2105 921 2169 secundum,
942 2103 986 2157 si
1013 2104 1129 2187 quis
1154 2104 1382 2159 tunicam
1409 2104 1593 2167 tollere
1613 2103 1858 2187 voluerit;

274 2174 525 2264 tertium,
565 2199 609 2252 si
654 2199 769 2265 quis
816 2198 961 2261 mille
1007 2174 1192 2265 passus
1226 2197 1619 2261 angariaverit:
1656 2197 1707 2249 in
1755 2182 1860 2269 quo

272 2293 433 2349 tertio
474 2291 719 2358 exemplo
766 2291 961 2359 simple
1011 2290 1231 2358 duplum
1269 2289 1509 2359 additur,
1554 2298 1609 2341 ιιι
1649 2290 1860 2359 triplum

270 2384 624 2452 cetttplealur.
642 2382 757 2448 Qui
783 2396 1036 2443 numerus
1064 2381 1165 2445 hoc
1196 2380 1384 2447 iocosi
1412 2395 1513 2434 non
1533 2422 1547 2447 ,
1581 2389 1638 2433 ιιι
1661 2381 1858 2441 dictuttt

271 2484 389 2535 est,
413 2474 673 2541 signiﬁcat
699 2471 1074 2540 perfectionem
1102 2489 1116 2533 ς
1150 2471 1277 2533 illud
1303 2472 1609 2540 accipiatur,
1639 2471 1780 2539 quod
1809 2472 1859 2525 in

270 2564 630 2636 prateipiendo
670 2574 919 2632 tanquam
950 2562 1276 2617 tolerabilius
1316 2562 1575 2630 incipiens
1610 2562 1860 2630 paulatim

272 2656 532 2727 creverit,
576 2655 757 2725 donec
790 2655 1088 2723 perveniret
1135 2668 1298 2725 usque
1336 2652 1407 2709 ad
1452 2652 1669 2723 duplum
1717 2654 1856 2731 aliud

272 2746 667 2817 perferendum.
734 2744 864 2799 Nam
920 2745 1091 2815 primo
1147 2744 1369 2815 praeberi
1428 2745 1595 2799 voluit
1639 2746 1859 2802 alterum

267 2839 565 2905 maxillam,
597 2853 716 2901 cum
747 2836 899 2890 fuerit
926 2836 1112 2899 dextra
1141 2850 1389 2905 percussa
1410 2878 1424 2901 ,
1456 2846 1511 2895 ut
1539 2837 1711 2892 minus
1732 2854 1861 2909 per-

273 2930 413 2984 l‘erre
461 2937 674 2997 paratus
727 2927 798 2981 sis
849 2927 1341 2996 quampertulisli.
1396 2927 1662 2997 Quidquid
1718 2930 1858 2983 enim

270 3023 489 3085 dextera
517 3019 777 3091 significat
796 3060 809 3085 ,
839 3020 1123 3085 etcliarius
1149 3029 1231 3074 est
1256 3021 1435 3089 utique
1464 3036 1619 3089 quam
1646 3020 1693 3075 id
1720 3021 1857 3091 quod

272 3116 483 3175 sinistra
509 3114 797 3183 signiﬁcat,
831 3120 886 3167 et
910 3112 997 3180 qui
1022 3112 1077 3169 in
1101 3126 1157 3165 re
1183 3112 1426 3165 cltariore
1444 3112 1642 3181 aliquid
1675 3123 1858 3181 pertu~

273 3204 331 3260 lit
351 3245 365 3271 ρ
390 3202 435 3259 si
460 3203 585 3257 etin
612 3203 798 3256 viliore
819 3201 1086 3271 perfemt,
1113 3202 1291 3256 minus
1310 3212 1411 3256 est.
1439 3203 1638 3263 Deinde
1676 3204 1745 3258 illi
1771 3205 1859 3273 qui

275 3296 505 3353 tunicam
548 3293 656 3347 vult
682 3294 900 3357 tollere,
926 3292 1079 3361 jubet
1120 3301 1172 3346 et
1208 3293 1579 3346 vestinient-un
1620 3296 1811 3363 remitti
1844 3312 1856 3347 :

275 3385 416 3457 quod
440 3394 533 3438 aut
576 3382 907 3443 tantumdem
947 3391 1071 3447 est,
1111 3389 1204 3437 aut
1248 3397 1351 3435 non
1382 3383 1551 3443 multo
1592 3384 1854 3451 amplius;

278 3494 379 3533 non
409 3486 584 3534 tamen
609 3474 850 3542 duplum.
882 3473 1063 3527 Tertio
1086 3472 1153 3543 de
1183 3473 1328 3528 mille
1356 3474 1600 3541 passibus
1618 3514 1640 3541 ,
1666 3475 1858 3545 quibus

276 3569 514 3629 addenda
540 3568 669 3625 dicit
692 3566 798 3627 duo
825 3566 987 3629 millia
1005 3605 1021 3631 ,
1050 3580 1218 3634 usque
1238 3564 1303 3629 ad
1329 3565 1545 3633 duplum
1577 3566 1715 3627 aliud
1743 3582 1860 3635 per-

277 3664 414 3719 feras
432 3664 583 3730 iubet
607 3679 620 3714 :
646 3662 713 3715 ita
735 3659 1062 3730 signiﬁcans,
1087 3658 1198 3718 sive
1218 3657 1491 3726 aliquanto
1510 3658 1685 3719 minus
1701 3674 1856 3727 quam

276 3755 380 3826 iam
423 3754 552 3816 fuit,
583 3754 695 3809 sive
718 3750 1045 3821 tantumdem
1064 3788 1080 3815 ,
1107 3750 1218 3805 sive
1252 3748 1477 3817 amplius
1520 3750 1741 3819 quisque
1770 3750 1862 3804 im-

280 3847 472 3917 probus
490 3847 540 3899 in
560 3855 610 3898 te
620 3858 744 3903 esse
764 3842 1169 3911 volnerumque)
1186 3840 1365 3897 animo
1377 3840 1707 3895 tolerandum
1720 3855 1856 3896 esse.

347 3936 573 3993 CAPUT
614 3934 736 3993 XX.
761 3931 1043 3993 —62-ln
1086 3931 1170 3995 his
1213 3946 1340 3990 sane
1384 3932 1662 4001 generibus
1702 3932 1858 3995 trium

280 4030 644 4099 exemplorum
695 4027 898 4082 nullum
940 4039 1125 4095 genus
1182 4022 1388 4091 injuria:
1445 4022 1859 4092 praetermissum

280 4137 397 4178 esse
435 4120 607 4193 video.
652 4118 892 4187 Namque
932 4116 1110 4171 omnia
1155 4113 1431 4185 inquibus
1471 4114 1858 4182 improbitatem

281 4214 509 4281 aliquam
533 4212 783 4281 patimur,
826 4211 878 4264 in
905 4209 1010 4263 duo
1032 4223 1229 4279 genera
1265 4206 1570 4260 dividuntur
1593 4226 1604 4259 :
1635 4223 1859 4275 quorum

279 4306 504 4363 alterum
546 4313 627 4357 est
665 4300 805 4371 quod
836 4301 1039 4377 restitui
1068 4316 1171 4361 non
1214 4308 1423 4368 potest;
1466 4298 1685 4357 alterum
1719 4298 1860 4367 quod

281 4406 468 4468 potest.
497 4394 603 4451 Sed
642 4394 695 4448 in
726 4392 817 4447 illo
842 4391 982 4462 quod
1013 4391 1220 4451 restitui
1248 4406 1352 4447 non
1379 4398 1586 4459 potest,
1618 4390 1860 4453 vindicta:

281 4488 522 4545 solatium
550 4486 715 4556 quaeri
752 4485 908 4541 solet.
953 4482 1092 4549 Quid
1117 4483 1256 4537 enim
1304 4483 1520 4551 prodest
1553 4482 1691 4552 quod
1735 4499 1856 4553 per-

281 4593 464 4647 cussus
490 4576 819 4647 repercutis?
846 4574 1111 4643 Numquid
1142 4583 1421 4642 propterea
1460 4572 1589 4629 illud
1639 4574 1858 4643 quodin

282 4687 503 4742 corpore
547 4671 734 4725 laesum
759 4676 840 4723 est
860 4709 875 4734 ,
897 4667 1193 4723 restituitur
1223 4666 1273 4721 in
1301 4666 1600 4735 integrum?
1627 4664 1731 4722 Sed
1774 4675 1857 4725 tu-

284 4763 453 4819 midus
478 4761 689 4817 animus
717 4760 840 4814 talia
866 4759 1095 4813 fomenta
1122 4757 1393 4821 desiderat
1424 4776 1440 4813 :
1466 4773 1655 4815 sanum
1678 4768 1858 4816 autem

284 4857 597 4924 ﬁrmumque
614 4855 714 4909 ista
738 4868 839 4907 non
858 4852 1045 4921 juvant
1063 4866 1080 4916 ;
1100 4851 1228 4920 quin
1255 4852 1431 4919 potius
1446 4850 1860 4907 misericorditer

228 4990 231 4999 ι
285 4943 1481 5018 perierendamatteriusintirmitatemjudicat,
1506 4959 1663 5013 quam
1680 4945 1858 5001 alieno

282 5038 719 5109 suppliciosuam
737 5034 1103 5105 mitigandam,
1124 5051 1245 5105 (piae
1264 5035 1406 5089 nulla
1430 5046 1529 5090 est.
1552 5078 1555 5083 λ

236 5115 255 5161 1
348 5130 436 5185 65.
472 5128 660 5197 Neque
676 5126 771 5181 hic
790 5142 855 5191 ea
879 5126 1108 5181 vindicta
1148 5126 1624 5196 proltibetur,quae
1643 5126 1713 5181 ad
1737 5142 1858 5182 cor-

285 5222 569 5289 reaionem
586 5220 771 5281 valet;
802 5218 961 5286 etiam
990 5218 1107 5287 ipsa
1134 5219 1285 5273 enim
1304 5218 1535 5286 perimet
1557 5218 1627 5273 ad
1644 5218 1861 5273 miseri-

284 5316 679 5381 cordiamgn'ec
714 5312 937 5383 impedit
957 5312 1602 5382 illudpropositumpquo
1636 5314 1859 5381 quisque

284 5416 511 5480 paratus
528 5418 621 5463 est.
642 5407 823 5473 abeo
850 5421 1013 5477 quem
1040 5410 1345 5461 correemm
1389 5419 1507 5459 esse
1532 5405 1646 5459 volt
1664 5446 1679 5470 ,
1706 5404 1858 5474 plura

286 5499 530 5571 perferre.
552 5498 657 5555 Sed
676 5497 801 5553 huic
816 5497 1061 5554 vindictas
1080 5495 1371 5551 referenda:
1392 5511 1497 5550 non
1513 5505 1601 5551 est
1615 5497 1854 5565 idoneus,

285 5593 377 5653 nisi
400 5592 506 5662 Aqui
548 5588 733 5645 odium
762 5605 870 5661 quo
912 5590 1089 5649 solent
1110 5589 1352 5661 ﬂagrare
1385 5590 1477 5660 qui
1507 5606 1565 5645 se
1592 5589 1858 5645 vindicare

284 5681 919 5748 deciderantpdileetionis
940 5683 1297 5755 magnitudine
1323 5685 1648 5755 superaverit
1675 5686 1710 5737 ί.
1744 5683 1854 5740 Non

341 5786 628 5858 ιοαιοιικ..
645 5789 1597 5867 memmium.

1976 526 2055 593 tes
2083 542 2389 609 videantur,
2422 559 2541 598 cum
2568 530 2634 599 ab
2663 543 2737 599 eis
2769 547 2973 616 vapulat
2998 540 3257 618 precaris,
3287 562 3357 602 ne
3384 554 3567 618 peccet

1977 632 2198 686 ulterius
2259 632 2326 688 Et
2355 645 2499 690 certe
2531 632 2779 705 perfectio
2804 626 3100 694 dilectionis
3142 639 3307 711 ipsius
3339 639 3431 695 Dei
3460 642 3563 696 Pa—

1975 710 2072 775 tris
2098 723 2392 789 imitatione
2420 728 2569 781 nobis
2594 730 2937 800 proponitur,
2971 745 3090 785 cum
3128 729 3179 785 in
3219 733 3564 801 sequentibus

1974 802 2453 888 dicitur,Di/igile
2500 819 2726 874 inimicos
2774 831 2989 885 vestros,
3043 823 3312 891 bcuefacite
3356 823 3433 877 Itis
3479 826 3565 891 qui

1974 898 2183 963 odi-runt
2213 928 2313 975 ros,
2344 920 2390 963 et
2418 922 2555 964 orate
2581 930 2670 987 pro
2695 914 2763 966 eis
2788 913 2873 987 qui
2899 931 2981 969 vos
3004 908 3465 985 persequunturmt
3486 922 3567 969 ta-

1976 1018 2097 1055 men
2122 1002 2186 1055 de
2216 1003 2329 1072 ipso
2356 1003 2672 1085 diciturper
2694 1000 3028 1074 prophetam,
3055 998 3211 1070 Quem
3234 1008 3369 1085 enim
3398 1009 3564 1078 diligit

1976 1091 2243 1156 Dominus,
2289 1097 2527 1167 corripit;
2555 1098 2782 1169 ﬂagellat
2809 1108 2973 1151 autem
3002 1116 3197 1151 onmem
3225 1102 3386 1168 [ilium
3415 1118 3564 1171 quem

1973 1170 2146 1256 recipit
2183 1178 2363 1255 (Prov.
2410 1204 2484 1252 ιιι,
2517 1186 2622 1257 1'2).
2660 1187 2791 1244 Dicit
2826 1200 2877 1244 et
2909 1190 3158 1245 Dominus
3202 1210 3214 1246 :
3249 1170 3435 1246 Servus
3477 1178 3565 1265 qui

1974 1278 2126 1343 nescit
2155 1266 2457 1333 voluntatem
2482 1281 2671 1345 domini
2700 1284 2775 1337 sui
2801 1325 2812 1346 ,
2848 1294 2891 1337 ιί
2918 1283 3040 1353 fuci!
3066 1284 3217 1354 digna
3254 1276 3435 1356 plagis,
3471 1270 3560 1337 ua-

1970 1367 2168 1439 pulabit
2192 1388 2385 1439 puum;
2407 1390 2576 1426 servus
2594 1385 2765 1449 autem
2794 1374 2880 1444 qui
2904 1377 2997 1429 scil
3029 1377 3327 1430 voluntatem
3367 1374 3562 1447 domini

1971 1448 2067 1533 aui,
2098 1470 2143 1512 el
2167 1461 2288 1531 fuci!
2312 1463 2462 1534 digna
2484 1466 2666 1534 plagis,
2687 1448 2942 1536 vupulubit
2975 1470 3131 1521 multa
3156 1466 3307 1540 (Luc.
3340 1486 3436 1535 xtl,
3467 1451 3557 1539 i8,

1971 1544 2084 1629 (i7).
2104 1546 2217 1625 Non
2234 1568 2358 1635 ergo
2376 1561 2646 1625 qua-ritur,
2669 1560 2763 1611 nisi
2784 1569 2900 1614 utet
2916 1561 2998 1616 ille
3015 1562 3260 1626 vindicet,
3281 1564 3362 1617 cui
3382 1580 3558 1639 rerum

1971 1641 2167 1721 prtline
2183 1656 2413 1713 potestas
2440 1646 2559 1701 data
2589 1660 2698 1713 est;
2730 1662 2783 1704 et
2803 1667 2862 1704 ea
2890 1652 3155 1708 voluntate
3183 1654 3430 1720 vindicet,
3455 1670 3559 1725 qua

1972 1743 2120 1815 pater
2161 1734 2210 1787 in
2242 1740 2515 1804 parvulum
2566 1739 2760 1805 liliuut,
2794 1758 2948 1812 quem
2983 1762 3076 1813 per
3124 1754 3330 1801 tetatem
3381 1746 3559 1800 odisse

1972 1826 2202 1905 nondum
2232 1841 2421 1897 potest.
2451 1832 2581 1885 llim-
2609 1837 2748 1888 t'illlll
2777 1836 3104 1906 aptissimum
3138 1839 3437 1908 exemplum
3459 1839 3559 1894 du-

1970 1916 2122 1982 citur,
2149 1934 2252 1987 quo
2280 1923 2403 1991 satis
2423 1936 2671 1993 appareat
2704 1942 2857 1994 posse
2886 1922 3155 1997 pacatum
3184 1946 3365 1985 amore
3382 1932 3557 2000 potius

1968 2007 2244 2075 vi..dicari,
2265 2028 2419 2083 quam
2452 2016 2761 2085 impunitum
2786 2002 3004 2088 relinqui
3030 2039 3042 2076 :
3069 2033 3123 2076 ul
3148 2023 3295 2077 illum
3325 2024 3373 2078 in
3396 2040 3555 2094 quem

1970 2097 2197 2153 vindieat
2226 2119 2328 2156 non
2362 2121 2514 2177 plena
2547 2110 2796 2161 miserum
2816 2152 2828 2174 ,
2857 2110 2951 2169 sed
2978 2114 3311 2181 correctione
3338 2106 3556 2173 beatum

1974 2192 2133 2275 velit;
2160 2207 2370 2262 paratus
2408 2207 2581 2252 tamen
2600 2240 2615 2269 ,
2647 2201 2690 2252 si
2717 2216 2849 2269 Opus
2877 2204 2943 2257 sit
2964 2246 2978 2271 ,
3007 2220 3159 2273 aequo
3198 2207 3375 2260 animo
3401 2207 3554 2287 plura

1972 2282 2196 2341 tolerare
2218 2285 2283 2337 ab
2301 2301 2365 2338 co
2391 2285 2551 2353 illata,
2574 2305 2732 2359 quem
2759 2291 2867 2345 vult
2892 2309 3011 2355 esse
3031 2306 3352 2364 correctum,
3373 2282 3484 2359 sive
3502 2298 3554 2351 in

1969 2392 2088 2429 eum
2122 2375 2309 2435 habeat
2339 2390 2650 2450 potestatem
2697 2387 3016 2451 coercendi,
3051 2389 3163 2453 sive
3206 2372 3307 2443 nun
3339 2390 3551 2462 habeat.

2041 2468 2128 2522 bi.
2173 2469 2341 2539 Magni
2386 2482 2561 2527 autem
2608 2484 2661 2543 et
2708 2478 2873 2533 sancti
2920 2479 3051 2547 viri,
3084 2482 3170 2549 qui
3209 2481 3318 2551 jam
3358 2483 3556 2559 optime

1969 2572 2063 2612 ειη
2078 2571 2165 2612 rut
2207 2573 2431 2616 mortem
2455 2562 2607 2617 istam
2626 2581 2741 2634 qum
2762 2567 2993 2627 animum
3010 2570 3250 2624 dissolvit
3266 2588 3548 2647 acorporc,

1972 2666 2074 2702 non
2104 2667 2221 2705 esse
2253 2653 2668 2721 lorinidatulatn,
2706 2658 2993 2727 secundtuu
3018 2674 3207 2737 ,eorum
3238 2671 3411 2721 tamen
3439 2664 3554 2735 ani-

1970 2757 2111 2795 uunu
2142 2744 2229 2810 qui
2264 2742 2402 2796 illaut
2438 2745 2702 2809 timerent,
2737 2738 2984 2801 nommlla
3012 2761 3224 2820 peccata
3248 2760 3426 2815 morte
3453 2770 3554 2825 pu-

1970 2831 2198 2897 ΙιῘιῚἸΙιιι,
2231 2833 2368 2905 quod
2403 2845 2453 2889 et
2491 2836 2785 2899 viventibus
2819 2839 2958 2893 utilis
2997 2833 3167 2896 metus
3200 2831 3548 2909 incuteretur,

1969 2936 2017 2979 ct
2058 2927 2157 2979 illis
2181 2926 2267 2996 qui
2297 2938 2464 2981 iiiorte
2491 2928 2861 2998 puniebantur,
2887 2946 2989 2985 non
3018 2933 3129 3001 ipsa
3152 2949 3294 2991 mors
3316 2928 3550 3001 noceret,

1970 3017 2069 3093 Sed
2107 3029 2402 3089 peccatum,
2440 3020 2579 3090 qtqu
2629 3023 2807 3091 augeri
2854 3034 3051 3092 posset,
3079 3024 3124 3086 si
3155 3026 3408 3080 viverent.
3436 3014 3555 3089 Non

1972 3118 2169 3163 temere
2200 3109 2270 3161 illi
2295 3108 2624 3179 judicabant,
2650 3113 2840 3181 quibus
2869 3113 2969 3165 tale
2992 3112 3247 3181 judicium
3268 3116 3556 3175 donaverat

1970 3190 2128 3275 Deus.
2168 3200 2293 3255 lude
2335 3211 2416 3255 est
2463 3201 2600 3271 quod
2639 3201 2780 3258 Elius
2830 3204 3023 3260 mullos
3064 3214 3233 3262 morte
3273 3208 3466 3273 affecit,
3501 3220 3555 3263 et

1970 3291 2178 3363 propria
2202 3306 2357 3342 niauu
2381 3290 2465 3361 (ΙΙΙ
2489 3291 2612 3363 Reg.
2643 3307 2798 3357 xvut,
2824 3293 2932 3364 ⁴10),
2958 3305 3008 3349 et
3027 3296 3146 3364 igne
3174 3298 3426 3363 divinitus
3454 3304 3555 3356 im-

1968 3390 2176 3447 petrato
2210 3378 2304 3452 (IV
2347 3379 2471 3459 lirg.
2506 3398 2540 3453 t,
2563 3383 2708 3458 ,10):
2737 3384 2875 3457 quod
2901 3393 2955 3449 ct
2991 3386 3077 3443 alii
3108 3389 3258 3441 multi
3289 3374 3463 3460 magni
3503 3403 3555 3447 et

1967 3471 2129 3531 divini
2163 3473 2258 3529 viri
2305 3475 2499 3551 eodem,
2530 3476 2717 3549 spiritu
2760 3477 3070 3537 consulendi
3103 3481 3260 3537 rebus
3306 3466 3551 3545 humanis

1971 3580 2072 3615 non
2104 3572 2300 3619 temere
2318 3566 2584 3629 let-erunt.
2606 3566 2678 3619 De
2707 3580 2811 3634 quo
2844 3556 2954 3625 Elia
2978 3584 3098 3623 cum
3125 3573 3426 3641 exemplum
3453 3574 3551 3627 dc-

1968 3653 2174 3711 dissent
2194 3655 2460 3729 discipuli,
2492 3656 2714 3711 Domino
2739 3669 3219 3735 commemorantes
3246 3662 3370 3731 quid
3397 3666 3463 3731 al)
3489 3681 3554 3720 eo

1968 3742 2163 3805 factum
2192 3747 2279 3809 sit,
2312 3756 2367 3799 ut
2392 3747 2549 3800 etiam
2576 3734 2702 3817 ipsis
2723 3747 2873 3823 daret
2900 3759 3215 3819 potestatem
3245 3756 3552 3823 petendidc

1967 3838 2105 3913 caelo
2131 3824 2302 3903 ignem
2344 3840 2408 3893 ad
2436 3841 2855 3913 consumendum
2891 3857 2983 3899 eos
3022 3845 3109 3915 qui
3136 3846 3233 3898 sibi
3264 3846 3552 3925 hospitium

1967 3946 2074 4009 non
2116 3931 2459 4009 ptfmbettetit;
2508 3933 2849 4007 reprehendit
2897 3936 2948 3988 in
2994 3937 3081 3993 eis
3129 3938 3383 3995 Dominus
3446 3959 3550 4009 non

1967 4022 2268 4092 exemplum
2312 4023 2582 4094 propheta:
2626 4028 2818 4088 sancti,
2865 4026 2958 4080 sed
2991 4027 3341 4095 ignorantiam
3378 4034 3551 4097 vindi-

1966 4115 2286 4193 caudidpm
2315 4116 2491 4173 adhuc
2516 4128 2630 4181 erat
2674 4119 2723 4171 in
2766 4118 2983 4179 rudibus
3026 4120 3175 4193 (Luc.
3198 4139 3276 4185 ix,
3310 4124 3502 4197 52:56)
3537 4147 3549 4180 :

1966 4190 2389 4267 animadvertetis
2412 4225 2505 4263 eos
2533 4226 2635 4264 non
2663 4225 2845 4263 amore
2871 4214 3284 4281 correctionem,
3304 4217 3401 4271 sed
3431 4218 3553 4281 odio

1967 4298 2277 4373 desiderare
2317 4300 2621 4355 vindictam.
2660 4299 2839 4371 [anue
2875 4311 3217 4373 posteaquam
3244 4322 3336 4360 eos
3371 4308 3552 4364 docuit

1967 4389 2092 4465 quid
2132 4401 2273 4445 esset
2316 4391 2538 4459 diligere
2568 4393 2862 4459 proximum
2904 4404 3148 4467 tanquam
3177 4398 3407 4467 seipsum
3428 4440 3445 4465 ,
3475 4401 3554 4454 in-

1965 4480 2083 4535 fuso
2112 4482 2269 4535 etiam
2310 4482 2508 4555 Spiritu
2538 4493 2750 4550 sancto,
2781 4500 2937 4555 quem
2976 4485 3159 4542 decem
3190 4488 3378 4553 diebus
3406 4508 3552 4546 com-

1963 4574 2121 4645 pletis
2149 4583 2265 4642 post
2290 4576 2655 4630 ascensionem
2681 4593 2829 4635 suam
2860 4580 3108 4648 desuper,
3134 4590 3189 4633 ut
3213 4584 3547 4649 promiserat,

1966 4664 2112 4733 misit
2131 4664 2262 4733 (Act.
2282 4680 2337 4734 ιι,
2364 4665 2500 4738 1-4),
2520 4681 2624 4719 non
2636 4665 2911 4729 defuerunt
2928 4669 3059 4723 tales
3075 4670 3343 4739 vindictm,
3359 4688 3549 4743 quam-

1966 4755 2046 4812 vis
2067 4756 2231 4823 multo
2254 4758 2424 4810 rarius
2443 4772 2599 4827 quam
2625 4756 2675 4810 in
2707 4756 2881 4812 Veteri
2912 4758 3273 4817 Testamento.
3289 4761 3381 4817 .lbi
3406 4766 3550 4819 enim

1966 4862 2033 4901 ex
2080 4848 2280 4915 majore
2310 4856 2458 4916 parte
2500 4848 2789 4901 servientes
2817 4850 3003 4902 timore
3036 4852 3432 4919 premebantur;
3464 4854 3552 4908 hic

1966 4948 2141 4997 autem
2171 4939 2399 4995 maxime
2427 4939 2711 5007 dilectione
2739 4940 2892 4999 liberi
2921 4940 3305 5013 muniebantur.
3335 4943 3463 5003 Nam
3495 4957 3552 4999 et

1965 5032 2141 5095 verbis
2170 5032 2395 5102 apostoli
2438 5030 2582 5085 Petri
2633 5032 2862 5085 Ananias
2907 5040 2961 5084 ct
3003 5047 3137 5089 uitur
3163 5033 3299 5101 ejus,
3331 5034 3468 5097 sicut
3495 5036 3550 5090 in

1966 5124 2185 5184 Actibus
2212 5123 2842 5195 Apostolorumlegimus
2862 5163 2876 5189 ,
2910 5124 3181 5185 exanimes
3207 5125 3545 5195 ceciderunt,

1967 5238 2068 5277 nec
2088 5222 2556 5287 resuscitatisunt,
2705 5217 2895 5287 sepulti
2930 5216 3041 5289 (Id.
3073 5234 3126 5287 v,
3156 5220 3330 5287 t-lO).

2038 5314 2126 5377 65.
2156 5312 2270 5377 Sed
2316 5312 2362 5367 si
2394 5309 2513 5375 huic
2546 5309 2679 5364 libro
2702 5308 2945 5377 ltazrqtici
2976 5310 3050 5381 (α)
3079 5310 3169 5379 qui
3196 5310 3544 5377 adversantur

1966 5406 2146 5471 Veteri
2158 5404 2520 5483 Testamento,
2544 5401 2730 5469 uolunt
2742 5400 2990 5467 medere.
3012 5400 3051 5475 Β
3053 5401 3230 5465 aulum
3247 5406 3548 5473 apostolum

1966 5513 2124 5569 quem
2152 5497 2437 5559 tuobisoum
2463 5495 2665 5565 legunt,
2694 5494 3001 5562 intueantur
3026 5491 3382 5561 ὼεβηιεωαθ
3411 5510 3547 5577 quo-

1965 5594 2087 5651 dam
2111 5602 2387 5663 peccatore
2409 5605 2568 5664 quem
2593 5588 2809 5647 tradidit
2830 5598 3029 5651 satana:
3053 5587 3109 5645 in
3136 5589 3400 5649 interitum
3425 5603 3539 5645 rar-

2030 5791 2101 5855 (α)
2136 5789 2392 5842 ueniebat.

3160 5788 3185 5815 "
3232 5772 3350 5837 θ’*
3391 5833 3421 5840 ,Α
