3888 6320
432 355 575 412 1263

430 473 548 537 nis,
577 479 633 524 ut
655 473 826 525 anima
856 471 994 527 salva
1020 470 1085 525 sit
1112 467 1155 541 (Ι
1179 467 1297 523 Cor.
1328 483 1382 533 v,
1408 468 1485 536 5).
1526 465 1594 521 Et
1620 464 1662 519 si
1695 465 1879 519 nolunt
1915 461 2003 518 hic

429 562 969 632 mortem'intelligere
991 559 1233 632 (fortasse
1247 559 1386 613 enim
1399 559 1655 612 incertum
1675 556 1800 625 est),
1818 570 2003 626 quam-

428 650 565 707 libet
591 650 873 707 vindictam
901 666 997 720 per
1019 658 1254 705 satanam
1295 646 1485 703 factam
1528 648 1595 701 ab
1630 646 1883 716 Apostolo
1919 645 2001 700 fa.

427 752 643 798 teantur
670 760 684 796 :
712 742 851 813 quod
878 758 983 796 non
1006 756 1125 796 eum
1154 740 1274 793 odio
1293 781 1307 803 ,
1341 738 1434 793 sed
1463 753 1641 794 amore
1669 736 1856 791 fecisse
1886 750 2000 790 ma-

425 832 649 889 nifestat
671 831 798 887 illud
835 831 1122 901 adjectum,
1144 839 1197 884 ut
1224 829 1393 884 anima
1420 828 1559 882 salva
1582 832 1666 881 sit.
1697 828 1801 881 Aut
1826 827 1876 880 in
1899 826 2003 881 illis

425 920 579 976 libris
627 921 817 991 quibus
870 921 969 991 ipsi
1026 934 1265 989 magnam
1312 918 1545 972 tribuunt
1597 916 1995 982 auctoritatem,

426 1009 849 1065 animadvertant
871 1009 1008 1080 quod
1053 1008 1311 1075 dicimus,
1359 1007 1446 1061 ubi
1486 1007 1737 1076 scriptum
1767 1015 1847 1061 est
1870 1020 2001 1076 apo-

424 1101 621 1157 stolum
668 1101 925 1156 Thomam
972 1101 1314 1171 imprecatum
1343 1098 1549 1156 cuidam
1572 1140 1587 1166 ,
1627 1114 1655 1152 a
1685 1115 1792 1169 quo
1829 1099 2001 1168 palma

333 1243 337 1247 .
422 1206 711 1263 percussus
760 1202 943 1259 esset,
991 1191 1334 1248 atrocissima:
1410 1192 1595 1246 mortis
1642 1190 1952 1260 supplicium
1982 1230 1998 1256 ,

425 1284 604 1338 anima
626 1293 800 1339 tamen
827 1284 942 1353 ejus
964 1282 1350 1349 commendata,
1378 1292 1434 1337 ut
1453 1283 1504 1336 in
1532 1282 1707 1336 futuro
1731 1281 1781 1336 ei
1805 1280 2001 1338 saeculo

422 1384 733 1444 parceretur
769 1393 784 1428 :
813 1376 963 1446 cujus
989 1391 1019 1429 a
1048 1375 1199 1430 leone
1236 1374 1428 1441 occisi,
1472 1389 1501 1427 a
1541 1382 1736 1429 ca'tero
1777 1388 2001 1442 corpore

425 1462 746 1536 discerptum
774 1481 987 1521 manum
1014 1468 1158 1521 canis
1187 1466 1360 1521 intulit
1378 1465 1644 1519 mensis-in
1663 1465 1853 1535 quibus
1872 1480 2000 1521 con-

423 1558 699 1613 vivabatur
724 1560 1026 1628 Apostolus.
1067 1558 1164 1615 Cui
1213 1558 1488 1628 scriptura:
1528 1557 1653 1611 licet
1701 1557 1851 1612 nobis
1891 1571 1998 1611 non

422 1648 678 1712 credere;
709 1665 809 1702 non
833 1659 916 1703 est
944 1650 1085 1703 enim
1114 1648 1164 1702 in
1186 1648 1445 1703 catholico
1465 1662 1700 1702 canone:
1724 1647 1799 1701 illi
1821 1656 1998 1701 tamen

425 1751 543 1792 eam
573 1746 626 1792 et
653 1739 830 1809 legunt
849 1777 863 1803 ,
895 1746 948 1793 et
974 1747 1218 1806 tanquam
1248 1737 1751 1808 incorruptissimam
1780 1738 1994 1793 verissi-

374 1822 383 1826 ‘
423 1840 671 1896 manuque
703 1826 985 1891 honorant,
1012 1827 1102 1897 qui
1129 1818 1383 1882 adversus
1410 1826 1715 1896 corporales
1741 1827 1997 1881 vindictas

422 1932 540 1987 qua:
564 1926 686 1971 sunt
722 1916 775 1971 in
800 1916 980 1973 Veteri
1006 1917 1346 1974 Testamento
1369 1960 1384 1982 ,
1425 1918 1605 1975 nescio
1632 1934 1733 1989 qua
1761 1919 1997 1975 caecitate

421 2008 679 2063 acerrime
723 2008 976 2076 szeviunt,
1021 2024 1128 2080 quo
1172 2011 1349 2066 animo
1392 2019 1445 2066 et
1486 2027 1589 2081 qua
1630 2010 1997 2068 distributione

420 2109 721 2171 temporum
748 2100 898 2156 facta:
924 2102 1030 2156 sint
1056 2102 1272 2159 omnino
1297 2104 1614 2160 nescientes.

491 2190 580 2247 66.
622 2191 910 2247 Tenebitur
933 2208 1059 2263 ergo
1084 2193 1135 2248 in
1158 2193 1259 2249 hoc
1282 2196 1590 2265 injuriarum
1614 2212 1826 2267 genere,
1853 2198 1993 2268 quod

420 2299 518 2354 per
562 2283 843 2347 vindictam
888 2285 1049 2340 luitur
1070 2327 1086 2352 ,
1134 2287 1234 2341 iste
1268 2303 1299 2341 a
1326 2287 1637 2343 Christianis
1663 2289 1848 2345 modus
1868 2290 1907 2357 ί,
1939 2299 1997 2345 ut

419 2386 635 2447 accepta
662 2377 854 2447 injuria
881 2395 986 2433 non
1016 2387 1195 2449 surgat
1223 2381 1275 2434 in
1301 2379 1479 2435 odium
1500 2424 1515 2449 ,
1543 2381 1636 2438 sed
1674 2382 1995 2439 inﬁrmitatis

419 2467 785 2523 misericordia
827 2477 1043 2538 paratus
1083 2469 1153 2524 sit
1197 2469 1403 2525 animus
1444 2472 1594 2542 plura
1633 2472 1867 2543 perpeti;
1895 2488 1995 2529 nec

418 2557 800 2613 correctionem
824 2559 1084 2629 negligat,
1116 2574 1218 2629 qua
1245 2560 1325 2614 vel
1353 2562 1593 2627 consilio,
1637 2561 1723 2617 vel
1760 2564 1991 2618 auctori-

419 2655 547 2716 tate,
574 2649 656 2704 vel
686 2658 945 2719 potestate
969 2649 1045 2704 uti
1070 2659 1261 2720 potest.
1293 2651 1449 2706 Aliud
1479 2653 1787 2722 injuriarum
1827 2670 1992 2724 genus

415 2751 518 2805 est,
542 2741 755 2811 quodin
784 2742 1045 2813 integrum
1071 2743 1275 2798 restitui
1307 2752 1478 2812 potest
1502 2764 1513 2800 :
1544 2746 1693 2815 cujus
1720 2745 1838 2801 dua:
1867 2761 1990 2817 spe-

374 2841 380 2847 '
417 2829 525 2887 cies
547 2872 562 2897 ,
611 2845 716 2886 una
757 2831 823 2885 ad
853 2834 1160 2902 pecuniam,
1203 2833 1366 2888 altera
1396 2834 1461 2889 ad
1499 2852 1711 2907 operam
1741 2838 1988 2907 pertinet.

415 2919 747 2990 Quapropter
766 2922 904 2975 illius
930 2921 996 2977 de
1018 2923 1188 2977 tunica
1215 2932 1268 2979 et
1291 2925 1623 2993 vestimento,
1643 2926 1797 2996 hujus
1816 2926 1883 2982 de
1897 2944 1992 2981 an-

414 3011 556 3080 garia
589 3010 734 3066 mille
764 3026 1012 3081 passuum
1038 3022 1092 3069 et
1114 3013 1274 3069 duum
1301 3015 1524 3071 millium
1552 3020 1791 3086 exempla
1816 3019 1992 3088 subje-

415 3110 501 3155 cta
527 3111 648 3156 sunt
672 3120 685 3155 :
712 3103 831 3171 quia
857 3112 911 3157 et
947 3103 1096 3158 reddi
1125 3107 1493 3160 vestimentum
1522 3117 1724 3176 potest;
1752 3117 1806 3164 et
1833 3126 1989 3179 quem

417 3189 680 3260 adjuveris
705 3206 868 3261 opera
892 3232 906 3256 ,
939 3203 1113 3262 p0test
1138 3201 1186 3247 te
1215 3195 1373 3250 etiam
1403 3196 1536 3266 ipse,
1563 3197 1608 3250 si
1638 3212 1769 3266 Opus
1810 3197 1985 3267 fuerit,

414 3280 685 3350 adjuvare.
726 3279 834 3334 Nisi
868 3280 1006 3337 forte
1033 3281 1104 3337 ita
1134 3284 1309 3353 potius
1346 3284 1770 3355 distinguendum
1799 3300 1907 3355 est,
1934 3299 1991 3345 ut

413 3371 560 3440 prius
595 3372 733 3441 quod
773 3372 1001 3445 positum
1044 3380 1127 3427 est
1166 3372 1232 3427 de
1275 3387 1523 3444 percussa
1553 3378 1784 3443 maxilla,
1812 3380 1989 3435 omnia

413 3462 676 3532 signiﬁcet
698 3478 815 3532 quae
841 3463 918 3518 sic
950 3463 1263 3534 ingeruntur
1292 3465 1358 3520 ab
1390 3467 1662 3536 improbis,
1691 3477 1749 3523 ut
1786 3468 1989 3525 restitui

414 3568 520 3607 non
548 3554 753 3624 possint
781 3555 878 3609 nisi
905 3555 1133 3611 vindicta
1158 3558 1474 3612 :secundum
1497 3560 1639 3630 quod
1661 3562 1884 3630 positum
1906 3574 1990 3618 est

419 3641 486 3697 de
532 3644 847 3699 vestimento
880 3645 1055 3699 omnia
1096 3646 1352 3717 signiﬁcet
1392 3664 1509 3718 quae
1540 3660 1757 3719 possunt
1784 3653 1988 3708 restitui

414 3732 533 3795 sine
556 3734 816 3799 vindicta;
846 3745 899 3791 et
932 3735 1052 3791 ideo
1088 3734 1224 3791 forte
1252 3737 1486 3793 additum
1512 3749 1622 3804 est,
1657 3739 1755 3806 Qui
1778 3744 1989 3797 voluerit

413 3832 577 3877 lacum
604 3824 800 3893 judicio
828 3826 1154 3893 contendere,
1182 3826 1301 3896 quia
1335 3827 1475 3897 quod
1503 3844 1598 3898 per
1612 3830 1866 3899 judicium
1893 3847 1990 3888 au-

415 3911 603 3975 fertur,
624 3927 728 3968 non
745 3930 806 3967 ea
822 3915 867 3967 vi
890 3917 1319 3983 putaturaul'erri,
1340 3921 1423 3972 cui
1444 3920 1670 3976 vindicta
1694 3922 1981 3979 debeatur:

414 4003 630 4057 tertium
656 4018 782 4057 vero
810 4019 873 4058 ex
902 4016 1121 4075 utroque
1147 4007 1442 4063 confectum
1470 4011 1555 4074 sit,
1586 4023 1644 4067 ut
1661 4023 1714 4068 et
1732 4016 1846 4070 sine
1873 4017 1988 4072 vin-

409 4093 555 4148 dicta
581 4103 635 4148 et
662 4108 781 4149 cum
807 4094 1033 4150 vindicta
1063 4099 1229 4166 possit
1254 4099 1478 4155 restitui.
1510 4101 1638 4156 Nam
1659 4106 1750 4174 qui
1769 4123 1983 4176 Operam

411 4183 701 4240 indebitam
727 4185 984 4241 violenter
1011 4188 1170 4258 exigit
1189 4189 1301 4244 sine
1326 4190 1435 4246 ullo
1454 4191 1672 4262 judicio,
1701 4196 1838 4251 sicut
1862 4198 1986 4254 facit

413 4275 509 4344 qui
531 4275 769 4346 angariat
793 4276 1057 4332 hominem
1077 4278 1333 4347 improbe,
1362 4290 1414 4335 et
1438 4285 1577 4352 cogit
1602 4300 1660 4339 se
1684 4286 1864 4343 illicite
1885 4288 1983 4345 ad-

410 4370 583 4439 juvari
612 4369 679 4423 ab
702 4370 884 4435 invito,
905 4379 957 4425 et
984 4386 1193 4440 pinnam
1238 4373 1587 4443 improbitatis
1615 4386 1787 4448 potest
1815 4379 1981 4448 luere,

356 4474 361 4477 ·
419 4466 474 4513 et
512 4472 723 4530 operam
739 4459 994 4526 reddere,
1024 4462 1067 4516 si
1095 4460 1229 4516 hanc
1254 4464 1339 4519 ille
1356 4469 1660 4537 repetatqui
1687 4469 1981 4540 improbum

413 4550 649 4618 pertulit.
700 4550 754 4604 In
804 4550 886 4604 his
926 4565 1053 4622 ergo
1095 4554 1340 4608 omnibus
1367 4557 1647 4625 generibus
1676 4559 1980 4629 injuriarum

415 4640 672 4694 Dominus
692 4640 845 4695 docet
868 4643 1302 4711 patientissimum
1327 4655 1381 4701 et
1407 4648 1979 4721 misericordissimum,

409 4739 461 4788 et
486 4730 549 4785 ad
566 4731 713 4800 plura
730 4730 1038 4800 perferenda
1054 4738 1439 4804 paratissimum
1456 4742 1688 4799 animum
1711 4744 1980 4802 christiani

352 4826 357 4831 ’
410 4838 530 4879 esse
555 4832 815 4893 oportere.
1876 4856 1881 4859 -

487 4917 576 4971 67.
616 4916 719 4972 Sed
746 4917 992 4986 quoniam
1014 4932 1196 4987 parum
1219 4932 1299 4976 est
1327 4939 1432 4978 non
1457 4941 1669 4995 nocere,
1692 4929 1792 4985 nisi
1822 4933 1979 4987 etiam

414 5020 636 5078 praestes
663 5008 977 5065 beneﬁcium
1002 5018 1252 5081 quantum
1275 5024 1450 5083 potes,
1479 5029 1863 5092 consequenter
1885 5024 1980 5079 ad-

407 5101 613 5171 jungit,
640 5108 693 5155 et
738 5101 906 5156 dicit:
937 5099 1090 5157 Omni
1124 5107 1306 5175 petenti
1346 5117 1394 5160 te
1438 5108 1535 5170 da,
1564 5114 1736 5183 et-qui
1774 5115 1980 5170 voluerit

412 5192 631 5245 mutuari
666 5208 699 5244 a
741 5200 819 5257 te,
851 5209 913 5246 ne
953 5196 1416 5266 aversatus'fueris.
1457 5197 1609 5254 Omni
1648 5206 1865 5271 petenti,
1895 5207 1978 5260 in-

352 5284 355 5291 '
411 5283 552 5352 quit;
582 5296 720 5349 non,
751 5283 927 5337 omnia
966 5285 1160 5354 petenti
1184 5303 1197 5338 :
1220 5295 1276 5341 ut
1318 5287 1369 5342 id
1397 5288 1491 5344 des
1533 5292 1672 5360 quod
1711 5293 1837 5349 dare
1878 5295 1977 5351 ho-

412 5381 563 5447 neste
587 5382 641 5428 et
677 5373 819 5443 juste
846 5381 1015 5444 potes.
1055 5374 1199 5442 Quid!
1233 5377 1279 5433 si
1307 5381 1753 5451 enim-pecuniam
1794 5396 1974 5457 petat,

409 5479 514 5533 qua
537 5464 871 5520 innocentem
891 5474 1115 5522 canetur
1138 5470 1469 5539 opprimere?
1494 5476 1618 5544 quid
1636 5478 1685 5531 si
1705 5489 1978 5548 postremo

414 5561 653 5625 stuprum
684 5554 1011 5625 petat‘tSed
1041 5572 1108 5612 ne
1155 5559 1319 5615 multa
1357 5578 1642 5635 persequar
1682 5583 1798 5638 qua:
1855 5582 1976 5628 sunt

476 5669 616 5741 ῥῖψε,
653 5674 771 5726 aes,
896 5666 1181 5741 ςζιήδιίωιαξ
1196 5672 1379 5741 modus.
1398 5676 1540 5727 Paulo
1555 5688 1675 5741 post,
1694 5681 1743 5731 in
1757 5685 1977 5736 omnibus

411 5724 517 5777 fere
533 5735 661 5792 ω,
678 5724 840 5789 surge"
861 5727 1041 5791 odium,
1057 5736 1373 5793 prietermissa
1392 5724 1743 5803 ρηιὲίὲῷξὶῖῥὶιξ
1761 5724 1833 5801 ξῖξ

1241 351 1329 410 DE
1364 349 1681 410 SERMONE
1721 341 1951 405 DOMINI
1985 343 2055 403 ΙΝ
2091 334 2345 411 MONTE,
2386 345 2447 401 S.
2487 343 2855 403 AUGUSTINI

3543 340 3704 401 ηδε

2113 458 2541 527 innumerabilia,
2581 459 2632 515 id
2660 458 2895 529 profecto
2920 454 3149 511 dandum
3175 458 3431 524 estquod
3461 474 3566 514 nec
3599 460 3700 516 tibi

2110 566 2208 607 nec
2234 551 2383 606 alteri
2408 559 2636 617 noceat,
2660 560 2910 620 quantum
2938 550 3059 605 sciri
3082 559 3172 603 aut
3198 551 3344 605 credi
3370 551 3438 604 ah
3466 552 3703 607 homine

2107 651 2282 712 potest
2305 660 2317 695 :
2341 651 2395 696 et
2417 643 2499 695 cui
2542 641 2680 711 juste
2706 640 2983 713 negaveris
3019 640 3159 711 quod
3203 642 3364 711 petit,
3398 642 3700 697 indicanda

2107 741 2189 786 est
2233 733 2345 802 ipsa
2385 730 2621 801 justitia,
2650 740 2706 786 ut
2748 747 2852 785 non
2890 746 3010 786 cum
3056 732 3264 787 inanem
3299 732 3570 787 dimittas.
3621 734 3700 788 ita

2107 821 2250 876 omni
2287 822 2487 891 petenti
2530 832 2579 875 te
2602 821 2785 886 dabis,
2813 821 3053 890 quamvis
3081 838 3184 876 non
3211 837 3425 892 semper
3452 824 3502 876 id
3544 824 3699 892 quod

2106 915 2235 982 petit
2261 911 2444 975 dabis;
2478 921 2533 967 et
2568 911 2851 982 aliquando
2892 912 3081 969 melius
3120 913 3315 984 aliquid
3342 915 3529 980 dabis,
3564 931 3698 970 cum

2106 1012 2371 1073 petentem
2402 1005 2595 1073 injusta
2621 1004 2942 1060 correxeris.

2176 1095 2262 1150 68.
2304 1095 2454 1162 Quod
2494 1104 2693 1161 autem,
2715 1095 2807 1157 ait,
2827 1094 2924 1162 Qui
2948 1096 3158 1150 voluerit
3188 1113 3219 1150 a
3257 1105 3302 1152 te
3337 1099 3600 1165 mutuari,
3634 1117 3703 1153 ne

2104 1196 2364 1243 auersatus
2391 1188 2580 1259 fueris;
2608 1187 2672 1242 ad
2691 1187 2924 1242 animum
2953 1188 3287 1244 referendum
3313 1199 3419 1245 est.
3446 1191 3699 1246 Hilarem

2105 1281 2246 1335 enim
2288 1280 2528 1336 datorem
2556 1279 2725 1349 diligit
2773 1279 2913 1335 Deus
2933 1280 3001 1350 (ll
3042 1279 3157 1335 Cor.
3180 1283 3370 1350 13,7).
3414 1283 3703 1338 Sintuatur

2103 1380 2278 1426 autem
2307 1372 2481 1426 omnis
2510 1371 2598 1440 qui
2640 1371 2851 1441 accipit,
2877 1372 3035 1426 etiam
3065 1373 3108 1427 si
3151 1388 3253 1427 non
3278 1375 3392 1444 ipse
3411 1379 3701 1433 soluturus

2103 1472 2185 1519 est
2209 1483 2221 1519 :
2244 1480 2365 1519 cum
2391 1464 2532 1519 enim
2573 1464 3001 1519 misericordibus
3045 1465 3183 1519 Deus
3213 1468 3362 1536 plura
3401 1470 3694 1536 restituat,

2104 1555 2280 1609 omnis
2305 1556 2393 1624 qui
2424 1553 2735 1609 beneﬁcium
2760 1562 3008 1624 praestat,
3036 1556 3330 1611 fenerator.
3364 1558 3471 1612 Aut
3501 1560 3547 1613 si
3584 1574 3693 1614 non

2101 1645 2273 1717 placet
2290 1645 2533 1713 accipere
2553 1654 2878 1700 mutuantem
2902 1645 3002 1699 nisi
3033 1662 3155 1701 eum
3175 1647 3264 1717 qui
3293 1648 3487 1718 accipit
3508 1650 3694 1706 relidi-

2104 1744 2273 1800 turus,
2295 1734 2688 1804 intelligendum
2707 1745 2788 1790 est
2804 1735 3084 1790 Dominum
3101 1736 3205 1789 duo
3219 1736 3327 1805 ipsa
3344 1752 3541 1807 genera
3557 1755 3693 1809 pra}

2101 1825 2275 1879 standi
2318 1840 2437 1880 esse
2476 1826 2826 1895 Complexum.
2864 1825 3101 1896 Namque
3129 1836 3220 1880 aut
3248 1827 3513 1882 donamus
3534 1831 3690 1900 quod

2102 1914 2290 1970 damus
2318 1915 2591 1981 benevole,
2618 1925 2708 1970 aut
2734 1916 3002 1971 reddituro
3028 1918 3444 1976 commodamus.
3479 1920 3550 1974 Et
3568 1922 3689 1989 ple-

2100 2021 2325 2076 rumque
2346 2005 2611 2072 homines,
2631 2006 2718 2077 qui
2740 2008 3011 2078 preposito
3028 2008 3204 2067 divino
3225 2012 3447 2079 prmmio
3474 2011 3688 2068 donare

2097 2099 2268 2167 parati
2313 2108 2471 2163 sunt,
2500 2097 2566 2152 ad
2609 2097 2836 2153 dandum
2880 2099 3019 2168 quod
3049 2107 3286 2154 mutuum
3319 2101 3518 2171 petitur
3543 2104 3686 2173 pigri

2101 2188 2268 2252 ﬁunt,
2299 2189 2447 2258 quasi
2474 2188 2601 2243 nihil
2632 2192 2892 2258 recepturi
2921 2205 2950 2243 a
2984 2190 3091 2244 Deo
3111 2233 3126 2257 ,
3154 2205 3273 2245 cum
3296 2208 3409 2247 rem
3441 2210 3562 2264 qua:
3587 2195 3687 2249 da-

2098 2286 2202 2343 tur,
2231 2278 2317 2333 ille
2341 2279 2429 2349 qui
2452 2279 2644 2348 accipit
2671 2281 2926 2335 exsolvat.
2952 2280 3117 2336 Recte
3145 2282 3322 2352 itaque
3350 2284 3417 2338 ad
3444 2285 3553 2341 hoc
3580 2287 3685 2343 be—

2098 2368 2272 2423 neﬁcii
2302 2369 2565 2424 tribuendi
2594 2384 2760 2439 genus
2789 2386 2885 2425 nos
2920 2371 3096 2426 divina
3122 2373 3364 2429 hortatur
3385 2380 3683 2436 auctoritas

2097 2460 2295 2525 dicens,
2320 2459 2385 2513 Et
2408 2461 2494 2530 qui
2513 2461 2719 2514 voluerit
2737 2478 2769 2514 a
2789 2471 2835 2516 te
2857 2464 3097 2529 mutuari,
3117 2482 3180 2518 ne
3196 2477 3453 2522 aversatus
3476 2471 3639 2539 fueris
3657 2487 3678 2525 :

2098 2550 2283 2617 idest,
2313 2566 2380 2607 ne
2432 2563 2708 2623 propterea
2753 2554 3076 2611 voluntatem
3124 2558 3323 2614 alienes
3364 2561 3434 2615 ab
3473 2578 3542 2618 eo
3581 2565 3677 2634 qui

2095 2643 2255 2712 petit,
2280 2644 2401 2714 quia
2443 2653 2497 2699 et
2522 2646 2745 2715 pecunia
2777 2654 2861 2700 tua
2904 2649 3172 2717 vacabit‘,
3204 2661 3258 2707 et
3281 2653 3422 2709 Deus
3448 2655 3541 2710 tibi
3568 2673 3679 2712 non

2095 2735 2397 2790 redditurus
2422 2745 2534 2804 est,
2565 2751 2685 2792 cum
2716 2737 2874 2794 homo
2902 2738 3216 2807 reddiderit;
3246 2742 3340 2798 sed
3378 2760 3501 2800 cum
3532 2747 3585 2801 id
3612 2763 3678 2803 ex

2096 2822 2362 2895 praicepto
2394 2826 2485 2881 Dei
2526 2825 2689 2891 facis,
2717 2828 2856 2897 apud
2899 2828 3046 2884 illum
3089 2833 3176 2901 qui
3219 2831 3335 2889 hzec
3374 2835 3554 2904 jubet,
3586 2837 3675 2892 in-

2096 2915 2424 2971 fructuosum
2452 2930 2568 2972 esse
2598 2933 2705 2973 non
2737 2926 2927 2986 potest.

2164 3005 2387 3064 CAPUT
2402 3007 2707 3066 XXl.-—69.
2723 3010 2920 3067 Deinde
2932 3012 3186 3085 adiungit,
3205 3025 3255 3071 et
3269 3016 3394 3071 dicit
3409 3036 3422 3069 :
3436 3021 3669 3076 Audistis

2093 3099 2212 3166 quia
2230 3099 2416 3151 dictum
2435 3108 2524 3164 est,
2544 3099 2737 3171 Diliges
2760 3088 3042 3171 proximum
3061 3115 3217 3172 tamn,
3239 3115 3282 3160 et
3299 3110 3465 3164 oderis
3492 3112 3672 3166 inimi-

2096 3201 2210 3239 cum
2228 3197 2386 3240 tuum.
2403 3187 2512 3258 Ego
2527 3200 2692 3244 autem
2709 3192 2822 3245 dico
2838 3192 2990 3259 vobis,
3010 3194 3203 3267 diligite
3216 3198 3437 3253 inimicos
3452 3212 3668 3270 vestros,

2093 3276 2363 3349 benefacite
2378 3279 2456 3332 his
2469 3281 2554 3349 qui
2568 3296 2652 3333 vos
2672 3283 2903 3350 oderunt,
2922 3291 2965 3337 et
2992 3294 3133 3339 orate
3147 3302 3237 3355 pro
3253 3288 3324 3342 eis
3342 3290 3427 3358 qui
3441 3305 3526 3345 vos
3545 3308 3669 3360 per-

2093 3379 2364 3439 sequuntur
2384 3386 2401 3424 :
2419 3380 2474 3424 ut
2495 3373 2604 3426 sitis
2628 3374 2727 3441 ﬁlii
2751 3372 2920 3429 Patris
2943 3378 3091 3430 vestri
3117 3380 3203 3446 qui
3225 3379 3277 3433 in
3301 3382 3438 3435 caelis
3462 3392 3554 3448 est,
3577 3385 3671 3453 qui

2092 3461 2249 3515 solem
2259 3477 2404 3515 suum
2421 3463 2541 3516 oriri
2548 3463 2688 3534 jubet
2702 3479 2849 3533 super
2870 3465 3022 3521 bonos
3038 3477 3083 3521 et
3103 3469 3277 3534 malos,
3299 3482 3345 3524 et
3370 3472 3501 3541 ptuit
3514 3491 3669 3542 super

2083 3551 2254 3620 justas
2282 3561 2326 3605 ct
2363 3552 2593 3622 injustas.
2639 3553 2700 3607 Si
2727 3556 2859 3607 enim
2895 3555 3169 3612 dilemeritis
3213 3576 3295 3614 eos
3324 3563 3412 3631 qui
3432 3579 3516 3617 vos
3543 3565 3668 3617 dili-

2091 3650 2236 3711 gunt,
2261 3657 2410 3711 quam
2435 3644 2708 3697 mercedem
2730 3644 3004 3702 habebitis?
3023 3664 3186 3703 nonne
3198 3658 3244 3704 et
3274 3650 3542 3706 Publiceni
3563 3656 3660 3708 hoc

2092 3728 2325 3799 faciunt?
2353 3730 2419 3785 Et
2449 3733 2492 3786 si
2522 3735 2851 3790 salutaveritis
2878 3741 3057 3807 fratres
3077 3752 3261 3794 vestros
3287 3751 3513 3807 tantum,
3536 3745 3661 3813 quid

2093 3826 2310 3893 amplius
2335 3826 2538 3896 facitis?
2567 3843 2730 3882 nonne
2771 3840 2816 3883 et
2858 3829 3067 3885 Ethnici
3090 3834 3184 3886 hoc
3227 3835 3395 3903 ipsum
3428 3837 3621 3905 faciunt
3640 3838 3667 3891 2

2090 3913 2266 3970 Estote
2281 3931 2399 3986 ergo
2427 3932 2511 3970 vos
2532 3920 2757 3988 perfecti,
2783 3921 2907 3975 sicut
2935 3930 2980 3975 et
3005 3919 3161 3977 Pater
3180 3934 3341 3978 uester
3372 3928 3457 3996 qui
3483 3928 3538 3982 in
3557 3946 3662 3983 cc-

2090 4004 2153 4058 lis
2171 4013 2276 4072 est,
2315 4011 2563 4077 perfectus
2604 4020 2695 4063 est.
2741 4011 2871 4066 Nam
2916 4012 3031 4070 sine
3073 4015 3173 4069 ista
3211 4016 3531 4085 dilectione,
3557 4036 3659 4090 qua

2089 4097 2248 4152 etiam
2289 4098 2530 4155 inimicos
2556 4110 2609 4155 et
2638 4115 3003 4171 persecutores
3029 4116 3242 4163 nostros
3261 4109 3481 4181 diligere
3503 4112 3659 4182 jube-

2088 4202 2227 4257 mur,
2258 4205 2320 4244 ea
2343 4207 2462 4261 qua:
2485 4195 2727 4263 superius
2755 4195 2894 4251 dicta
2915 4208 3040 4253 sunt
3065 4200 3288 4268 implere
3311 4204 3430 4272 quis
3456 4206 3657 4273 potest?

2088 4279 2348 4336 Perfectio
2372 4293 2545 4339 autem
2572 4286 2951 4344 misericordia:
2970 4331 2985 4355 ,
3017 4306 3117 4360 qua
3152 4294 3433 4362 plurimum
3461 4299 3653 4356 anima:

2089 4372 2353 4428 laboranti
2381 4378 2692 4445 consulitur,
2710 4380 2848 4434 ultra
2869 4381 3204 4439 dilectionem
3235 4387 3432 4443 inimici
3462 4390 3656 4461 porrigi

2087 4475 2191 4516 non
2220 4472 2419 4532 potest;
2449 4477 2505 4521 et
2527 4466 2647 4522 ideo
2672 4468 2751 4523 sic
2773 4470 3036 4527 clauditur
3061 4492 3072 4527 :
3103 4474 3272 4529 Estole
3293 4495 3411 4549 ergo
3439 4496 3523 4533 vos
3544 4498 3656 4551 per-

2086 4551 2201 4622 fecti
2218 4594 2233 4618 ,
2261 4554 2384 4607 sicut
2404 4564 2450 4608 et
2480 4554 2635 4610 Pater
2659 4568 2814 4612 uester
2835 4562 2918 4627 qui
2941 4563 2995 4615 in
3015 4563 3153 4619 oculis
3176 4576 3277 4629 est,
3302 4573 3547 4638 perfectus
3562 4581 3650 4626 est.

2087 4640 2160 4696 lta
2211 4652 2386 4699 tamen
2430 4654 2489 4700 ut
2528 4647 2668 4703 Deus
2715 4650 3038 4721 intelligatur
3091 4656 3357 4726 perfectus
3404 4667 3652 4730 tauquam

2085 4731 2254 4801 Deus,
2279 4744 2333 4789 et
2357 4736 2530 4791 anima
2557 4738 2787 4806 perfecta
2814 4750 3061 4813 tanquam
3088 4746 3291 4801 aniina.

2155 4822 2243 4877 70.
2283 4824 2514 4882 Gradnm
2544 4836 2718 4886 tamen
2754 4846 2876 4889 esse
2916 4834 3143 4905 aliquem
3184 4835 3239 4893 in
3268 4839 3651 4901 Plias-imorum

2044 4948 2049 4955 ι
2078 4912 2278 4982 justitia
2294 4955 2310 4983 ,
2340 4932 2457 4986 quae
2483 4918 2550 4972 ad
2578 4919 2772 4989 Legem
2796 4934 3033 4981 veterem
3056 4930 3319 4997 pertinet,
3346 4930 3472 4988 hinc
3496 4934 3647 4990 intel-

2085 5003 2282 5076 ligitur,
2298 5008 2438 5077 quod
2453 5011 2603 5065 multi
2623 5012 2863 5070 homines
2879 5031 2976 5073 eos
2991 5021 3153 5074 etiam
3173 5036 3204 5074 a
3225 5024 3420 5093 quibus
3433 5024 3651 5094 dilignn~

2046 5129 2059 5133 -
2084 5105 2171 5151 tur
2192 5097 2452 5166 oderunt;
2479 5102 2614 5156 sicut
2639 5103 2893 5161 luxuriosi
2942 5109 3036 5164 ﬁlii
3065 5121 3314 5180 parentes
3336 5116 3647 5172 coercitores

2086 5186 2307 5243 luxuria:
2321 5205 2432 5245 suae
2450 5208 2464 5247 :
2483 5194 2720 5249 ascendit
2732 5210 2859 5268 ergo
2878 5199 3106 5269 aliquem
3125 5203 3353 5272 gradum
3370 5205 3463 5276 qui
3480 5208 3649 5276 proxi-

2040 5306 2045 5309 -
2086 5293 2231 5333 mum
2274 5279 2477 5351 diligit,
2506 5287 2746 5353 quamvis
2788 5288 2962 5344 adhuc
2999 5291 3174 5349 oderit
3201 5295 3495 5351 inimicum.
3526 5298 3645 5367 Ejus

2084 5379 2257 5427 autem
2278 5371 2499 5442 imperio
2511 5415 2526 5441 ,
2549 5378 2638 5445 qui
2653 5380 2798 5433 venit
2813 5380 3006 5451 Legem
3028 5384 3252 5455 implere
3264 5426 3283 5452 ,
3303 5404 3409 5445 non
3422 5390 3642 5458 solvere,

2085 5457 2323 5527 perﬁciet
2366 5461 2807 5525 benevolentiam.
2832 5478 2887 5525 et
2922 5472 3333 5543 benignitatem,
3372 5493 3495 5534 cum
3530 5496 3640 5537 eam

2086 5564 2250 5642 usque
2276 5551 2341 5607 ad
2367 5554 2562 5611 inimici
2582 5556 2914 5619 dilectionem
2932 5565 3259 5631 pentum-it.
3275 5568 3411 5626 Nam
3423 5572 3515 5628 ille
3528 5588 3644 5642 gra-

2083 5640 2184 5698 dus
2224 5644 2461 5713 quamvis
2506 5649 2788 5708 nonnullus
2832 5652 2932 5718 sit,
2959 5662 3064 5711 tam
3100 5668 3405 5726 paratumst
3437 5640 3639 5733 tamen,

2148 5758 2161 5787 ι
2190 5757 2259 5808 sic
2274 5763 2380 5810 Mss.
2402 5764 2456 5810 st
2471 5756 2607 5815 editi.
2644 5761 3273 5825 pecuariam-um;.
3302 5808 3317 5825 ι
3348 5808 3365 5821 .

3342 5925 3369 5943 κ
