3888 6312
273 355 411 414 1265

264 485 326 532 ιιι
346 489 468 532 cum
495 475 798 533 Publicanis
820 478 979 532 etiam
1009 473 1177 546 possit
1213 486 1332 528 esse
1377 468 1694 526 communis.
1740 464 1848 521 Nec

267 569 408 637 quod
440 569 490 622 in
518 567 659 637 Lege
683 569 881 623 dictum
905 578 1014 634 est,
1048 566 1226 620 Oderis
1260 564 1517 618 inimicum
1545 573 1682 614 tuum
1703 603 1716 626 ,
1747 575 1848 612 vox

268 658 504 729 jubentis
523 659 668 730 justo
685 659 987 729 accipienda
1014 668 1116 723 εει,
1135 657 1225 712 sed
1247 654 1598 725 permittentis
1615 653 1849 707 inﬁrmo.

341 753 429 807 7|.
455 753 634 808 Oritur
659 753 744 807 hic
780 769 907 807 sane
939 753 1080 806 nullo
1105 751 1264 806 modo
1293 747 1669 804 dissimulanda
1706 760 1852 815 quae-

273 843 397 906 stio,
417 843 556 914 quod
578 843 698 898 huic
720 853 984 913 praecepto
1003 842 1231 908 Domini,
1248 855 1352 910 quo
1370 855 1464 894 nos
1482 839 1722 893 hortatur
1737 835 1854 890 dili-

273 949 400 1004 gere
429 935 670 990 inimicos
698 946 927 997 nostros,
958 943 1008 989 ct
1035 933 1346 988 benefacere
1375 932 1457 985 his
1482 931 1572 1001 qui
1603 944 1700 983 nos
1726 927 1856 983 ode-

271 1037 414 1088 runt.
429 1038 483 1082 et
503 1043 658 1082 orare
680 1043 774 1097 pro
795 1028 876 1081 his
891 1027 976 1096 qui
997 1041 1093 1080 nos
1114 1033 1519 1095 persequuntur,
1541 1022 1718 1075 multa:
1737 1019 1855 1073 alia:

271 1118 665 1187 Scripturarum
687 1125 866 1189 partes
897 1119 1070 1172 minus
1098 1118 1373 1186 diligenter
1393 1123 1447 1168 et
1476 1113 1648 1167 sobrie
1673 1111 1852 1165 consi-

273 1208 583 1262 derantibus
597 1209 1119 1271 videnturadversre;
1139 1206 1257 1273 quia
1278 1213 1331 1258 et
1347 1205 1397 1258 in
1417 1202 1694 1272 Prophetis
1711 1203 1858 1258 inve-

275 1302 492 1356 niuntur
521 1302 700 1356 multm
731 1301 1140 1370 imprecationes
1173 1298 1429 1352 adversus
1459 1296 1717 1356 inimicos,
1739 1310 1858 1365 qua:

275 1391 675 1448 Inaledictiones
704 1398 952 1458 putantur
984 1404 996 1443 :
1031 1390 1163 1443 sicut
1212 1397 1291 1443 est
1344 1387 1502 1452 illud,
1541 1385 1660 1439 Fiat
1689 1401 1860 1439 mensa

276 1499 450 1536 eorum
492 1484 544 1535 in
584 1483 817 1550 laqueum
857 1481 1026 1553 (Psal.
1061 1497 1224 1536 uvm
1248 1523 1261 1540 ,
1290 1478 1416 1552 25);
1446 1491 1496 1533 et
1523 1489 1714 1534 etetera
1742 1494 1860 1547 quae

281 1574 351 1627 ibi
378 1573 626 1627 dicuntur
651 1591 663 1626 :
689 1584 741 1626 et
767 1571 896 1626 illud
918 1615 933 1637 ,
967 1571 1120 1624 Fiant
1150 1570 1245 1640 ﬁlii
1282 1573 1390 1641 ejus
1417 1569 1633 1640 pupilli,
1657 1578 1701 1622 et
1730 1585 1860 1621 uxor

280 1666 392 1736 ejus
419 1666 567 1719 vidua
591 1664 760 1738 (Psal.
793 1679 954 1729 CVIII,
984 1664 1038 1735 9)
1063 1679 1077 1726 ;
1101 1671 1154 1716 et
1183 1678 1302 1731 qtt:e
1330 1661 1431 1715 alia
1480 1662 1563 1714 vel
1594 1675 1750 1728 supra
1778 1659 1862 1713 vel

282 1757 417 1812 infra
462 1759 515 1810 in
556 1756 742 1811 eodem
791 1756 995 1825 psalmo
1034 1754 1084 1807 in
1114 1765 1394 1822 personam
1425 1750 1574 1806 Judtc
1602 1765 1699 1820 per
1729 1749 1862 1805 Pro-

283 1850 496 1920 phetam
527 1849 793 1904 dicuntur.
823 1845 980 1901 Multa
1011 1845 1111 1899 alia
1138 1857 1514 1914 usquequaque
1542 1841 1592 1895 in
1617 1841 1860 1910 Scriptu-

278 1942 356 1997 ris
401 1942 766 2011 reperiuntur,
822 1954 942 2008 quae
998 1936 1278 1991 videantur
1321 1948 1440 1988 esse
1491 1931 1756 1986 contraria
1810 1941 1867 1986 et

283 2035 409 2088 huic
455 2041 717 2101 pra-‘ct'vpto
751 2029 994 2094 Domini,
1027 2037 1082 2083 et
1127 2027 1200 2082 illi
1249 2025 1566 2096 apostolico,
1600 2039 1707 2094 quo
1753 2023 1861 2089 ait,

283 2124 571 2179 Denedicite
591 2166 604 2184 ,
637 2132 684 2176 et
708 2122 861 2176 nolite
889 2121 1184 2175 maledicere
1215 2120 1231 2186 (
1257 2119 1406 2172 Rom.
1439 2133 1511 2171 xu
1533 2159 1547 2180 ,
1583 2116 1674 2184 Μ)
1703 2133 1716 2167 :
1743 2130 1865 2170 cum

282 2223 338 2272 et
367 2217 434 2271 de
463 2217 686 2270 Domino
711 2215 965 2284 scriptum
996 2215 1062 2267 sit
1100 2211 1239 2282 quod
1268 2209 1598 2264 maledixerit
1633 2207 1864 2263 civitati-

283 2307 383 2362 bus
429 2323 548 2376 qure
593 2306 810 2360 verbum
859 2305 976 2374 ejus
1015 2319 1118 2358 non
1169 2310 1489 2371 acceperunt
1531 2299 1740 2368 (Matth.
1774 2315 1864 2363 XI,

283 2398 479 2465 20-24,
509 2408 554 2452 et
574 2397 700 2451 Luc.
731 2414 784 2461 κ,
810 2396 1036 2465 15-15);
1069 2404 1122 2450 et
1147 2402 1469 2450 memoratus
1491 2393 1779 2462 Apostolus
1800 2393 1866 2447 de

281 2483 514 2560 quodam
567 2490 635 2542 ita
691 2488 914 2553 dixerit,
943 2485 1139 2541 Reddet
1178 2485 1256 2540 illi
1306 2483 1550 2538 Dominus
1595 2482 1868 2538 secundum

285 2598 440 2654 opera
466 2581 606 2634 illius
633 2580 696 2647 (ll
730 2579 860 2634 Tim.
893 2595 965 2646 Iv,
998 2579 1109 2651 16).

359 2672 444 2726 72.
487 2672 590 2728 Sed
622 2671 735 2726 haec
756 2671 910 2726 facile
939 2671 1233 2736 solvuntur,
1261 2670 1382 2740 quia
1404 2679 1457 2723 et
1483 2669 1747 2739 Propheta
1770 2684 1868 2740 per

287 2763 725 2834 imprecationem
744 2763 866 2833 quid
894 2773 1036 2817 esset
1053 2762 1286 2816 futurum
1310 2761 1522 2827 cecinit,
1542 2777 1647 2815 non
1678 2771 1870 2832 optan-

286 2857 357 2911 tis
404 2865 560 2921 voto,
591 2855 683 2909 sed
725 2856 913 2924 spiritu
962 2854 1326 2924 praevidcntis;
1361 2855 1428 2908 ita
1477 2862 1533 2908 et
1577 2855 1865 2922 Dominus,

286 2948 358 3002 ita
402 2955 454 3002 et
500 2946 821 3016 Apostolus:
850 2961 1151 3016 quanquam
1180 2946 1230 3000 in
1263 2945 1450 2999 horum
1483 2946 1642 3000 etiam
1688 2946 1865 3001 verbis

286 3053 392 3093 non
432 3037 532 3092 hoc
575 3038 839 3091 Invenitur
878 3038 1019 3108 quod
1058 3039 1391 3107 optaverint,
1420 3037 1512 3092 sed
1545 3039 1686 3108 quod
1730 3055 1868 3109 prae-

285 3131 538 3186 dixerint.
575 3130 687 3185 Non
733 3131 874 3186 enim
905 3147 1025 3185 cum
1069 3132 1140 3184 ait
1170 3130 1426 3185 Dominus
1448 3173 1462 3198 ,
1505 3130 1592 3185 νω
1618 3131 1736 3197 tibi,
1768 3130 1869 3185 Ca-

290 3223 576 3292 pltarnaum
595 3264 608 3283 ,
638 3222 779 3276 aliud
810 3232 963 3276 sonat
991 3222 1091 3275 nisi
1113 3205 1309 3290 aliquid
1331 3223 1378 3276 ei
1407 3223 1530 3274 mali
1557 3233 1870 3278 eventurum

289 3313 480 3368 merito
525 3313 845 3366 infidelitatis
870 3331 882 3364 :
906 3311 1046 3382 quod
1076 3312 1306 3366 futurum
1339 3313 1592 3368 Dominus
1623 3330 1728 3368 non
1755 3331 1871 3368 ma-

291 3406 575 3462 levolentia
606 3405 854 3474 optabat,
884 3404 976 3458 sed
1016 3403 1292 3457 divinitate
1321 3405 1588 3458 cernebat.
1633 3405 1698 3458 Et
1727 3406 1870 3475 Apo-

289 3500 456 3554 stolus
485 3513 590 3550 non
621 3495 694 3549 ait
715 3541 729 3562 ,
755 3495 993 3559 Reddat;
1023 3494 1115 3549 sed
1137 3536 1150 3560 ,
1184 3494 1377 3548 Reddet
1403 3495 1477 3547 illi
1508 3492 1760 3550 Dominus
1784 3512 1868 3549 se-

291 3591 513 3644 cundum
541 3605 691 3657 opera
719 3589 828 3658 ejus
853 3586 1028 3655 :quod
1069 3585 1287 3641 verbum
1318 3587 1719 3654 pnenuntiantis
1748 3595 1869 3652 est,

291 3700 394 3736 non
415 3681 771 3752 imprecantis.
798 3679 948 3734 Sicut
975 3687 1028 3733 et
1052 3677 1118 3733 de
1143 3677 1228 3731 illa
1253 3677 1518 3749 hypocrisi
1546 3677 1870 3746 JtltiiPOI‘llm,

290 3773 356 3827 de
401 3788 502 3843 qua
555 3771 663 3841 jam
706 3771 905 3824 dictum
946 3769 1170 3833 est,cui
1218 3769 1548 3824 eversionem
1597 3770 1874 3828 imminere

291 3865 576 3928 cernebat,
620 3863 784 3930 dixit,
829 3861 1085 3916 Percutiet
1129 3870 1176 3915 te
1227 3860 1398 3928 Deus,
1443 3863 1608 3932 paries
1648 3862 1875 3916 dealbate

293 3956 517 4028 (Supra,
549 3973 664 4024 cap.
694 3956 782 4021 19,
819 3972 874 4009 n.
927 3954 1038 4024 58).
1091 3953 1370 4022 Prophete
1422 3964 1598 4007 autem
1645 3953 1874 4008 maxime

291 4051 465 4104 Solent
488 4050 649 4119 ﬁgura
674 4047 1013 4117 imprecantis
1037 4047 1207 4099 futura
1228 4046 1538 4115 praedicere,
1558 4047 1693 4100 sicut
1710 4046 1873 4114 ﬁgura

293 4141 550 4213 prtctcriti
597 4139 852 4208 temporis
891 4153 951 4191 ea
998 4153 1116 4207 qua:
1148 4147 1368 4191 ventura
1397 4147 1546 4191 erant
1571 4153 1712 4207 sa'pe
1739 4138 1875 4192 ceci-

294 4240 487 4288 nerunt
510 4249 522 4284 :
547 4230 685 4284 sicut
725 4236 807 4283 est
852 4227 975 4282 illud
998 4271 1011 4293 ,
1049 4229 1215 4293 Quare
1251 4227 1559 4298 fremuerunt
1599 4239 1796 4297 gentes,
1829 4239 1876 4284 et

295 4323 469 4395 populi
513 4320 738 4376 meditati
784 4329 899 4373 sunt
943 4319 1113 4372 inania
1153 4318 1323 4392 (Psal.
1353 4336 1420 4386 II,
1455 4320 1545 4391 1)?
1573 4319 1687 4376 NOII
1733 4323 1876 4377 enim

293 4415 454 4476 dixit,
486 4412 665 4479 Quare
693 4410 923 4465 frement
952 4419 1168 4480 gentes,
1197 4419 1251 4464 et
1281 4410 1454 4482 populi
1483 4413 1876 4470 meditabuntur

296 4506 504 4568 inania;
536 4519 655 4557 cum
687 4517 746 4557 ea
778 4517 882 4556 non
908 4501 1054 4572 quasi
1079 4501 1188 4570 jam
1225 4511 1485 4556 transacta
1515 4505 1876 4573 meminisset,

295 4595 387 4652 sed
417 4606 634 4650 ventura
665 4594 1008 4665 prospiceret.
1043 4593 1170 4648 Tale
1199 4594 1358 4647 etiam
1389 4594 1514 4649 illttd
1540 4604 1649 4660 εει,
1683 4595 1877 4652 Divise-

294 4698 412 4742 runt
443 4686 535 4740 sibi
578 4687 864 4740 vestimenta
898 4702 1036 4748 utea,
1060 4694 1106 4738 et
1142 4701 1292 4754 super
1328 4686 1675 4740 vestimentum
1714 4705 1877 4744 meum

295 4782 534 4833 miserunt
559 4787 741 4831 sortem
776 4773 944 4849 (Psal.
975 4791 1090 4841 XXI,
1126 4774 1213 4846 l9)
1240 4783 1329 4830 :et
1371 4776 1456 4830 hic
1494 4778 1634 4832 enim
1662 4793 1767 4834 non
1797 4780 1876 4834 dio

295 4870 400 4933 xit,
441 4868 689 4922 Divitlent
729 4868 827 4923 sibi
873 4867 1186 4922 vestimenta
1236 4876 1462 4933 ntea,et
1511 4883 1671 4939 super
1718 4873 1879 4927 vesti-

297 4967 533 5014 mentum
583 4975 757 5012 meum
801 4958 1010 5013 mittent
1058 4967 1276 5012 sortem.
1317 4957 1426 5014 Nec
1471 4969 1644 5016 tamen
1681 4961 1748 5018 de
1792 4963 1878 5019 his

295 5051 472 5105 verbis
492 5050 768 5120 quisquam
791 5051 1164 5116 calumniatur,
1187 5053 1284 5105 nisi
1303 5052 1389 5120 qui
1407 5067 1512 5106 non
1530 5055 1690 5108 sentit
1705 5057 1872 5111 varie-

299 5157 458 5202 tatem
487 5146 638 5199 istam
659 5144 942 5213 figurarum
963 5145 1016 5198 in
1040 5144 1304 5214 loquendo
1322 5144 1451 5199 nihil
1469 5146 1675 5200 veritati
1696 5163 1874 5205 rerum

300 5237 538 5291 minuere
559 5278 574 5302 ,
599 5245 652 5290 et
689 5235 972 5307 plurimum
1019 5234 1216 5288 addere
1244 5233 1516 5290 affectibus
1553 5237 1874 5296 animorum.

371 5327 594 5384 CAPUT
628 5326 788 5381 XXII.
835 5356 904 5365 ——
930 5327 1018 5380 75.
1047 5325 1150 5381 Sed
1194 5326 1318 5380 illud
1350 5329 1516 5396 magis
1543 5339 1692 5400 urget
1722 5331 1874 5386 istam

300 5421 676 5491 quaestionem,
708 5418 849 5489 quod
897 5418 1026 5472 dicit
1069 5419 1341 5489 apostolus
1382 5418 1642 5486 Joannes,
1676 5420 1735 5476 Si
1767 5426 1878 5493 quis

300 5513 389 5566 scit
434 5527 636 5582 peccare
665 5513 874 5580 fratrem
917 5527 1061 5565 suum
1107 5521 1365 5581 peccatum
1397 5528 1493 5565 non
1535 5515 1603 5566 ad
1630 5524 1871 5580 mortem,

303 5601 602 5674 postulabit,
633 5611 679 5654 et
704 5602 840 5655 dabit
878 5603 953 5656 illi
997 5601 1245 5658 Dominus
1283 5603 1432 5657 ritum
1462 5605 1549 5676 qui
1585 5617 1755 5676 peccat
1775 5625 1877 5662 non

302 5697 370 5750 ad
395 5705 636 5750 mortem:
663 5704 734 5748 est
777 5705 943 5748 autem
986 5709 1243 5764 peccatum
1285 5696 1354 5750 ad
1390 5707 1634 5764 mortem;
1657 5715 1756 5754 non
1784 5718 1877 5770 pro

304 5789 393 5846 illo
423 5789 533 5843 dico
559 5799 611 5842 ut
639 5799 773 5858 roget
801 5788 845 5858 (I
863 5787 1018 5843 Joan.
1045 5806 1099 5857 v,
1130 5792 1240 5863 16).
1271 5792 1464 5863 Aperte
1482 5793 1626 5849 enim
1645 5794 1878 5852 ostendit

1644 345 1845 406 LIBER
1884 343 2156 402 PRIMUS.

3392 343 3532 402 ηαδ

1955 495 2076 536 esse
2099 479 2354 551 quosdam
2380 479 2566 535 fratres
2589 494 2682 550 pro
2699 480 2888 550 quibus
2913 494 3068 536 orare
3095 494 3202 536 non
3219 480 3372 537 nobis
3394 496 3532 552 prae-

1956 571 2169 640 cipitur,
2188 586 2306 627 cum
2330 571 2586 625 Dominus
2596 571 2755 625 etiam
2778 586 2873 640 pro
2888 571 3312 641 persecutoribus
3332 571 3530 627 nostris

1958 676 2114 716 orare
2155 661 2358 730 jubeat.
2386 660 2493 716 Nec
2519 662 2616 715 ista
2656 661 2879 730 qutestio
2909 663 3048 716 solvi
3089 671 3290 731 potest,
3323 661 3422 716 nisi
3449 661 3533 716 fa-

1959 762 2165 807 teamur
2208 767 2328 807 esse
2356 751 2527 821 aliqua
2569 760 2780 820 peccata
2819 753 2870 806 in
2898 751 3178 818 fratribus,
3207 768 3324 822 qua:
3356 751 3537 806 inimi-

1959 855 2142 897 corum
2173 845 2535 912 persecutione
2551 843 2791 911 graviora
2816 843 2940 896 sint.
2960 841 3174 897 Fratres
3197 852 3370 898 autem
3385 841 3540 897 Citri-

1961 934 2161 987 stianos
2208 931 2539 1001 signiﬁcare,
2572 931 2750 985 multis
2799 931 3095 985 divinarum
3146 931 3542 1001 Scripturarum

1961 1023 2294 1078 documentis
2341 1025 2552 1094 probari
2591 1033 2784 1096 potest.
2830 1025 3311 1079 Manifestissimum
3365 1033 3545 1079 tamen

1964 1113 2090 1168 illud
2117 1123 2232 1178 est,
2260 1114 2401 1184 quod
2431 1115 2718 1184 Apostolus
2750 1116 2819 1168 ita
2865 1114 3039 1184 ponit,
3083 1115 3440 1183 Sanctiﬁcatus
3464 1120 3544 1168 est

1963 1205 2096 1257 enim
2123 1205 2194 1258 vir
2223 1204 2444 1274 inﬁdelis
2470 1206 2521 1258 in
2546 1222 2703 1260 uxore
2722 1247 2736 1271 ,
2767 1215 2813 1258 et
2837 1207 3150 1274 sanctiﬁcata
3175 1215 3246 1259 est
3267 1204 3446 1258 mulier
3462 1207 3545 1258 in-

1965 1294 2129 1362 ﬁdelis
2155 1296 2205 1347 in
2229 1299 2400 1366 fratre.
2429 1295 2545 1350 Non
2574 1296 2715 1350 enim
2743 1294 2974 1361 addidit,
3004 1305 3216 1357 nostro;
3249 1294 3342 1350 sed
3373 1295 3548 1349 mani-

1965 1385 2154 1440 festum
2202 1386 2553 1452 existimavit,
2582 1403 2702 1442 cum
2733 1387 2912 1442 fratris
2937 1389 3153 1441 nomine
3197 1385 3546 1440 christianum

1967 1477 2184 1546 intelligi
2211 1479 2393 1540 voluit,
2422 1479 2508 1548 qui
2532 1477 2798 1532 inﬁdelem
2822 1477 3042 1532 haberet
3069 1493 3308 1531 uxorem.
3339 1478 3404 1530 Et
3428 1476 3550 1532 ideo

1967 1577 2123 1638 paulo
2154 1579 2271 1638 post
2295 1571 2450 1634 dicit,
2483 1570 2631 1636 Quod
2676 1572 2719 1623 si
2766 1569 2986 1638 inﬁdelis
3017 1569 3254 1634 discedit,
3284 1568 3551 1622 discedat:

1968 1681 2066 1718 non
2089 1675 2254 1718 autem
2283 1665 2507 1719 servituti
2533 1664 2785 1735 subjectus
2811 1673 2881 1718 est
2908 1667 3066 1734 frater
3088 1664 3164 1718 vel
3203 1679 3344 1717 soror
3372 1663 3424 1715 in
3451 1662 3551 1714 Int-

1959 1755 2189 1825 jusmodi
2210 1754 2253 1827 (I
2282 1755 2399 1812 Cor.
2427 1773 2519 1822 vn,
2551 1757 2636 1822 M,
2674 1756 2784 1827 15).
2817 1756 3094 1810 Peccatum
3127 1769 3254 1826 ergo
3279 1753 3458 1808 fratris
3483 1753 3553 1808 ad

1970 1857 2196 1902 mortem
2248 1857 2372 1917 puto
2419 1863 2572 1913 esse,
2603 1863 2724 1901 cum
2778 1855 2898 1916 post
2937 1847 3259 1917 agnitionem
3307 1845 3401 1899 Dei
3457 1861 3554 1914 per

1971 1939 2192 2008 gratiam
2225 1939 2434 1992 Domini
2459 1939 2627 1994 nostri
2656 1939 2781 1993 ιΙεειι
2809 1937 3008 1992 Christi
3035 1938 3257 2008 quisque
3283 1944 3556 2008 oppugnat

1971 2029 2383 2094 fraternitatem,
2413 2039 2464 2083 ct
2514 2029 2769 2084 adversus
2819 2028 2985 2098 ipsam
3030 2028 3285 2098 gratiam,
3313 2043 3416 2097 qua
3464 2042 3553 2081 reo

1971 2120 2282 2174 conciliatus
2325 2128 2406 2174 est
2441 2119 2578 2185 Deo,
2611 2118 2914 2173 invidentia:
2951 2118 3150 2173 facibus
3197 2118 3424 2188 agitatur
3449 2116 3552 2186 (a).

1972 2209 2252 2265 Peccatum
2295 2219 2470 2265 autem
2523 2226 2632 2265 non
2672 2211 2738 2264 ad
2783 2218 3007 2266 mortem
3050 2217 3160 2274 est,
3189 2210 3235 2264 si
3277 2209 3558 2278 quisquam

1972 2318 2076 2357 non
2099 2318 2335 2358 amorem
2363 2317 2393 2356 a
2414 2301 2576 2356 fratre
2620 2302 2946 2369 alienaverit,
2988 2301 3080 2356 sed
3107 2300 3275 2356 ofﬁcia
3305 2301 3556 2356 fraterni-

1973 2395 2096 2450 tatis
2121 2393 2293 2450 debita
2318 2410 2411 2464 per
2435 2395 2665 2465 aliquam
2692 2395 3050 2450 inﬁrmitatem
3076 2395 3239 2449 animi
3263 2410 3368 2452 non
3399 2393 3555 2449 exhi-

1972 2485 2164 2542 buerit.
2194 2485 2528 2556 QuaprOpter
2564 2497 2619 2541 et
2662 2485 2919 2540 Dominus
2964 2487 3019 2542 in
3061 2501 3221 2541 cruce
3247 2481 3349 2553 ait',
3379 2485 3558 2554 Pater,

1971 2577 2172 2649 ignosce
2202 2579 2320 2643 illis,
2346 2578 2464 2648 quia
2485 2579 2709 2632 nesciunt
2730 2578 2851 2648 quid
2870 2578 3064 2650 faciunt
3086 2576 3234 2650 (Luc.
3254 2594 3400 2644 XXIII,
3426 2578 3518 2649 56)
3541 2597 3556 2634 :

1974 2668 2211 2724 nondum
2238 2670 2381 2724 enim
2412 2670 2593 2740 gratiae
2633 2666 2864 2739 Spiritus
2907 2670 3074 2724 sancti
3111 2669 3398 2738 participes
3433 2668 3560 2724 facti

1975 2760 2284 2814 societatem
2331 2768 2528 2814 sanctae
2573 2759 2917 2814 fraternitatis
2963 2758 3212 2813 inierant.
3258 2759 3328 2813 Et
3373 2759 3561 2814 beatus

1975 2851 2279 2920 Stephanus
2315 2851 2368 2905 in
2417 2851 2636 2906 Actibus
2679 2850 3057 2920 Apostolorqu
3101 2860 3218 2904 orat
3257 2866 3354 2921 pro
3402 2851 3480 2905 eis
3525 2865 3559 2906 a

1975 2942 2165 3014 quibus
2196 2942 2460 3013 lapidatur
2488 2941 2621 3014 (Act.
2653 2958 2756 3009 vn,
2787 2940 2908 3014 59);
2933 2943 3054 3012 quia
3087 2941 3320 2997 nondum
3345 2941 3560 2999 Christo

1975 3037 2343 3100 crediderant,
2374 3052 2544 3106 neque
2589 3035 2845 3091 adversus
2889 3035 3032 3090 illam
3061 3050 3402 3092 communem
3431 3049 3559 3106 gra-

1977 3127 2103 3181 tiam
2153 3126 2497 3181 dimicabant.
2557 3127 2622 3181 Et
2670 3126 2941 3198 apostolus
2993 3125 3189 3181 Paulus
3243 3136 3557 3197 propterea,

1974 3219 2296 3284 credo,non
2346 3227 2465 3271 orat
2515 3233 2614 3288 pro
2696 3217 3022 3281 Alexandro,
3063 3218 3184 3286 quia
3232 3217 3341 3286 jam
3391 3215 3560 3273 frater

1977 3318 2120 3373 erat,
2147 3316 2202 3362 et
2243 3307 2308 3361 ad
2350 3315 2576 3361 mortem
2597 3347 2611 3371 ,
2645 3307 2695 3360 id
2721 3317 2830 3372 est,
2863 3307 3146 3361 invidentia
3177 3307 3560 3364 fraternitatem

1977 3397 2368 3468 Oppugnando,
2419 3405 2748 3467 peccaverat.
2801 3396 2904 3452 Pro
2948 3396 3028 3451 his
3079 3406 3254 3451 autem
3318 3399 3407 3468 qui
3454 3414 3564 3454 non

1976 3488 2317 3558 abruperant,
2352 3488 2644 3554 amorem‘,
2681 3487 2771 3540 sed
2792 3487 2980 3541 timore
3018 3487 3424 3553 succubuerant,
3446 3499 3564 3544 orat

1977 3589 2037 3634 ut
2064 3579 2143 3634 cis
2192 3581 2511 3648 ignoscatur.
2551 3579 2638 3632 Sic
2671 3579 2812 3634 enim
2851 3579 2978 3633 dicit
3006 3596 3018 3630 :
3046 3579 3330 3633 Alexander
3351 3581 3564 3634 a'rarius

1976 3671 2138 3724 multa
2161 3669 2282 3722 mihi
2304 3669 2439 3722 mala
2460 3669 2673 3722 ostendit
2690 3683 2708 3732 ;
2725 3666 2897 3722 reddet
2919 3667 2997 3723 illi
3019 3668 3267 3722 Dominus
3288 3672 3562 3723 secundum

1977 3777 2129 3830 opera
2176 3761 2280 3833 ejus
2327 3775 2344 3813 :
2387 3777 2530 3828 quem
2583 3770 2629 3812 et
2684 3770 2734 3812 tu
2786 3757 2980 3820 devita;
3011 3760 3156 3813 valde
3209 3761 3339 3814 enim
3383 3763 3563 3816 restitit

1977 3853 2160 3906 nostris
2187 3852 2515 3905 sermonibus.
2556 3851 2752 3905 Deinde
2783 3852 3049 3920 subiungit
3076 3868 3170 3922 pro
3200 3853 3389 3922 quibus
3407 3865 3524 3910 orat
3543 3899 3561 3926 ,

1978 3943 2050 3996 ita
2075 3943 2255 3997 dicens
2283 3961 2294 3996 :
2325 3941 2391 3996 In
2428 3941 2588 4010 prima
2619 3958 2728 3994 mea
2755 3943 3044 4014 defensione
3066 3960 3209 3997 nemo
3230 3944 3353 3998 nti/ti
3380 3944 3558 4013 a/fuit,

1979 4033 2068 4086 sed
2093 4049 2262 4086 omnes
2282 4049 2358 4086 me
2377 4033 2748 4103 dereliquerunt
2773 4049 2790 4086 :
2807 4050 2907 4088 non
2928 4035 3029 4088 illis
3050 4034 3320 4103 imputetur
3340 4035 3405 4108 (ll
3431 4037 3560 4094 Tim.
3614 4105 3634 4110 η

1979 4142 2051 4190 Iv,
2086 4126 2296 4196 14-16).
3601 4113 3622 4182 ,⁵

2052 4217 2138 4271 74.
2166 4216 2266 4270 Ista
2287 4216 2579 4270 differentia
2620 4225 2954 4285 peccatorum
2990 4217 3178 4273 Judam
3212 4221 3506 4281 tradentem
3532 4245 3564 4284 a
3605 4237 3619 4251 ‘

1981 4307 2139 4363 Petro
2160 4317 2386 4379 negante
2411 4307 2687 4378 distinguit
2720 4325 2734 4358 :
2766 4321 2870 4363 non
2901 4309 3021 4378 quia
3046 4312 3319 4378 paenitenti
3362 4331 3466 4372 non
3494 4321 3564 4374 sit
3600 4296 3618 4368 ί

1981 4400 2392 4470 ignoscendum,
2420 4415 2487 4454 ne
2509 4407 2693 4454 contra
2724 4399 2867 4453 illam
2901 4404 3215 4458 sententiam
3241 4406 3444 4465 Domini
3468 4427 3563 4468 ve.
3607 4385 3618 4417 λ

1982 4495 2221 4556 niamus,
2269 4507 2369 4560 qua
2400 4491 2634 4560 przecipit
2665 4506 2874 4561 semper
2900 4493 3277 4562 ignoscendum
3304 4515 3422 4555 esse
3459 4502 3566 4558 fra-

1983 4584 2048 4638 tri
2077 4582 2274 4652 petenti
2299 4591 2354 4635 ut
2379 4581 2477 4634 sibi
2518 4583 2681 4636 frater
2708 4583 2944 4652 ignoscat
2973 4581 3120 4654 (Luc.
3151 4603 3295 4656 vaI,
3331 4590 3385 4663 5)
3422 4610 3436 4646 :
3468 4594 3563 4651 sed

1983 4675 2102 4744 quia
2135 4673 2273 4727 illius
2301 4674 2499 4744 peccati
2533 4682 2673 4726 tanta
2715 4674 2859 4730 labes
2884 4685 2998 4741 est,
3035 4687 3090 4732 ut
3117 4659 3431 4752 deprecandi
3463 4687 3562 4743 hu-
3610 4659 3631 4732 ἰ

1982 4765 2260 4819 militatem
2289 4765 2466 4819 subire
2485 4781 2588 4819 non
2615 4765 2812 4834 possit,
2844 4767 3004 4822 etiam
3030 4770 3074 4824 si
3106 4784 3378 4841 peccatum
3407 4793 3561 4835 suum

1981 4857 2118 4912 mala
2156 4857 2478 4912 conscientia
2505 4867 2557 4913 et
2585 4873 2874 4928 agnoscere
2915 4871 2969 4916 et
3002 4866 3278 4921 enuntiare
3321 4879 3558 4940 cogatur.

1981 4947 2113 5004 Cum
2141 4948 2278 5003 enim
2323 4948 2542 5004 dixisset
2581 4949 2774 5017 Judas,
2822 4949 3065 5019 Peccavi,
3106 4957 3240 5024 quod
3267 4961 3561 5018 tradiderim

1981 5040 2272 5110 sanguinem
2317 5041 2548 5112 justum;
2590 5041 2793 5096 facilius
2839 5051 3013 5096 tamen
3056 5043 3426 5114 desperatione
3466 5068 3561 5108 cu-

1979 5132 2228 5188 curritad
2260 5133 2504 5204 laqueum
2531 5132 2740 5202 (Matth.
2769 5149 2945 5199 xxvn,
2980 5136 3012 5190 4
3031 5177 3046 5202 ,
3076 5137 3165 5207 5),
3195 5155 3350 5209 quam
3382 5141 3561 5199 humi-

1983 5221 2132 5278 litate
2157 5229 2364 5278 veniam
2396 5226 2706 5293 deprecatus
2731 5236 2829 5279 est.
2858 5225 3191 5296 Quapropter
3218 5234 3439 5289 multum
3478 5238 3562 5292 in-

1982 5323 2146 5370 terest
2191 5317 2330 5386 quali
2378 5315 2702 5384 paenitentiae
2746 5316 2983 5385 ignoscat
3031 5319 3188 5374 Deus.
3227 5323 3373 5378 Multi
3420 5330 3561 5386 enim

1979 5409 2148 5461 multo
2185 5407 2342 5460 citius
2368 5421 2424 5460 se
2454 5408 2679 5460 fatentur
2705 5423 2985 5480 peccasse,
3011 5421 3168 5482 atque
3196 5414 3264 5468 ita
3308 5416 3408 5472 sibi
3444 5435 3564 5475 suc-

1983 5511 2206 5558 censent
2232 5511 2287 5556 ut
2317 5502 2660 5557 vehementer
2685 5518 2744 5559 se
2784 5520 3034 5576 peccasse
3076 5508 3310 5578 nollent;
3351 5513 3444 5568 sed
3486 5523 3562 5568 ta-

2049 5681 2062 5756 t
2085 5686 2193 5756 rost
2213 5680 2316 5756 haec
2329 5716 2343 5739 ,
2369 5693 2461 5756 non
2477 5679 2771 5756 abruperant
2785 5697 3014 5752 amorem,
3033 5689 3081 5739 in
3101 5689 3244 5742 editis
3265 5689 3472 5756 additur,
3494 5693 3562 5747 ad

1982 5746 2185 5804 mortem
2215 5755 2232 5791 :
2257 5743 2384 5804 quod
2401 5745 2542 5792 abest
2565 5743 2715 5794 altiss.

2049 5803 2123 5864 (tt)
2148 5811 2164 5851 ι
2188 5803 2388 5852 tteti'act.
2413 5819 2516 5868 cap.
2545 5805 2623 5864 19.
2647 5820 2696 5854 ιι.
2722 5809 2768 5858 7.
