3888 6334
352 355 485 410 1267

351 483 470 523 men
519 466 751 524 animum
792 462 855 516 ad
905 457 1279 540 luuniliandum
1324 465 1377 532 et
1419 449 1762 520 obterendum
1802 461 1915 512 eor,

349 557 834 628 implorandamque
863 553 1064 607 veniam
1090 566 1190 604 non
1213 550 1480 628 deponunt
1505 564 1516 599 :
1546 560 1702 614 quam
1731 540 1921 596 mentis

347 649 676 720 affectionem
701 687 722 706 ,,
747 654 958 714 pr0pter
987 641 1186 718 peccati
1227 635 1671 714 magnitudinem,
1709 633 1817 702 jam
1855 630 1920 684 de

347 739 685 798 damnatione
705 736 822 790 illos
843 723 1036 808 habere
1055 730 1376 807 credendum
1399 736 1498 790 est.

420 832 508 887 7.5.
529 829 596 886 Et
617 829 715 883 hoc
738 835 819 882 est
835 827 1053 882 l'ortasse
1081 837 1299 891 pet-care
1318 820 1367 872 in
1386 817 1636 886 Spiritum
1659 822 1918 880 sanetum,

346 921 401 978 id
431 930 551 985 est,
592 935 687 990 per
723 916 975 986 malitiam
1014 923 1068 969 et
1110 899 1391 974 invidiam,
1423 905 1708 972 fraternam
1749 918 1918 971 oppu-

347 1027 512 1086 gnare
527 1009 835 1065 eharitatem
852 1013 965 1074 post
976 1010 1244 1071 acceptam
1261 1000 1478 1082 gratiam
1497 995 1720 1076 Spiritus
1733 991 1919 1058 sancti,

348 1102 489 1173 quod
519 1108 787 1170 peceatum
816 1095 1065 1149 Dominus
1095 1107 1282 1162 neque
1307 1089 1422 1153 hic,
1459 1103 1626 1156 neque
1669 1087 1718 1140 in
1752 1086 1923 1140 futuro

349 1171 542 1248 saeculo
564 1188 749 1242 dimitti
776 1185 923 1241 dicit.
955 1182 1107 1238 Unde
1128 1181 1291 1251 quaeri
1317 1189 1486 1254 potest
1515 1188 1686 1230 utrum
1720 1175 1770 1228 iu
1802 1171 1921 1242 Spi-

347 1283 506 1338 ritum
552 1289 790 1334 sanctum
840 1274 1008 1330 Judtci
1052 1273 1416 1344 peccaverint,
1446 1267 1653 1338 quando
1679 1267 1924 1320 dixerunt

346 1371 487 1442 quod
526 1371 578 1425 in
618 1367 910 1424 Beelzebub
959 1365 1194 1435 principe
1243 1361 1620 1442 tltetnoniortun
1663 1356 1922 1422 daemonia

347 1447 602 1520 Dominus
631 1460 957 1530 expelleret:
991 1464 1167 1522 utrum
1204 1453 1302 1506 hoc
1347 1449 1399 1518 in
1440 1451 1610 1519 ipsum
1649 1448 1921 1500 Dominum

347 1555 544 1615 dictum
570 1553 888 1620 accipiamus
906 1590 920 1610 .
938 1547 1058 1619 quia
1089 1546 1157 1600 de
1185 1561 1244 1600 se
1270 1543 1396 1598 dicit
1421 1542 1525 1596 alio
1549 1542 1681 1602 loco,
1709 1539 1768 1593 Si
1793 1539 1921 1591 enim

348 1654 542 1717 patrem
582 1643 802 1713 familias
860 1627 1131 1692 Beelzebub
1179 1642 1506 1702 vocaverunt,
1544 1640 1726 1700 quanto
1765 1629 1923 1699 magis

347 1733 643 1788 domesticos
663 1733 768 1800 ejus
788 1727 998 1796 (Matth.
1028 1744 1064 1798 χ
1083 1768 1096 1791 ,
1124 1725 1254 1794 25)?
1285 1729 1364 1780 An
1392 1724 1635 1794 quoniam
1654 1721 1718 1775 dc
1737 1735 1922 1790 magna

348 1817 637 1877 invidentia
671 1819 956 1884 dixerant,
991 1817 1178 1888 ingrati
1213 1825 1317 1868 tam
1353 1814 1691 1882 praesentibus
1729 1809 1925 1864 benefi-

347 1912 480 1979 ciis,
509 1908 748 1981 quamvis
773 1891 1008 1962 nondum
1031 1905 1304 1960 christiani
1337 1904 1562 1962 fuerint,
1593 1909 1765 1954 tamen
1801 1916 1923 1970 pro-

347 2014 468 2080 pter
491 2003 658 2074 ipsam
691 1999 989 2056 invidentia:
1012 1998 1422 2068 magnitudinem
1455 1997 1504 2048 in
1537 1994 1784 2062 Spiritum
1812 2007 1924 2044 sano

347 2105 493 2152 ctum
507 2109 758 2167 peccasse
778 2090 1028 2147 credendi
1053 2089 1208 2144 sunt?
1232 2088 1344 2142 Non
1373 2087 1513 2141 enim
1545 2085 1643 2139 hoc
1665 2083 1925 2153 colligitur

349 2188 416 2242 de
437 2186 612 2242 verbis
639 2185 866 2240 Domini.
907 2183 1157 2250 Quamvis
1183 2182 1320 2234 enim
1341 2179 1526 2233 eodem
1559 2178 1675 2230 loco
1700 2176 1922 2240 dixerit,

355 2298 376 2332 ι
409 2281 736 2348 Quicumque
763 2276 905 2332 enim
935 2275 1126 2330 dixerit
1155 2273 1373 2328 verbum
1407 2286 1629 2340 nequam
1672 2268 1926 2340 adversus

350 2371 541 2427 Filium
572 2370 820 2433 hominis,
850 2367 1146 2423 remittetur
1165 2366 1212 2420 ei
1246 2383 1257 2418 :
1286 2365 1372 2436 qui
1395 2373 1568 2416 autem
1594 2361 1786 2416 dixerit
1811 2377 1928 2416 ver-

349 2464 478 2518 bum
502 2463 754 2518 adversus
793 2459 1045 2530 Spiritum
1082 2469 1318 2532 sanctum
1343 2499 1354 2521 ,
1392 2472 1494 2510 non
1524 2443 1814 2508 remittetur
1840 2451 1923 2521 ei,

351 2567 522 2624 neque
551 2550 602 2608 in
632 2555 728 2620 hoc
749 2551 964 2617 SLI‘CUIO,
995 2566 1164 2624 neque
1194 2550 1244 2602 iu
1279 2533 1483 2610 futuro;
1513 2565 1530 2597 ι
1563 2555 1737 2600 tamen
1761 2535 1926 2616 videri

350 2623 525 2718 potest
540 2633 604 2700 ad
623 2643 722 2699 hoc
739 2639 829 2699 eos
848 2629 1136 2706 monuisse,
1156 2650 1212 2695 ut
1235 2639 1486 2712 accedant
1515 2639 1577 2691 ad
1596 2638 1812 2709 gratiam
1831 2676 1846 2701 ,
1873 2623 1926 2690 et

351 2746 474 2812 post
500 2723 768 2808 acceptam
797 2733 1018 2806 gratiam
1047 2750 1149 2787 non
1182 2733 1249 2786 ita
1277 2739 1494 2803 peccent
1513 2772 1528 2796 ,
1555 2740 1608 2782 ut
1636 2744 1771 2782 nunc
1801 2743 1924 2796 pec-

352 2838 622 2884 caverunt.
653 2827 802 2882 Nunc
828 2827 969 2882 enim
999 2827 1047 2878 in
1076 2825 1262 2878 Filium
1295 2823 1522 2878 hominis
1550 2821 1927 2890 dixeruntver~

351 2917 477 2972 bum
508 2932 758 2987 nequam,
793 2925 844 2970 et
872 2903 1042 2986 potest
1075 2900 1151 2970 eis
1194 2911 1418 2980 dimitti,
1459 2912 1501 2966 si
1532 2909 1774 2980 conversi
1810 2907 1924 2982 lue:

352 3007 459 3082 rint
478 3050 492 3074 ,
537 3016 589 3061 et
618 3007 665 3061 ei
690 2987 1044 3071 crediderint,
1073 3013 1126 3076 et
1155 3004 1404 3078 Spiritum
1431 3014 1668 3057 sanctum
1707 3016 1920 3068 accepe.

352 3093 462 3150 rint
489 3115 503 3150 :
532 3112 638 3167 quo
663 3105 882 3166 accepto
920 3095 962 3148 si
992 3093 1298 3148 fraternitati
1332 3092 1594 3162 invidere,
1627 3083 1678 3145 et
1706 3088 1926 3167 gratiam

353 3204 510 3260 quam
549 3165 864 3257 acceperunt
905 3195 1206 3258 oppugnare
1247 3187 1542 3260 voluerint,
1577 3201 1677 3240 nou
1721 3186 1798 3240 eis
1843 3165 1925 3238 di?

353 3275 526 3342 mitti,
555 3293 726 3350 neque
756 3265 936 3332 in‘hoc
966 3276 1157 3331 sarculo
1195 3259 1368 3346 neque
1402 3276 1453 3329 iri
1495 3275 1683 3330 futuro.
1721 3266 1853 3344 Nam
1883 3276 1926 3329 si

355 3383 450 3424 eos
478 3368 555 3423 sic
585 3367 801 3421 haberet
828 3363 1205 3422 condemnatos
1224 3407 1238 3429 ,
1272 3375 1325 3419 ut
1361 3357 1498 3420 nulla
1530 3381 1650 3434 Spes
1671 3365 1772 3419 illis
1803 3365 1925 3419 reli-

352 3474 456 3529 qua
491 3468 658 3526 esset,
708 3475 808 3512 non
839 3457 1008 3511 adlmc
1039 3456 1327 3510 monendos
1357 3455 1648 3524 judicarct,
1679 3472 1801 3510 cum
1830 3455 1924 3522 atl-

352 3547 487 3603 didil
512 3549 694 3604 dicens
724 3568 736 3600 :
766 3549 863 3602 Aut
885 3549 1030 3621 [urite
1053 3551 1276 3600 arborem
1301 3547 1477 3600 bonum
1495 3590 1508 3612 ,
1527 3559 1570 3601 et
1589 3548 1805 3616 fructum
1820 3548 1925 3616 ejus

355 3641 536 3692 bonum
565 3658 584 3694 :
610 3650 696 3692 aut
724 3642 872 3712 facile
888 3641 1112 3692 arborem
1133 3637 1318 3690 malam
1338 3678 1351 3699 ,
1375 3646 1418 3690 et
1441 3641 1660 3709 fructum
1688 3639 1793 3703 eius
1815 3655 1922 3691 ma-

360 3730 462 3783 lum
491 3723 596 3801 (Id.
631 3748 730 3795 xu,
761 3731 977 3798 24-55).

425 3822 510 3875 76.
551 3821 636 3877 Sic
668 3822 840 3891 itaque
869 3821 996 3888 acci;
1019 3820 1155 3874 iatur
1180 3819 1472 3889 diligendos
1494 3817 1734 3873 inimicos
1772 3832 1920 3882 esse,

353 3921 408 3965 et
444 3911 874 3966 benefaciendum
920 3911 1001 3965 bis
1036 3910 1122 3982 qui
1169 3927 1264 3963 nos
1304 3911 1555 3971 oderunt,
1585 3917 1640 3962 et
1667 3907 1922 3978 orandum

352 4013 450 4070 pro
472 4000 656 4074 bisqui
687 4016 783 4074 nos
810 4009 1212 4069 persequuntur,
1241 4012 1294 4051 ut
1323 4016 1416 4068 pro
1433 3999 1740 4068 quibusdam
1764 3998 1919 4051 etiam

355 4093 574 4148 fratrum
619 4093 847 4162 peccatis
891 4090 1214 4160 intelligatur
1238 4107 1342 4144 non
1373 4099 1685 4157 praeceptum
1713 4105 1829 4143 esse
1869 4098 1925 4144 ut

353 4199 596 4251 oremus;
627 4201 691 4240 ne
721 4200 814 4254 per
839 4185 1148 4254 imperitiam
1188 4193 1421 4237 nostram
1449 4181 1622 4238 divina
1655 4179 1922 4250 Scriptura

357 4273 516 4346 (quod
558 4277 669 4329 ﬁeri
709 4292 811 4329 non
839 4277 1029 4344 potest)
1071 4290 1100 4328 a
1142 4290 1199 4328 sc
1225 4272 1503 4328 dissentire
1531 4273 1784 4327 videatur.
1817 4271 1924 4346 Sed

351 4376 528 4421 utrum
575 4368 710 4421 sicut
760 4383 854 4436 pro
903 4363 1211 4436 quibusdam
1260 4381 1362 4418 non
1402 4377 1481 4419 est
1520 4355 1810 4429 orandum,
1852 4365 1920 4417 ita

353 4459 509 4512 etiam
539 4469 722 4512 contra
759 4459 960 4528 aliquos
989 4448 1243 4510 orandum
1281 4457 1382 4523 sit,
1418 4456 1644 4510 nondum
1678 4458 1802 4508 satis
1831 4472 1923 4528 ap-

351 4548 545 4619 paruit.
582 4549 912 4606 Generaliter
950 4536 1086 4602 euim
1121 4541 1316 4602 dictqu
1344 4530 1470 4613 est,
1513 4547 1833 4613 Beuedicite,
1876 4557 1921 4622 et

353 4641 508 4692 nolite
545 4641 839 4694 maledicere
871 4659 883 4692 :
925 4650 976 4693 ct
1020 4624 1144 4694 illud
1167 4682 1178 4703 ,
1211 4639 1415 4694 Nemini
1456 4629 1641 4692 malum
1669 4659 1758 4711 pro
1790 4641 1921 4694 man

352 4731 613 4784 reddentes
663 4721 832 4801 (Rom.
879 4747 977 4792 xu,
1022 4721 1114 4796 liii,
1164 4733 1272 4803 17).
1317 4733 1418 4787 Pro
1465 4749 1568 4806 quo
1603 4744 1774 4786 autem
1819 4751 1918 4788 non

324 4889 328 4894 ‘
353 4837 501 4888 oras,
528 4838 630 4876 non
654 4824 808 4876 etiam
839 4831 1017 4876 contra
1047 4817 1188 4876 illum
1213 4815 1335 4878 'oras
1365 4843 1376 4878 :
1410 4833 1558 4893 potes
1579 4827 1716 4878 enim
1746 4827 1921 4882 videre

325 4902 328 4907 ’
353 4921 550 4966 certam
573 4913 684 4980 ejus
712 4928 915 4981 poenam
938 4954 949 4974 ,
984 4921 1035 4966 et
1065 4903 1270 4992 penitus
1297 4911 1627 4984 desperatam
1659 4916 1880 4970 salutem
1902 4959 1917 4982 ,

326 5002 406 5057 'et
435 5017 537 5055 non
568 5003 686 5071 quia
727 4997 877 5057 odisti
915 5019 1034 5057 cum
1055 5045 1070 5070 ,
1101 5001 1219 5058 ideo
1256 5019 1349 5073 pro
1381 4993 1468 5057 illo
1498 5023 1598 5061 non
1641 5022 1791 5070 oras;
1827 5007 1918 5062 sed

352 5093 470 5161 quia
501 5087 810 5147 sentis'niliil
838 5103 886 5148 te
911 5109 1067 5164 posse
1094 5078 1368 5164 pi‘Olicere,
1392 5083 1440 5149 et
1467 5089 1755 5150 orationem
1781 5087 1918 5152 tuam

349 5200 456 5238 non
489 5183 567 5237 vis
607 5183 790 5254 repelli
820 5201 846 5237 a
871 5172 1161 5252 justissima
1187 5175 1381 5255 judice.
1417 5175 1520 5240 Sed
1557 5187 1679 5256 quid
1720 5173 1920 5258 agimus

348 5273 416 5329 de
447 5275 530 5329 bis
555 5284 734 5329 contra
766 5292 895 5344 quos
931 5288 1135 5330 oratum
1167 5292 1194 5329 a
1224 5275 1427 5331 Sanctis
1441 5257 1777 5346 accepimus,
1815 5257 1916 5332 non

347 5377 407 5421 ut
437 5365 844 5433 corrigerentur,
874 5383 992 5420 nam
1025 5367 1122 5422 hoc
1154 5367 1308 5420 modo
1340 5367 1507 5436 potius
1531 5384 1624 5438 pro
1652 5367 1779 5438 ipsis
1803 5385 1920 5423 ora-

349 5468 458 5511 tum
509 5468 621 5516 est;
665 5457 754 5508 scil
800 5455 862 5509 ad
914 5457 1050 5509 illam
1082 5455 1314 5510 ultimam
1345 5455 1770 5513 (lamuatioiwm:
1815 5477 1915 5514 non

346 5550 481 5603 sicut
512 5555 691 5600 contra
727 5545 929 5598 Dan-iui
961 5546 1261 5599 tradilnrcm
1295 5561 1385 5610 [ρι’
1414 5548 1754 5616 prophetam;
1798 5567 1914 5604 nam

347 5639 432 5690 illa
456 5678 469 5700 ,
499 5648 552 5689 ut
580 5638 771 5689 dictum
812 5645 893 5689 est
913 5677 926 5699 ,
976 5637 1244 5703 praedictio
1275 5637 1564 5690 futuri'u'utu
1589 5679 1602 5701 ,
1639 5655 1739 5692 non
1767 5651 1915 5708 Opta-

345 5728 421 5780 tln
450 5727 688 5798 supplicii
729 5726 823 5784 fuit
851 5741 864 5779 :
897 5712 991 5780 nec
1020 5721 1155 5782 sicut
1193 5728 1258 5781 ab
1289 5714 1540 5801 Apostolo
1573 5740 1754 5784 contra
1794 5731 1913 5801 Ale-

1159 345 1242 399 DE
1284 339 1601 396 SERMONE
1643 333 1871 392 DOMINI
1917 330 1982 386 1εὸ
2019 331 2270 404 ΜΟΝΤΒ,
2313 333 2370 389 S.
2410 331 2772 391 AUGUSTINI

3457 329 3604 386 ηδε

2030 447 2321 513 xandrutn;
2352 463 2473 518 nam
2511 457 2562 502 et
2612 447 2733 518 inde
2778 445 2886 524 jam
2925 447 3054 504 satis
3101 446 3304 528 dictum
3328 453 3413 502 est
3449 465 3470 500 ε
3514 448 3623 524 sed

2025 542 2161 596 sicut
2199 543 2250 596 in
2289 542 2604 612 Apocalypsi
2642 541 2859 600 Joannis
2900 540 3124 615 legimus
3152 536 3418 610 martyres
3446 556 3613 596 orare

2027 642 2082 686 ut
2112 633 2440 698 vindicentur
2469 634 2647 704 (Apoc.
2680 648 2759 697 γι,
2790 633 2875 700 10)
2901 647 2917 697 ;
2958 647 3078 702 cum
3107 632 3198 687 ille
3227 631 3434 701 primus
3465 649 3614 686 mar-

2029 731 2110 794 tyr
2140 734 2192 780 ut
2221 722 2598 796 lapidatoribus
2626 724 2735 798 suis
2764 723 3143 791 ignosceretur,
3173 723 3426 778 oraverit.

2096 813 2183 870 77.
2217 814 2320 888 sed
2365 815 2491 884 hinc
2531 829 2633 871 non
2665 822 2874 888 oportet
2918 813 3134 872 moveri.
3167 813 3297 880 Quis
3325 815 3468 868 enim
3512 830 3611 870 au-

2021 906 2150 982 deat
2174 907 2472 977 afﬁrmare,
2501 922 2625 968 cum
2659 889 2921 982 illi-sancti
2959 903 3220 980 candidati
3250 921 3312 979 se,
3340 905 3614 980 vindicari

2026 997 2272 1066 petierint
2291 1039 2304 1057 .
2334 1004 2512 1060 utrum
2536 1004 2718 1062 contra
2748 981 2897 1068 ipsos.
2912 995 3152 1066 homines
3171 1036 3184 1059 ,
3215 1010 3279 1055 an
3305 1007 3493 1052 contra
3531 1014 3619 1054 rc-

2025 1103 2186 1160 gnum
2219 1087 2417 1158 peccati
2441 1088 2717 1158 petierint?
2740 1087 2870 1154 Nam
2896 1088 3005 1156 ipsa
3027 1097 3111 1166 est
3136 1088 3341 1162 sincera
3367 1098 3423 1146 et
3454 1091 3620 1158 plena

2023 1179 2240 1250 justitia)
2268 1190 2322 1236 et
2351 1180 2729 1238 misericordiae
2755 1180 2985 1240 vindicta
3013 1189 3302 1256 martyrum
3321 1223 3338 1246 ,
3373 1193 3430 1236 ut
3459 1198 3619 1237 ever-

2028 1279 2167 1326 tatur
2196 1287 2415 1341 regnum
2468 1271 2697 1342 peccmi,
2726 1286 2830 1346 quo
2867 1280 3130 1340 regnante
3155 1281 3320 1342 tanta
3364 1276 3617 1344 perpessi

2027 1371 2167 1420 sunt.
2202 1362 2282 1418 Ad
2309 1363 2458 1430 cujus
2483 1362 2810 1420 eversionem
2838 1363 3020 1418 nititur
3040 1364 3321 1434 Apostolus
3340 1404 3366 1428 ,.
3389 1364 3580 1432 dicens
3597 1384 3615 1419 ε

2031 1452 2152 1520 Non
2193 1470 2310 1524 ergo
2352 1464 2519 1528 regnet
2563 1462 2820 1524 peccatum
2855 1454 2908 1508 in
2953 1464 3112 1530 vestrp
3157 1457 3356 1509 mortali
3399 1474 3619 1528 corpore

2033 1542 2206 1616 (Rom.
2237 1560 2285 1596 vr
2305 1585 2318 1608 ,
2349 1543 2461 1614 l2).
2495 1542 2792 1600 Destruitur
2819 1553 2992 1599 autem
3034 1555 3088 1620 et
3129 1549 3380 1612 evertitur
3407 1549 3620 1618 peccati

2028 1648 2277 1714 regnum,
2324 1633 2511 1700 partim
2554 1635 2881 1690 correctione
2926 1634 3228 1702 hominum,
3269 1645 3327 1690 ut.
3351 1653 3478 1714 caro
3505 1641 3619 1707 spi-

2029 1723 2149 1776 ritui
2189 1723 2532 1800 subjiciatur;
2582 1723 2768 1792 partim
2796 1713 3129 1796 damnatione
3159 1713 3617 1796 persevcrantitun

2028 1812 2080 1866 in
2125 1822 2374 1882 peccato,
2423 1821 2477 1868 ut
2525 1813 2592 1868 ita
2627 1815 2828 1884 justitia
2858 1814 3188 1883 ordinentur,
3220 1827 3273 1870 ut
3293 1819 3453 1886 justis
3489 1836 3615 1874 cum

2029 1903 2238 1972 Christo
2269 1906 2608 1975 regnantibus
2641 1905 2844 1984 molesti
2867 1887 2991 1961 esse
3026 1922 3128 1958 non
3153 1909 3370 1980 possint.
3402 1909 3617 1981 Intuere

2029 1998 2324 2064 apostolum
2357 1998 2604 2076 Paulum;
2640 1979 2815 2052 nonne
2845 1999 2934 2052 tibi
2967 1999 3173 2052 videtur
3200 2000 3250 2074 in
3289 2001 3466 2070 seipso
3493 1979 3618 2071 Ste-

2030 2080 2260 2171 phanum
2289 2071 2570 2159 martyrem
2599 2089 2898 2164 vindicare,
2921 2105 3039 2142 cum
3067 2090 3193 2148 dicit
3222 2071 3247 2146 :b
3269 2091 3392 2146 Non
3421 2095 3494 2146 sic
3521 2113 3620 2166 pti-

2031 2198 2127 2254 guo
2147 2221 2162 2246 ,
2196 2191 2430 2254 tauquam
2450 2198 2613 2234 aerem
2638 2183 2870 2248 credens;
2891 2183 2976 2252 sed
3001 2184 3188 2252 castigo
3216 2200 3397 2254 corpus
3425 2203 3615 2258 meum,

2030 2280 2074 2325 et
2099 2271 2319 2335 servituti
2347 2271 2552 2341 subjicio
2576 2273 2614 2341 (l
2637 2272 2749 2326 Cor.
2781 2287 2864 2338 lx,
2893 2271 2996 2346 26,
3025 2272 3151 2345 27)ἷ¹
3177 2273 3306 2330 Nam
3342 2275 3444 2331 hoc
3471 2278 3522 2330 in
3553 2293 3614 2334 se

2029 2360 2207 2430 utique
2238 2363 2630 2432 prosteruehat,
2664 2369 2716 2414 ct
2749 2361 3086 2428 debilitabat,
3118 2374 3173 2430 et
3200 2364 3394 2438 victum
3424 2367 3441 2397 ³
3464 2368 3618 2426 ordi-

2030 2455 2206 2530 nabat,
2260 2451 2396 2507 unde
2426 2453 2748 2522 Stephamun
2799 2463 3123 2524 canorosque
3149 2449 3481 2514 Christianos
3502 2460 3620 2530 lue-

2029 2554 2110 2598 rat
2133 2531 2458 2614 persecutus.
2488 2542 2615 2608 Quis
2640 2558 2768 2611 ergo
2790 2539 3053 2598 convincit
3089 2557 3350 2620 martyres
3393 2529 3612 2620 sanctos

2031 2650 2138 2688 non
2161 2635 2315 2688 talem
2341 2650 2487 2706 suam
2514 2629 2804 2688 vindictam
2823 2650 2853 2688 a
2887 2635 3106 2712 Domino
3130 2652 3251 2694 esse
3275 2637 3614 2710 ἀρρερωωε,

2028 2738 2150 2778 cum
2199 2723 2356 2794 etiam
2409 2723 2565 2777 linem
2615 2720 2770 2798 hujus
2799 2724 3011 2791 surculi,
3053 2724 3104 2778 iu
3146 2741 3249 2795 quo
3282 2736 3424 2797 tanta
3456 2731 3619 2796 exitia

2030 2816 2390 2885 pertulerunt,
2437 2813 2502 2867 ad
2552 2830 2700 2868 suam
2749 2801 3031 2870 vindictam
3072 2818 3341 2886 potuerint
3392 2799 3617 2888 licenter;

2031 2905 2254 2978 Optare?
2285 2905 2436 2972 Quod
2483 2907 2570 2978 qui
2613 2915 2797 2972 orant,
2841 2891 2896 2962 et
2937 2924 3034 2978 pro
3061 2907 3287 2975 inimicis
3313 2912 3422 2972 suis
3452 2891 3618 2980 orant

2030 2998 2118 3067 qui
2149 2996 2412 3074 sanabiles
2441 3006 2589 3060 sunt,
2623 3004 2677 3051 et
2704 3007 2885 3050 contra
2916 2985 3033 3052 illos
3061 2991 3166 3052 non
3191 3011 3343 3078 orant
3371 3003 3392 3064 ι
3419 2989 3510 3074 qui
3534 3004 3615 3076 in—

2031 3081 2290 3145 sanabiles
2319 3093 2437 3144 esse
2463 3089 2741 3146 voluerunt
2765 3109 2776 3143 :
2805 3091 2922 3164 quia
2955 3091 3096 3165 Deus
3115 3083 3315 3163 quoque
3339 3097 3614 3162 puniendo

2032 3175 2150 3234 illos
2182 3173 2282 3232 non
2311 3189 2390 3232 est
2418 3179 2707 3234 malevolus
2730 3191 2914 3247 tortor,
2945 3181 3373 3254 sedjustissimus
3393 3167 3618 3244 ordinas

2032 3265 2133 3324 lor.
2165 3267 2288 3324 Sine
2315 3270 2418 3322 ulla
2449 3285 2575 3340 ergo
2599 3270 2926 3328 dubitatione
2950 3259 3225 3346 diligamus
3255 3274 3494 3330 inimicos
3516 3294 3613 3331 no-

2030 3363 2202 3424 stros,
2231 3359 2620 3431 benefaciamus
2646 3361 2728 3414 his
2757 3363 2844 3432 qui
2873 3356 3103 3417 oderunt
3136 3379 3263 3430 nos,
3305 3376 3356 3420 et
3398 3381 3613 3424 oremus

2031 3468 2128 3522 pro
2152 3451 2229 3504 eis
2263 3452 2348 3520 qui
2381 3467 2477 3506 nos
2508 3464 2905 3524 persequuntur.
3591 3433 3594 3436 i

2099 3535 2322 3599 CAPUT
2367 3543 2551 3599 XXIII.
2583 3576 2652 3586 —
2681 3545 2767 3600 78.
2810 3534 2959 3614 Quod
3004 3557 3178 3603 autem
3219 3561 3608 3618 consequenter

2030 3627 2254 3705 positum
2288 3645 2368 3689 est
2392 3680 2404 3699 ,
2443 3631 2507 3692 Ut
2532 3639 2640 3691 sitis
2666 3639 2751 3704 filii
2776 3636 2944 3692 Patris
2973 3643 3121 3694 vestri
3144 3643 3229 3711 qui
3264 3646 3314 3696 in
3343 3647 3478 3698 uelis
3508 3657 3608 3712 est,

2029 3737 2093 3784 ex
2121 3727 2205 3782 illa
2235 3730 2411 3802 regula
2439 3727 2831 3798 intelligendum
2861 3741 2971 3798 est,
2999 3749 3100 3804 qua
3121 3747 3174 3788 et
3202 3734 3432 3790 Joannes
3459 3738 3606 3804 dicit,

2028 3819 2178 3904 Dedit
2198 3821 2298 3874 illis
2327 3831 2611 3886 potestatem
2634 3821 2764 3892 filios
2908 3815 3018 3892 ﬁeri
3046 3821 3219 3896 (Joau.
3249 3844 3288 3893 ι,
3323 3827 3431 3899 l2).
3459 3828 3607 3892 Unus

2027 3912 2167 3968 enim
2199 3912 2502 3966 naturaliter
2540 3909 2702 3966 Filius
2728 3922 2842 3987 est,
2882 3915 2971 3984 qui
3017 3916 3182 3988 nescit
3222 3920 3438 3972 omnino
3485 3937 3605 3988 pce-

2027 4019 2148 4059 care
2179 4021 2192 4055 :
2223 4016 2318 4056 nos
2363 4012 2535 4056 autem
2579 3991 2834 4072 potestate
2862 4005 3078 4076 accepta
3119 4006 3382 4061 efficimur
3412 4009 3520 4075 ﬁlii,
3551 4012 3599 4065 in

2029 4103 2281 4164 quantum
2301 4109 2362 4147 ea
2383 4108 2500 4164 quze
2524 4092 2591 4147 ab
2617 4094 2704 4148 illo
2732 4094 3104 4164 prmcipiuntur
3131 4097 3428 4166 implemus.
3455 4100 3602 4155 Unde

2026 4181 2313 4267 apostolica
2361 4183 2635 4250 disciplina
2697 4181 3035 4251 adoptionem
3069 4180 3344 4262 appellat.
3402 4206 3500 4258 qua
3551 4193 3598 4243 iu

2026 4283 2278 4327 aatcrnam
2307 4271 2666 4326 lucreditatem
2691 4267 2960 4341 vocamur,
2994 4284 3050 4328 ut
3075 4269 3384 4335 colueredes
3408 4274 3598 4336 Christi

2026 4373 2144 4418 esse
2183 4362 2444 4432 possimus
2487 4351 2662 4432 (liam.
2695 4373 2814 4425 vui,
2852 4353 2951 4430 l7,
2985 4373 3030 4418 et
3075 4353 3244 4440 cum.
3274 4348 3345 4429 tv,
3379 4369 3452 4440 5).
3483 4369 3597 4427 Filii

2025 4470 2151 4523 ergo
2179 4454 2436 4507 ellicimur
2462 4449 2859 4524 regeneratione
2897 4443 3152 4524 spirituali
3171 4499 3186 4520 ,
3210 4437 3261 4512 et
3290 4437 3600 4528 adoptainur

2026 4544 2080 4599 in
2111 4553 2327 4614 regmim
2358 4543 2483 4609 Dei,
2514 4560 2617 4598 non
2645 4554 2885 4614 tanquam
2911 4547 3068 4600 alieni
3092 4539 3230 4611 ,‘sed
3257 4559 3505 4621 tanquam
3533 4553 3599 4608 ab

2025 4635 2117 4691 illo
2145 4635 2265 4692 facti
2304 4638 2544 4692 et'creati
2569 4654 2584 4690 :
2618 4625 2674 4691 ut
2702 4653 2862 4692 unum
2893 4631 2958 4692 sit
2997 4632 3307 4695 lm’neliciiun
3331 4684 3344 4707 ,
3373 4660 3476 4712 quo
3505 4662 3596 4699 nos

2025 4723 2286 4782 l‘ei‘itesse
2312 4743 2406 4797 per
2426 4719 2858 4799 omnipotentiam
2911 4747 3097 4796 suam,
3145 4748 3262 4787 cum
3305 4719 3426 4788 ante
3468 4735 3592 4790 nihil

2026 4829 2296 4882 essemus;
2324 4817 2544 4872 alterum
2571 4831 2674 4889 quo
2701 4820 3000 4887 adoptavit,
3032 4831 3085 4874 ut
3112 4840 3230 4876 cum
3258 4839 3322 4878 eo
3353 4815 3594 4896 tanquam

2027 4901 2116 4962 ﬁlii
2150 4905 2251 4962 vita
2292 4919 2484 4962 acterna
2527 4925 2620 4977 pro
2648 4899 2822 4963 nostra
2850 4910 3246 4980 participatione
3283 4899 3590 4973 fruerentur.

2024 4994 2204 5067 Itaque
2234 4995 2431 5051 nou'ait
2456 5040 2470 5062 ,
2499 4993 2676 5052 Facite
2706 4997 2804 5052 ista
2824 5039 2840 5067 ,
2867 4999 2988 5068 quia
3011 5001 3138 5056 estis
3172 4995 3300 5070 lilii';
3345 5006 3469 5074 sed,
3492 4999 3587 5062 Fa-

2025 5090 2128 5143 clte
2154 5087 2284 5151 ista,
2314 5097 2370 5142 ut
2389 5086 2502 5141 sitis
2524 5085 2635 5142 ﬁlii.
3379 5081 3382 5084 ’
3457 5091 3466 5095 ’

2096 5180 2180 5233 79.
2225 5177 2354 5234 Cum
2375 5189 2548 5232 autem
2575 5175 2640 5232 ad
2672 5178 2770 5233 hoc
2795 5195 2890 5234 nos
2909 5189 3060 5237 vocat
3091 5198 3185 5251 per
3206 5181 3376 5253 ipsum
3400 5183 3583 5258 Unige-

2029 5270 2226 5335 ultum,
2258 5269 2322 5322 ad
2351 5269 2750 5322 similitudinem
2802 5285 2947 5324 suam
2977 5287 3072 5326 nos
3097 5267 3268 5343 vocat.
3299 5275 3391 5332 llle
3412 5267 3550 5332 enim
3571 5320 3585 5348 ,

2025 5360 2159 5414 sicut
2184 5368 2569 5428 conSequenter
2599 5359 2759 5427 dicit,
2803 5362 2954 5414 solem
2979 5380 3124 5416 suunt
3153 5356 3274 5418 oriri
3299 5369 3420 5434 facit
3449 5386 3587 5440 super

2026 5452 2177 5504 bonos
2204 5460 2248 5502 et
2277 5451 2460 5514 malos,
2494 5463 2538 5503 et
2574 5449 2701 5519 pluit
2745 5469 2895 5518 super
2931 5453 3097 5520 justus
3123 5465 3166 5505 et
3208 5457 3439 5526 injustas.
3473 5461 3586 5517 Slve

2025 5542 2193 5597 solem
2223 5555 2372 5593 suum
2403 5557 2506 5594 non
2539 5541 2693 5594 istum
2723 5541 2928 5596 carneis
2955 5544 3124 5598 oculis
3151 5545 3406 5602 visibilem
3451 5552 3581 5605 acci-

2087 5682 2102 5712 ¹
2122 5680 2342 5736 Undecim
2360 5687 2488 5740 Mss,
2504 5678 2658 5732 tinctu
2713 5719 2724 5731 .

2087 5743 2106 5772 ¹
2131 5751 2232 5790 MSS.
2258 5741 2372 5794 duo.
2402 5743 2446 5791 et
2466 5737 2630 5792 contra

2086 5743 2106 5772 υ
2131 5751 2232 5790 MSS.
2258 5741 2372 5801 duo,
2402 5743 2446 5791 et
2466 5741 2630 5792 contra
2652 5741 2758 5815 illos
2778 5747 2950 5809 oram;
2969 5747 3142 5796 omissa
3161 5753 3433 5812 negatione.
