3888 6322
357 305 493 364 1271

353 425 463 482 hoc
485 441 606 481 eum
635 425 972 497 prohibuisse
995 433 1052 480 ιιι
1078 431 1224 479 recte
1272 423 1363 477 fiat
1401 437 1581 478 coram
1629 417 1953 483 hominibus,

354 517 452 574 sed
480 533 548 574 ne
567 518 636 573 ob
663 517 712 572 id
742 518 875 572 forte
900 526 1045 573 recte
1087 515 1177 570 flat
1208 530 1388 571 coram
1430 513 1752 580 hominibus,
1779 522 1837 567 ut
1872 512 1955 566 vi-

355 608 579 666 deamur
603 610 670 666 ab
705 610 804 674 eis,
838 609 889 663 id
919 618 1022 675 est,
1051 618 1105 663 ιιι
1132 606 1235 664 hoc
1267 608 1589 673 intueamur,
1611 615 1666 660 et
1694 604 1763 659 ibi
1795 604 1953 658 linem

358 701 526 756 nostri
558 700 813 774 propositi
832 700 1174 756 eollocemus.

428 792 483 847 5.
510 792 640 847 Nam
664 801 718 847 ct
740 792 1025 862 Apostolus
1050 791 1194 857 dicit,
1234 788 1296 845 Si
1331 789 1499 843 adhuc
1527 786 1810 842 hominibus
1842 785 1955 859 pla-

353 900 539 949 cerem,
567 884 753 939 Christi
800 900 967 938 servus
1010 899 1111 937 non
1158 898 1318 937 essem
1361 878 1573 961 (Calai.
1601 895 1640 946 ι,
1672 878 1798 949 10);
1829 893 1952 934 cum

353 973 466 1030 alio
481 974 599 1032 loco
626 975 788 1040 dicat,
823 973 1028 1028 Placete
1046 973 1273 1028 omnibus
1304 988 1393 1045 per
1417 972 1610 1035 omnia,
1641 971 1767 1025 sicut
1786 978 1835 1022 et
1858 985 1955 1040 ego

355 1065 589 1120 oneribus
614 1083 706 1138 per
732 1066 902 1120 omnia
924 1068 1098 1138 placeo
1133 1064 1172 1137 (Ι
1199 1064 1315 1119 (ἔον.
1339 1080 1393 1129 ιι,
1421 1063 1514 1133 52,
1542 1062 1651 1134 55).
1680 1061 1833 1128 Quod
1862 1061 1954 1131 qui

354 1172 467 1215 non
493 1157 813 1232 intelligunt,
854 1159 1177 1215 contrarium
1205 1167 1423 1228 putant;
1452 1172 1573 1212 cum
1604 1155 1690 1211 ille
1722 1152 1953 1209 sedixe-

351 1249 428 1308 rit
447 1266 552 1306 non
570 1253 782 1324 placere
804 1251 1126 1316 hominibus,
1152 1251 1274 1323 quia
1296 1263 1401 1305 neu
1425 1248 1544 1305 ideo
1565 1256 1709 1304 recte
1729 1246 1957 1301 faciebat

354 1350 423 1397 ιιι
448 1342 677 1414 placeret
709 1343 1032 1409 hominilms,
1069 1342 1161 1398 sed
1187 1350 1244 1397 ut
1269 1341 1400 1409 Deo,
1425 1339 1491 1395 ad
1521 1338 1673 1410 cujus
1713 1352 1954 1393 amorem

352 1434 519 1490 corda
538 1434 812 1491 hominum
836 1436 1393 1502 volebatconvertere,
1410 1448 1476 1489 eo
1504 1432 1621 1504 ipso
1647 1446 1754 1503 quo
1774 1430 1955 1502 place-

353 1522 453 1583 bat
486 1526 808 1583 hominibus.
855 1527 1037 1599 Itaque
1063 1536 1250 1583 etnon
1293 1541 1353 1582 se
1396 1526 1610 1597 placere
1651 1521 1955 1579 hominibus

354 1628 505 1676 recte
528 1619 757 1684 dicebat,
786 1621 907 1689 quia
930 1621 981 1675 in
1005 1635 1072 1676 eo
1095 1620 1210 1691 ipso
1229 1629 1287 1675 ut
1311 1619 1419 1675 Deo
1448 1618 1682 1688 placeret
1716 1616 1955 1673 intueba-

353 1717 481 1767 tur:
510 1720 564 1766 et
590 1710 903 1780 placendum
931 1726 1053 1767 esse
1081 1711 1384 1766 hominibus
1408 1720 1553 1767 recte
1593 1708 1953 1781 prmcipiebat,

352 1817 465 1858 non
488 1811 544 1857 ut
564 1801 667 1858 hoc
694 1812 1035 1873 appeteretur
1072 1811 1322 1873 tanquam
1370 1816 1576 1858 merces
1607 1809 1750 1856 recte
1792 1801 1958 1855 facto-

352 1910 474 1953 rum
497 1912 510 1960 ;
536 1895 630 1952 sed
659 1897 783 1965 quia
811 1897 919 1952 Deo
948 1896 1159 1967 placere
1189 1912 1293 1951 non
1320 1905 1520 1966 posset,
1546 1896 1637 1967 qui
1674 1910 1780 1950 non
1802 1908 1864 1950 se
1890 1893 1957 1948 iis

354 2000 492 2057 quos
518 1988 696 2042 salvos
737 1988 847 2043 licri
881 1988 1046 2044 vellet
1065 1987 1330 2060 pneberet
1374 1987 1686 2044 imitandum
1715 2005 1728 2040 :
1761 1986 1956 2043 imitari

352 2087 533 2134 autem
566 2078 713 2134 illum
746 2079 834 2149 qui
883 2078 987 2134 sibi
1008 2095 1113 2135 non
1145 2080 1426 2150 placuerit,
1458 2080 1603 2135 nullo
1629 2088 1783 2150 pacto
1806 2077 1955 2149 quis-

352 2184 512 2242 quam
557 2179 749 2240 potest.
778 2169 926 2227 Sicut
953 2186 1080 2242 ergo
1110 2188 1214 2227 nou
1241 2170 1471 2227 absurde
1507 2172 1834 2242 loqueretur,
1865 2172 1956 2244 qui

354 2262 578 2331 diceret,
611 2262 666 2318 lu
698 2264 793 2319 hac
822 2280 983 2334 opera
1030 2280 1135 2335 qua
1186 2281 1375 2320 navem
1398 2281 1599 2336 qutero.
1629 2282 1739 2321 non
1764 2281 1952 2324 navem

353 2368 560 2423 quacro,
597 2354 689 2410 sed
731 2356 955 2426 patriam
988 2374 1002 2410 :
1036 2356 1114 2411 sic
1154 2366 1209 2412 et
1236 2355 1531 2428 Apostolus
1580 2359 1957 2415 convenienter

354 2443 578 2510 diceret,
609 2446 662 2500 lu
695 2446 792 2501 hac
814 2462 997 2515 opera,
1028 2464 1131 2519 qua
1154 2448 1459 2506 hominibus
1487 2451 1691 2520 placeo,
1721 2465 1828 2505 non
1855 2451 1957 2505 ho-

354 2537 612 2603 minibus,
646 2542 737 2594 sed
760 2541 869 2596 Deo
900 2541 1103 2611 placeo,
1136 2542 1257 2613 quia
1283 2557 1386 2598 non
1415 2542 1518 2599 hoc
1539 2552 1754 2615 appeto,
1773 2540 1866 2598 sed
1887 2541 1956 2599 ad

352 2629 405 2684 id
444 2631 615 2686 refero
661 2642 711 2686 ut
763 2648 847 2689 mc
892 2632 1183 2698 imitentur,
1202 2649 1336 2706 quos
1352 2636 1527 2691 salvos
1544 2636 1658 2691 fieri
1682 2636 1824 2691 volo.
1849 2635 1958 2692 Sic-

354 2732 411 2776 at
429 2721 555 2777 dicit
578 2722 645 2778 dc
669 2724 938 2779 oblatione
962 2739 1080 2796 quae
1104 2727 1163 2779 lit
1192 2726 1243 2780 iu
1270 2736 1506 2795 sanctos,
1538 2724 1659 2795 Non
1679 2729 1796 2794 quia
1813 2743 1973 2798 qu¢-_

355 2828 415 2867 ro
431 2814 627 2881 datum,
656 2817 743 2868 sed
763 2816 961 2885 inquiro
989 2815 1211 2884 fructum
1234 2814 1472 2889 (Plutpp.
1504 2833 1578 2884 iv,
1609 2819 1697 2887 l7)
1729 2837 1743 2874 :
1773 2819 1822 2873 id
1849 2828 1952 2888 est,

354 2906 505 2974 Quod
523 2923 705 2978 quauo
731 2907 913 2963 datum
943 2918 1201 2976 vestrum,
1231 2925 1337 2966 non
1359 2910 1465 2965 hoc
1490 2924 1697 2982 quaem,
1726 2911 1821 2968 sed
1846 2911 1956 2968 fru-

354 3008 497 3053 ctum
544 3007 802 3053 vestrum.
861 2998 969 3054 lloc
1014 3015 1158 3055 enim
1210 3000 1404 3057 indicio
1446 3016 1708 3073 appirere
1751 3014 1958 3075 poterat

352 3098 610 3167 quaptum
648 3086 996 3157 profecissent
1023 3089 1074 3144 in
1104 3090 1288 3155 Deum,
1311 3106 1430 3146 cum
1455 3093 1508 3146 id
1532 3092 1758 3149 libenter
1791 3094 1955 3149 olior-

351 3192 475 3237 rent
504 3181 545 3246 ⁸,
575 3179 716 3252 quod
744 3196 848 3235 non
877 3192 1095 3252 propter
1123 3183 1369 3253 gaudium
1398 3182 1467 3239 de
1492 3184 1824 3251 muneribus,
1858 3187 1955 3244 sed

356 3282 575 3343 propter
601 3273 1031 3327 conmmnionem
1059 3272 1334 3329 charitatis
1358 3274 1429 3330 ab
1454 3288 1522 3331 eo
1543 3278 1901 3348 quaerebatur.
1948 3285 1954 3291 ‘

424 3367 480 3419 4.
508 3362 822 3434 Quanquam
851 3372 907 3418 et
933 3379 1055 3419 cum
1082 3364 1248 3432 addit,
1276 3376 1331 3423 et
1357 3367 1504 3433 died,
1537 3368 1775 3440 Alioquin
1820 3386 1953 3425 uter-

352 3455 522 3510 cedeui
549 3472 650 3510 non
677 3456 918 3510 habebitis
960 3458 1099 3527 apud
1140 3456 1346 3514 Patrem
1388 3471 1606 3514 vestrum
1630 3462 1716 3529 qui
1743 3460 1798 3515 in
1817 3460 1956 3516 caelis

355 3558 456 3615 est,
491 3548 622 3603 nihil
664 3548 804 3604 aliud
824 3548 1156 3605 demonstrat
1194 3550 1296 3606 nisi
1329 3552 1382 3607 id
1418 3567 1516 3608 nos
1562 3568 1754 3611 cavere
1791 3568 1953 3625 opor-

352 3647 490 3704 tere,
522 3655 589 3694 ne
610 3640 895 3695 humanam
915 3641 1121 3697 laudem
1146 3656 1242 3712 pro
1258 3652 1558 3699 nostrorum
1575 3659 1798 3715 operum
1814 3660 1957 3702 nter-

351 3730 485 3787 cede
505 3746 828 3801 qumramus,
855 3732 905 3786 id
923 3742 1025 3800 est,
1046 3747 1108 3789 ea
1136 3747 1234 3789 nos
1262 3733 1445 3790 beatos
1457 3735 1949 3793 ellieiarbitremur.

425 3823 654 3881 CAPUT
684 3823 742 3878 ll.
773 3857 842 3866 —
869 3825 921 3882 5.
952 3825 1081 3883 Cum
1124 3843 1241 3900 ergo
1285 3828 1412 3898 facis
1457 3829 1955 3902 elcemosynampin-

352 3915 489 3985 quit,
519 3918 622 3970 noli
644 3917 760 3970 tuba
787 3933 967 3972 canere
981 3927 1102 3972 ante
1114 3927 1181 3983 te,
1212 3920 1342 3973 sicut
1374 3921 1653 3991 hypocrita:
1678 3922 1872 3992 faciunt
1899 3922 1953 3977 in

356 4007 631 4077 synagogis
656 4015 703 4060 et
732 4007 785 4061 in
807 4007 948 4071 vicis,
979 4018 1035 4061 ut
1056 4008 1399 4079 glori/icentur
1425 4010 1486 4063 ab
1515 4010 1817 4066 hominibus.
1846 4010 1951 4067 No-

355 4098 413 4163 lt,
442 4098 628 4169 inquit,
663 4099 741 4154 sic
769 4098 904 4154 velle
933 4099 1287 4165 innotescere,
1314 4109 1369 4155 ut
1397 4102 1706 4175 hypocritm.
1736 4103 1955 4161 Manife-

353 4201 495 4247 stum
524 4202 607 4247 est
633 4203 811 4250 autem
859 4192 1163 4266 hypocritas
1202 4208 1306 4249 non
1346 4195 1490 4267 quod
1524 4196 1690 4252 oculis
1718 4205 1950 4268 prmteno

354 4284 486 4341 dunt
509 4284 806 4350 hominum,
839 4285 888 4340 id
908 4287 1065 4341 etiam
1095 4285 1257 4342 corde
1281 4293 1512 4357 gestare.
1540 4287 1677 4344 Sunt
1699 4290 1841 4344 enim
1864 4289 1955 4363 hy-

354 4376 577 4447 pocrike
628 4377 1005 4443 simulaturos,
1063 4388 1311 4449 tanquam
1354 4380 1782 4449 pronutuiatorcs
1827 4396 1952 4452 per-

354 4483 609 4525 sonarmn
677 4470 1015 4538 alienarum,
1074 4471 1212 4526 sicut
1272 4472 1325 4526 iu
1388 4471 1662 4529 theatricis

353 4559 472 4617 Non
521 4561 664 4617 enim
715 4563 806 4634 qui
837 4563 943 4633 agit
987 4571 1164 4634 partes
1212 4564 1627 4635 Agamemnonis
1671 4563 1723 4620 in
1757 4574 1956 4636 tragic-

353 4651 463 4722 dia,
485 4653 634 4708 verbi
675 4654 861 4724 gratia,
906 4656 1021 4711 sive
1062 4655 1287 4726 alicujus
1318 4655 1537 4710 alterius
1579 4655 1644 4710 ad
1676 4656 1951 4714 historiam

354 4746 438 4801 vel
471 4744 699 4801 fabulam
727 4761 845 4816 qua:
872 4746 1046 4817 agitur
1074 4748 1408 4816 pertinentis,
1430 4763 1555 4803 vere
1575 4749 1688 4818 ipse
1716 4757 1826 4814 est;
1856 4750 1952 4806 sed

354 4837 571 4893 simulat
598 4852 743 4903 enin,
775 4846 827 4893 et
870 4836 1146 4908 hypocrita
1188 4837 1400 4894 dicitur.
1452 4839 1540 4896 Sic
1584 4841 1635 4895 in
1684 4839 1948 4910 Ecclesia,

353 4930 439 4983 vel
472 4929 524 4982 iu
555 4929 699 4983 ornui
729 4928 832 4982 vita
864 4928 1112 4995 humana,
1142 4929 1381 5000 quisquis
1401 4946 1460 4986 se
1485 4931 1597 4987 vult
1619 4932 1786 4990 videri
1807 4935 1949 5005 quod

354 5035 461 5073 non
481 5030 583 5079 est.
614 5018 888 5091 hypocrita
917 5028 1018 5074 est.
1047 5018 1283 5075 Simulat
1302 5020 1446 5075 enim
1469 5021 1695 5091 justum,
1723 5038 1829 5080 non
1851 5041 1949 5082 ex-

353 5107 539 5174 hibet;
572 5109 693 5181 quia
739 5117 904 5164 totum
953 5107 1183 5164 fructum
1209 5109 1260 5165 in
1286 5109 1443 5166 laude
1469 5110 1741 5168 hominum
1779 5116 1948 5186 ponit,

352 5217 511 5272 quam
544 5210 766 5273 possunt
792 5202 951 5257 etiam
982 5202 1295 5259 simulantes
1327 5205 1624 5277 percipere,
1676 5204 1802 5261 dum
1851 5207 1951 5264 fal-

354 5293 470 5349 lunt
499 5307 592 5349 eos
617 5295 810 5365 quibus
841 5292 1089 5348 videntur
1113 5293 1263 5362 boni,
1312 5296 1380 5351 ab
1422 5297 1606 5369 eisque
1646 5298 1948 5358 laudantur.

357 5386 463 5444 Sed
496 5386 627 5442 tales
651 5386 719 5441 ab
735 5385 1035 5456 inspectore
1060 5387 1238 5443 cordis
1266 5388 1376 5445 Deo
1399 5390 1702 5448 mercedem
1729 5409 1835 5449 non
1861 5410 1953 5454 ac-

357 5480 579 5552 cipiunt,
626 5481 725 5535 nisi
757 5479 981 5535 fallaciae
1024 5481 1341 5552 supplicium
1376 5501 1389 5537 :
1419 5483 1489 5539 ab
1518 5483 1824 5545 hominibus
1849 5505 1948 5546 au-

354 5583 484 5639 tem,
516 5575 704 5647 inquit,
736 5584 1063 5646 perceperunt
1106 5575 1384 5630 mercedem
1410 5593 1552 5632 suam
1564 5595 1585 5645 ;
1621 5582 1948 5641 rectissime-

352 5680 457 5736 que
475 5664 556 5717 his
581 5664 803 5732 dicetur,
826 5662 1082 5723 Recedite
1097 5680 1128 5721 a
1144 5680 1251 5734 me,
1270 5668 1500 5738 operarii
1520 5667 1691 5729 dolosi
1710 5692 1723 5705 -
1753 5686 1947 5735 nomen

419 5776 439 5809 ι
459 5784 642 5826 (nones
653 5785 777 5839 Mss,
789 5778 1018 5842 lacerent.

1143 305 1232 362 DE
1269 301 1599 362 SERMONE
1633 296 1871 359 DOMINI
1911 295 1981 354 IN
2017 294 2275 367 MONTE,
2313 298 2373 358 S.
2412 296 2787 359 AUGUSTINI

1739 4473 1949 4531 fabulis.
2022 4484 2023 4491 ‘

2065 429 2244 470 meum
2276 413 2556 481 habuistis,
2586 414 2681 471 sed
2701 426 2862 486 opera
2887 427 3006 472 mea
3031 427 3139 472 non
3169 408 3394 473 fecistis.
3424 414 3509 473 Ilii
3537 433 3667 490 ergo

2065 517 2421 578 perceperunt
2459 507 2761 564 mercedem
2800 522 2974 574 suam,
3002 505 3094 578 qui
3119 522 3224 563 non
3248 508 3322 565 ob
3345 508 3491 564 aliud
3517 509 3666 565 elee-

2064 615 2343 671 mosynam
2377 599 2591 667 faciunt,
2620 586 2721 655 nisi
2746 609 2803 655 ut
2828 597 3196 669 gloriﬁcentur
3213 599 3283 656 ab
3310 600 3617 656 hominibus
3643 620 3660 656 :

2063 706 2170 746 non
2198 690 2242 746 si
2266 691 2634 762 gloriticentur
2653 690 2721 744 ab
2748 688 3074 757 hominibus,
3101 689 3195 745 sed
3228 689 3274 746 si
3319 689 3441 746 ideo
3467 688 3664 747 faciant

2061 791 2124 837 ut
2149 781 2534 854 gloriﬁcentur,
2582 783 2722 837 sicut
2757 782 3004 852 superius
3053 791 3335 837 tractatum
3385 793 3493 838 est.
3525 782 3664 839 Laus

2061 878 2205 932 enim
2250 877 2485 934 humana
2512 893 2620 935 non
2658 878 2835 950 appeti
2864 892 2894 932 a
2917 886 3064 933 recte
3085 875 3334 947 faciente,
3363 877 3459 934 sed
3480 878 3669 936 subse-

2062 970 2153 1041 qui
2175 969 2332 1027 debet
2353 981 2499 1027 recte
2526 970 2808 1027 facientem
2842 987 2857 1024 :
2890 979 2948 1024 ut
2968 969 3043 1024 illi
3070 968 3369 1040 proﬁciant,
3386 971 3479 1042 qui
3502 973 3665 1027 etiam

2020 1102 2024 1107 .
2062 1060 2258 1117 imitari
2288 1072 2512 1132 possunt
2534 1062 2676 1134 quod
2704 1060 2954 1126 laudant;
2978 1078 3088 1117 non
3104 1071 3162 1118 ut
3186 1061 3275 1118 hic
3295 1073 3449 1134 putet
3466 1063 3664 1135 aliquid

2061 1167 2158 1209 eos
2185 1152 2287 1209 sibi
2317 1152 2597 1226 prodesse,
2627 1168 2785 1225 quem
2820 1153 3058 1209 laudant.

2118 1266 2174 1323 6.
2192 1265 2268 1323 Te
2282 1276 2449 1323 autem
2467 1267 2683 1338 faciente
2697 1268 3085 1341 elemosynam,
3106 1285 3207 1324 nou
3221 1269 3345 1325 sciat
3354 1268 3567 1325 sinistra
3584 1281 3668 1326 tua

2063 1361 2190 1432 quid
2216 1361 2372 1433 faciat
2400 1360 2607 1417 dextera
2631 1370 2737 1414 tua.
2769 1360 2827 1415 Si
2857 1360 3183 1417 intellexeris
3228 1359 3504 1417 sinistram
3548 1361 3670 1417 infi-

2064 1452 2218 1509 deles
2245 1452 2371 1522 dici,
2400 1451 2664 1508 videbitur
2688 1452 2832 1509 nulla
2853 1466 2973 1507 esse
2992 1450 3167 1523 culpa,
3185 1450 3396 1521 placere
3418 1451 3670 1509 ﬁdelibus

2064 1545 2204 1602 velle
2227 1542 2390 1602 {cum
2416 1559 2639 1619 prorsus
2666 1544 3012 1602 nihilominus
3032 1544 3086 1600 in
3104 1544 3462 1616 quorumlibet
3490 1546 3672 1601 homi-

2063 1653 2195 1694 num
2224 1638 2380 1705 laude
2421 1638 2649 1696 fructum
2678 1646 2734 1696 et
2769 1639 2925 1696 ﬁnem
2957 1638 3081 1697 boni
3118 1638 3296 1708 operis
3340 1639 3672 1696 constituere

2063 1730 2469 1802 prohibeamur.
2496 1730 2650 1800 Quod
2674 1737 2854 1786 autem
2871 1729 2941 1786 ad
2972 1730 3022 1786 id
3051 1730 3282 1803 pertinet
3301 1738 3359 1786 ut
3385 1742 3437 1787 te
3456 1734 3673 1788 imiten-

2066 1829 2171 1886 tur,
2202 1823 2397 1894 quibus
2423 1832 2569 1881 recte
2599 1821 2737 1879 facta
2785 1832 2876 1878 tua
2922 1822 3215 1893 placuerint
3238 1863 3256 1890 ,
3304 1838 3412 1882 non
3462 1836 3670 1883 tantum

2067 1912 2334 1982 ﬁdelibus,
2380 1913 2477 1971 sed
2523 1915 2685 1971 etiam
2735 1914 3036 1973 infidelibus
3080 1913 3441 1997 eshibrmdum
3476 1927 3583 1985 est,
3615 1928 3675 1975 ut

2065 2005 2347 2063 laudandis
2396 2006 2551 2063 bonis
2584 2006 2837 2079 operibus
2866 2007 3063 2063 nostris
3090 2007 3259 2064 Deum
3297 2009 3587 2077 honorent,
3618 2021 3673 2068 et

2066 2098 2282 2155 veniant
2306 2097 2372 2155 ad
2392 2099 2639 2156 salutem.
2665 2100 2722 2157 Si
2748 2107 2927 2156 autem
2947 2099 3218 2157 sinistram
3258 2101 3539 2159 inimicum
3569 2119 3667 2175 pu-

2066 2189 2284 2257 taveris,
2333 2197 2391 2244 ut
2428 2190 2629 2247 nesciat
2672 2190 2923 2249 inimicus
2950 2201 3073 2247 tuus
3108 2207 3229 2247 cum
3268 2193 3670 2267 eleemosynam

2065 2278 2228 2348 facis;
2259 2295 2355 2336 cur
2382 2282 2496 2351 ipse
2542 2282 2795 2339 Dominus
2830 2283 3058 2340 inimicis
3081 2283 3283 2340 Iudaeis
3310 2286 3667 2344 circumstan-

2068 2371 2208 2426 tibus
2250 2372 2674 2428 misericorditer
2718 2375 2929 2433 sauavit
2966 2374 3248 2430 homines!
3272 2391 3372 2432 cur
3393 2379 3670 2448 apostolis

2066 2463 2282 2533 Petrus,
2299 2474 2485 2520 sanato
2501 2481 2567 2522 eo
2594 2482 2751 2538 quem
2771 2467 2840 2523 ad
2858 2477 3065 2539 portam
3081 2468 3417 2539 Speciosam,
3436 2470 3668 2530 debilem

2064 2557 2350 2612 miseratus
2387 2566 2489 2625 est,
2534 2559 2695 2615 etiam
2736 2560 2843 2617 iras
2890 2559 3224 2629 inimicorum
3253 2563 3309 2618 in
3343 2578 3404 2619 se
3429 2567 3668 2637 atquein

2066 2645 2201 2700 alios
2239 2646 2438 2704 Christi
2478 2648 2772 2719 discipulos
2816 2653 3029 2722 pertulit
3050 2652 3184 2723 (Act.
3212 2668 3290 2721 ut,
3313 2655 3428 2726 iv)?
3467 2655 3672 2716 Deinde

2065 2739 2112 2795 si
2140 2755 2248 2796 non
2275 2751 2484 2811 oportet
2510 2744 2650 2799 scire
2676 2745 2971 2813 inimicum,
3003 2761 3125 2802 cum
3169 2749 3566 2822 eleemosynam
3594 2752 3669 2807 fa-

2065 2834 2268 2901 cimus,
2296 2834 2564 2905 quomodo
2588 2850 2708 2890 cum
2751 2836 2867 2906 ipso
2890 2838 3105 2894 inimico
3129 2838 3405 2908 faciemus,
3449 2852 3511 2899 ut
3538 2845 3670 2901 illud

2066 2924 2383 2995 impleamus
2408 2938 2755 2998 praeceptum,
2774 2922 3095 2984 'Siestirieiit
3124 2931 3355 2989 inimicus
3378 2944 3519 3002 tuus,
3559 2936 3668 2991 ciba

2064 3016 2241 3083 illum,
2269 3019 2315 3072 si
2336 3019 2535 3082 sitiet-it,
2563 3030 2739 3091 potum
2764 3022 2831 3075 da
2855 3020 2935 3087 illi
2960 3020 3141 3090 (Prov.
3172 3040 3279 3079 xxv
3299 3067 3315 3092 ,
3346 3025 3477 3098 2i)?

2138 3110 2191 3163 7.
2218 3109 2399 3191 Tertia
2430 3111 2566 3187 solet
2591 3127 2714 3168 esse
2741 3113 3034 3191 carnalium
3063 3116 3260 3191 opinio,
3298 3128 3407 3174 tam
3425 3119 3668 3191 absurda

2065 3211 2121 3259 et
2141 3186 2381 3269 ridenda,
2410 3186 2593 3258 utnon
2622 3218 2740 3260 eam
2769 3186 3266 3270 commemorarem.
3284 3209 3389 3263 nisi
3411 3186 3669 3280 espectus

2063 3309 2239 3353 essem
2266 3310 2370 3349 non
2400 3308 2598 3365 paucos
2626 3310 2692 3351 eo
2725 3312 2908 3352 errore
2933 3296 3178 3361 detineri,
3204 3300 3296 3371 qui
3319 3299 3500 3356 dicunt
3535 3286 3669 3359 sini-

2062 3394 2190 3440 stne
2220 3385 2432 3440 nomine
2462 3401 2679 3441 uxorem
2701 3387 2984 3458 signiﬁcari
3014 3405 3028 3442 :
3057 3399 3115 3445 ut
3138 3390 3386 3462 quoniam
3416 3392 3471 3447 in
3500 3410 3560 3450 re
3587 3392 3669 3450 fa-

2065 3476 2259 3531 miliari
2293 3478 2595 3533 tenaciores
2615 3481 2956 3549 pecuniarum
2984 3480 3157 3539 solent
3176 3497 3296 3540 esse
3323 3483 3562 3555 feminae,
3580 3489 3663 3545 la-

2063 3575 2171 3622 teat
2201 3582 2294 3624 eas
2319 3584 2442 3624 cum
2464 3569 2661 3641 aliquid
2689 3570 3108 3630 misericorditer
3134 3574 3232 3631 viri
3257 3592 3444 3633 earum
3483 3583 3667 3652 egenis

2062 3658 2379 3731 impendunt
2409 3670 2625 3732 propter
2651 3661 2974 3721 domesticas
3002 3666 3139 3722 lites.
3188 3668 3350 3737 Quasi
3393 3688 3522 3727 vero
3563 3676 3665 3731 soli

2060 3749 2159 3805 viri
2188 3750 2465 3806 christiani
2489 3751 2619 3817 sint,
2642 3762 2695 3808 et
2726 3769 2830 3809 non
2861 3755 2961 3810 hoc
2991 3770 3314 3828 pneceptum
3330 3764 3494 3819 etiam
3521 3763 3667 3821 femi-

2060 3842 2146 3898 nis
2167 3842 2351 3898 datum
2394 3844 2482 3899 sit.
2505 3841 2605 3900 Cui
2626 3859 2756 3916 ergo
2775 3846 3005 3903 sinistra:
3021 3847 3240 3919 jubetur
3265 3851 3460 3910 femina
3486 3859 3664 3913 occul-

2060 3940 2174 3989 tare
2194 3949 2327 4005 Opus
2350 3934 2730 3992 misericordia:
2755 3938 2901 3993 suae?
2929 3941 3010 3995 Au
3039 3941 3198 3997 etiam
3224 3944 3305 3999 vir
3329 3945 3544 4003 sinistra
3560 3948 3663 4005 erit

2058 4026 2311 4085 fontium?
2337 4029 2478 4101 quod
2508 4030 2889 4089 absurdissime
2926 4032 3139 4090 dicitur.
3189 4036 3296 4092 Aut
3322 4038 3367 4093 si
3396 4039 3662 4112 quispiam

2059 4131 2214 4191 putat
2243 4122 2469 4179 invicem
2507 4123 2607 4179 sibi
2633 4124 2880 4180 sinistras
2904 4140 3053 4191 esse;
3082 4127 3126 4182 si
3155 4127 3222 4183 ab
3248 4130 3421 4186 altero
3446 4133 3518 4187 ita
3542 4150 3661 4190 ero-

2057 4222 2215 4283 getur
2239 4212 2439 4286 aliquid
2468 4211 2536 4270 de
2561 4231 2620 4271 re
2648 4214 2910 4282 familiari,
2945 4227 3003 4273 ut
3024 4218 3088 4273 sit
3113 4230 3296 4297 contra
3321 4222 3543 4280 alterius
3562 4240 3660 4282 vo-

2059 4305 2340 4373 luntatem,
2380 4323 2486 4364 non
2534 4310 2638 4365 erit
2683 4310 3031 4367 christianum
3063 4313 3167 4368 tale
3192 4316 3534 4387 eonjugium:
3563 4320 3659 4376 sed

2058 4413 2281 4455 necesse
2308 4406 2390 4454 est
2415 4408 2471 4455 ut
2494 4400 2734 4473 quisquis
2753 4417 2937 4458 eorum
2955 4403 3347 4475 eleemosyuam
3368 4408 3548 4467 facere
3567 4427 3661 4469 vo-

2059 4490 2219 4547 luerit
2233 4507 2300 4547 ex
2322 4501 2589 4563 praecepto
2612 4492 2725 4559 Dei,
2747 4510 3134 4569 quemcumque
3150 4498 3433 4556 adversum
3454 4502 3661 4563 habue-

2057 4582 2149 4651 rit,
2181 4582 2427 4640 iuimicus
2445 4583 2517 4641 sit
2532 4594 2797 4655 praaccpto
2812 4585 2926 4652 Dei,
2949 4596 3004 4642 et
3021 4588 3140 4645 ideo
3160 4589 3298 4648 inter
3312 4591 3557 4652 infideles
3572 4598 3659 4655 de-

2058 4682 2276 4745 putetur
2307 4692 2321 4729 :
2357 4684 2683 4746 prmceptum
2701 4685 2781 4730 est
2804 4687 2979 4732 autem
2998 4676 3071 4734 de
3090 4679 3302 4747 talibus,
3328 4695 3383 4740 ut
3405 4683 3543 4739 bona
3561 4702 3655 4745 sna

2058 4767 2462 4822 conversatione
2489 4780 2552 4822 ac
2590 4766 2827 4823 moribus
2861 4769 3154 4829 lucrifaciat
3185 4790 3404 4832 uxorem
3435 4782 3658 4838 maritus

2058 4854 2249 4925 ﬁdelis,
2281 4857 2363 4914 vel
2406 4858 2656 4914 maritum
2708 4860 2899 4915 mulier
2947 4861 3149 4932 ﬁdelis;
3197 4877 3525 4942 quapropter
3549 4889 3652 4930 non

2057 4948 2157 5004 sibi
2188 4948 2383 5005 debent
2408 4950 2678 5006 occultare
2707 4949 2846 5006 bona
2868 4966 3030 5022 opera
3050 4968 3163 5018 sua,
3183 4957 3377 5026 quibus
3397 4959 3650 5020 invitandi

2055 5047 2182 5096 sunt
2212 5040 2279 5097 ad
2316 5041 2566 5107 invicem,
2607 5051 2664 5096 ut
2688 5041 2828 5098 alter
2853 5043 3080 5101 alterum
3123 5049 3291 5117 possit
3318 5054 3385 5105 ad
3411 5052 3649 5109 christia.

2057 5148 2141 5188 na:
2174 5131 2298 5191 ﬁdei
2335 5136 2764 5192 communionem
2815 5136 3057 5195 invitare.
3103 5139 3211 5196 Nec
3251 5141 3387 5199 furta
3416 5147 3650 5206 facienda

2054 5236 2201 5293 sunt,
2231 5235 2286 5283 ut
2305 5236 2672 5299 promereatur
2695 5226 2855 5305 Deus.
2886 5229 3040 5299 Quod
3067 5233 3110 5287 si
3150 5236 3524 5294 occultandum
3573 5256 3651 5298 est

2056 5316 2275 5401 aliquid,
2318 5318 2570 5392 quamdiu
2609 5320 2830 5377 alterius
2871 5322 3152 5380 iulirmitas
3193 5341 3348 5398 :equo
3389 5331 3572 5387 animo
3602 5333 3652 5389 id

2057 5426 2164 5467 non
2197 5421 2370 5483 potest
2410 5415 2698 5482 sustinere,
2723 5414 2863 5485 quod
2906 5425 3082 5475 tamen
3116 5433 3223 5474 non
3264 5419 3466 5491 injuste
3490 5434 3652 5496 atque

2056 5505 2238 5562 illicito
2261 5505 2350 5574 ﬁt;
2383 5523 2489 5563 non
2518 5516 2693 5564 tamen
2723 5508 2890 5578 ipsam
2913 5525 3056 5567 nunc
3074 5512 3342 5571 sinistram
3362 5517 3649 5590 signiﬁcari

2055 5601 2219 5656 totius
2259 5602 2474 5671 capituli
2523 5603 2951 5660 consideratione
2996 5603 3152 5664 facile
3200 5621 3438 5682 apparet.
3466 5615 3521 5672 in
3547 5632 3649 5690 qua

2051 5695 2213 5750 simul
2244 5696 2541 5752 invenietur
2568 5714 2724 5768 quam
2756 5698 3026 5789 sinistram
3050 5715 3219 5763 vocet.

2132 5787 2185 5841 8.
2225 5786 2436 5855 Cavete,
2470 5788 2675 5862 inquit,
2720 5795 2889 5864 facere
2918 5786 3173 5863 justitiam
3223 5808 3436 5855 uestram
3476 5820 3653 5864 eoi-mn
