3888 6318
295 331 436 391 1275

298 446 579 502 hominibus
603 455 659 502 ut
684 446 947 501 videamini
980 447 1040 501 ab
1072 447 1142 502 eis
1166 461 1182 502 :
1205 446 1424 515 alioquin
1462 447 1731 499 mercedem
1762 462 1862 499 non

298 538 542 593 habebitis
575 539 712 608 apud
759 537 958 592 Patrem
982 550 1194 592 vestrum
1223 538 1307 606 qui
1330 539 1381 589 in
1411 538 1546 590 caelis
1571 546 1660 589 est.
1689 536 1862 591 Gene-

279 629 478 683 --raliter
504 629 590 684 hic
610 629 864 699 justitiam
911 630 1222 692 nominavit,
1253 628 1446 682 deinde
1485 628 1866 696 particulariter

271 722 624 790 exsequitur.
655 722 749 776 Est
772 723 911 775 eiiim
943 737 1062 790 pars
1092 721 1263 789 aliqua
1307 719 1523 789 iustitiae
1567 735 1699 788 opus
1724 719 1863 788 quod

293 823 396 879 per
421 812 810 882 eleemosynam
843 814 916 876 lit,
944 821 998 866 et
1024 812 1142 865 ideo
1161 813 1426 866 connectit
1447 810 1670 864 dicendo
1694 853 1707 873 ,
1739 809 1866 863 Cum

297 915 418 970 ergo
441 903 568 970 facis
596 901 958 972 eleemosynam
976 944 990 965 ,
1021 903 1124 956 noli
1152 901 1267 954 tuba
1293 918 1468 954 canere
1492 911 1606 956 ante
1634 911 1680 953 te
1697 941 1710 963 ,
1742 903 1869 953 sicut

297 992 576 1062 hypocrita:
602 992 792 1061 faciunt
810 995 864 1046 in
894 997 1161 1064 synagogis
1185 1004 1230 1045 et
1259 994 1310 1045 in
1335 993 1452 1045 vicis
1469 1034 1482 1054 ,
1507 1003 1559 1044 ut
1587 992 1871 1061 gloriﬁcen-

300 1096 384 1141 tur
403 1089 464 1141 ab
492 1089 796 1142 hominibus.
825 1088 901 1140 Ad
929 1088 1031 1141 hoc
1061 1088 1276 1156 respicit
1313 1085 1450 1154 quod
1495 1085 1736 1152 superius
1763 1085 1863 1146 ait,

299 1178 480 1235 Cavete
504 1181 668 1248 facere
685 1180 933 1249 justitiam
966 1187 1177 1232 vestram
1201 1193 1368 1230 coram
1394 1176 1672 1229 hominibus
1687 1215 1699 1236 ,
1725 1184 1776 1226 ut
1800 1175 1872 1226 vi-

303 1275 524 1329 deamini
552 1276 614 1329 ab
637 1277 724 1328 eis.
748 1273 898 1340 Quod
928 1280 1103 1326 autem
1123 1271 1378 1341 sequitur,
1403 1270 1557 1322 Amen
1580 1270 1691 1322 dico
1713 1267 1864 1331 vobis,

299 1375 629 1436 perceperunt
676 1363 951 1417 mercedem
979 1378 1156 1427 suam,
1198 1360 1261 1414 ad
1303 1360 1428 1414 illud
1477 1359 1689 1427 reSpicit
1730 1357 1869 1426 qurd

299 1469 460 1523 supra
505 1454 712 1524 posuit,
751 1445 986 1523 Alioquin
1023 1450 1297 1505 mercedem
1334 1467 1432 1504 non
1460 1449 1696 1502 habebitis
1736 1448 1873 1516 apud

301 1546 512 1602 Patrem
549 1556 763 1600 vestrum
798 1546 884 1613 qui
918 1545 970 1597 in
1009 1543 1144 1597 caelis
1167 1551 1255 1596 est.
1290 1541 1486 1597 Deinde
1515 1541 1769 1608 sequitur,
1801 1537 1873 1590 Te

299 1648 470 1693 autem
513 1639 725 1709 faciente
769 1637 1150 1705 eleemosynam.
1193 1630 1325 1687 Cum
1367 1632 1526 1696 dicit,
1559 1630 1630 1684 Te
1672 1639 1868 1693 autem,

300 1729 426 1801 quid
452 1729 591 1782 aliud
617 1727 764 1791 dicit,
791 1742 947 1796 quam
969 1767 984 1789 ,
1007 1724 1120 1779 Non
1147 1722 1413 1794 quomodo
1437 1721 1548 1774 illi?
1583 1719 1715 1786 Quid
1744 1732 1870 1786 ergo

301 1823 430 1878 mihi
452 1820 639 1891 jubet?
671 1819 742 1872 Te
768 1829 930 1872 autem
968 1817 1212 1887 faciente,
1249 1814 1414 1884 inquit
1434 1854 1448 1877 ,
1477 1814 1871 1881 eleemosynam,

301 1931 402 1969 non
431 1913 553 1967 sciat
577 1911 778 1964 sinistra
809 1920 895 1962 tua
920 1907 1040 1979 quid
1067 1908 1218 1976 faciat
1258 1907 1459 1958 dextera
1494 1915 1598 1956 tua.
1636 1902 1774 1971 Ergo
1800 1901 1873 1954 illi

302 2004 381 2058 sic
407 2003 622 2064 faciunt,
646 2008 705 2054 ut
731 2000 864 2053 sciat
885 1999 1091 2052 sinistra
1117 2011 1300 2050 eorum
1323 1995 1445 2064 quid
1476 1994 1629 2048 iaciat
1657 1993 1873 2046 dextera

303 2107 507 2148 eorum.
534 2089 682 2157 Quod
712 2089 868 2157 igitur
891 2089 942 2142 in
975 2087 1075 2140 illis
1093 2085 1355 2154 culpatum
1379 2093 1476 2140 est.
1497 2081 1598 2135 hoc
1625 2091 1676 2133 tn
1704 2081 1874 2133 facere

302 2183 515 2238 vetaris.
553 2181 608 2234 In
636 2181 738 2234 illis
763 2189 938 2232 autem
967 2179 1066 2232 hoc
1092 2177 1358 2244 culpatum
1386 2182 1466 2228 est
1484 2215 1498 2237 ,
1526 2172 1663 2242 quod
1697 2171 1764 2224 ita
1797 2169 1873 2222 fa-

303 2273 449 2328 ciunt
486 2281 543 2327 ut
588 2270 768 2324 laudes
794 2268 1062 2323 hominum
1091 2278 1344 2336 qumrant.
1377 2265 1706 2332 Quapropter
1744 2261 1874 2314 nihil

304 2364 711 2435 consequentius
729 2363 938 2416 sinistra
967 2360 1172 2414 videtur
1191 2358 1504 2429 signiﬁcare,
1529 2371 1683 2426 quam
1707 2355 1872 2423 ipsam

305 2457 706 2513 delectationem
736 2453 922 2509 laudis.
956 2452 1176 2507 Dextera
1205 2459 1379 2505 autem
1418 2449 1670 2518 signiﬁcat
1706 2449 1875 2499 inten-

304 2550 501 2607 tionem
533 2547 783 2616 implendi
830 2553 1090 2616 prtecepta
1121 2543 1315 2598 divina.
1356 2543 1485 2597 Cum
1533 2542 1704 2609 itaque
1744 2553 1873 2592 con-

305 2641 817 2698 scientiaa‘lm-ientis
864 2640 1253 2708 eleemosynam
1295 2637 1480 2691 miscet
1521 2650 1579 2687 se
1624 2633 1876 2702 appetitio

305 2733 473 2788 laudis
511 2731 782 2795 humanm,
814 2731 870 2782 iit
900 2729 1110 2783 sinistra
1155 2727 1366 2781 conscia
1395 2726 1570 2794 operis
1598 2725 1830 2779 dextera":
1859 2741 1873 2777 :

309 2825 519 2881 Nesciat
548 2839 674 2894 ergo
699 2825 902 2877 sinistra
933 2832 1019 2874 tua
1048 2820 1172 2887 quid
1191 2820 1343 2884 faciat
1361 2819 1561 2871 dextera
1581 2827 1686 2880 tua,
1705 2816 1753 2869 id
1771 2823 1872 2880 est,

305 2934 414 2972 non
442 2933 499 2971 se
524 2917 742 2970 misceat
771 2913 1106 2969 Conscientia!
1129 2921 1231 2964 tuac.
1253 2909 1422 2963 laudis
1449 2909 1690 2961 humatur
1717 2921 1876 2974 appe-

308 3007 446 3072 titio,
466 3021 583 3062 cum
606 3007 656 3059 in
684 3005 1018 3074 eleemosyna
1037 3000 1273 3056 iacienda
1301 3000 1532 3054 divinum
1555 3005 1873 3068 prmceptum

305 3099 581 3154 contendis
609 3098 845 3166 implere.
1823 3093 1826 3096 '

375 3189 429 3243 9.
477 3187 540 3241 Ut
568 3187 630 3240 sit
655 3187 962 3255 eleemosyna
992 3195 1077 3237 tua
1100 3184 1151 3235 in
1178 3181 1484 3236 abscondito.
1516 3179 1648 3247 Quid
1678 3187 1791 3243 est,
1823 3179 1876 3232 in

307 3279 617 3340 abscondito,
653 3277 749 3330 nisi
780 3277 830 3329 in
861 3277 972 3344 ipsa
1000 3276 1132 3328 bona
1163 3272 1482 3325 conscientia
1501 3312 1515 3334 ,
1539 3285 1655 3336 quze
1686 3272 1872 3320 buma-

306 3371 390 3427 nis
413 3369 578 3424 oculis
597 3366 948 3421 demonstrari
980 3380 1080 3417 non
1106 3371 1297 3432 potest.
1327 3375 1425 3414 nec
1447 3359 1620 3412 verbis
1646 3357 1877 3426 aperiri?

305 3459 738 3530 Quandoquidem
783 3457 929 3510 multi
972 3454 1132 3508 multa
1175 3453 1517 3505 mentiuntur.
1549 3448 1878 3517 Quapropter

299 3552 350 3607 'si
377 3554 592 3608 dextera
617 3549 932 3603 intrinsecus
959 3546 1063 3615 agit
1092 3545 1142 3598 iu
1169 3543 1497 3601 abscondito,
1517 3541 1580 3593 ad
1612 3541 1875 3592 sinistram

305 3644 575 3714 pertinent
600 3639 776 3698 omnia
807 3636 1091 3700 exteriora,
1122 3651 1235 3704 qua:
1264 3643 1386 3687 Sunt
1416 3631 1634 3685 visibilia
1667 3639 1718 3683 et
1746 3639 1876 3682 tem-

266 3743 270 3746 ·
314 3730 637 3804 poraIia.Sit
660 3746 785 3800 ergo
834 3729 1168 3796 elcemosyua
1212 3735 1295 3777 tua
1338 3725 1386 3776 in
1415 3724 1522 3791 ipsa
1553 3721 1876 3774 conscientia

305 3835 418 3892 tua,
449 3825 536 3879 ubi
563 3823 710 3878 multi
738 3822 1128 3889 eleemosynam
1180 3815 1375 3868 faciunt
1418 3814 1551 3867 bona
1590 3812 1874 3872 voluntate,

307 3917 464 3971 etiam
492 3915 535 3968 si
567 3913 841 3983 pecuniam
862 3952 875 3973 ,
899 3910 981 3964 vel
1012 3909 1056 3961 si
1085 3899 1208 3977 quid
1235 3904 1373 3959 aliud
1394 3945 1409 3970 ,
1439 3903 1574 3972 quod
1603 3902 1740 3968 inopi
1769 3903 1875 3955 lar-

306 4005 556 4081 giendum
599 4013 717 4068 est,
774 4015 876 4056 non
930 4000 1143 4052 habent.
1186 3995 1327 4049 Multi
1385 4002 1557 4046 autem
1625 3992 1750 4044 loris
1796 3990 1875 4081 fa-_

306 4079 483 4160 ciunt,
514 4104 568 4148 ct
601 4096 740 4148 intus
787 4105 892 4142 non
943 4089 1137 4140 faciunt
1180 4084 1268 4153 qui
1310 4082 1393 4134 vel
1431 4081 1747 4140 ambitione,
1795 4079 1874 4132 vel

305 4187 527 4255 alicujus
577 4183 654 4237 rei
700 4177 1004 4250 temporalis
1050 4174 1215 4244 gratia
1270 4172 1449 4225 volunt
1507 4168 1878 4223 misericordes

306 4275 516 4338 videri,
557 4274 610 4328 in
655 4271 845 4342 quibus
879 4267 989 4321 sola
1030 4265 1238 4318 sinistra
1278 4261 1485 4330 operari
1533 4259 1876 4312 existimanda

307 4377 409 4425 est.
455 4365 582 4420 ltem
631 4361 717 4417 alii
749 4360 909 4430 'quasi
957 4356 1188 4412 medium
1232 4355 1370 4407 inter
1423 4359 1670 4420 utrosque
1700 4351 1876 4404 locum

309 4464 518 4517 tenent,
551 4462 606 4508 ut
649 4461 702 4506 et
748 4448 1036 4505 intentione
1087 4459 1204 4515 quae
1255 4444 1306 4495 in
1351 4441 1514 4494 Deum
1543 4452 1623 4494 est
1648 4442 1876 4495 eleemo-

307 4563 492 4620 synam
547 4543 789 4607 faciant,
836 4548 889 4618 et
933 4549 1103 4593 tamen
1159 4538 1355 4590 inserat
1397 4550 1456 4588 se
1496 4533 1615 4586 huic
1665 4533 1878 4600 Optimae

308 4641 560 4695 voluntati
589 4635 837 4692 nonnulla
858 4633 1016 4686 etiam
1061 4627 1225 4682 laudis
1277 4626 1360 4680 vel
1405 4625 1617 4694 cuiusce
1652 4624 1728 4677 rei
1769 4623 1874 4677 ira-

307 4734 426 4802 gilis
475 4739 527 4785 et
579 4725 882 4795 temporalis
931 4721 1206 4790 cupiditas.
1247 4717 1348 4772 Sed
1393 4717 1644 4772 Dominus
1697 4727 1880 4770 noster

307 4822 476 4876 multo
503 4815 865 4873 vehementius
896 4810 1134 4882 prohibet
1161 4809 1324 4863 solam
1357 4807 1622 4863 sinistram
1653 4807 1703 4859 in
1729 4807 1880 4861 nobis

309 4911 551 4981 cpi-rari,
585 4906 795 4977 quando
836 4905 993 4958 etiam
1037 4901 1247 4955 misceri
1290 4915 1404 4952 eam
1444 4907 1588 4952 vetat
1629 4899 1880 4969 operibus

309 5002 540 5056 dextera:
563 5015 580 5051 :
603 5006 657 5049 ut
695 4996 898 5048 scilicet
926 5007 1029 5045 non
1072 4989 1229 5042 modo
1258 4989 1367 5043 Sola
1399 4988 1760 5057 temporalium
1793 5004 1879 5041 rc-

311 5107 427 5145 rum
472 5087 755 5155 cupiditate
789 5096 1068 5137 caveamus
1109 5082 1495 5150 eleemosynam
1542 5079 1747 5145 facere;
1788 5082 1878 5134 sed

314 5196 411 5237 nec
441 5181 510 5234 ita
542 5179 593 5232 in
623 5178 726 5230 huc
750 5189 908 5243 Opere
938 5172 1268 5226 attendamus
1307 5172 1500 5224 Deum.
1532 5181 1588 5224 ut
1627 5186 1744 5226 sese
1784 5173 1882 5226 mi-

315 5281 458 5328 sceat
482 5269 564 5323 vel
588 5269 837 5337 adiungat
861 5265 1179 5318 exteriorum
1194 5263 1444 5333 appetitio
1460 5263 1876 5318 commodorum.

316 5365 503 5436 Agitur
543 5367 681 5414 enim
729 5360 794 5414 de
838 5357 996 5412 corde
1037 5355 1370 5419 mundando,
1408 5356 1548 5426 quod
1587 5358 1685 5411 nisi
1727 5357 1884 5412 fuerit

316 5455 561 5525 simplex,
594 5453 844 5505 mundum
873 5464 976 5502 non
1006 5450 1123 5502 erit.
1156 5446 1388 5515 Simplex
1419 5457 1594 5501 autem
1622 5447 1883 5516 quomodo

317 5550 420 5606 erit
445 5547 490 5602 si
518 5545 724 5600 duobus
752 5543 978 5598 dominis
1006 5541 1199 5608 servit,
1229 5557 1328 5596 nec
1357 5557 1456 5595 una
1485 5542 1772 5597 intentione
1803 5559 1884 5598 rc-

275 5656 282 5660 '
318 5655 438 5698 rum
462 5647 579 5692 tete:
592 5649 775 5690 narqu
803 5634 1041 5704 purilicat
1070 5634 1235 5686 aciem
1263 5647 1409 5687 suam
1429 5673 1444 5698 ,
1476 5633 1567 5686 sed
1594 5649 1706 5686 eam
1739 5651 1882 5689 mor-

317 5733 504 5790 talium
530 5743 737 5800 quoque
765 5726 1130 5798 fragiliumque
1159 5741 1337 5782 rerum
1367 5741 1544 5783 amore
1577 5726 1885 5784 obuubilat?

1615 330 1815 387 LIBER
1847 329 2215 389 SECUNDUS.

3404 337 3540 395 ΕΠ

1976 446 2056 500 Sit
2098 462 2222 515 ergo
2247 446 2555 518 elemosyna
2574 458 2659 501 tua
2677 450 2731 503 in
2751 451 3068 514 abscondito;
3085 459 3130 503 et
3145 450 3297 504 Pater
3320 458 3431 504 tuus
3449 458 3539 521 qui

1970 538 2162 589 videtin
2176 537 2460 591 abscondito
2473 539 2640 592 reddet
2657 541 3077 594 tibi.llectissime
3089 547 3306 596 omnino
3317 552 3366 595 et
3381 545 3536 598 veris-

1972 628 2188 682 sime.Si
2212 630 2348 681 enim
2375 631 2642 697 prtemium
2668 632 2733 683 ab
2763 648 2826 684 eo
2853 642 3126 700 exspectas
3151 634 3238 701 qui
3268 635 3540 687 conscien-

1976 720 2059 772 tiae
2084 722 2226 774 solus
2255 722 2520 789 inspector
2544 732 2642 783 est,
2672 722 2898 775 sufﬁciat
2927 723 3018 775 tibi
3042 724 3104 775 ad
3135 724 3538 793 promerendum

1973 810 2248 876 przcmium
2301 811 2410 878 ipsa
2459 812 2800 865 conscientia.
2844 812 3002 865 Multa
3033 813 3189 866 latina
3221 814 3542 880 exemplaria

1974 901 2052 953 sic
2092 902 2316 966 habent,
2345 901 2406 954 Et
2428 900 2582 954 Pater
2606 913 2716 954 tuus
2740 903 2822 971 qui
2850 903 3054 956 videtin
3084 903 3393 966 abscondito,
3427 903 3544 956 red-

1975 990 2056 1043 det
2082 991 2168 1042 tibi
2195 991 2364 1059 palam
2393 1007 2412 1043 :
2437 991 2530 1046 sed
2559 993 2678 1060 quia
2707 993 2758 1044 in
2792 992 2979 1060 grateis
3000 1034 3014 1055 ,
3040 1009 3155 1060 quin
3186 993 3357 1060 priora
3383 1000 3541 1057 sunt,

1977 1094 2079 1132 non
2112 1079 2424 1145 invenimus,
2455 1083 2623 1148 palam
2653 1081 2732 1152 (a)
2755 1123 2768 1146 ,
2797 1097 2898 1136 non
2932 1084 3224 1151 putavimus
3266 1084 3384 1140 hinc
3429 1100 3546 1138 esse

1974 1168 2169 1236 aliquid
2199 1169 2582 1224 disserendum.

2028 1258 2109 1313 CA
2123 1260 2248 1314 PUT
2273 1261 2519 1315 ll|.-—l0.
2539 1262 2730 1317 Etcum
2745 1264 2918 1326 oratis,
2938 1263 3125 1333 inquit,
3148 1279 3244 1316 non
3266 1265 3400 1317 eritis
3421 1264 3548 1317 sicut

1977 1351 2264 1420 hypocrita,
2298 1354 2383 1420 qui
2403 1363 2574 1406 amant
2603 1355 2652 1407 in
2683 1355 2949 1424 synagogis
2975 1365 3020 1408 et
3047 1357 3097 1408 in
3123 1354 3320 1424 angulis
3355 1356 3522 1424 platea

1976 1458 2088 1494 rum
2131 1452 2313 1496 stantes
2357 1461 2522 1509 orare,
2556 1454 2606 1497 ut
2635 1445 2896 1498 videantur
2933 1445 2992 1498 ab
3036 1446 3334 1498 hominibus.
3363 1445 3546 1512 Neque

1978 1533 2064 1586 hic
2091 1534 2255 1588 videri
2277 1535 2342 1586 ab
2371 1535 2670 1588 hominibus
2697 1536 2840 1590 nefas
2867 1546 2976 1597 est;
3001 1537 3094 1591 sed
3121 1536 3238 1591 ideo
3259 1537 3370 1591 haec
3390 1553 3547 1605 agere

1979 1634 2034 1678 ut
2065 1625 2290 1678 videaris
2317 1627 2384 1680 ab
2413 1627 2746 1682 hominibus:
2770 1637 2824 1683 et
2859 1629 3124 1697 superﬂuo
3167 1630 3320 1684 toties
3360 1632 3545 1684 eadem

1977 1715 2242 1779 dicuntur,
2270 1732 2388 1770 cum
2438 1719 2506 1772 sit
2541 1719 2649 1788 jam
2695 1736 2794 1773 una
2845 1722 3020 1789 regula
3059 1720 3420 1784 custodienda,
3445 1735 3547 1789 qua

1977 1807 2242 1875 cognitum
2273 1816 2387 1873 est,
2417 1825 2519 1862 non
2544 1811 2586 1864 si
2618 1811 2731 1864 hch
2759 1811 2927 1863 sciant
2956 1810 3224 1874 homines,
3256 1811 3544 1864 formidan-

1977 1896 2102 1950 dum
2128 1913 2245 1952 esse
2271 1908 2360 1952 aut
2389 1900 2721 1967 fugiendum;
2753 1900 2843 1954 sed
2883 1901 2925 1954 si
2969 1901 3068 1954 hoc
3095 1902 3271 1953 auium
3302 1901 3459 1965 iiant,
3494 1911 3550 1954 ut

1978 1986 2177 2042 fructus
2217 1991 2266 2042 in
2308 1991 2384 2043 eis
2417 1999 2692 2057 eXpetatur
2722 1991 2959 2059 placendi
3007 1991 3323 2045 hominibus.
3364 1990 3549 2045 Servat

1978 2079 2132 2132 etiam
2166 2080 2277 2147 ipse
2320 2080 2568 2133 Dominus
2609 2081 2791 2134 eadem
2843 2081 2997 2134 verba
3018 2122 3032 2144 ,
3060 2096 3179 2134 cum
3211 2081 3446 2150 adjungit
3473 2082 3546 2134 si-

1979 2169 2197 2234 militer,
2229 2171 2385 2224 Amen
2412 2171 2522 2224 dico
2547 2170 2698 2234 vobis,
2725 2184 3046 2240 perceperunt
3069 2172 3338 2226 mercedem
3365 2188 3546 2236 suam;

1982 2260 2103 2314 hinc
2131 2261 2415 2316 ostendens
2437 2262 2485 2314 id
2515 2280 2570 2316 se
2601 2263 2899 2330 prohibere,
2919 2279 2982 2316 ne
3011 2279 3072 2317 ea
3096 2279 3300 2317 merces
3326 2274 3546 2331 appeta-

1982 2359 2088 2417 tur,
2119 2366 2218 2419 qua
2248 2353 2390 2404 stulti
2419 2352 2645 2420 gaudent
2690 2368 2809 2408 cum
2837 2353 3114 2407 laudantur
3137 2355 3202 2406 ab
3226 2353 3548 2407 hominibus.

2053 2442 2136 2494 ll.
2170 2440 2268 2494 Vos
2305 2452 2466 2495 autent
2491 2459 2602 2495 cum
2631 2444 2803 2506 oratis,
2830 2443 3017 2511 inquit,
3046 2444 3242 2496 introite
3262 2445 3313 2496 in
3341 2443 3546 2497 cubicu-

1980 2531 2030 2586 la
2060 2544 2237 2586 vestra.
2258 2534 2383 2600 Quae
2413 2545 2534 2588 sunt
2561 2536 2656 2588 ista
2683 2536 2941 2600 cubicula,
2971 2537 3068 2589 nisi
3096 2537 3203 2604 ipsa
3235 2537 3414 2599 corda,
3435 2553 3551 2604 qute

1981 2625 2030 2676 in
2058 2624 2269 2678 Psalmo
2297 2627 2450 2677 etiam
2475 2626 2854 2692 signiﬁCautur,
2882 2642 3000 2679 cum
3030 2627 3236 2682 dicitur.
3271 2627 3392 2692 Quw
3421 2627 3552 2680 dici—

1980 2716 2042 2770 tis
2071 2716 2121 2768 in
2148 2717 2376 2770 cordibus
2402 2717 2603 2781 vestris,
2634 2729 2678 2770 et
2707 2717 2758 2769 in
2780 2716 3020 2770 cubilibus
3046 2720 3218 2771 vestris
3259 2719 3553 2789 compungi—

1978 2806 2102 2858 mini
2129 2805 2300 2877 (Psul.
2329 2821 2403 2865 Iv,
2429 2806 2482 2876 5)
2503 2807 2525 2859 ?
2549 2805 2614 2859 Et
2641 2806 2926 2860 claudentes
2953 2809 3079 2860 ostia
3104 2819 3241 2860 orate
3259 2850 3272 2873 ,
3315 2811 3416 2871 ait,
3451 2808 3554 2861 Pa-

1981 2904 2106 2948 trem
2137 2906 2351 2949 restrum
2375 2897 2425 2948 in
2449 2895 2757 2950 abscondito.
2793 2897 2979 2951 Parum
3015 2907 3096 2951 est
3138 2898 3332 2952 intrare
3381 2899 3429 2952 in
3457 2914 3551 2954 cu-

1978 2984 2149 3039 bicula
2171 3027 2185 3050 ,
2215 2987 2260 3038 si
2289 2987 2476 3039 ostium
2507 2996 2680 3054 pateat
2707 2989 3038 3056 importunis,
3069 3004 3162 3056 per
3195 2989 3331 3056 quod
3359 2990 3550 3043 Ostium

1979 3090 2040 3128 ea
2068 3092 2184 3144 qine
2211 3075 2337 3130 foris
2363 3087 2484 3129 sunt
2511 3077 2746 3144 improbe
2767 3095 2824 3132 se
2846 3079 3193 3147 immergunt,
3223 3087 3276 3133 et
3302 3080 3549 3134 interiora

1982 3177 2160 3220 nostra
2217 3177 2486 3236 appetunt.
2529 3167 2680 3221 Foris
2726 3180 2901 3222 autem
2943 3168 3174 3223 diximus
3213 3184 3331 3224 esse
3373 3170 3550 3223 omnia

1982 3255 2286 3320 temporalia
2334 3265 2386 3307 et
2435 3256 2689 3320 visibilia,
2719 3271 2835 3323 qua:
2878 3272 2970 3323 per
3013 3259 3204 3310 ostium
3227 3299 3240 3321 ,
3271 3258 3320 3311 id
3349 3267 3430 3313 est
3461 3275 3554 3326 per

1980 3345 2245 3397 carnalem
2293 3359 2504 3397 sensum
2538 3385 2552 3409 ,
2607 3345 2657 3397 in
2705 3346 3046 3414 cogitationes
3115 3357 3320 3400 nostras
3391 3363 3553 3416 pene-

1983 3442 2121 3486 trant
2149 3475 2162 3498 ,
2210 3442 2264 3488 et
2309 3435 2457 3488 turba
2504 3449 2757 3487 vanorum
2811 3435 3232 3503 phantasmalum
3283 3440 3552 3493 orantibus

1981 3522 2307 3593 obstrepunt.
2339 3523 2696 3578 Claudendum
2727 3535 2808 3578 est
2847 3541 2970 3595 ergo
2997 3528 3210 3591 ostium,
3245 3527 3295 3581 id
3323 3537 3422 3593 est,
3447 3544 3556 3583 car-

1982 3615 2083 3666 nali
2116 3615 2291 3667 sensui
2324 3616 2674 3669 resistendum
2706 3624 2805 3676 cst,
2832 3627 2886 3669 ut
2913 3619 3078 3670 oratio
3105 3619 3391 3688 spiritualis
3421 3619 3553 3673 diri-

1980 3715 2132 3776 gatur
2157 3707 2220 3760 ad
2248 3707 2484 3768 Patrem,
2515 3724 2631 3776 qua:
2655 3709 2787 3761 litin
2816 3708 3010 3762 intimis
3038 3711 3232 3776 cordis,
3263 3713 3346 3765 ubi
3375 3725 3557 3767 oratur

1982 3797 2136 3850 l’ater
2164 3797 2212 3850 in
2242 3797 2572 3851 abscondito.
2602 3797 2670 3850 Et
2713 3798 2890 3864 Pater,
2913 3800 3110 3868 inquit,
3141 3813 3296 3854 vester
3320 3804 3402 3865 qui
3430 3803 3556 3856 videt

1981 3889 2032 3940 in
2055 3886 2360 3953 abscondito,
2390 3888 2560 3940 reddet
2583 3888 2736 3942 vobis.
2765 3889 2830 3942 Et
2862 3892 2960 3943 hoc
2989 3891 3074 3944 tali
3105 3891 3337 3946 clausula
3370 3894 3556 3946 termi-

1985 3977 2211 4030 nandum
2242 3977 2336 4029 l‘uit
2362 3993 2374 4028 :
2402 3994 2504 4034 non
2533 3980 2672 4032 enim
2704 3980 2805 4034 hoc
2831 3990 3010 4036 monet
3049 3997 3187 4036 nunc
3221 3993 3276 4036 ut
3317 4001 3548 4052 oremus,

1982 4073 2072 4122 sed
2110 4071 2372 4138 quomodo
2417 4087 2663 4134 oremus;
2696 4087 2864 4141 neque
2910 4075 3180 4141 superius,
3212 4085 3267 4127 ut
3303 4076 3550 4131 tacianius

1982 4161 2406 4232 eleemosynam,
2439 4164 2531 4215 sed
2557 4179 2659 4231 quo
2687 4166 2864 4217 animo
2894 4166 3143 4218 faciamus
3168 4184 3180 4216 :
3212 4169 3455 4235 quoniam
3487 4172 3551 4223 de

1983 4252 2140 4304 corde
2173 4252 2495 4315 ununlando,
2529 4255 2784 4322 prarcipit,
2819 4255 2956 4323 quod
2999 4273 3101 4310 non
3147 4267 3399 4321 mundat,
3453 4258 3548 4312 nisi

1984 4359 2082 4396 una
2105 4353 2152 4396 et
2187 4344 2411 4411 simplex
2432 4344 2651 4401 intentio
2678 4345 2727 4399 in
2759 4357 3008 4400 aeternam
3030 4350 3188 4402 vitam
3210 4350 3323 4404 solo
3345 4360 3395 4404 et
3418 4367 3548 4420 purc

1981 4451 2162 4489 amore
2188 4437 2476 4503 Sapienlim.

2055 4527 2141 4580 12.
2176 4526 2386 4579 Orontes
2414 4537 2576 4580 autent
2605 4529 2783 4592 nolite,
2812 4529 2912 4590 ait,
2959 4531 3166 4584 multant
3211 4531 3344 4601 loqui
3369 4573 3379 4595 ,
3423 4536 3549 4587 sica.

1981 4615 2191 4672 Ethnici
2215 4635 2230 4671 :
2262 4617 2568 4672 arbitrantur
2608 4621 2738 4672 enim
2774 4621 2907 4689 quod
2935 4622 2986 4673 in
3013 4622 3323 4692 multiloquio
3352 4642 3442 4678 suo
3463 4643 3554 4681 ex-

1981 4710 2270 4762 audiantur.
2311 4709 2453 4764 Sient
2497 4709 2886 4780 liypocritarum
2923 4721 3004 4764 est
3051 4713 3286 4780 pra-bere
3329 4730 3385 4767 se
3432 4731 3554 4783 spe-

1983 4802 2202 4856 ctandos
2241 4803 2288 4855 in
2332 4805 2602 4868 oratione,
2633 4820 2855 4872 quorum
2897 4805 3092 4860 {ructus
3118 4819 3196 4862 cst
3228 4809 3430 4876 placeri-
3463 4812 3555 4861 hoc

1984 4894 2244 4958 minibus;
2280 4896 2348 4948 ita
2378 4895 2740 4961 Ethnicorum,
2775 4898 2822 4950 id
2853 4909 2932 4951 est
2966 4899 3267 4963 Gentilium,
3303 4903 3352 4952 in
3380 4903 3554 4954 nuuti-

1984 4987 2162 5057 loquio
2191 5004 2248 5041 se
2276 4998 2456 5056 putare
2493 4989 2748 5042 exaudiri.
2793 4991 2854 5044 Et
2901 5006 3078 5043 revera
3125 5006 3282 5046 onine
3323 4995 3555 5047 inanilo-

1984 5080 2162 5148 quium
2184 5095 2213 5132 a
2237 5079 2530 5134 Gentilibus
2558 5081 2717 5141 venit,
2736 5081 2823 5147 qui
2843 5081 3151 5134 exercenda!
3178 5083 3366 5151 [iugum
3385 5102 3414 5151 p
3457 5097 3554 5136 illis

1986 5184 2142 5237 quam
2175 5169 2474 5222 tuendando
2512 5169 2687 5220 animo
2718 5167 2843 5220 dant
2874 5184 3108 5235 operam.
3153 5172 3216 5225 Et
3257 5173 3354 5225 hoc
3399 5187 3554 5230 nuga-

1987 5259 2104 5310 torii
2155 5257 2307 5310 studii
2348 5270 2512 5326 genus
2553 5258 2710 5309 etnon
2755 5256 2817 5308 ad
2853 5258 3012 5310 Deum
3055 5274 3206 5326 prece
3248 5263 3557 5314 licuit-utiuti]

1993 5349 2275 5401 transferre
2310 5355 2584 5410 conantur,
2627 5348 2944 5401 arbitrantes
2973 5350 3105 5402 sient
3135 5351 3395 5404 hominem
3421 5352 3559 5419 judi-

1989 5456 2102 5494 ccm
2133 5442 2308 5494 verbis
2330 5441 2516 5495 adduci
2548 5442 2597 5494 in
2625 5444 2958 5496 sententiam.
2992 5443 3163 5497 .‘iolitc
3189 5447 3349 5513 itaque
3373 5449 3558 5504 similes

1991 5535 2089 5588 illis
2116 5552 2236 5598 esse,
2262 5535 2388 5587 dicit
2415 5550 2545 5589 unus
2580 5545 2631 5586 et.
2677 5551 2832 5588 verus
2869 5539 3134 5604 magister.
3170 5539 3275 5591 Scit
3304 5541 3428 5591 enim
3457 5540 3559 5593 Ρα-

1995 5636 2066 5679 ter
2091 5627 2382 5698 t't’stcrqnftl
2411 5629 2540 5679 vobis
2567 5628 2894 5680 necessarium
2940 5633 3037 5692 sit,
3084 5641 3342 5700 matc'qmun
3389 5634 3537 5701 νεαιιὶ

2059 5738 2133 5800 (ιι)
2156 5745 2323 5788 contra
2352 5739 2494 5788 hodie
2517 5738 2565 5787 in
2598 5741 2770 5801 graecis
2795 5741 3052 5803 inuenitur,
3075 5756 3170 5792 non
3192 5743 3243 5794 in
3273 5743 3447 5795 latinis.
