  <div class='ocr_page' id='page_1' title='image "/cluster/home/n/w/nwhite01/storage/ocr_20150623/34/uva.x000826574/660.png"; bbox 0 0 3888 6328; ppageno 0'>
   <div class='ocr_carea' id='block_1_1' title="bbox 1550 227 1590 259">
    <p class='ocr_par' dir='ltr' id='par_1_1' title="bbox 1550 227 1590 259">
     <span class='ocr_line' id='line_1_1' title="bbox 1550 227 1590 259; baseline 0 0"><span class='ocrx_word' id='word_1_1' title='bbox 1550 227 1590 259; x_wconf 57' lang='lat'><strong>’3</strong></span> 
     </span>
    </p>
   </div>
   <div class='ocr_carea' id='block_1_2' title="bbox 228 323 392 382">
    <p class='ocr_par' dir='ltr' id='par_1_2' title="bbox 228 323 392 382">
     <span class='ocr_line' id='line_1_2' title="bbox 228 323 392 382; baseline 0.006 -1"><span class='ocrx_word' id='word_1_2' title='bbox 228 323 392 382; x_wconf 67' lang='grc' dir='ltr'><strong>ηπ</strong></span> 
     </span>
    </p>
   </div>
   <div class='ocr_carea' id='block_1_3' title="bbox 223 430 1834 510">
    <p class='ocr_par' dir='ltr' id='par_1_3' title="bbox 223 430 1834 510">
     <span class='ocr_line' id='line_1_3' title="bbox 223 430 1834 510; baseline -0.008 -14"><span class='ocrx_word' id='word_1_3' title='bbox 223 453 404 510; x_wconf 85' lang='lat' dir='ltr'><strong>pora,</strong></span> <span class='ocrx_word' id='word_1_4' title='bbox 429 437 521 497; x_wconf 85' lang='lat' dir='ltr'><strong>sed</strong></span> <span class='ocrx_word' id='word_1_5' title='bbox 555 446 729 493; x_wconf 89' lang='lat' dir='ltr'><strong>tamen</strong></span> <span class='ocrx_word' id='word_1_6' title='bbox 754 447 977 505; x_wconf 88' lang='lat' dir='ltr'><strong>corpora</strong></span> <span class='ocrx_word' id='word_1_7' title='bbox 998 472 1013 497; x_wconf 92' lang='lat'><strong>,</strong></span> <span class='ocrx_word' id='word_1_8' title='bbox 1042 444 1161 501; x_wconf 63' lang='lat' dir='ltr'><strong>quae</strong></span> <span class='ocrx_word' id='word_1_9' title='bbox 1190 444 1296 485; x_wconf 86' lang='lat' dir='ltr'><strong>non</strong></span> <span class='ocrx_word' id='word_1_10' title='bbox 1333 437 1557 500; x_wconf 85' lang='lat' dir='ltr'><strong>possunt</strong></span> <span class='ocrx_word' id='word_1_11' title='bbox 1583 432 1702 485; x_wconf 75' lang='lat' dir='ltr'><strong>eSse</strong></span> <span class='ocrx_word' id='word_1_12' title='bbox 1728 430 1834 483; x_wconf 86' lang='lat' dir='ltr'><strong>nisi</strong></span> 
     </span>
    </p>
   </div>
   <div class='ocr_carea' id='block_1_4' title="bbox 222 522 1833 603">
    <p class='ocr_par' dir='ltr' id='par_1_4' title="bbox 222 522 1833 603">
     <span class='ocr_line' id='line_1_4' title="bbox 222 522 1833 603; baseline -0.006 -17"><span class='ocrx_word' id='word_1_13' title='bbox 222 530 301 587; x_wconf 81' lang='lat' dir='ltr'><strong>in</strong></span> <span class='ocrx_word' id='word_1_14' title='bbox 355 532 473 586; x_wconf 90' lang='lat' dir='ltr'><strong>loco</strong></span> <span class='ocrx_word' id='word_1_15' title='bbox 502 550 516 585; x_wconf 91' lang='lat'><strong>:</strong></span> <span class='ocrx_word' id='word_1_16' title='bbox 545 531 637 586; x_wconf 89' lang='lat' dir='ltr'><strong>sed</strong></span> <span class='ocrx_word' id='word_1_17' title='bbox 686 529 727 583; x_wconf 92' lang='lat' dir='ltr'><strong>si</strong></span> <span class='ocrx_word' id='word_1_18' title='bbox 777 528 827 581; x_wconf 87' lang='lat' dir='ltr'><strong>iii</strong></span> <span class='ocrx_word' id='word_1_19' title='bbox 876 526 1027 581; x_wconf 70' lang='lat' dir='ltr'><strong>cmlis</strong></span> <span class='ocrx_word' id='word_1_20' title='bbox 1075 533 1320 594; x_wconf 76' lang='lat' dir='ltr'><strong>tanquam</strong></span> <span class='ocrx_word' id='word_1_21' title='bbox 1373 523 1423 603; x_wconf 84' lang='lat' dir='ltr'><strong>in</strong></span> <span class='ocrx_word' id='word_1_22' title='bbox 1474 522 1833 593; x_wconf 79' lang='lat' dir='ltr'><strong>superioribus</strong></span> 
     </span>
    </p>
   </div>
   <div class='ocr_carea' id='block_1_5' title="bbox 222 610 1831 692">
    <p class='ocr_par' dir='ltr' id='par_1_5' title="bbox 222 610 1831 692">
     <span class='ocr_line' id='line_1_5' title="bbox 222 610 1831 692; baseline -0.007 -15"><span class='ocrx_word' id='word_1_23' title='bbox 222 623 431 677; x_wconf 85' lang='lat' dir='ltr'><strong>mundi</strong></span> <span class='ocrx_word' id='word_1_24' title='bbox 456 622 694 692; x_wconf 84' lang='lat' dir='ltr'><strong>partibus</strong></span> <span class='ocrx_word' id='word_1_25' title='bbox 713 620 861 674; x_wconf 89' lang='lat' dir='ltr'><strong>locus</strong></span> <span class='ocrx_word' id='word_1_26' title='bbox 884 616 972 672; x_wconf 85' lang='lat' dir='ltr'><strong>Dei</strong></span> <span class='ocrx_word' id='word_1_27' title='bbox 995 631 1113 671; x_wconf 89' lang='lat' dir='ltr'><strong>esse</strong></span> <span class='ocrx_word' id='word_1_28' title='bbox 1139 615 1373 669; x_wconf 90' lang='lat' dir='ltr'><strong>creditur</strong></span> <span class='ocrx_word' id='word_1_29' title='bbox 1399 615 1633 667; x_wconf 81' lang='lat' dir='ltr'><strong>melioris</strong></span> <span class='ocrx_word' id='word_1_30' title='bbox 1660 610 1831 667; x_wconf 88' lang='lat' dir='ltr'><strong>meriti</strong></span> 
     </span>
    </p>
   </div>
   <div class='ocr_carea' id='block_1_6' title="bbox 223 707 1830 783">
    <p class='ocr_par' dir='ltr' id='par_1_6' title="bbox 223 707 1830 783">
     <span class='ocr_line' id='line_1_6' title="bbox 223 707 1830 783; baseline -0.006 -14"><span class='ocrx_word' id='word_1_31' title='bbox 223 724 374 769; x_wconf 83' lang='lat' dir='ltr'><strong>sunt</strong></span> <span class='ocrx_word' id='word_1_32' title='bbox 401 731 545 780; x_wconf 88' lang='lat' dir='ltr'><strong>aves,</strong></span> <span class='ocrx_word' id='word_1_33' title='bbox 583 728 805 783; x_wconf 90' lang='lat' dir='ltr'><strong>quarum</strong></span> <span class='ocrx_word' id='word_1_34' title='bbox 835 713 937 766; x_wconf 89' lang='lat' dir='ltr'><strong>vita</strong></span> <span class='ocrx_word' id='word_1_35' title='bbox 968 719 1049 765; x_wconf 83' lang='lat' dir='ltr'><strong>est</strong></span> <span class='ocrx_word' id='word_1_36' title='bbox 1077 710 1184 763; x_wconf 89' lang='lat' dir='ltr'><strong>Deo</strong></span> <span class='ocrx_word' id='word_1_37' title='bbox 1214 708 1457 763; x_wconf 82' lang='lat' dir='ltr'><strong>vicinior.</strong></span> <span class='ocrx_word' id='word_1_38' title='bbox 1495 707 1609 761; x_wconf 87' lang='lat' dir='ltr'><strong>Non</strong></span> <span class='ocrx_word' id='word_1_39' title='bbox 1655 718 1830 760; x_wconf 88' lang='lat' dir='ltr'><strong>autem</strong></span> 
     </span>
    </p>
   </div>
   <div class='ocr_carea' id='block_1_7' title="bbox 222 796 1824 873">
    <p class='ocr_par' dir='ltr' id='par_1_7' title="bbox 222 796 1824 873">
     <span class='ocr_line' id='line_1_7' title="bbox 222 796 1824 873; baseline -0.006 -12"><span class='ocrx_word' id='word_1_40' title='bbox 222 807 503 873; x_wconf 84' lang='lat' dir='ltr'><strong>scriptum</strong></span> <span class='ocrx_word' id='word_1_41' title='bbox 540 813 620 859; x_wconf 86' lang='lat' dir='ltr'><strong>est</strong></span> <span class='ocrx_word' id='word_1_42' title='bbox 637 846 653 871; x_wconf 95' lang='lat'><strong>,</strong></span> <span class='ocrx_word' id='word_1_43' title='bbox 688 804 857 872; x_wconf 82' lang='lat' dir='ltr'><strong>PrOpe</strong></span> <span class='ocrx_word' id='word_1_44' title='bbox 878 812 957 856; x_wconf 86' lang='lat' dir='ltr'><strong>est</strong></span> <span class='ocrx_word' id='word_1_45' title='bbox 979 802 1231 854; x_wconf 87' lang='lat' dir='ltr'><strong>Dominus</strong></span> <span class='ocrx_word' id='word_1_46' title='bbox 1257 800 1481 852; x_wconf 82' lang='lat' dir='ltr'><strong>excelsis</strong></span> <span class='ocrx_word' id='word_1_47' title='bbox 1506 796 1824 862; x_wconf 87' lang='lat' dir='ltr'><strong>hominibus,</strong></span> 
     </span>
    </p>
   </div>
   <div class='ocr_carea' id='block_1_8' title="bbox 220 888 1828 965">
    <p class='ocr_par' dir='ltr' id='par_1_8' title="bbox 220 888 1828 965">
     <span class='ocr_line' id='line_1_8' title="bbox 220 888 1828 965; baseline -0.006 -15"><span class='ocrx_word' id='word_1_48' title='bbox 220 907 341 951; x_wconf 85' lang='lat' dir='ltr'><strong>aut</strong></span> <span class='ocrx_word' id='word_1_49' title='bbox 368 898 446 952; x_wconf 90' lang='lat' dir='ltr'><strong>eis</strong></span> <span class='ocrx_word' id='word_1_50' title='bbox 490 900 580 965; x_wconf 93' lang='lat' dir='ltr'><strong>qui</strong></span> <span class='ocrx_word' id='word_1_51' title='bbox 622 895 673 948; x_wconf 92' lang='lat' dir='ltr'><strong>in</strong></span> <span class='ocrx_word' id='word_1_52' title='bbox 714 892 984 948; x_wconf 81' lang='lat' dir='ltr'><strong>montibus</strong></span> <span class='ocrx_word' id='word_1_53' title='bbox 1011 891 1248 965; x_wconf 85' lang='lat' dir='ltr'><strong>habitant</strong></span> <span class='ocrx_word' id='word_1_54' title='bbox 1276 908 1289 943; x_wconf 91' lang='lat'><strong>:</strong></span> <span class='ocrx_word' id='word_1_55' title='bbox 1320 888 1412 945; x_wconf 90' lang='lat' dir='ltr'><strong>sed</strong></span> <span class='ocrx_word' id='word_1_56' title='bbox 1445 888 1697 956; x_wconf 85' lang='lat' dir='ltr'><strong>scriptum</strong></span> <span class='ocrx_word' id='word_1_57' title='bbox 1727 895 1828 953; x_wconf 86' lang='lat' dir='ltr'><strong>est,</strong></span> 
     </span>
    </p>
   </div>
   <div class='ocr_carea' id='block_1_9' title="bbox 224 976 1827 1056">
    <p class='ocr_par' dir='ltr' id='par_1_9' title="bbox 224 976 1827 1056">
     <span class='ocr_line' id='line_1_9' title="bbox 224 976 1827 1056; baseline -0.005 -16"><span class='ocrx_word' id='word_1_58' title='bbox 224 984 420 1056; x_wconf 84' lang='lat' dir='ltr'><strong>Prope</strong></span> <span class='ocrx_word' id='word_1_59' title='bbox 463 996 533 1038; x_wconf 84' lang='lat' dir='ltr'><strong>est</strong></span> <span class='ocrx_word' id='word_1_60' title='bbox 564 984 808 1038; x_wconf 81' lang='lat' dir='ltr'><strong>Dominus</strong></span> <span class='ocrx_word' id='word_1_61' title='bbox 847 982 1036 1036; x_wconf 84' lang='lat' dir='ltr'><strong>obtritis</strong></span> <span class='ocrx_word' id='word_1_62' title='bbox 1078 980 1228 1034; x_wconf 83' lang='lat' dir='ltr'><strong>corde</strong></span> <span class='ocrx_word' id='word_1_63' title='bbox 1257 978 1276 1051; x_wconf 92' lang='lat'>(</span> <span class='ocrx_word' id='word_1_64' title='bbox 1304 977 1447 1032; x_wconf 84' lang='lat' dir='ltr'><strong>Psal.</strong></span> <span class='ocrx_word' id='word_1_65' title='bbox 1473 994 1655 1041; x_wconf 80' lang='lat' dir='ltr'><strong>xxxui,</strong></span> <span class='ocrx_word' id='word_1_66' title='bbox 1684 978 1750 1033; x_wconf 85' lang='grc'>19</span> <span class='ocrx_word' id='word_1_67' title='bbox 1777 976 1827 1051; x_wconf 89' lang='grc'>);</span> 
     </span>
    </p>
   </div>
   <div class='ocr_carea' id='block_1_10' title="bbox 183 1067 1828 1149">
    <p class='ocr_par' dir='ltr' id='par_1_10' title="bbox 183 1067 1828 1149">
     <span class='ocr_line' id='line_1_10' title="bbox 183 1067 1828 1149; baseline -0.008 -16"><span class='ocrx_word' id='word_1_68' title='bbox 183 1127 201 1146; x_wconf 71' lang='grc'><strong>,</strong></span> <span class='ocrx_word' id='word_1_69' title='bbox 220 1078 390 1149; x_wconf 89' lang='lat' dir='ltr'><strong>quod</strong></span> <span class='ocrx_word' id='word_1_70' title='bbox 415 1076 580 1146; x_wconf 86' lang='lat' dir='ltr'><strong>magis</strong></span> <span class='ocrx_word' id='word_1_71' title='bbox 608 1076 829 1145; x_wconf 90' lang='lat' dir='ltr'><strong>pertinet</strong></span> <span class='ocrx_word' id='word_1_72' title='bbox 860 1073 924 1126; x_wconf 90' lang='lat' dir='ltr'><strong>ad</strong></span> <span class='ocrx_word' id='word_1_73' title='bbox 954 1070 1321 1126; x_wconf 80' lang='lat' dir='ltr'><strong>humilitatem.</strong></span> <span class='ocrx_word' id='word_1_74' title='bbox 1351 1068 1454 1123; x_wconf 88' lang='lat' dir='ltr'><strong>Sed</strong></span> <span class='ocrx_word' id='word_1_75' title='bbox 1478 1067 1828 1134; x_wconf 85' lang='lat' dir='ltr'><strong>quemadmo-</strong></span> 
     </span>
    </p>
   </div>
   <div class='ocr_carea' id='block_1_11' title="bbox 186 1158 1825 1240">
    <p class='ocr_par' dir='ltr' id='par_1_11' title="bbox 186 1158 1825 1240">
     <span class='ocr_line' id='line_1_11' title="bbox 186 1158 1825 1240; baseline -0.006 -19"><span class='ocrx_word' id='word_1_76' title='bbox 186 1170 371 1225; x_wconf 69' lang='lat' dir='ltr'><strong>‘Edum</strong></span> <span class='ocrx_word' id='word_1_77' title='bbox 402 1183 541 1224; x_wconf 88' lang='lat' dir='ltr'><strong>terra</strong></span> <span class='ocrx_word' id='word_1_78' title='bbox 564 1168 855 1240; x_wconf 87' lang='lat' dir='ltr'><strong>appellatus</strong></span> <span class='ocrx_word' id='word_1_79' title='bbox 880 1177 962 1219; x_wconf 90' lang='lat' dir='ltr'><strong>est</strong></span> <span class='ocrx_word' id='word_1_80' title='bbox 983 1174 1246 1233; x_wconf 84' lang='lat' dir='ltr'><strong>peccator,</strong></span> <span class='ocrx_word' id='word_1_81' title='bbox 1272 1174 1392 1214; x_wconf 92' lang='lat' dir='ltr'><strong>cum</strong></span> <span class='ocrx_word' id='word_1_82' title='bbox 1425 1161 1471 1213; x_wconf 91' lang='lat' dir='ltr'><strong>ei</strong></span> <span class='ocrx_word' id='word_1_83' title='bbox 1499 1158 1696 1211; x_wconf 89' lang='lat' dir='ltr'><strong>dictum</strong></span> <span class='ocrx_word' id='word_1_84' title='bbox 1724 1167 1825 1224; x_wconf 88' lang='lat' dir='ltr'><strong>est,</strong></span> 
     </span>
    </p>
   </div>
   <div class='ocr_carea' id='block_1_12' title="bbox 198 1249 1826 1323">
    <p class='ocr_par' dir='ltr' id='par_1_12' title="bbox 198 1249 1826 1323">
     <span class='ocr_line' id='line_1_12' title="bbox 198 1249 1826 1323; baseline -0.009 -6"><span class='ocrx_word' id='word_1_85' title='bbox 198 1262 405 1317; x_wconf 65' lang='lat' dir='ltr'><strong>&#39;Terra</strong></span> <span class='ocrx_word' id='word_1_86' title='bbox 449 1279 517 1323; x_wconf 84' lang='lat' dir='ltr'><strong>es,</strong></span> <span class='ocrx_word' id='word_1_87' title='bbox 548 1273 590 1313; x_wconf 86' lang='lat' dir='ltr'><strong>et</strong></span> <span class='ocrx_word' id='word_1_88' title='bbox 632 1258 682 1312; x_wconf 82' lang='lat' dir='ltr'><strong>in</strong></span> <span class='ocrx_word' id='word_1_89' title='bbox 715 1270 897 1311; x_wconf 88' lang='lat' dir='ltr'><strong>terram</strong></span> <span class='ocrx_word' id='word_1_90' title='bbox 928 1256 1019 1308; x_wconf 87' lang='lat' dir='ltr'><strong>ibis</strong></span> <span class='ocrx_word' id='word_1_91' title='bbox 1049 1256 1066 1323; x_wconf 92' lang='lat'>(</span> <span class='ocrx_word' id='word_1_92' title='bbox 1092 1251 1218 1306; x_wconf 81' lang='lat' dir='ltr'><strong>Gen.</strong></span> <span class='ocrx_word' id='word_1_93' title='bbox 1247 1268 1323 1314; x_wconf 83' lang='grc' dir='ltr'>ιιι,</span> <span class='ocrx_word' id='word_1_94' title='bbox 1350 1250 1414 1305; x_wconf 77' lang='lat' dir='ltr'><strong>i9</strong></span> <span class='ocrx_word' id='word_1_95' title='bbox 1442 1250 1460 1321; x_wconf 93' lang='lat'>)</span> <span class='ocrx_word' id='word_1_96' title='bbox 1490 1267 1501 1301; x_wconf 91' lang='lat'>:</span> <span class='ocrx_word' id='word_1_97' title='bbox 1533 1250 1608 1302; x_wconf 85' lang='lat' dir='ltr'><strong>sic</strong></span> <span class='ocrx_word' id='word_1_98' title='bbox 1634 1249 1826 1303; x_wconf 76' lang='lat' dir='ltr'><strong>cmlum</strong></span> 
     </span>
    </p>
   </div>
   <div class='ocr_carea' id='block_1_13' title="bbox 220 1338 1821 1423">
    <p class='ocr_par' dir='ltr' id='par_1_13' title="bbox 220 1338 1821 1423">
     <span class='ocr_line' id='line_1_13' title="bbox 220 1338 1821 1423; baseline -0.01 -16"><span class='ocrx_word' id='word_1_99' title='bbox 220 1353 415 1423; x_wconf 80' lang='lat' dir='ltr'><strong>justus</strong></span> <span class='ocrx_word' id='word_1_100' title='bbox 457 1366 487 1405; x_wconf 91' lang='lat' dir='ltr'><strong>e</strong></span> <span class='ocrx_word' id='word_1_101' title='bbox 529 1349 796 1403; x_wconf 89' lang='lat' dir='ltr'><strong>contrario</strong></span> <span class='ocrx_word' id='word_1_102' title='bbox 847 1344 949 1399; x_wconf 91' lang='lat' dir='ltr'><strong>dici</strong></span> <span class='ocrx_word' id='word_1_103' title='bbox 994 1351 1185 1411; x_wconf 83' lang='lat' dir='ltr'><strong>potest.</strong></span> <span class='ocrx_word' id='word_1_104' title='bbox 1226 1341 1389 1394; x_wconf 81' lang='lat' dir='ltr'><strong>Justis</strong></span> <span class='ocrx_word' id='word_1_105' title='bbox 1433 1339 1572 1393; x_wconf 89' lang='lat' dir='ltr'><strong>enim</strong></span> <span class='ocrx_word' id='word_1_106' title='bbox 1611 1338 1821 1402; x_wconf 91' lang='lat' dir='ltr'><strong>dicitur,</strong></span> 
     </span>
    </p>
   </div>
   <div class='ocr_carea' id='block_1_14' title="bbox 222 1428 1818 1508">
    <p class='ocr_par' dir='ltr' id='par_1_14' title="bbox 222 1428 1818 1508">
     <span class='ocr_line' id='line_1_14' title="bbox 222 1428 1818 1508; baseline -0.009 -13"><span class='ocrx_word' id='word_1_107' title='bbox 222 1441 509 1508; x_wconf 79' lang='lat' dir='ltr'><strong>Templum</strong></span> <span class='ocrx_word' id='word_1_108' title='bbox 532 1434 774 1491; x_wconf 79' lang='lat' dir='ltr'><strong>eninrDei</strong></span> <span class='ocrx_word' id='word_1_109' title='bbox 793 1444 1020 1490; x_wconf 85' lang='lat' dir='ltr'><strong>sanctum</strong></span> <span class='ocrx_word' id='word_1_110' title='bbox 1041 1441 1132 1497; x_wconf 87' lang='lat' dir='ltr'><strong>est,</strong></span> <span class='ocrx_word' id='word_1_111' title='bbox 1150 1432 1281 1501; x_wconf 82' lang='lat' dir='ltr'><strong>quod</strong></span> <span class='ocrx_word' id='word_1_112' title='bbox 1301 1430 1417 1483; x_wconf 83' lang='lat' dir='ltr'><strong>estis</strong></span> <span class='ocrx_word' id='word_1_113' title='bbox 1438 1445 1520 1481; x_wconf 87' lang='lat' dir='ltr'><strong>vos</strong></span> <span class='ocrx_word' id='word_1_114' title='bbox 1543 1429 1582 1497; x_wconf 89' lang='grc' dir='ltr'>(Ι</span> <span class='ocrx_word' id='word_1_115' title='bbox 1604 1428 1718 1482; x_wconf 84' lang='lat' dir='ltr'><strong>Cor.</strong></span> <span class='ocrx_word' id='word_1_116' title='bbox 1747 1444 1818 1494; x_wconf 92' lang='grc' dir='ltr'>ιιι,</span> 
     </span>
    </p>
   </div>
   <div class='ocr_carea' id='block_1_15' title="bbox 228 1518 1824 1602">
    <p class='ocr_par' dir='ltr' id='par_1_15' title="bbox 228 1518 1824 1602">
     <span class='ocr_line' id='line_1_15' title="bbox 228 1518 1824 1602; baseline -0.009 -14"><span class='ocrx_word' id='word_1_117' title='bbox 228 1534 358 1602; x_wconf 75' lang='grc'><strong>17).</strong></span> <span class='ocrx_word' id='word_1_118' title='bbox 389 1533 719 1601; x_wconf 68' lang='lat' dir='ltr'><strong>Quapropter</strong></span> <span class='ocrx_word' id='word_1_119' title='bbox 767 1528 811 1580; x_wconf 86' lang='lat' dir='ltr'><strong>si</strong></span> <span class='ocrx_word' id='word_1_120' title='bbox 864 1527 914 1578; x_wconf 93' lang='lat' dir='ltr'><strong>in</strong></span> <span class='ocrx_word' id='word_1_121' title='bbox 964 1523 1160 1591; x_wconf 90' lang='lat' dir='ltr'><strong>templo</strong></span> <span class='ocrx_word' id='word_1_122' title='bbox 1203 1535 1300 1574; x_wconf 88' lang='lat' dir='ltr'><strong>suo</strong></span> <span class='ocrx_word' id='word_1_123' title='bbox 1350 1518 1549 1573; x_wconf 87' lang='lat' dir='ltr'><strong>habitat</strong></span> <span class='ocrx_word' id='word_1_124' title='bbox 1589 1519 1746 1583; x_wconf 90' lang='lat' dir='ltr'><strong>Deus,</strong></span> <span class='ocrx_word' id='word_1_125' title='bbox 1772 1529 1824 1595; x_wconf 85' lang='lat' dir='ltr'><strong>et</strong></span> 
     </span>
    </p>
   </div>
   <div class='ocr_carea' id='block_1_16' title="bbox 220 1608 1819 1701">
    <p class='ocr_par' dir='ltr' id='par_1_16' title="bbox 220 1608 1819 1701">
     <span class='ocr_line' id='line_1_16' title="bbox 220 1608 1819 1701; baseline -0.011 -23"><span class='ocrx_word' id='word_1_126' title='bbox 220 1625 411 1678; x_wconf 79' lang='lat' dir='ltr'><strong>sancti</strong></span> <span class='ocrx_word' id='word_1_127' title='bbox 440 1623 692 1689; x_wconf 88' lang='lat' dir='ltr'><strong>tetnplutn</strong></span> <span class='ocrx_word' id='word_1_128' title='bbox 711 1618 826 1685; x_wconf 88' lang='lat' dir='ltr'><strong>ejus</strong></span> <span class='ocrx_word' id='word_1_129' title='bbox 847 1625 997 1678; x_wconf 86' lang='lat' dir='ltr'><strong>sunt;</strong></span> <span class='ocrx_word' id='word_1_130' title='bbox 1023 1623 1167 1667; x_wconf 86' lang='lat' dir='ltr'><strong>recte</strong></span> <span class='ocrx_word' id='word_1_131' title='bbox 1188 1612 1399 1676; x_wconf 88' lang='lat' dir='ltr'><strong>dicitur,</strong></span> <span class='ocrx_word' id='word_1_132' title='bbox 1418 1610 1503 1679; x_wconf 81' lang='lat' dir='ltr'><strong>qui</strong></span> <span class='ocrx_word' id='word_1_133' title='bbox 1522 1628 1573 1662; x_wconf 86' lang='lat' dir='ltr'><strong>es</strong></span> <span class='ocrx_word' id='word_1_134' title='bbox 1592 1608 1643 1661; x_wconf 83' lang='lat' dir='ltr'><strong>iu</strong></span> <span class='ocrx_word' id='word_1_135' title='bbox 1664 1610 1819 1701; x_wconf 74' lang='lat' dir='ltr'><strong>artis,</strong></span> 
     </span>
    </p>
   </div>
   <div class='ocr_carea' id='block_1_17' title="bbox 220 1698 1823 1788">
    <p class='ocr_par' dir='ltr' id='par_1_17' title="bbox 220 1698 1823 1788">
     <span class='ocr_line' id='line_1_17' title="bbox 220 1698 1823 1788; baseline -0.011 -18"><span class='ocrx_word' id='word_1_136' title='bbox 220 1717 330 1788; x_wconf 87' lang='lat' dir='ltr'><strong>qui</strong></span> <span class='ocrx_word' id='word_1_137' title='bbox 358 1730 417 1771; x_wconf 93' lang='lat' dir='ltr'><strong>es</strong></span> <span class='ocrx_word' id='word_1_138' title='bbox 440 1716 488 1768; x_wconf 91' lang='lat' dir='ltr'><strong>in</strong></span> <span class='ocrx_word' id='word_1_139' title='bbox 514 1710 812 1767; x_wconf 84' lang='lat' dir='ltr'><strong>sanetis.Et</strong></span> <span class='ocrx_word' id='word_1_140' title='bbox 832 1698 1379 1761; x_wconf 72' lang='lat' dir='ltr'><strong>accommodatissima</strong></span> <span class='ocrx_word' id='word_1_141' title='bbox 1412 1703 1509 1754; x_wconf 89' lang='lat' dir='ltr'><strong>ista</strong></span> <span class='ocrx_word' id='word_1_142' title='bbox 1535 1698 1823 1754; x_wconf 87' lang='lat' dir='ltr'><strong>similitudo</strong></span> 
     </span>
    </p>
   </div>
   <div class='ocr_carea' id='block_1_18' title="bbox 222 1792 1823 1873">
    <p class='ocr_par' dir='ltr' id='par_1_18' title="bbox 222 1792 1823 1873">
     <span class='ocr_line' id='line_1_18' title="bbox 222 1792 1823 1873; baseline -0.012 -10"><span class='ocrx_word' id='word_1_143' title='bbox 222 1817 343 1873; x_wconf 88' lang='lat' dir='ltr'><strong>est,</strong></span> <span class='ocrx_word' id='word_1_144' title='bbox 387 1814 445 1860; x_wconf 91' lang='lat' dir='ltr'><strong>ut</strong></span> <span class='ocrx_word' id='word_1_145' title='bbox 491 1800 834 1873; x_wconf 87' lang='lat' dir='ltr'><strong>spiritualiter</strong></span> <span class='ocrx_word' id='word_1_146' title='bbox 874 1808 1073 1851; x_wconf 86' lang='lat' dir='ltr'><strong>tantum</strong></span> <span class='ocrx_word' id='word_1_147' title='bbox 1116 1795 1374 1848; x_wconf 88' lang='lat' dir='ltr'><strong>interesse</strong></span> <span class='ocrx_word' id='word_1_148' title='bbox 1415 1792 1654 1845; x_wconf 77' lang='lat' dir='ltr'><strong>videatur</strong></span> <span class='ocrx_word' id='word_1_149' title='bbox 1687 1792 1823 1844; x_wconf 86' lang='lat' dir='ltr'><strong>inter</strong></span> 
     </span>
    </p>
   </div>
   <div class='ocr_carea' id='block_1_19' title="bbox 218 1878 1821 1968">
    <p class='ocr_par' dir='ltr' id='par_1_19' title="bbox 218 1878 1821 1968">
     <span class='ocr_line' id='line_1_19' title="bbox 218 1878 1821 1968; baseline -0.01 -14"><span class='ocrx_word' id='word_1_150' title='bbox 218 1901 411 1968; x_wconf 84' lang='lat' dir='ltr'><strong>justus</strong></span> <span class='ocrx_word' id='word_1_151' title='bbox 439 1906 491 1949; x_wconf 88' lang='lat' dir='ltr'><strong>et</strong></span> <span class='ocrx_word' id='word_1_152' title='bbox 524 1878 851 1966; x_wconf 87' lang='lat' dir='ltr'><strong>peccatores,</strong></span> <span class='ocrx_word' id='word_1_153' title='bbox 884 1898 1137 1961; x_wconf 86' lang='lat' dir='ltr'><strong>quantum</strong></span> <span class='ocrx_word' id='word_1_154' title='bbox 1173 1884 1521 1955; x_wconf 79' lang='lat' dir='ltr'><strong>corporaliter</strong></span> <span class='ocrx_word' id='word_1_155' title='bbox 1552 1885 1689 1938; x_wconf 88' lang='lat' dir='ltr'><strong>inter</strong></span> <span class='ocrx_word' id='word_1_156' title='bbox 1714 1898 1821 1938; x_wconf 67' lang='lat' dir='ltr'><strong>cm-</strong></span> 
     </span>
    </p>
   </div>
   <div class='ocr_carea' id='block_1_20' title="bbox 224 1993 668 2049">
    <p class='ocr_par' dir='ltr' id='par_1_20' title="bbox 224 1993 668 2049">
     <span class='ocr_line' id='line_1_20' title="bbox 224 1993 668 2049; baseline -0.023 -1"><span class='ocrx_word' id='word_1_157' title='bbox 224 1993 348 2049; x_wconf 91' lang='lat' dir='ltr'><strong>lum</strong></span> <span class='ocrx_word' id='word_1_158' title='bbox 374 2002 426 2043; x_wconf 90' lang='lat' dir='ltr'><strong>et</strong></span> <span class='ocrx_word' id='word_1_159' title='bbox 457 2000 668 2043; x_wconf 87' lang='lat' dir='ltr'><strong>terram.</strong></span> 
     </span>
    </p>
   </div>
   <div class='ocr_carea' id='block_1_21' title="bbox 312 2066 1816 2147">
    <p class='ocr_par' dir='ltr' id='par_1_21' title="bbox 312 2066 1816 2147">
     <span class='ocr_line' id='line_1_21' title="bbox 312 2066 1816 2147; baseline -0.011 -12"><span class='ocrx_word' id='word_1_160' title='bbox 312 2082 400 2135; x_wconf 72' lang='grc'><strong>18.</strong></span> <span class='ocrx_word' id='word_1_161' title='bbox 441 2078 604 2147; x_wconf 88' lang='lat' dir='ltr'><strong>Cujus</strong></span> <span class='ocrx_word' id='word_1_162' title='bbox 644 2077 720 2129; x_wconf 90' lang='lat' dir='ltr'><strong>rei</strong></span> <span class='ocrx_word' id='word_1_163' title='bbox 759 2072 1114 2144; x_wconf 65' lang='lat' dir='ltr'><strong>signiﬁcanda:</strong></span> <span class='ocrx_word' id='word_1_164' title='bbox 1142 2070 1331 2139; x_wconf 84' lang='lat' dir='ltr'><strong>gratia,</strong></span> <span class='ocrx_word' id='word_1_165' title='bbox 1362 2084 1482 2123; x_wconf 92' lang='lat' dir='ltr'><strong>cum</strong></span> <span class='ocrx_word' id='word_1_166' title='bbox 1521 2066 1586 2120; x_wconf 88' lang='lat' dir='ltr'><strong>ad</strong></span> <span class='ocrx_word' id='word_1_167' title='bbox 1619 2067 1816 2121; x_wconf 80' lang='lat' dir='ltr'><strong>oratio-</strong></span> 
     </span>
    </p>
   </div>
   <div class='ocr_carea' id='block_1_22' title="bbox 223 2157 1817 2233">
    <p class='ocr_par' dir='ltr' id='par_1_22' title="bbox 223 2157 1817 2233">
     <span class='ocr_line' id='line_1_22' title="bbox 223 2157 1817 2233; baseline -0.011 -6"><span class='ocrx_word' id='word_1_168' title='bbox 223 2188 363 2227; x_wconf 86' lang='lat' dir='ltr'><strong>nem</strong></span> <span class='ocrx_word' id='word_1_169' title='bbox 399 2181 620 2233; x_wconf 89' lang='lat' dir='ltr'><strong>stamus,</strong></span> <span class='ocrx_word' id='word_1_170' title='bbox 650 2165 716 2220; x_wconf 89' lang='lat' dir='ltr'><strong>ad</strong></span> <span class='ocrx_word' id='word_1_171' title='bbox 750 2165 1007 2219; x_wconf 85' lang='lat' dir='ltr'><strong>orientem</strong></span> <span class='ocrx_word' id='word_1_172' title='bbox 1044 2160 1423 2225; x_wconf 72' lang='lat' dir='ltr'><strong>convertimur,</strong></span> <span class='ocrx_word' id='word_1_173' title='bbox 1456 2157 1597 2211; x_wconf 89' lang='lat' dir='ltr'><strong>unde</strong></span> <span class='ocrx_word' id='word_1_174' title='bbox 1622 2157 1817 2211; x_wconf 75' lang='lat' dir='ltr'><strong>C(Billlll</strong></span> 
     </span>
    </p>
   </div>
   <div class='ocr_carea' id='block_1_23' title="bbox 225 2248 1817 2334">
    <p class='ocr_par' dir='ltr' id='par_1_23' title="bbox 225 2248 1817 2334">
     <span class='ocr_line' id='line_1_23' title="bbox 225 2248 1817 2334; baseline -0.011 -14"><span class='ocrx_word' id='word_1_175' title='bbox 225 2264 411 2334; x_wconf 80' lang='lat' dir='ltr'><strong>surgit</strong></span> <span class='ocrx_word' id='word_1_176' title='bbox 437 2280 448 2315; x_wconf 94' lang='lat'><strong>:</strong></span> <span class='ocrx_word' id='word_1_177' title='bbox 478 2279 581 2315; x_wconf 88' lang='lat' dir='ltr'><strong>non</strong></span> <span class='ocrx_word' id='word_1_178' title='bbox 614 2271 860 2329; x_wconf 89' lang='lat' dir='ltr'><strong>tanquam</strong></span> <span class='ocrx_word' id='word_1_179' title='bbox 894 2257 963 2309; x_wconf 87' lang='lat' dir='ltr'><strong>ibi</strong></span> <span class='ocrx_word' id='word_1_180' title='bbox 994 2255 1191 2308; x_wconf 89' lang='lat' dir='ltr'><strong>habitet</strong></span> <span class='ocrx_word' id='word_1_181' title='bbox 1218 2261 1270 2307; x_wconf 90' lang='lat' dir='ltr'><strong>et</strong></span> <span class='ocrx_word' id='word_1_182' title='bbox 1300 2254 1457 2315; x_wconf 87' lang='lat' dir='ltr'><strong>Deus,</strong></span> <span class='ocrx_word' id='word_1_183' title='bbox 1481 2248 1633 2320; x_wconf 87' lang='lat' dir='ltr'><strong>quasi</strong></span> <span class='ocrx_word' id='word_1_184' title='bbox 1659 2260 1817 2305; x_wconf 67' lang='lat' dir='ltr'><strong>caue-</strong></span> 
     </span>
    </p>
   </div>
   <div class='ocr_carea' id='block_1_24' title="bbox 223 2345 1816 2420">
    <p class='ocr_par' dir='ltr' id='par_1_24' title="bbox 223 2345 1816 2420">
     <span class='ocr_line' id='line_1_24' title="bbox 223 2345 1816 2420; baseline -0.011 -10"><span class='ocrx_word' id='word_1_185' title='bbox 223 2373 326 2412; x_wconf 79' lang='lat' dir='ltr'><strong>ras</strong></span> <span class='ocrx_word' id='word_1_186' title='bbox 357 2354 534 2408; x_wconf 90' lang='lat' dir='ltr'><strong>mundi</strong></span> <span class='ocrx_word' id='word_1_187' title='bbox 564 2362 740 2420; x_wconf 88' lang='lat' dir='ltr'><strong>partes</strong></span> <span class='ocrx_word' id='word_1_188' title='bbox 766 2348 1057 2403; x_wconf 85' lang='lat' dir='ltr'><strong>deseruerit</strong></span> <span class='ocrx_word' id='word_1_189' title='bbox 1080 2348 1094 2377; x_wconf 76' lang='grc' dir='ltr'>ί</span> <span class='ocrx_word' id='word_1_190' title='bbox 1119 2346 1205 2414; x_wconf 89' lang='lat' dir='ltr'><strong>qui</strong></span> <span class='ocrx_word' id='word_1_191' title='bbox 1239 2345 1432 2413; x_wconf 87' lang='lat' dir='ltr'><strong>ubique</strong></span> <span class='ocrx_word' id='word_1_192' title='bbox 1455 2358 1687 2412; x_wconf 49' lang='lat' dir='ltr'><strong>praisens</strong></span> <span class='ocrx_word' id='word_1_193' title='bbox 1715 2354 1816 2408; x_wconf 87' lang='lat' dir='ltr'><strong>est,</strong></span> 
     </span>
    </p>
   </div>
   <div class='ocr_carea' id='block_1_25' title="bbox 225 2422 1821 2512">
    <p class='ocr_par' dir='ltr' id='par_1_25' title="bbox 225 2422 1821 2512">
     <span class='ocr_line' id='line_1_25' title="bbox 225 2422 1821 2512; baseline -0.011 -8"><span class='ocrx_word' id='word_1_194' title='bbox 225 2422 346 2504; x_wconf 78' lang='lat' dir='ltr'><strong>non</strong></span> <span class='ocrx_word' id='word_1_195' title='bbox 380 2448 611 2500; x_wconf 90' lang='lat' dir='ltr'><strong>locorum</strong></span> <span class='ocrx_word' id='word_1_196' title='bbox 639 2441 844 2512; x_wconf 78' lang='lat' dir='ltr'><strong>spatiis,</strong></span> <span class='ocrx_word' id='word_1_197' title='bbox 874 2439 967 2493; x_wconf 89' lang='lat' dir='ltr'><strong>sed</strong></span> <span class='ocrx_word' id='word_1_198' title='bbox 998 2436 1291 2505; x_wconf 86' lang='lat' dir='ltr'><strong>tuajcslatis</strong></span> <span class='ocrx_word' id='word_1_199' title='bbox 1321 2435 1616 2505; x_wconf 79' lang='lat' dir='ltr'><strong>potentia-’;</strong></span> <span class='ocrx_word' id='word_1_200' title='bbox 1646 2433 1737 2487; x_wconf 88' lang='lat' dir='ltr'><strong>sed</strong></span> <span class='ocrx_word' id='word_1_201' title='bbox 1767 2442 1821 2487; x_wconf 92' lang='lat' dir='ltr'><strong>ut</strong></span> 
     </span>
    </p>
   </div>
   <div class='ocr_carea' id='block_1_26' title="bbox 226 2528 1819 2594">
    <p class='ocr_par' dir='ltr' id='par_1_26' title="bbox 226 2528 1819 2594">
     <span class='ocr_line' id='line_1_26' title="bbox 226 2528 1819 2594; baseline -0.009 0"><span class='ocrx_word' id='word_1_202' title='bbox 226 2539 590 2594; x_wconf 83' lang='lat' dir='ltr'><strong>admoneatur</strong></span> <span class='ocrx_word' id='word_1_203' title='bbox 633 2534 840 2587; x_wconf 89' lang='lat' dir='ltr'><strong>animus</strong></span> <span class='ocrx_word' id='word_1_204' title='bbox 884 2530 949 2585; x_wconf 90' lang='lat' dir='ltr'><strong>ad</strong></span> <span class='ocrx_word' id='word_1_205' title='bbox 998 2540 1238 2583; x_wconf 87' lang='lat' dir='ltr'><strong>naturam</strong></span> <span class='ocrx_word' id='word_1_206' title='bbox 1285 2528 1713 2583; x_wconf 83' lang='lat' dir='ltr'><strong>excellentiorcni</strong></span> <span class='ocrx_word' id='word_1_207' title='bbox 1762 2542 1819 2580; x_wconf 86' lang='lat' dir='ltr'><strong>se</strong></span> 
     </span>
    </p>
   </div>
   <div class='ocr_carea' id='block_1_27' title="bbox 226 2618 1819 2689">
    <p class='ocr_par' dir='ltr' id='par_1_27' title="bbox 226 2618 1819 2689">
     <span class='ocr_line' id='line_1_27' title="bbox 226 2618 1819 2689; baseline -0.008 -4"><span class='ocrx_word' id='word_1_208' title='bbox 226 2640 573 2689; x_wconf 88' lang='lat' dir='ltr'><strong>convertere,</strong></span> <span class='ocrx_word' id='word_1_209' title='bbox 605 2626 655 2681; x_wconf 93' lang='lat' dir='ltr'><strong>id</strong></span> <span class='ocrx_word' id='word_1_210' title='bbox 688 2634 768 2678; x_wconf 91' lang='lat' dir='ltr'><strong>est</strong></span> <span class='ocrx_word' id='word_1_211' title='bbox 795 2624 859 2676; x_wconf 91' lang='lat' dir='ltr'><strong>ad</strong></span> <span class='ocrx_word' id='word_1_212' title='bbox 899 2624 1085 2686; x_wconf 88' lang='lat' dir='ltr'><strong>Deum,</strong></span> <span class='ocrx_word' id='word_1_213' title='bbox 1124 2635 1244 2673; x_wconf 90' lang='lat' dir='ltr'><strong>cum</strong></span> <span class='ocrx_word' id='word_1_214' title='bbox 1290 2621 1454 2687; x_wconf 86' lang='lat' dir='ltr'><strong>ipsum</strong></span> <span class='ocrx_word' id='word_1_215' title='bbox 1485 2634 1677 2689; x_wconf 88' lang='lat' dir='ltr'><strong>corpus</strong></span> <span class='ocrx_word' id='word_1_216' title='bbox 1705 2618 1819 2687; x_wconf 87' lang='lat' dir='ltr'><strong>ejus</strong></span> 
     </span>
    </p>
   </div>
   <div class='ocr_carea' id='block_1_28' title="bbox 224 2710 1819 2791">
    <p class='ocr_par' dir='ltr' id='par_1_28' title="bbox 224 2710 1819 2791">
     <span class='ocr_line' id='line_1_28' title="bbox 224 2710 1819 2791; baseline -0.008 -18"><span class='ocrx_word' id='word_1_217' title='bbox 224 2720 379 2791; x_wconf 72' lang='lat' dir='ltr'><strong>quod</strong></span> <span class='ocrx_word' id='word_1_218' title='bbox 422 2728 501 2771; x_wconf 70' lang='lat' dir='ltr'><strong>est</strong></span> <span class='ocrx_word' id='word_1_219' title='bbox 537 2727 825 2778; x_wconf 87' lang='lat' dir='ltr'><strong>terrenum,</strong></span> <span class='ocrx_word' id='word_1_220' title='bbox 856 2712 918 2765; x_wconf 87' lang='lat' dir='ltr'><strong>ad</strong></span> <span class='ocrx_word' id='word_1_221' title='bbox 946 2726 1137 2779; x_wconf 89' lang='lat' dir='ltr'><strong>corpus</strong></span> <span class='ocrx_word' id='word_1_222' title='bbox 1167 2710 1532 2771; x_wconf 61' lang='lat' dir='ltr'><strong>excellentius,</strong></span> <span class='ocrx_word' id='word_1_223' title='bbox 1563 2710 1612 2761; x_wconf 90' lang='lat' dir='ltr'><strong>id</strong></span> <span class='ocrx_word' id='word_1_224' title='bbox 1643 2720 1723 2762; x_wconf 90' lang='lat' dir='ltr'><strong>cst</strong></span> <span class='ocrx_word' id='word_1_225' title='bbox 1752 2710 1819 2762; x_wconf 90' lang='lat' dir='ltr'><strong>ad</strong></span> 
     </span>
    </p>
   </div>
   <div class='ocr_carea' id='block_1_29' title="bbox 226 2798 1818 2879">
    <p class='ocr_par' dir='ltr' id='par_1_29' title="bbox 226 2798 1818 2879">
     <span class='ocr_line' id='line_1_29' title="bbox 226 2798 1818 2879; baseline -0.008 -16"><span class='ocrx_word' id='word_1_226' title='bbox 226 2825 436 2879; x_wconf 86' lang='lat' dir='ltr'><strong>corpus</strong></span> <span class='ocrx_word' id='word_1_227' title='bbox 466 2808 681 2861; x_wconf 72' lang='lat' dir='ltr'><strong>curleste</strong></span> <span class='ocrx_word' id='word_1_228' title='bbox 711 2804 1057 2858; x_wconf 88' lang='lat' dir='ltr'><strong>convertitur.</strong></span> <span class='ocrx_word' id='word_1_229' title='bbox 1086 2800 1345 2854; x_wconf 80' lang='lat' dir='ltr'><strong>Convenit</strong></span> <span class='ocrx_word' id='word_1_230' title='bbox 1376 2799 1534 2852; x_wconf 91' lang='lat' dir='ltr'><strong>etiam</strong></span> <span class='ocrx_word' id='word_1_231' title='bbox 1568 2798 1818 2868; x_wconf 81' lang='lat' dir='ltr'><strong>gradibus</strong></span> 
     </span>
    </p>
   </div>
   <div class='ocr_carea' id='block_1_30' title="bbox 227 2892 1819 2970">
    <p class='ocr_par' dir='ltr' id='par_1_30' title="bbox 227 2892 1819 2970">
     <span class='ocr_line' id='line_1_30' title="bbox 227 2892 1819 2970; baseline -0.008 -14"><span class='ocrx_word' id='word_1_232' title='bbox 227 2902 533 2970; x_wconf 79' lang='lat' dir='ltr'><strong>religionis,</strong></span> <span class='ocrx_word' id='word_1_233' title='bbox 572 2907 624 2952; x_wconf 91' lang='lat' dir='ltr'><strong>et</strong></span> <span class='ocrx_word' id='word_1_234' title='bbox 657 2898 939 2966; x_wconf 89' lang='lat' dir='ltr'><strong>plurimum</strong></span> <span class='ocrx_word' id='word_1_235' title='bbox 971 2895 1205 2964; x_wconf 77' lang='lat' dir='ltr'><strong>expedit,</strong></span> <span class='ocrx_word' id='word_1_236' title='bbox 1234 2902 1288 2944; x_wconf 92' lang='lat' dir='ltr'><strong>ut</strong></span> <span class='ocrx_word' id='word_1_237' title='bbox 1314 2894 1544 2945; x_wconf 90' lang='lat' dir='ltr'><strong>omnium</strong></span> <span class='ocrx_word' id='word_1_238' title='bbox 1576 2892 1819 2945; x_wconf 78' lang='lat' dir='ltr'><strong>sensibus</strong></span> 
     </span>
    </p>
   </div>
   <div class='ocr_carea' id='block_1_31' title="bbox 228 2981 1818 3061">
    <p class='ocr_par' dir='ltr' id='par_1_31' title="bbox 228 2981 1818 3061">
     <span class='ocr_line' id='line_1_31' title="bbox 228 2981 1818 3061; baseline -0.009 -14"><span class='ocrx_word' id='word_1_239' title='bbox 228 3002 287 3047; x_wconf 89' lang='lat' dir='ltr'><strong>et</strong></span> <span class='ocrx_word' id='word_1_240' title='bbox 316 3008 435 3061; x_wconf 71' lang='lat' dir='ltr'><strong>pari</strong></span> <span class='ocrx_word' id='word_1_241' title='bbox 452 2991 653 3042; x_wconf 91' lang='lat' dir='ltr'><strong>ulorum</strong></span> <span class='ocrx_word' id='word_1_242' title='bbox 677 2997 730 3041; x_wconf 89' lang='lat' dir='ltr'><strong>et</strong></span> <span class='ocrx_word' id='word_1_243' title='bbox 757 3002 1064 3055; x_wconf 84' lang='lat' dir='ltr'><strong>magnorum</strong></span> <span class='ocrx_word' id='word_1_244' title='bbox 1090 2985 1219 3038; x_wconf 87' lang='lat' dir='ltr'><strong>bene</strong></span> <span class='ocrx_word' id='word_1_245' title='bbox 1245 2986 1500 3037; x_wconf 81' lang='lat' dir='ltr'><strong>sentiatur</strong></span> <span class='ocrx_word' id='word_1_246' title='bbox 1522 2982 1586 3035; x_wconf 90' lang='lat' dir='ltr'><strong>de</strong></span> <span class='ocrx_word' id='word_1_247' title='bbox 1606 2982 1730 3034; x_wconf 88' lang='lat' dir='ltr'><strong>Deo.</strong></span> <span class='ocrx_word' id='word_1_248' title='bbox 1752 2981 1818 3034; x_wconf 82' lang='lat' dir='ltr'><strong>Et</strong></span> 
     </span>
    </p>
   </div>
   <div class='ocr_carea' id='block_1_32' title="bbox 231 3070 1814 3151">
    <p class='ocr_par' dir='ltr' id='par_1_32' title="bbox 231 3070 1814 3151">
     <span class='ocr_line' id='line_1_32' title="bbox 231 3070 1814 3151; baseline -0.009 -13"><span class='ocrx_word' id='word_1_249' title='bbox 231 3083 361 3138; x_wconf 83' lang='lat' dir='ltr'><strong>ideo</strong></span> <span class='ocrx_word' id='word_1_250' title='bbox 383 3082 469 3151; x_wconf 85' lang='lat' dir='ltr'><strong>qui</strong></span> <span class='ocrx_word' id='word_1_251' title='bbox 494 3079 785 3134; x_wconf 68' lang='lat' dir='ltr'><strong>visibilibu~</strong></span> <span class='ocrx_word' id='word_1_252' title='bbox 809 3078 981 3129; x_wconf 89' lang='lat' dir='ltr'><strong>adhuc</strong></span> <span class='ocrx_word' id='word_1_253' title='bbox 1006 3070 1175 3144; x_wconf 84' lang='lat' dir='ltr'><strong>pulcbt</strong></span> <span class='ocrx_word' id='word_1_254' title='bbox 1195 3074 1479 3127; x_wconf 88' lang='lat' dir='ltr'><strong>ittnlinibns</strong></span> <span class='ocrx_word' id='word_1_255' title='bbox 1496 3073 1654 3125; x_wconf 85' lang='lat' dir='ltr'><strong>dediti</strong></span> <span class='ocrx_word' id='word_1_256' title='bbox 1673 3083 1814 3137; x_wconf 86' lang='lat' dir='ltr'><strong>sunt,</strong></span> 
     </span>
    </p>
   </div>
   <div class='ocr_carea' id='block_1_33' title="bbox 230 3164 1815 3240">
    <p class='ocr_par' dir='ltr' id='par_1_33' title="bbox 230 3164 1815 3240">
     <span class='ocr_line' id='line_1_33' title="bbox 230 3164 1815 3240; baseline -0.007 -12"><span class='ocrx_word' id='word_1_257' title='bbox 230 3189 341 3228; x_wconf 86' lang='lat' dir='ltr'><strong>nec</strong></span> <span class='ocrx_word' id='word_1_258' title='bbox 378 3178 597 3240; x_wconf 49' lang='lat' dir='ltr'><strong>possunt</strong></span> <span class='ocrx_word' id='word_1_259' title='bbox 629 3169 826 3238; x_wconf 88' lang='lat' dir='ltr'><strong>aliquid</strong></span> <span class='ocrx_word' id='word_1_260' title='bbox 871 3170 1237 3235; x_wconf 82' lang='lat' dir='ltr'><strong>incorporeum</strong></span> <span class='ocrx_word' id='word_1_261' title='bbox 1281 3166 1532 3234; x_wconf 78' lang='lat' dir='ltr'><strong>cogitare,</strong></span> <span class='ocrx_word' id='word_1_262' title='bbox 1569 3164 1815 3235; x_wconf 88' lang='lat' dir='ltr'><strong>quoniam</strong></span> 
     </span>
    </p>
   </div>
   <div class='ocr_carea' id='block_1_34' title="bbox 232 3253 1818 3325">
    <p class='ocr_par' dir='ltr' id='par_1_34' title="bbox 232 3253 1818 3325">
     <span class='ocr_line' id='line_1_34' title="bbox 232 3253 1818 3325; baseline -0.006 -9"><span class='ocrx_word' id='word_1_263' title='bbox 232 3277 461 3317; x_wconf 86' lang='lat' dir='ltr'><strong>necesse</strong></span> <span class='ocrx_word' id='word_1_264' title='bbox 500 3270 581 3312; x_wconf 81' lang='lat' dir='ltr'><strong>est</strong></span> <span class='ocrx_word' id='word_1_265' title='bbox 627 3259 818 3311; x_wconf 82' lang='lat' dir='ltr'><strong>caelum</strong></span> <span class='ocrx_word' id='word_1_266' title='bbox 863 3257 1145 3325; x_wconf 78' lang='lat' dir='ltr'><strong>pra-ierant</strong></span> <span class='ocrx_word' id='word_1_267' title='bbox 1176 3266 1357 3316; x_wconf 79' lang='lat' dir='ltr'><strong>terr-.c;</strong></span> <span class='ocrx_word' id='word_1_268' title='bbox 1390 3253 1709 3306; x_wconf 87' lang='lat' dir='ltr'><strong>tolerabilior</strong></span> <span class='ocrx_word' id='word_1_269' title='bbox 1738 3264 1818 3306; x_wconf 88' lang='lat' dir='ltr'><strong>est</strong></span> 
     </span>
    </p>
   </div>
   <div class='ocr_carea' id='block_1_35' title="bbox 232 3344 1821 3423">
    <p class='ocr_par' dir='ltr' id='par_1_35' title="bbox 232 3344 1821 3423">
     <span class='ocr_line' id='line_1_35' title="bbox 232 3344 1821 3423; baseline -0.008 -15"><span class='ocrx_word' id='word_1_270' title='bbox 232 3353 420 3423; x_wconf 85' lang='lat' dir='ltr'><strong>Opinio</strong></span> <span class='ocrx_word' id='word_1_271' title='bbox 442 3366 644 3411; x_wconf 86' lang='lat' dir='ltr'><strong>eorum,</strong></span> <span class='ocrx_word' id='word_1_272' title='bbox 668 3350 709 3401; x_wconf 85' lang='lat' dir='ltr'><strong>si</strong></span> <span class='ocrx_word' id='word_1_273' title='bbox 738 3348 900 3401; x_wconf 90' lang='lat' dir='ltr'><strong>Deum</strong></span> <span class='ocrx_word' id='word_1_274' title='bbox 929 3362 1084 3415; x_wconf 88' lang='lat' dir='ltr'><strong>quem</strong></span> <span class='ocrx_word' id='word_1_275' title='bbox 1115 3344 1284 3397; x_wconf 91' lang='lat' dir='ltr'><strong>adhuc</strong></span> <span class='ocrx_word' id='word_1_276' title='bbox 1313 3344 1655 3413; x_wconf 81' lang='lat' dir='ltr'><strong>corporaliter</strong></span> <span class='ocrx_word' id='word_1_277' title='bbox 1684 3344 1821 3412; x_wconf 86' lang='lat' dir='ltr'><strong>cogi-</strong></span> 
     </span>
    </p>
   </div>
   <div class='ocr_carea' id='block_1_36' title="bbox 235 3434 1820 3509">
    <p class='ocr_par' dir='ltr' id='par_1_36' title="bbox 235 3434 1820 3509">
     <span class='ocr_line' id='line_1_36' title="bbox 235 3434 1820 3509; baseline -0.008 -10"><span class='ocrx_word' id='word_1_278' title='bbox 235 3453 374 3506; x_wconf 84' lang='lat' dir='ltr'><strong>tant,</strong></span> <span class='ocrx_word' id='word_1_279' title='bbox 416 3444 463 3494; x_wconf 90' lang='lat' dir='ltr'><strong>in</strong></span> <span class='ocrx_word' id='word_1_280' title='bbox 496 3441 631 3496; x_wconf 75' lang='lat' dir='ltr'><strong>ctelo</strong></span> <span class='ocrx_word' id='word_1_281' title='bbox 660 3440 834 3509; x_wconf 87' lang='lat' dir='ltr'><strong>potius</strong></span> <span class='ocrx_word' id='word_1_282' title='bbox 872 3436 1088 3491; x_wconf 83' lang='lat' dir='ltr'><strong>credant</strong></span> <span class='ocrx_word' id='word_1_283' title='bbox 1120 3452 1257 3499; x_wconf 83' lang='lat' dir='ltr'><strong>esse,</strong></span> <span class='ocrx_word' id='word_1_284' title='bbox 1282 3450 1435 3503; x_wconf 91' lang='lat' dir='ltr'><strong>quam</strong></span> <span class='ocrx_word' id='word_1_285' title='bbox 1468 3434 1520 3486; x_wconf 90' lang='lat' dir='ltr'><strong>in</strong></span> <span class='ocrx_word' id='word_1_286' title='bbox 1561 3444 1695 3487; x_wconf 88' lang='lat' dir='ltr'><strong>terra</strong></span> <span class='ocrx_word' id='word_1_287' title='bbox 1722 3452 1736 3487; x_wconf 90' lang='lat'><strong>:</strong></span> <span class='ocrx_word' id='word_1_288' title='bbox 1765 3442 1820 3487; x_wconf 84' lang='lat' dir='ltr'><strong>ut</strong></span> 
     </span>
    </p>
   </div>
   <div class='ocr_carea' id='block_1_37' title="bbox 238 3525 1818 3604">
    <p class='ocr_par' dir='ltr' id='par_1_37' title="bbox 238 3525 1818 3604">
     <span class='ocr_line' id='line_1_37' title="bbox 238 3525 1818 3604; baseline -0.008 -12"><span class='ocrx_word' id='word_1_289' title='bbox 238 3553 363 3593; x_wconf 89' lang='lat' dir='ltr'><strong>cum</strong></span> <span class='ocrx_word' id='word_1_290' title='bbox 390 3535 671 3604; x_wconf 85' lang='lat' dir='ltr'><strong>aliquando</strong></span> <span class='ocrx_word' id='word_1_291' title='bbox 697 3530 1041 3600; x_wconf 83' lang='lat' dir='ltr'><strong>cognoverint</strong></span> <span class='ocrx_word' id='word_1_292' title='bbox 1060 3529 1365 3596; x_wconf 84' lang='lat' dir='ltr'><strong>dignitatem</strong></span> <span class='ocrx_word' id='word_1_293' title='bbox 1388 3527 1576 3578; x_wconf 75' lang='lat' dir='ltr'><strong>animae</strong></span> <span class='ocrx_word' id='word_1_294' title='bbox 1602 3525 1818 3579; x_wconf 70' lang='lat' dir='ltr'><strong>cmleste</strong></span> 
     </span>
    </p>
   </div>
   <div class='ocr_carea' id='block_1_38' title="bbox 236 3615 1816 3692">
    <p class='ocr_par' dir='ltr' id='par_1_38' title="bbox 236 3615 1816 3692">
     <span class='ocr_line' id='line_1_38' title="bbox 236 3615 1816 3692; baseline -0.009 -11"><span class='ocrx_word' id='word_1_295' title='bbox 236 3628 399 3681; x_wconf 89' lang='lat' dir='ltr'><strong>etiam</strong></span> <span class='ocrx_word' id='word_1_296' title='bbox 428 3639 620 3692; x_wconf 88' lang='lat' dir='ltr'><strong>corpus</strong></span> <span class='ocrx_word' id='word_1_297' title='bbox 643 3622 921 3684; x_wconf 80' lang='lat' dir='ltr'><strong>excedere,</strong></span> <span class='ocrx_word' id='word_1_298' title='bbox 949 3619 1113 3688; x_wconf 85' lang='lat' dir='ltr'><strong>magis</strong></span> <span class='ocrx_word' id='word_1_299' title='bbox 1136 3633 1253 3672; x_wconf 90' lang='lat' dir='ltr'><strong>eum</strong></span> <span class='ocrx_word' id='word_1_300' title='bbox 1277 3625 1515 3684; x_wconf 68' lang='lat' dir='ltr'><strong>qllll‘l’itlll</strong></span> <span class='ocrx_word' id='word_1_301' title='bbox 1541 3615 1591 3668; x_wconf 91' lang='lat' dir='ltr'><strong>in</strong></span> <span class='ocrx_word' id='word_1_302' title='bbox 1619 3616 1816 3682; x_wconf 86' lang='lat' dir='ltr'><strong>anima,</strong></span> 
     </span>
    </p>
   </div>
   <div class='ocr_carea' id='block_1_39' title="bbox 236 3705 1819 3788">
    <p class='ocr_par' dir='ltr' id='par_1_39' title="bbox 236 3705 1819 3788">
     <span class='ocr_line' id='line_1_39' title="bbox 236 3705 1819 3788; baseline -0.008 -17"><span class='ocrx_word' id='word_1_303' title='bbox 236 3733 397 3788; x_wconf 89' lang='lat' dir='ltr'><strong>quam</strong></span> <span class='ocrx_word' id='word_1_304' title='bbox 433 3716 482 3768; x_wconf 93' lang='lat' dir='ltr'><strong>iu</strong></span> <span class='ocrx_word' id='word_1_305' title='bbox 511 3728 735 3784; x_wconf 88' lang='lat' dir='ltr'><strong>corpore</strong></span> <span class='ocrx_word' id='word_1_306' title='bbox 764 3712 921 3765; x_wconf 91' lang='lat' dir='ltr'><strong>etiam</strong></span> <span class='ocrx_word' id='word_1_307' title='bbox 952 3708 1189 3773; x_wconf 71' lang='lat' dir='ltr'><strong>cwlesti;</strong></span> <span class='ocrx_word' id='word_1_308' title='bbox 1222 3715 1274 3760; x_wconf 90' lang='lat' dir='ltr'><strong>ct</strong></span> <span class='ocrx_word' id='word_1_309' title='bbox 1311 3721 1428 3759; x_wconf 89' lang='lat' dir='ltr'><strong>cum</strong></span> <span class='ocrx_word' id='word_1_310' title='bbox 1475 3705 1819 3776; x_wconf 82' lang='lat' dir='ltr'><strong>cognoverint</strong></span> 
     </span>
    </p>
   </div>
   <div class='ocr_carea' id='block_1_40' title="bbox 237 3796 1813 3879">
    <p class='ocr_par' dir='ltr' id='par_1_40' title="bbox 237 3796 1813 3879">
     <span class='ocr_line' id='line_1_40' title="bbox 237 3796 1813 3879; baseline -0.008 -17"><span class='ocrx_word' id='word_1_311' title='bbox 237 3818 492 3879; x_wconf 89' lang='lat' dir='ltr'><strong>quantum</strong></span> <span class='ocrx_word' id='word_1_312' title='bbox 520 3806 680 3859; x_wconf 87' lang='lat' dir='ltr'><strong>distet</strong></span> <span class='ocrx_word' id='word_1_313' title='bbox 710 3805 845 3856; x_wconf 88' lang='lat' dir='ltr'><strong>inter</strong></span> <span class='ocrx_word' id='word_1_314' title='bbox 869 3810 1199 3871; x_wconf 85' lang='lat' dir='ltr'><strong>peccatorum</strong></span> <span class='ocrx_word' id='word_1_315' title='bbox 1224 3796 1427 3849; x_wconf 88' lang='lat' dir='ltr'><strong>animas</strong></span> <span class='ocrx_word' id='word_1_316' title='bbox 1456 3807 1507 3850; x_wconf 91' lang='lat' dir='ltr'><strong>ct</strong></span> <span class='ocrx_word' id='word_1_317' title='bbox 1529 3797 1813 3865; x_wconf 89' lang='lat' dir='ltr'><strong>justorum,</strong></span> 
     </span>
    </p>
   </div>
   <div class='ocr_carea' id='block_1_41' title="bbox 240 3886 1814 3957">
    <p class='ocr_par' dir='ltr' id='par_1_41' title="bbox 240 3886 1814 3957">
     <span class='ocr_line' id='line_1_41' title="bbox 240 3886 1814 3957; baseline -0.01 -3"><span class='ocrx_word' id='word_1_318' title='bbox 240 3902 379 3954; x_wconf 83' lang='lat' dir='ltr'><strong>sicut</strong></span> <span class='ocrx_word' id='word_1_319' title='bbox 421 3913 524 3951; x_wconf 90' lang='lat' dir='ltr'><strong>non</strong></span> <span class='ocrx_word' id='word_1_320' title='bbox 561 3894 845 3957; x_wconf 86' lang='lat' dir='ltr'><strong>audebant,</strong></span> <span class='ocrx_word' id='word_1_321' title='bbox 876 3907 994 3945; x_wconf 89' lang='lat' dir='ltr'><strong>cum</strong></span> <span class='ocrx_word' id='word_1_322' title='bbox 1035 3886 1205 3943; x_wconf 88' lang='lat' dir='ltr'><strong>adhuc</strong></span> <span class='ocrx_word' id='word_1_323' title='bbox 1236 3888 1523 3941; x_wconf 85' lang='lat' dir='ltr'><strong>carnaliter</strong></span> <span class='ocrx_word' id='word_1_324' title='bbox 1551 3896 1814 3955; x_wconf 85' lang='lat' dir='ltr'><strong>saperent,</strong></span> 
     </span>
    </p>
   </div>
   <div class='ocr_carea' id='block_1_42' title="bbox 241 3980 1819 4048">
    <p class='ocr_par' dir='ltr' id='par_1_42' title="bbox 241 3980 1819 4048">
     <span class='ocr_line' id='line_1_42' title="bbox 241 3980 1819 4048; baseline -0.01 -1"><span class='ocrx_word' id='word_1_325' title='bbox 241 4007 363 4047; x_wconf 90' lang='lat' dir='ltr'><strong>eum</strong></span> <span class='ocrx_word' id='word_1_326' title='bbox 393 3990 444 4043; x_wconf 91' lang='lat' dir='ltr'><strong>in</strong></span> <span class='ocrx_word' id='word_1_327' title='bbox 476 4001 611 4042; x_wconf 89' lang='lat' dir='ltr'><strong>terra</strong></span> <span class='ocrx_word' id='word_1_328' title='bbox 641 3987 923 4046; x_wconf 86' lang='lat' dir='ltr'><strong>collocare,</strong></span> <span class='ocrx_word' id='word_1_329' title='bbox 957 3981 1049 4035; x_wconf 86' lang='lat' dir='ltr'><strong>sed</strong></span> <span class='ocrx_word' id='word_1_330' title='bbox 1100 3982 1149 4034; x_wconf 90' lang='lat' dir='ltr'><strong>in</strong></span> <span class='ocrx_word' id='word_1_331' title='bbox 1187 3980 1344 4043; x_wconf 88' lang='lat' dir='ltr'><strong>coelo,</strong></span> <span class='ocrx_word' id='word_1_332' title='bbox 1381 3980 1455 4033; x_wconf 89' lang='lat' dir='ltr'><strong>sic</strong></span> <span class='ocrx_word' id='word_1_333' title='bbox 1496 3990 1677 4048; x_wconf 89' lang='lat' dir='ltr'><strong>postea</strong></span> <span class='ocrx_word' id='word_1_334' title='bbox 1709 3996 1819 4032; x_wconf 87' lang='lat' dir='ltr'><strong>tne-</strong></span> 
     </span>
    </p>
   </div>
   <div class='ocr_carea' id='block_1_43' title="bbox 238 4070 1819 4143">
    <p class='ocr_par' dir='ltr' id='par_1_43' title="bbox 238 4070 1819 4143">
     <span class='ocr_line' id='line_1_43' title="bbox 238 4070 1819 4143; baseline -0.01 -7"><span class='ocrx_word' id='word_1_335' title='bbox 238 4083 358 4136; x_wconf 88' lang='lat' dir='ltr'><strong>liori</strong></span> <span class='ocrx_word' id='word_1_336' title='bbox 387 4082 486 4134; x_wconf 82' lang='lat' dir='ltr'><strong>ﬁde</strong></span> <span class='ocrx_word' id='word_1_337' title='bbox 516 4082 594 4132; x_wconf 89' lang='lat' dir='ltr'><strong>vel</strong></span> <span class='ocrx_word' id='word_1_338' title='bbox 629 4074 972 4143; x_wconf 88' lang='lat' dir='ltr'><strong>intelligentia</strong></span> <span class='ocrx_word' id='word_1_339' title='bbox 1012 4071 1177 4141; x_wconf 82' lang='lat' dir='ltr'><strong>magis</strong></span> <span class='ocrx_word' id='word_1_340' title='bbox 1205 4086 1323 4124; x_wconf 90' lang='lat' dir='ltr'><strong>eum</strong></span> <span class='ocrx_word' id='word_1_341' title='bbox 1358 4071 1408 4122; x_wconf 90' lang='lat' dir='ltr'><strong>in</strong></span> <span class='ocrx_word' id='word_1_342' title='bbox 1436 4071 1626 4123; x_wconf 89' lang='lat' dir='ltr'><strong>auitnis</strong></span> <span class='ocrx_word' id='word_1_343' title='bbox 1650 4070 1819 4137; x_wconf 84' lang='lat' dir='ltr'><strong>justo-</strong></span> 
     </span>
    </p>
   </div>
   <div class='ocr_carea' id='block_1_44' title="bbox 240 4161 1818 4239">
    <p class='ocr_par' dir='ltr' id='par_1_44' title="bbox 240 4161 1818 4239">
     <span class='ocr_line' id='line_1_44' title="bbox 240 4161 1818 4239; baseline -0.01 -12"><span class='ocrx_word' id='word_1_344' title='bbox 240 4190 357 4227; x_wconf 91' lang='lat' dir='ltr'><strong>rum</strong></span> <span class='ocrx_word' id='word_1_345' title='bbox 386 4187 542 4239; x_wconf 91' lang='lat' dir='ltr'><strong>quam</strong></span> <span class='ocrx_word' id='word_1_346' title='bbox 576 4170 625 4221; x_wconf 92' lang='lat' dir='ltr'><strong>in</strong></span> <span class='ocrx_word' id='word_1_347' title='bbox 658 4168 992 4237; x_wconf 70' lang='lat' dir='ltr'><strong>precatorem</strong></span> <span class='ocrx_word' id='word_1_348' title='bbox 1018 4162 1304 4230; x_wconf 88' lang='lat' dir='ltr'><strong>requirant.</strong></span> <span class='ocrx_word' id='word_1_349' title='bbox 1328 4161 1487 4215; x_wconf 83' lang='lat' dir='ltr'><strong>Recte</strong></span> <span class='ocrx_word' id='word_1_350' title='bbox 1514 4178 1638 4229; x_wconf 88' lang='lat' dir='ltr'><strong>ergo</strong></span> <span class='ocrx_word' id='word_1_351' title='bbox 1666 4161 1818 4213; x_wconf 86' lang='lat' dir='ltr'><strong>intel-</strong></span> 
     </span>
    </p>
   </div>
   <div class='ocr_carea' id='block_1_45' title="bbox 242 4250 1814 4332">
    <p class='ocr_par' dir='ltr' id='par_1_45' title="bbox 242 4250 1814 4332">
     <span class='ocr_line' id='line_1_45' title="bbox 242 4250 1814 4332; baseline -0.007 -18"><span class='ocrx_word' id='word_1_352' title='bbox 242 4264 423 4332; x_wconf 88' lang='lat' dir='ltr'><strong>ligitur</strong></span> <span class='ocrx_word' id='word_1_353' title='bbox 446 4258 587 4329; x_wconf 89' lang='lat' dir='ltr'><strong>quod</strong></span> <span class='ocrx_word' id='word_1_354' title='bbox 618 4257 817 4310; x_wconf 86' lang='lat' dir='ltr'><strong>dictum</strong></span> <span class='ocrx_word' id='word_1_355' title='bbox 849 4261 949 4317; x_wconf 86' lang='lat' dir='ltr'><strong>est,</strong></span> <span class='ocrx_word' id='word_1_356' title='bbox 982 4250 1136 4303; x_wconf 86' lang='lat' dir='ltr'><strong>Pater</strong></span> <span class='ocrx_word' id='word_1_357' title='bbox 1174 4261 1341 4305; x_wconf 80' lang='lat' dir='ltr'><strong>noster</strong></span> <span class='ocrx_word' id='word_1_358' title='bbox 1379 4251 1463 4321; x_wconf 86' lang='lat' dir='ltr'><strong>qui</strong></span> <span class='ocrx_word' id='word_1_359' title='bbox 1497 4268 1547 4303; x_wconf 82' lang='lat' dir='ltr'><strong>es</strong></span> <span class='ocrx_word' id='word_1_360' title='bbox 1581 4252 1631 4303; x_wconf 86' lang='lat' dir='ltr'><strong>in</strong></span> <span class='ocrx_word' id='word_1_361' title='bbox 1660 4251 1814 4316; x_wconf 65' lang='lat' dir='ltr'><strong>caelis,</strong></span> 
     </span>
    </p>
   </div>
   <div class='ocr_carea' id='block_1_46' title="bbox 244 4336 1817 4419">
    <p class='ocr_par' dir='ltr' id='par_1_46' title="bbox 244 4336 1817 4419">
     <span class='ocr_line' id='line_1_46' title="bbox 244 4336 1817 4419; baseline -0.01 -12"><span class='ocrx_word' id='word_1_362' title='bbox 244 4355 295 4407; x_wconf 90' lang='lat' dir='ltr'><strong>in</strong></span> <span class='ocrx_word' id='word_1_363' title='bbox 323 4351 571 4408; x_wconf 86' lang='lat' dir='ltr'><strong>eordtbus</strong></span> <span class='ocrx_word' id='word_1_364' title='bbox 589 4348 852 4419; x_wconf 87' lang='lat' dir='ltr'><strong>justorum</strong></span> <span class='ocrx_word' id='word_1_365' title='bbox 885 4358 1000 4397; x_wconf 87' lang='lat' dir='ltr'><strong>esse</strong></span> <span class='ocrx_word' id='word_1_366' title='bbox 1022 4336 1239 4405; x_wconf 87' lang='lat' dir='ltr'><strong>dictum,</strong></span> <span class='ocrx_word' id='word_1_367' title='bbox 1270 4351 1512 4409; x_wconf 87' lang='lat' dir='ltr'><strong>tanquam</strong></span> <span class='ocrx_word' id='word_1_368' title='bbox 1542 4341 1591 4392; x_wconf 86' lang='lat' dir='ltr'><strong>in</strong></span> <span class='ocrx_word' id='word_1_369' title='bbox 1622 4342 1817 4409; x_wconf 88' lang='lat' dir='ltr'><strong>templo</strong></span> 
     </span>
    </p>
   </div>
   <div class='ocr_carea' id='block_1_47' title="bbox 250 4429 1818 4502">
    <p class='ocr_par' dir='ltr' id='par_1_47' title="bbox 250 4429 1818 4502">
     <span class='ocr_line' id='line_1_47' title="bbox 250 4429 1818 4502; baseline -0.008 -5"><span class='ocrx_word' id='word_1_370' title='bbox 250 4453 433 4497; x_wconf 89' lang='lat' dir='ltr'><strong>sancto</strong></span> <span class='ocrx_word' id='word_1_371' title='bbox 457 4455 571 4493; x_wconf 92' lang='lat' dir='ltr'><strong>suo.</strong></span> <span class='ocrx_word' id='word_1_372' title='bbox 596 4437 761 4493; x_wconf 84' lang='lat' dir='ltr'><strong>Simul</strong></span> <span class='ocrx_word' id='word_1_373' title='bbox 787 4435 943 4489; x_wconf 85' lang='lat' dir='ltr'><strong>etiam</strong></span> <span class='ocrx_word' id='word_1_374' title='bbox 969 4442 1024 4486; x_wconf 94' lang='lat' dir='ltr'><strong>ut</strong></span> <span class='ocrx_word' id='word_1_375' title='bbox 1044 4432 1133 4502; x_wconf 90' lang='lat' dir='ltr'><strong>qui</strong></span> <span class='ocrx_word' id='word_1_376' title='bbox 1161 4440 1295 4497; x_wconf 87' lang='lat' dir='ltr'><strong>orat,</strong></span> <span class='ocrx_word' id='word_1_377' title='bbox 1320 4429 1369 4483; x_wconf 91' lang='lat' dir='ltr'><strong>in</strong></span> <span class='ocrx_word' id='word_1_378' title='bbox 1398 4446 1454 4485; x_wconf 89' lang='lat' dir='ltr'><strong>se</strong></span> <span class='ocrx_word' id='word_1_379' title='bbox 1476 4447 1679 4501; x_wconf 88' lang='lat' dir='ltr'><strong>quoque</strong></span> <span class='ocrx_word' id='word_1_380' title='bbox 1704 4432 1818 4499; x_wconf 90' lang='lat' dir='ltr'><strong>ipso</strong></span> 
     </span>
    </p>
   </div>
   <div class='ocr_carea' id='block_1_48' title="bbox 246 4521 1816 4601">
    <p class='ocr_par' dir='ltr' id='par_1_48' title="bbox 246 4521 1816 4601">
     <span class='ocr_line' id='line_1_48' title="bbox 246 4521 1816 4601; baseline -0.008 -13"><span class='ocrx_word' id='word_1_381' title='bbox 246 4536 367 4590; x_wconf 77' lang='lat' dir='ltr'><strong>velit</strong></span> <span class='ocrx_word' id='word_1_382' title='bbox 408 4532 644 4587; x_wconf 87' lang='lat' dir='ltr'><strong>habitare</strong></span> <span class='ocrx_word' id='word_1_383' title='bbox 669 4545 826 4601; x_wconf 88' lang='lat' dir='ltr'><strong>quem</strong></span> <span class='ocrx_word' id='word_1_384' title='bbox 855 4527 1059 4580; x_wconf 88' lang='lat' dir='ltr'><strong>invocat</strong></span> <span class='ocrx_word' id='word_1_385' title='bbox 1085 4541 1098 4576; x_wconf 89' lang='lat'><strong>:</strong></span> <span class='ocrx_word' id='word_1_386' title='bbox 1129 4532 1182 4577; x_wconf 91' lang='lat' dir='ltr'><strong>et</strong></span> <span class='ocrx_word' id='word_1_387' title='bbox 1207 4539 1324 4577; x_wconf 91' lang='lat' dir='ltr'><strong>cum</strong></span> <span class='ocrx_word' id='word_1_388' title='bbox 1356 4522 1456 4576; x_wconf 90' lang='lat' dir='ltr'><strong>hoc</strong></span> <span class='ocrx_word' id='word_1_389' title='bbox 1480 4521 1703 4587; x_wconf 72' lang='lat' dir='ltr'><strong>affectat,</strong></span> <span class='ocrx_word' id='word_1_390' title='bbox 1737 4532 1816 4576; x_wconf 87' lang='lat' dir='ltr'><strong>te-</strong></span> 
     </span>
    </p>
   </div>
   <div class='ocr_carea' id='block_1_49' title="bbox 248 4613 1817 4695">
    <p class='ocr_par' dir='ltr' id='par_1_49' title="bbox 248 4613 1817 4695">
     <span class='ocr_line' id='line_1_49' title="bbox 248 4613 1817 4695; baseline -0.008 -14"><span class='ocrx_word' id='word_1_391' title='bbox 248 4635 369 4683; x_wconf 88' lang='lat' dir='ltr'><strong>neat</strong></span> <span class='ocrx_word' id='word_1_392' title='bbox 386 4625 637 4695; x_wconf 82' lang='lat' dir='ltr'><strong>justitiam</strong></span> <span class='ocrx_word' id='word_1_393' title='bbox 661 4640 675 4687; x_wconf 88' lang='lat'><strong>;</strong></span> <span class='ocrx_word' id='word_1_394' title='bbox 698 4638 803 4691; x_wconf 91' lang='lat' dir='ltr'><strong>quo</strong></span> <span class='ocrx_word' id='word_1_395' title='bbox 825 4634 1045 4673; x_wconf 89' lang='lat' dir='ltr'><strong>munere</strong></span> <span class='ocrx_word' id='word_1_396' title='bbox 1066 4616 1315 4670; x_wconf 87' lang='lat' dir='ltr'><strong>invitatur</strong></span> <span class='ocrx_word' id='word_1_397' title='bbox 1334 4614 1398 4668; x_wconf 91' lang='lat' dir='ltr'><strong>ad</strong></span> <span class='ocrx_word' id='word_1_398' title='bbox 1423 4613 1817 4669; x_wconf 81' lang='lat' dir='ltr'><strong>inhabitandam</strong></span> 
     </span>
    </p>
   </div>
   <div class='ocr_carea' id='block_1_50' title="bbox 246 4714 666 4771">
    <p class='ocr_par' dir='ltr' id='par_1_50' title="bbox 246 4714 666 4771">
     <span class='ocr_line' id='line_1_50' title="bbox 246 4714 666 4771; baseline -0.007 0"><span class='ocrx_word' id='word_1_399' title='bbox 246 4720 478 4771; x_wconf 91' lang='lat' dir='ltr'><strong>animum</strong></span> <span class='ocrx_word' id='word_1_400' title='bbox 509 4714 666 4768; x_wconf 87' lang='lat' dir='ltr'><strong>Deus.</strong></span> 
     </span>
    </p>
   </div>
   <div class='ocr_carea' id='block_1_51' title="bbox 321 4793 1820 4868">
    <p class='ocr_par' dir='ltr' id='par_1_51' title="bbox 321 4793 1820 4868">
     <span class='ocr_line' id='line_1_51' title="bbox 321 4793 1820 4868; baseline -0.009 -8"><span class='ocrx_word' id='word_1_401' title='bbox 321 4806 405 4860; x_wconf 83' lang='grc'><strong>19.</strong></span> <span class='ocrx_word' id='word_1_402' title='bbox 445 4804 561 4861; x_wconf 82' lang='lat' dir='ltr'><strong>Jam</strong></span> <span class='ocrx_word' id='word_1_403' title='bbox 600 4802 870 4856; x_wconf 81' lang='lat' dir='ltr'><strong>videamus</strong></span> <span class='ocrx_word' id='word_1_404' title='bbox 916 4812 1033 4868; x_wconf 62' lang='lat' dir='ltr'><strong>qua&quot;:</strong></span> <span class='ocrx_word' id='word_1_405' title='bbox 1078 4796 1185 4848; x_wconf 88' lang='lat' dir='ltr'><strong>sint</strong></span> <span class='ocrx_word' id='word_1_406' title='bbox 1222 4793 1465 4863; x_wconf 89' lang='lat' dir='ltr'><strong>petenda.</strong></span> <span class='ocrx_word' id='word_1_407' title='bbox 1498 4794 1700 4847; x_wconf 91' lang='lat' dir='ltr'><strong>Dictum</strong></span> <span class='ocrx_word' id='word_1_408' title='bbox 1740 4802 1820 4847; x_wconf 88' lang='lat' dir='ltr'><strong>est</strong></span> 
     </span>
    </p>
   </div>
   <div class='ocr_carea' id='block_1_52' title="bbox 248 4883 1819 4964">
    <p class='ocr_par' dir='ltr' id='par_1_52' title="bbox 248 4883 1819 4964">
     <span class='ocr_line' id='line_1_52' title="bbox 248 4883 1819 4964; baseline -0.01 -12"><span class='ocrx_word' id='word_1_409' title='bbox 248 4901 390 4952; x_wconf 85' lang='lat' dir='ltr'><strong>enim</strong></span> <span class='ocrx_word' id='word_1_410' title='bbox 420 4897 535 4964; x_wconf 88' lang='lat' dir='ltr'><strong>quis</strong></span> <span class='ocrx_word' id='word_1_411' title='bbox 559 4894 625 4946; x_wconf 90' lang='lat' dir='ltr'><strong>sit</strong></span> <span class='ocrx_word' id='word_1_412' title='bbox 652 4896 740 4961; x_wconf 88' lang='lat' dir='ltr'><strong>qui</strong></span> <span class='ocrx_word' id='word_1_413' title='bbox 772 4890 987 4958; x_wconf 83' lang='lat' dir='ltr'><strong>petitur,</strong></span> <span class='ocrx_word' id='word_1_414' title='bbox 1024 4894 1076 4941; x_wconf 92' lang='lat' dir='ltr'><strong>et</strong></span> <span class='ocrx_word' id='word_1_415' title='bbox 1102 4885 1188 4938; x_wconf 92' lang='lat' dir='ltr'><strong>ubi</strong></span> <span class='ocrx_word' id='word_1_416' title='bbox 1219 4883 1431 4937; x_wconf 75' lang='lat' dir='ltr'><strong>habitet.</strong></span> <span class='ocrx_word' id='word_1_417' title='bbox 1460 4883 1693 4937; x_wconf 90' lang='lat' dir='ltr'><strong>Primum</strong></span> <span class='ocrx_word' id='word_1_418' title='bbox 1726 4899 1819 4937; x_wconf 87' lang='lat' dir='ltr'><strong>au-</strong></span> 
     </span>
    </p>
   </div>
   <div class='ocr_carea' id='block_1_53' title="bbox 251 4974 1819 5053">
    <p class='ocr_par' dir='ltr' id='par_1_53' title="bbox 251 4974 1819 5053">
     <span class='ocr_line' id='line_1_53' title="bbox 251 4974 1819 5053; baseline -0.008 -11"><span class='ocrx_word' id='word_1_419' title='bbox 251 4998 353 5042; x_wconf 91' lang='lat' dir='ltr'><strong>tem</strong></span> <span class='ocrx_word' id='word_1_420' title='bbox 370 4987 602 5040; x_wconf 89' lang='lat' dir='ltr'><strong>omnium</strong></span> <span class='ocrx_word' id='word_1_421' title='bbox 626 4990 741 5053; x_wconf 76' lang='lat' dir='ltr'><strong>qua:</strong></span> <span class='ocrx_word' id='word_1_422' title='bbox 763 4988 1008 5049; x_wconf 89' lang='lat' dir='ltr'><strong>petuntur</strong></span> <span class='ocrx_word' id='word_1_423' title='bbox 1026 4977 1125 5030; x_wconf 89' lang='lat' dir='ltr'><strong>hoc</strong></span> <span class='ocrx_word' id='word_1_424' title='bbox 1144 4986 1245 5040; x_wconf 79' lang='lat' dir='ltr'><strong>est,</strong></span> <span class='ocrx_word' id='word_1_425' title='bbox 1267 4974 1615 5043; x_wconf 79' lang='lat' dir='ltr'><strong>Sanctiﬁcetur</strong></span> <span class='ocrx_word' id='word_1_426' title='bbox 1641 4992 1819 5029; x_wconf 82' lang='lat' dir='ltr'><strong>nomen</strong></span> 
     </span>
    </p>
   </div>
   <div class='ocr_carea' id='block_1_54' title="bbox 255 5064 1817 5142">
    <p class='ocr_par' dir='ltr' id='par_1_54' title="bbox 255 5064 1817 5142">
     <span class='ocr_line' id='line_1_54' title="bbox 255 5064 1817 5142; baseline -0.01 -9"><span class='ocrx_word' id='word_1_427' title='bbox 255 5090 408 5132; x_wconf 89' lang='lat' dir='ltr'><strong>tuum.</strong></span> <span class='ocrx_word' id='word_1_428' title='bbox 441 5072 591 5142; x_wconf 87' lang='lat' dir='ltr'><strong>Quod</strong></span> <span class='ocrx_word' id='word_1_429' title='bbox 622 5088 726 5125; x_wconf 89' lang='lat' dir='ltr'><strong>non</strong></span> <span class='ocrx_word' id='word_1_430' title='bbox 775 5071 851 5123; x_wconf 88' lang='lat' dir='ltr'><strong>sic</strong></span> <span class='ocrx_word' id='word_1_431' title='bbox 892 5067 1102 5136; x_wconf 85' lang='lat' dir='ltr'><strong>petitur,</strong></span> <span class='ocrx_word' id='word_1_432' title='bbox 1143 5064 1289 5134; x_wconf 87' lang='lat' dir='ltr'><strong>quasi</strong></span> <span class='ocrx_word' id='word_1_433' title='bbox 1338 5080 1439 5117; x_wconf 89' lang='lat' dir='ltr'><strong>non</strong></span> <span class='ocrx_word' id='word_1_434' title='bbox 1470 5066 1537 5117; x_wconf 90' lang='lat' dir='ltr'><strong>sit</strong></span> <span class='ocrx_word' id='word_1_435' title='bbox 1578 5075 1817 5119; x_wconf 89' lang='lat' dir='ltr'><strong>sanctum</strong></span> 
     </span>
    </p>
   </div>
   <div class='ocr_carea' id='block_1_55' title="bbox 257 5154 1816 5227">
    <p class='ocr_par' dir='ltr' id='par_1_55' title="bbox 257 5154 1816 5227">
     <span class='ocr_line' id='line_1_55' title="bbox 257 5154 1816 5227; baseline -0.009 -3"><span class='ocrx_word' id='word_1_436' title='bbox 257 5186 445 5225; x_wconf 88' lang='lat' dir='ltr'><strong>nomen</strong></span> <span class='ocrx_word' id='word_1_437' title='bbox 480 5165 592 5227; x_wconf 95' lang='lat' dir='ltr'><strong>Dei,</strong></span> <span class='ocrx_word' id='word_1_438' title='bbox 627 5156 718 5217; x_wconf 89' lang='lat' dir='ltr'><strong>sed</strong></span> <span class='ocrx_word' id='word_1_439' title='bbox 751 5170 805 5215; x_wconf 90' lang='lat' dir='ltr'><strong>ut</strong></span> <span class='ocrx_word' id='word_1_440' title='bbox 835 5170 1072 5213; x_wconf 89' lang='lat' dir='ltr'><strong>sanctum</strong></span> <span class='ocrx_word' id='word_1_441' title='bbox 1105 5154 1358 5210; x_wconf 86' lang='lat' dir='ltr'><strong>habeatur</strong></span> <span class='ocrx_word' id='word_1_442' title='bbox 1385 5154 1450 5209; x_wconf 90' lang='lat' dir='ltr'><strong>ab</strong></span> <span class='ocrx_word' id='word_1_443' title='bbox 1476 5156 1776 5211; x_wconf 90' lang='lat' dir='ltr'><strong>hominibus</strong></span> <span class='ocrx_word' id='word_1_444' title='bbox 1803 5176 1816 5210; x_wconf 90' lang='lat'><strong>:</strong></span> 
     </span>
    </p>
   </div>
   <div class='ocr_carea' id='block_1_56' title="bbox 257 5242 1820 5325">
    <p class='ocr_par' dir='ltr' id='par_1_56' title="bbox 257 5242 1820 5325">
     <span class='ocr_line' id='line_1_56' title="bbox 257 5242 1820 5325; baseline -0.008 -11"><span class='ocrx_word' id='word_1_445' title='bbox 257 5261 306 5314; x_wconf 88' lang='lat' dir='ltr'><strong>id</strong></span> <span class='ocrx_word' id='word_1_446' title='bbox 328 5268 429 5325; x_wconf 83' lang='lat' dir='ltr'><strong>est,</strong></span> <span class='ocrx_word' id='word_1_447' title='bbox 453 5259 521 5311; x_wconf 90' lang='lat' dir='ltr'><strong>ita</strong></span> <span class='ocrx_word' id='word_1_448' title='bbox 553 5255 654 5309; x_wconf 88' lang='lat' dir='ltr'><strong>illis</strong></span> <span class='ocrx_word' id='word_1_449' title='bbox 685 5255 978 5306; x_wconf 86' lang='lat' dir='ltr'><strong>innotescat</strong></span> <span class='ocrx_word' id='word_1_450' title='bbox 1005 5242 1158 5308; x_wconf 82' lang='lat' dir='ltr'><strong>Deus,</strong></span> <span class='ocrx_word' id='word_1_451' title='bbox 1194 5253 1249 5299; x_wconf 94' lang='lat' dir='ltr'><strong>ut</strong></span> <span class='ocrx_word' id='word_1_452' title='bbox 1275 5262 1374 5299; x_wconf 91' lang='lat' dir='ltr'><strong>non</strong></span> <span class='ocrx_word' id='word_1_453' title='bbox 1405 5247 1703 5301; x_wconf 81' lang='lat' dir='ltr'><strong>existiment</strong></span> <span class='ocrx_word' id='word_1_454' title='bbox 1728 5249 1820 5302; x_wconf 88' lang='lat' dir='ltr'><strong>ali-</strong></span> 
     </span>
    </p>
   </div>
   <div class='ocr_carea' id='block_1_57' title="bbox 258 5326 1823 5420">
    <p class='ocr_par' dir='ltr' id='par_1_57' title="bbox 258 5326 1823 5420">
     <span class='ocr_line' id='line_1_57' title="bbox 258 5326 1823 5420; baseline -0.01 -15"><span class='ocrx_word' id='word_1_455' title='bbox 258 5350 378 5420; x_wconf 90' lang='lat' dir='ltr'><strong>quid</strong></span> <span class='ocrx_word' id='word_1_456' title='bbox 407 5350 658 5412; x_wconf 88' lang='lat' dir='ltr'><strong>sanctius,</strong></span> <span class='ocrx_word' id='word_1_457' title='bbox 692 5341 833 5416; x_wconf 89' lang='lat' dir='ltr'><strong>quod</strong></span> <span class='ocrx_word' id='word_1_458' title='bbox 872 5326 1037 5408; x_wconf 83' lang='lat' dir='ltr'><strong>magis</strong></span> <span class='ocrx_word' id='word_1_459' title='bbox 1078 5330 1345 5392; x_wconf 84' lang='lat' dir='ltr'><strong>oll‘endere</strong></span> <span class='ocrx_word' id='word_1_460' title='bbox 1385 5340 1617 5393; x_wconf 89' lang='lat' dir='ltr'><strong>timeant.</strong></span> <span class='ocrx_word' id='word_1_461' title='bbox 1642 5340 1823 5412; x_wconf 77' lang='lat' dir='ltr'><strong>Neque</strong></span> 
     </span>
    </p>
   </div>
   <div class='ocr_carea' id='block_1_58' title="bbox 259 5420 1821 5535">
    <p class='ocr_par' dir='ltr' id='par_1_58' title="bbox 259 5420 1821 5535">
     <span class='ocr_line' id='line_1_58' title="bbox 259 5420 1821 5535; baseline -0.005 -38"><span class='ocrx_word' id='word_1_462' title='bbox 259 5443 393 5497; x_wconf 89' lang='lat' dir='ltr'><strong>enim</strong></span> <span class='ocrx_word' id='word_1_463' title='bbox 415 5441 532 5511; x_wconf 89' lang='lat' dir='ltr'><strong>quia</strong></span> <span class='ocrx_word' id='word_1_464' title='bbox 569 5440 762 5494; x_wconf 83' lang='lat' dir='ltr'><strong>dictum</strong></span> <span class='ocrx_word' id='word_1_465' title='bbox 790 5444 890 5500; x_wconf 92' lang='lat' dir='ltr'><strong>est,</strong></span> <span class='ocrx_word' id='word_1_466' title='bbox 917 5432 1083 5486; x_wconf 87' lang='lat' dir='ltr'><strong>Notus</strong></span> <span class='ocrx_word' id='word_1_467' title='bbox 1108 5420 1159 5483; x_wconf 75' lang='lat' dir='ltr'><strong>in</strong></span> <span class='ocrx_word' id='word_1_468' title='bbox 1178 5429 1361 5485; x_wconf 72' lang='lat' dir='ltr'><strong>ludam</strong></span> <span class='ocrx_word' id='word_1_469' title='bbox 1390 5431 1546 5501; x_wconf 88' lang='lat' dir='ltr'><strong>Deus,</strong></span> <span class='ocrx_word' id='word_1_470' title='bbox 1578 5435 1629 5490; x_wconf 83' lang='lat' dir='ltr'><strong>in</strong></span> <span class='ocrx_word' id='word_1_471' title='bbox 1656 5435 1821 5535; x_wconf 56' lang='lat' dir='ltr'><strong>Israet</strong></span> 
     </span>
    </p>
   </div>
   <div class='ocr_carea' id='block_1_59' title="bbox 318 5574 1823 5644">
    <p class='ocr_par' dir='ltr' id='par_1_59' title="bbox 318 5574 1823 5644">
     <span class='ocr_line' id='line_1_59' title="bbox 318 5574 1823 5644; baseline 0.009 -28"><span class='ocrx_word' id='word_1_472' title='bbox 318 5584 337 5616; x_wconf 77' lang='grc' dir='ltr'><strong>ι</strong></span> <span class='ocrx_word' id='word_1_473' title='bbox 356 5590 430 5632; x_wconf 65' lang='grc' dir='ltr'><strong>εν,</strong></span> <span class='ocrx_word' id='word_1_474' title='bbox 446 5578 592 5644; x_wconf 71' lang='lat' dir='ltr'><strong>Lugd.</strong></span> <span class='ocrx_word' id='word_1_475' title='bbox 614 5584 729 5626; x_wconf 85' lang='lat' dir='ltr'><strong>Ven.</strong></span> <span class='ocrx_word' id='word_1_476' title='bbox 748 5585 855 5644; x_wconf 76' lang='lat' dir='ltr'><strong>tm.</strong></span> <span class='ocrx_word' id='word_1_477' title='bbox 880 5575 1067 5644; x_wconf 73' lang='lat' dir='ltr'><strong>legunt,</strong></span> <span class='ocrx_word' id='word_1_478' title='bbox 1094 5583 1186 5621; x_wconf 85' lang='lat' dir='ltr'><strong>non</strong></span> <span class='ocrx_word' id='word_1_479' title='bbox 1203 5577 1429 5644; x_wconf 73' lang='lat' dir='ltr'><strong>tanquam</strong></span> <span class='ocrx_word' id='word_1_480' title='bbox 1445 5574 1514 5627; x_wconf 80' lang='lat' dir='ltr'><strong>ibi</strong></span> <span class='ocrx_word' id='word_1_481' title='bbox 1528 5575 1591 5627; x_wconf 80' lang='lat' dir='ltr'><strong>sit</strong></span> <span class='ocrx_word' id='word_1_482' title='bbox 1609 5585 1758 5639; x_wconf 86' lang='lat' dir='ltr'><strong>Deus,</strong></span> <span class='ocrx_word' id='word_1_483' title='bbox 1777 5584 1823 5629; x_wconf 83' lang='lat' dir='ltr'><strong>et</strong></span> 
     </span>
    </p>
   </div>
   <div class='ocr_carea' id='block_1_60' title="bbox 261 5633 1441 5717">
    <p class='ocr_par' dir='ltr' id='par_1_60' title="bbox 261 5633 1441 5717">
     <span class='ocr_line' id='line_1_60' title="bbox 261 5633 1441 5717; baseline 0 0"><span class='ocrx_word' id='word_1_484' title='bbox 1386 5643 1441 5685; x_wconf 79' lang='lat'><strong>“-</strong></span> 
     </span>
    </p>
   </div>
   <div class='ocr_carea' id='block_1_61' title="bbox 1574 308 2194 372">
    <p class='ocr_par' dir='ltr' id='par_1_61' title="bbox 1574 308 2194 372">
     <span class='ocr_line' id='line_1_61' title="bbox 1574 308 2194 372; baseline -0.002 -1"><span class='ocrx_word' id='word_1_485' title='bbox 1574 314 1776 371; x_wconf 82' lang='lat' dir='ltr'><strong>LIBER</strong></span> <span class='ocrx_word' id='word_1_486' title='bbox 1817 308 2194 372; x_wconf 81' lang='lat' dir='ltr'><strong>SECUNDUS.</strong></span> 
     </span>
    </p>
   </div>
   <div class='ocr_carea' id='block_1_62' title="bbox 3381 328 3518 387">
    <p class='ocr_par' dir='ltr' id='par_1_62' title="bbox 3381 328 3518 387">
     <span class='ocr_line' id='line_1_62' title="bbox 3381 328 3518 387; baseline 0.015 -2"><span class='ocrx_word' id='word_1_487' title='bbox 3381 328 3518 387; x_wconf 67' lang='lat'><strong>1278</strong></span> 
     </span>
    </p>
   </div>
   <div class='ocr_carea' id='block_1_63' title="bbox 1948 422 3517 513">
    <p class='ocr_par' dir='ltr' id='par_1_63' title="bbox 1948 422 3517 513">
     <span class='ocr_line' id='line_1_63' title="bbox 1948 422 3517 513; baseline 0.008 -30"><span class='ocrx_word' id='word_1_488' title='bbox 1948 447 2188 501; x_wconf 84' lang='lat' dir='ltr'><strong>magnum</strong></span> <span class='ocrx_word' id='word_1_489' title='bbox 2214 447 2389 485; x_wconf 70' lang='lat' dir='ltr'><strong>nomen</strong></span> <span class='ocrx_word' id='word_1_490' title='bbox 2412 434 2517 503; x_wconf 78' lang='lat' dir='ltr'><strong>ejus</strong></span> <span class='ocrx_word' id='word_1_491' title='bbox 2539 433 2708 505; x_wconf 80' lang='lat' dir='ltr'><strong>(Psal.</strong></span> <span class='ocrx_word' id='word_1_492' title='bbox 2735 449 2890 504; x_wconf 72' lang='lat' dir='ltr'><strong>LXXV,</strong></span> <span class='ocrx_word' id='word_1_493' title='bbox 2918 436 2995 509; x_wconf 76' lang='lat' dir='ltr'><strong>l);</strong></span> <span class='ocrx_word' id='word_1_494' title='bbox 3020 438 3097 493; x_wconf 88' lang='lat' dir='ltr'><strong>sic</strong></span> <span class='ocrx_word' id='word_1_495' title='bbox 3119 422 3517 513; x_wconf 69' lang='lat' dir='ltr'><strong>intelligendum</strong></span> 
     </span>
    </p>
   </div>
   <div class='ocr_carea' id='block_1_64' title="bbox 1945 521 3521 599">
    <p class='ocr_par' dir='ltr' id='par_1_64' title="bbox 1945 521 3521 599">
     <span class='ocr_line' id='line_1_64' title="bbox 1945 521 3521 599; baseline 0.01 -25"><span class='ocrx_word' id='word_1_496' title='bbox 1945 530 2031 574; x_wconf 85' lang='lat' dir='ltr'><strong>est</strong></span> <span class='ocrx_word' id='word_1_497' title='bbox 2071 521 2217 589; x_wconf 90' lang='lat' dir='ltr'><strong>quasi</strong></span> <span class='ocrx_word' id='word_1_498' title='bbox 2262 521 2386 575; x_wconf 89' lang='lat' dir='ltr'><strong>alibi</strong></span> <span class='ocrx_word' id='word_1_499' title='bbox 2420 523 2592 577; x_wconf 86' lang='lat' dir='ltr'><strong>minor</strong></span> <span class='ocrx_word' id='word_1_500' title='bbox 2627 527 2696 580; x_wconf 92' lang='lat' dir='ltr'><strong>sit</strong></span> <span class='ocrx_word' id='word_1_501' title='bbox 2732 527 2888 590; x_wconf 85' lang='lat' dir='ltr'><strong>Deus,</strong></span> <span class='ocrx_word' id='word_1_502' title='bbox 2919 528 3041 583; x_wconf 83' lang='lat' dir='ltr'><strong>alibi</strong></span> <span class='ocrx_word' id='word_1_503' title='bbox 3084 532 3252 599; x_wconf 89' lang='lat' dir='ltr'><strong>major</strong></span> <span class='ocrx_word' id='word_1_504' title='bbox 3282 550 3296 586; x_wconf 87' lang='lat'><strong>:</strong></span> <span class='ocrx_word' id='word_1_505' title='bbox 3326 524 3418 587; x_wconf 84' lang='lat' dir='ltr'><strong>sed</strong></span> <span class='ocrx_word' id='word_1_506' title='bbox 3448 533 3521 592; x_wconf 87' lang='lat' dir='ltr'><strong>ibi</strong></span> 
     </span>
    </p>
   </div>
   <div class='ocr_carea' id='block_1_65' title="bbox 1946 604 3519 691">
    <p class='ocr_par' dir='ltr' id='par_1_65' title="bbox 1946 604 3519 691">
     <span class='ocr_line' id='line_1_65' title="bbox 1946 604 3519 691; baseline 0.011 -28"><span class='ocrx_word' id='word_1_507' title='bbox 1946 625 2194 678; x_wconf 85' lang='lat' dir='ltr'><strong>magnum</strong></span> <span class='ocrx_word' id='word_1_508' title='bbox 2222 621 2302 666; x_wconf 92' lang='lat' dir='ltr'><strong>est</strong></span> <span class='ocrx_word' id='word_1_509' title='bbox 2330 626 2525 667; x_wconf 86' lang='lat' dir='ltr'><strong>nomen</strong></span> <span class='ocrx_word' id='word_1_510' title='bbox 2554 615 2687 684; x_wconf 84' lang='lat' dir='ltr'><strong>ejus,</strong></span> <span class='ocrx_word' id='word_1_511' title='bbox 2719 617 2803 671; x_wconf 92' lang='lat' dir='ltr'><strong>ubi</strong></span> <span class='ocrx_word' id='word_1_512' title='bbox 2837 632 2930 687; x_wconf 85' lang='lat' dir='ltr'><strong>pro</strong></span> <span class='ocrx_word' id='word_1_513' title='bbox 2954 628 3069 675; x_wconf 70' lang='lat' dir='ltr'><strong>Sua:</strong></span> <span class='ocrx_word' id='word_1_514' title='bbox 3097 604 3385 691; x_wconf 83' lang='lat' dir='ltr'><strong>majestatis</strong></span> <span class='ocrx_word' id='word_1_515' title='bbox 3406 639 3519 679; x_wconf 88' lang='lat' dir='ltr'><strong>ma-</strong></span> 
     </span>
    </p>
   </div>
   <div class='ocr_carea' id='block_1_66' title="bbox 1943 700 3512 769">
    <p class='ocr_par' dir='ltr' id='par_1_66' title="bbox 1943 700 3512 769">
     <span class='ocr_line' id='line_1_66' title="bbox 1943 700 3512 769; baseline 0.011 -18"><span class='ocrx_word' id='word_1_516' title='bbox 1943 700 2218 769; x_wconf 85' lang='lat' dir='ltr'><strong>gnitudine</strong></span> <span class='ocrx_word' id='word_1_517' title='bbox 2250 705 2567 758; x_wconf 89' lang='lat' dir='ltr'><strong>nominatur.</strong></span> <span class='ocrx_word' id='word_1_518' title='bbox 2602 706 2675 761; x_wconf 90' lang='lat' dir='ltr'><strong>lla</strong></span> <span class='ocrx_word' id='word_1_519' title='bbox 2710 708 2776 761; x_wconf 90' lang='lat' dir='ltr'><strong>ibi</strong></span> <span class='ocrx_word' id='word_1_520' title='bbox 2814 710 3007 763; x_wconf 86' lang='lat' dir='ltr'><strong>dicitur</strong></span> <span class='ocrx_word' id='word_1_521' title='bbox 3043 723 3279 766; x_wconf 88' lang='lat' dir='ltr'><strong>sanctum</strong></span> <span class='ocrx_word' id='word_1_522' title='bbox 3321 730 3512 769; x_wconf 90' lang='lat' dir='ltr'><strong>nomen</strong></span> 
     </span>
    </p>
   </div>
   <div class='ocr_carea' id='block_1_67' title="bbox 1942 792 3515 861">
    <p class='ocr_par' dir='ltr' id='par_1_67' title="bbox 1942 792 3515 861">
     <span class='ocr_line' id='line_1_67' title="bbox 1942 792 3515 861; baseline 0.009 -16"><span class='ocrx_word' id='word_1_523' title='bbox 1942 792 2078 861; x_wconf 84' lang='lat' dir='ltr'><strong>ejus,</strong></span> <span class='ocrx_word' id='word_1_524' title='bbox 2101 793 2186 846; x_wconf 88' lang='lat' dir='ltr'><strong>tibi</strong></span> <span class='ocrx_word' id='word_1_525' title='bbox 2211 809 2329 846; x_wconf 92' lang='lat' dir='ltr'><strong>cum</strong></span> <span class='ocrx_word' id='word_1_526' title='bbox 2354 798 2695 852; x_wconf 88' lang='lat' dir='ltr'><strong>veneratione</strong></span> <span class='ocrx_word' id='word_1_527' title='bbox 2720 808 2772 852; x_wconf 86' lang='lat' dir='ltr'><strong>et</strong></span> <span class='ocrx_word' id='word_1_528' title='bbox 2796 796 3101 856; x_wconf 84' lang='lat' dir='ltr'><strong>oil&#39;ensionis</strong></span> <span class='ocrx_word' id='word_1_529' title='bbox 3128 802 3316 858; x_wconf 84' lang='lat' dir='ltr'><strong>timore</strong></span> <span class='ocrx_word' id='word_1_530' title='bbox 3343 806 3515 859; x_wconf 84' lang='lat' dir='ltr'><strong>nomi-</strong></span> 
     </span>
    </p>
   </div>
   <div class='ocr_carea' id='block_1_68' title="bbox 1941 874 3509 966">
    <p class='ocr_par' dir='ltr' id='par_1_68' title="bbox 1941 874 3509 966">
     <span class='ocr_line' id='line_1_68' title="bbox 1941 874 3509 966; baseline 0.009 -29"><span class='ocrx_word' id='word_1_531' title='bbox 1941 894 2115 937; x_wconf 85' lang='lat' dir='ltr'><strong>natur.</strong></span> <span class='ocrx_word' id='word_1_532' title='bbox 2146 878 2208 938; x_wconf 77' lang='lat' dir='ltr'><strong>Et</strong></span> <span class='ocrx_word' id='word_1_533' title='bbox 2239 884 2337 938; x_wconf 92' lang='lat' dir='ltr'><strong>hoc</strong></span> <span class='ocrx_word' id='word_1_534' title='bbox 2364 896 2443 939; x_wconf 90' lang='lat' dir='ltr'><strong>est</strong></span> <span class='ocrx_word' id='word_1_535' title='bbox 2465 888 2602 955; x_wconf 91' lang='lat' dir='ltr'><strong>quod</strong></span> <span class='ocrx_word' id='word_1_536' title='bbox 2635 905 2771 942; x_wconf 89' lang='lat' dir='ltr'><strong>nunc</strong></span> <span class='ocrx_word' id='word_1_537' title='bbox 2799 894 2988 957; x_wconf 79' lang='lat' dir='ltr'><strong>agitur,</strong></span> <span class='ocrx_word' id='word_1_538' title='bbox 3017 874 3140 947; x_wconf 89' lang='lat' dir='ltr'><strong>dum</strong></span> <span class='ocrx_word' id='word_1_539' title='bbox 3170 896 3509 966; x_wconf 85' lang='lat' dir='ltr'><strong>Evangelium</strong></span> 
     </span>
    </p>
   </div>
   <div class='ocr_carea' id='block_1_69' title="bbox 1939 974 3511 1054">
    <p class='ocr_par' dir='ltr' id='par_1_69' title="bbox 1939 974 3511 1054">
     <span class='ocr_line' id='line_1_69' title="bbox 1939 974 3511 1054; baseline 0.009 -24"><span class='ocrx_word' id='word_1_540' title='bbox 1939 976 2112 1030; x_wconf 90' lang='lat' dir='ltr'><strong>adhuc</strong></span> <span class='ocrx_word' id='word_1_541' title='bbox 2138 992 2302 1047; x_wconf 89' lang='lat' dir='ltr'><strong>usque</strong></span> <span class='ocrx_word' id='word_1_542' title='bbox 2327 993 2420 1047; x_wconf 88' lang='lat' dir='ltr'><strong>per</strong></span> <span class='ocrx_word' id='word_1_543' title='bbox 2448 979 2683 1033; x_wconf 86' lang='lat' dir='ltr'><strong>diversas</strong></span> <span class='ocrx_word' id='word_1_544' title='bbox 2717 992 2898 1049; x_wconf 81' lang='lat' dir='ltr'><strong>gentes</strong></span> <span class='ocrx_word' id='word_1_545' title='bbox 2945 974 3339 1054; x_wconf 83' lang='lat' dir='ltr'><strong>innotescendo,</strong></span> <span class='ocrx_word' id='word_1_546' title='bbox 3364 1005 3511 1043; x_wconf 83' lang='lat' dir='ltr'><strong>com-</strong></span> 
     </span>
    </p>
   </div>
   <div class='ocr_carea' id='block_1_70' title="bbox 1938 1068 3506 1140">
    <p class='ocr_par' dir='ltr' id='par_1_70' title="bbox 1938 1068 3506 1140">
     <span class='ocr_line' id='line_1_70' title="bbox 1938 1068 3506 1140; baseline 0.009 -21"><span class='ocrx_word' id='word_1_547' title='bbox 1938 1068 2153 1121; x_wconf 90' lang='lat' dir='ltr'><strong>meudat</strong></span> <span class='ocrx_word' id='word_1_548' title='bbox 2192 1069 2344 1122; x_wconf 90' lang='lat' dir='ltr'><strong>unius</strong></span> <span class='ocrx_word' id='word_1_549' title='bbox 2379 1068 2471 1123; x_wconf 92' lang='lat' dir='ltr'><strong>Dei</strong></span> <span class='ocrx_word' id='word_1_550' title='bbox 2515 1084 2703 1125; x_wconf 86' lang='lat' dir='ltr'><strong>nomen</strong></span> <span class='ocrx_word' id='word_1_551' title='bbox 2734 1086 2825 1140; x_wconf 89' lang='lat' dir='ltr'><strong>per</strong></span> <span class='ocrx_word' id='word_1_552' title='bbox 2853 1074 3361 1132; x_wconf 86' lang='lat' dir='ltr'><strong>administrationem</strong></span> <span class='ocrx_word' id='word_1_553' title='bbox 3388 1079 3506 1134; x_wconf 84' lang='lat' dir='ltr'><strong>Filii</strong></span> 
     </span>
    </p>
   </div>
   <div class='ocr_carea' id='block_1_71' title="bbox 1936 1159 2072 1228">
    <p class='ocr_par' dir='ltr' id='par_1_71' title="bbox 1936 1159 2072 1228">
     <span class='ocr_line' id='line_1_71' title="bbox 1936 1159 2072 1228; baseline 0 -15"><span class='ocrx_word' id='word_1_554' title='bbox 1936 1159 2072 1228; x_wconf 85' lang='lat' dir='ltr'><strong>ejus.</strong></span> 
     </span>
    </p>
   </div>
   <div class='ocr_carea' id='block_1_72' title="bbox 1940 1236 3507 1325">
    <p class='ocr_par' dir='ltr' id='par_1_72' title="bbox 1940 1236 3507 1325">
     <span class='ocr_line' id='line_1_72' title="bbox 1940 1236 3507 1325; baseline 0.006 -21"><span class='ocrx_word' id='word_1_555' title='bbox 1940 1236 1941 1239; x_wconf 9' lang='grc' dir='ltr'><strong>η</strong></span> <span class='ocrx_word' id='word_1_556' title='bbox 2006 1251 2232 1308; x_wconf 83' lang='lat' dir='ltr'><strong>CAPUT</strong></span> <span class='ocrx_word' id='word_1_557' title='bbox 2270 1253 2353 1308; x_wconf 79' lang='lat' dir='ltr'><strong>Vl.</strong></span> <span class='ocrx_word' id='word_1_558' title='bbox 2382 1284 2450 1294; x_wconf 90' lang='lat'><strong>-——</strong></span> <span class='ocrx_word' id='word_1_559' title='bbox 2473 1255 2561 1309; x_wconf 77' lang='lat'><strong>20.</strong></span> <span class='ocrx_word' id='word_1_560' title='bbox 2596 1255 2793 1311; x_wconf 89' lang='lat' dir='ltr'><strong>Deinde</strong></span> <span class='ocrx_word' id='word_1_561' title='bbox 2838 1258 3109 1325; x_wconf 86' lang='lat' dir='ltr'><strong>sequitur,</strong></span> <span class='ocrx_word' id='word_1_562' title='bbox 3142 1258 3383 1313; x_wconf 80' lang='lat' dir='ltr'><strong>Adveniat</strong></span> <span class='ocrx_word' id='word_1_563' title='bbox 3426 1278 3507 1314; x_wconf 84' lang='lat' dir='ltr'><strong>rc-</strong></span> 
     </span>
    </p>
   </div>
   <div class='ocr_carea' id='block_1_73' title="bbox 1934 1344 3503 1420">
    <p class='ocr_par' dir='ltr' id='par_1_73' title="bbox 1934 1344 3503 1420">
     <span class='ocr_line' id='line_1_73' title="bbox 1934 1344 3503 1420; baseline 0.01 -27"><span class='ocrx_word' id='word_1_564' title='bbox 1934 1358 2088 1411; x_wconf 86' lang='lat' dir='ltr'><strong>gnum</strong></span> <span class='ocrx_word' id='word_1_565' title='bbox 2119 1352 2277 1397; x_wconf 85' lang='lat' dir='ltr'><strong>tuum.</strong></span> <span class='ocrx_word' id='word_1_566' title='bbox 2308 1344 2456 1398; x_wconf 87' lang='lat' dir='ltr'><strong>Sicut</strong></span> <span class='ocrx_word' id='word_1_567' title='bbox 2490 1345 2602 1416; x_wconf 80' lang='lat' dir='ltr'><strong>ipse</strong></span> <span class='ocrx_word' id='word_1_568' title='bbox 2642 1349 2890 1401; x_wconf 90' lang='lat' dir='ltr'><strong>Dominus</strong></span> <span class='ocrx_word' id='word_1_569' title='bbox 2927 1350 2981 1402; x_wconf 81' lang='lat' dir='ltr'><strong>in</strong></span> <span class='ocrx_word' id='word_1_570' title='bbox 3013 1348 3296 1420; x_wconf 81' lang='lat' dir='ltr'><strong>Evangelio</strong></span> <span class='ocrx_word' id='word_1_571' title='bbox 3330 1352 3503 1418; x_wconf 88' lang='lat' dir='ltr'><strong>docet,</strong></span> 
     </span>
    </p>
   </div>
   <div class='ocr_carea' id='block_1_74' title="bbox 1935 1434 3508 1513">
    <p class='ocr_par' dir='ltr' id='par_1_74' title="bbox 1935 1434 3508 1513">
     <span class='ocr_line' id='line_1_74' title="bbox 1935 1434 3508 1513; baseline 0.009 -28"><span class='ocrx_word' id='word_1_572' title='bbox 1935 1434 2059 1486; x_wconf 81' lang='lat' dir='ltr'><strong>tunc</strong></span> <span class='ocrx_word' id='word_1_573' title='bbox 2081 1434 2310 1489; x_wconf 83' lang='lat' dir='ltr'><strong>futurum</strong></span> <span class='ocrx_word' id='word_1_574' title='bbox 2337 1452 2455 1490; x_wconf 84' lang='lat' dir='ltr'><strong>esse</strong></span> <span class='ocrx_word' id='word_1_575' title='bbox 2473 1437 2653 1506; x_wconf 89' lang='lat' dir='ltr'><strong>judicii</strong></span> <span class='ocrx_word' id='word_1_576' title='bbox 2676 1436 2835 1505; x_wconf 89' lang='lat' dir='ltr'><strong>diem,</strong></span> <span class='ocrx_word' id='word_1_577' title='bbox 2861 1454 2980 1493; x_wconf 91' lang='lat' dir='ltr'><strong>cum</strong></span> <span class='ocrx_word' id='word_1_578' title='bbox 3007 1442 3344 1511; x_wconf 76' lang='lat' dir='ltr'><strong>Evangelium</strong></span> <span class='ocrx_word' id='word_1_579' title='bbox 3374 1459 3508 1513; x_wconf 85' lang='lat' dir='ltr'><strong>prae-</strong></span> 
     </span>
    </p>
   </div>
   <div class='ocr_carea' id='block_1_75' title="bbox 1894 1523 3500 1603">
    <p class='ocr_par' dir='ltr' id='par_1_75' title="bbox 1894 1523 3500 1603">
     <span class='ocr_line' id='line_1_75' title="bbox 1894 1523 3500 1603; baseline 0.007 -28"><span class='ocrx_word' id='word_1_580' title='bbox 1894 1534 1911 1553; x_wconf 80' lang='grc'>⁶</span> <span class='ocrx_word' id='word_1_581' title='bbox 1932 1523 2162 1578; x_wconf 82' lang='lat' dir='ltr'><strong>dicatum</strong></span> <span class='ocrx_word' id='word_1_582' title='bbox 2191 1524 2350 1579; x_wconf 80' lang='lat' dir='ltr'><strong>fuerit</strong></span> <span class='ocrx_word' id='word_1_583' title='bbox 2376 1528 2425 1579; x_wconf 90' lang='lat' dir='ltr'><strong>in</strong></span> <span class='ocrx_word' id='word_1_584' title='bbox 2457 1528 2699 1582; x_wconf 89' lang='lat' dir='ltr'><strong>omnibus</strong></span> <span class='ocrx_word' id='word_1_585' title='bbox 2728 1530 2971 1598; x_wconf 83' lang='lat' dir='ltr'><strong>gentibus</strong></span> <span class='ocrx_word' id='word_1_586' title='bbox 2991 1526 3199 1603; x_wconf 71' lang='lat' dir='ltr'><strong>(Matth.</strong></span> <span class='ocrx_word' id='word_1_587' title='bbox 3222 1548 3370 1598; x_wconf 78' lang='lat' dir='ltr'><strong>xxrv,</strong></span> <span class='ocrx_word' id='word_1_588' title='bbox 3391 1533 3500 1601; x_wconf 69' lang='lat'><strong>14):</strong></span> 
     </span>
    </p>
   </div>
   <div class='ocr_carea' id='block_1_76' title="bbox 1932 1619 3500 1686">
    <p class='ocr_par' dir='ltr' id='par_1_76' title="bbox 1932 1619 3500 1686">
     <span class='ocr_line' id='line_1_76' title="bbox 1932 1619 3500 1686; baseline 0.006 -18"><span class='ocrx_word' id='word_1_589' title='bbox 1932 1628 2051 1685; x_wconf 70' lang='lat' dir='ltr'><strong>qua:</strong></span> <span class='ocrx_word' id='word_1_590' title='bbox 2094 1633 2178 1670; x_wconf 88' lang='lat' dir='ltr'><strong>res</strong></span> <span class='ocrx_word' id='word_1_591' title='bbox 2225 1619 2453 1686; x_wconf 90' lang='lat' dir='ltr'><strong>pertinet</strong></span> <span class='ocrx_word' id='word_1_592' title='bbox 2494 1619 2561 1672; x_wconf 90' lang='lat' dir='ltr'><strong>ad</strong></span> <span class='ocrx_word' id='word_1_593' title='bbox 2604 1620 3071 1673; x_wconf 81' lang='lat' dir='ltr'><strong>sanctiﬁcationem</strong></span> <span class='ocrx_word' id='word_1_594' title='bbox 3123 1623 3347 1676; x_wconf 91' lang='lat' dir='ltr'><strong>nominis</strong></span> <span class='ocrx_word' id='word_1_595' title='bbox 3391 1624 3500 1677; x_wconf 86' lang='lat' dir='ltr'><strong>Dei.</strong></span> 
     </span>
    </p>
   </div>
   <div class='ocr_carea' id='block_1_77' title="bbox 1930 1702 3503 1785">
    <p class='ocr_par' dir='ltr' id='par_1_77' title="bbox 1930 1702 3503 1785">
     <span class='ocr_line' id='line_1_77' title="bbox 1930 1702 3503 1785; baseline 0.002 -21"><span class='ocrx_word' id='word_1_596' title='bbox 1930 1702 2045 1764; x_wconf 78' lang='lat' dir='ltr'><strong>Non</strong></span> <span class='ocrx_word' id='word_1_597' title='bbox 2070 1713 2205 1765; x_wconf 88' lang='lat' dir='ltr'><strong>enim</strong></span> <span class='ocrx_word' id='word_1_598' title='bbox 2230 1723 2285 1767; x_wconf 87' lang='lat' dir='ltr'><strong>et</strong></span> <span class='ocrx_word' id='word_1_599' title='bbox 2307 1713 2390 1767; x_wconf 90' lang='lat' dir='ltr'><strong>hic</strong></span> <span class='ocrx_word' id='word_1_600' title='bbox 2417 1714 2485 1767; x_wconf 89' lang='lat' dir='ltr'><strong>ita</strong></span> <span class='ocrx_word' id='word_1_601' title='bbox 2507 1714 2703 1767; x_wconf 90' lang='lat' dir='ltr'><strong>dictum</strong></span> <span class='ocrx_word' id='word_1_602' title='bbox 2727 1724 2826 1774; x_wconf 85' lang='lat' dir='ltr'><strong>est,</strong></span> <span class='ocrx_word' id='word_1_603' title='bbox 2852 1714 3091 1767; x_wconf 81' lang='lat' dir='ltr'><strong>Adveniat</strong></span> <span class='ocrx_word' id='word_1_604' title='bbox 3118 1733 3320 1785; x_wconf 83' lang='lat' dir='ltr'><strong>regnum</strong></span> <span class='ocrx_word' id='word_1_605' title='bbox 3344 1728 3503 1782; x_wconf 85' lang='lat' dir='ltr'><strong>tuum,</strong></span> 
     </span>
    </p>
   </div>
   <div class='ocr_carea' id='block_1_78' title="bbox 1932 1800 3502 1874">
    <p class='ocr_par' dir='ltr' id='par_1_78' title="bbox 1932 1800 3502 1874">
     <span class='ocr_line' id='line_1_78' title="bbox 1932 1800 3502 1874; baseline 0.006 -25"><span class='ocrx_word' id='word_1_606' title='bbox 1932 1800 2083 1869; x_wconf 87' lang='lat' dir='ltr'><strong>quasi</strong></span> <span class='ocrx_word' id='word_1_607' title='bbox 2135 1818 2271 1855; x_wconf 89' lang='lat' dir='ltr'><strong>nunc</strong></span> <span class='ocrx_word' id='word_1_608' title='bbox 2318 1804 2454 1855; x_wconf 88' lang='lat' dir='ltr'><strong>Deus</strong></span> <span class='ocrx_word' id='word_1_609' title='bbox 2506 1818 2609 1856; x_wconf 88' lang='lat' dir='ltr'><strong>non</strong></span> <span class='ocrx_word' id='word_1_610' title='bbox 2660 1812 2864 1872; x_wconf 84' lang='lat' dir='ltr'><strong>regnet.</strong></span> <span class='ocrx_word' id='word_1_611' title='bbox 2902 1802 3007 1858; x_wconf 84' lang='lat' dir='ltr'><strong>Sed</strong></span> <span class='ocrx_word' id='word_1_612' title='bbox 3039 1804 3169 1858; x_wconf 77' lang='lat' dir='ltr'><strong>forte</strong></span> <span class='ocrx_word' id='word_1_613' title='bbox 3199 1804 3315 1874; x_wconf 89' lang='lat' dir='ltr'><strong>quis</strong></span> <span class='ocrx_word' id='word_1_614' title='bbox 3345 1804 3502 1871; x_wconf 87' lang='lat' dir='ltr'><strong>dicat,</strong></span> 
     </span>
    </p>
   </div>
   <div class='ocr_carea' id='block_1_79' title="bbox 1930 1884 3502 1960">
    <p class='ocr_par' dir='ltr' id='par_1_79' title="bbox 1930 1884 3502 1960">
     <span class='ocr_line' id='line_1_79' title="bbox 1930 1884 3502 1960; baseline 0.004 -18"><span class='ocrx_word' id='word_1_615' title='bbox 1930 1884 2174 1943; x_wconf 80' lang='lat' dir='ltr'><strong>Adveniat</strong></span> <span class='ocrx_word' id='word_1_616' title='bbox 2195 1892 2390 1945; x_wconf 82' lang='lat' dir='ltr'><strong>dictum</strong></span> <span class='ocrx_word' id='word_1_617' title='bbox 2420 1908 2538 1946; x_wconf 89' lang='lat' dir='ltr'><strong>esse</strong></span> <span class='ocrx_word' id='word_1_618' title='bbox 2569 1895 2618 1946; x_wconf 91' lang='lat' dir='ltr'><strong>in</strong></span> <span class='ocrx_word' id='word_1_619' title='bbox 2649 1903 2863 1946; x_wconf 88' lang='lat' dir='ltr'><strong>terram.</strong></span> <span class='ocrx_word' id='word_1_620' title='bbox 2887 1890 3045 1960; x_wconf 82' lang='lat' dir='ltr'><strong>Quasi</strong></span> <span class='ocrx_word' id='word_1_621' title='bbox 3066 1910 3190 1947; x_wconf 81' lang='lat' dir='ltr'><strong>vero</strong></span> <span class='ocrx_word' id='word_1_622' title='bbox 3214 1910 3316 1947; x_wconf 90' lang='lat' dir='ltr'><strong>non</strong></span> <span class='ocrx_word' id='word_1_623' title='bbox 3346 1897 3502 1949; x_wconf 88' lang='lat' dir='ltr'><strong>etiam</strong></span> 
     </span>
    </p>
   </div>
   <div class='ocr_carea' id='block_1_80' title="bbox 1930 1978 3506 2054">
    <p class='ocr_par' dir='ltr' id='par_1_80' title="bbox 1930 1978 3506 2054">
     <span class='ocr_line' id='line_1_80' title="bbox 1930 1978 3506 2054; baseline 0.004 -21"><span class='ocrx_word' id='word_1_624' title='bbox 1930 1978 2043 2048; x_wconf 86' lang='lat' dir='ltr'><strong>ipse</strong></span> <span class='ocrx_word' id='word_1_625' title='bbox 2072 1998 2207 2034; x_wconf 90' lang='lat' dir='ltr'><strong>nunc</strong></span> <span class='ocrx_word' id='word_1_626' title='bbox 2236 1993 2417 2051; x_wconf 69' lang='lat' dir='ltr'><strong>regnet</strong></span> <span class='ocrx_word' id='word_1_627' title='bbox 2443 1984 2494 2035; x_wconf 86' lang='lat' dir='ltr'><strong>in</strong></span> <span class='ocrx_word' id='word_1_628' title='bbox 2524 1992 2681 2047; x_wconf 89' lang='lat' dir='ltr'><strong>terra,</strong></span> <span class='ocrx_word' id='word_1_629' title='bbox 2709 1999 3023 2053; x_wconf 86' lang='lat' dir='ltr'><strong>semperque</strong></span> <span class='ocrx_word' id='word_1_630' title='bbox 3051 1986 3099 2037; x_wconf 89' lang='lat' dir='ltr'><strong>in</strong></span> <span class='ocrx_word' id='word_1_631' title='bbox 3130 2000 3187 2038; x_wconf 87' lang='lat' dir='ltr'><strong>ca</strong></span> <span class='ocrx_word' id='word_1_632' title='bbox 3212 2002 3391 2054; x_wconf 70' lang='lat' dir='ltr'><strong>regnat</strong></span> <span class='ocrx_word' id='word_1_633' title='bbox 3405 1986 3506 2039; x_wconf 87' lang='lat' dir='ltr'><strong>erit</strong></span> 
     </span>
    </p>
   </div>
   <div class='ocr_carea' id='block_1_81' title="bbox 1928 2072 3500 2142">
    <p class='ocr_par' dir='ltr' id='par_1_81' title="bbox 1928 2072 3500 2142">
     <span class='ocr_line' id='line_1_81' title="bbox 1928 2072 3500 2142; baseline 0.002 -19"><span class='ocrx_word' id='word_1_634' title='bbox 1928 2085 1961 2123; x_wconf 88' lang='lat' dir='ltr'><strong>a</strong></span> <span class='ocrx_word' id='word_1_635' title='bbox 1984 2072 2357 2125; x_wconf 81' lang='lat' dir='ltr'><strong>constitutione</strong></span> <span class='ocrx_word' id='word_1_636' title='bbox 2380 2073 2579 2126; x_wconf 90' lang='lat' dir='ltr'><strong>mundi.</strong></span> <span class='ocrx_word' id='word_1_637' title='bbox 2604 2073 2844 2125; x_wconf 81' lang='lat' dir='ltr'><strong>Adveniat</strong></span> <span class='ocrx_word' id='word_1_638' title='bbox 2866 2089 2991 2142; x_wconf 88' lang='lat' dir='ltr'><strong>ergo</strong></span> <span class='ocrx_word' id='word_1_639' title='bbox 3017 2073 3377 2141; x_wconf 85' lang='lat' dir='ltr'><strong>accipiendum</strong></span> <span class='ocrx_word' id='word_1_640' title='bbox 3400 2085 3500 2140; x_wconf 83' lang='lat' dir='ltr'><strong>est,</strong></span> 
     </span>
    </p>
   </div>
   <div class='ocr_carea' id='block_1_82' title="bbox 1892 2164 3497 2231">
    <p class='ocr_par' dir='ltr' id='par_1_82' title="bbox 1892 2164 3497 2231">
     <span class='ocr_line' id='line_1_82' title="bbox 1892 2164 3497 2231; baseline 0.002 -16"><span class='ocrx_word' id='word_1_641' title='bbox 1892 2166 1895 2169; x_wconf 86' lang='grc'><em>’</em></span> <span class='ocrx_word' id='word_1_642' title='bbox 1929 2166 2293 2216; x_wconf 73' lang='lat' dir='ltr'><strong>manifestetur</strong></span> <span class='ocrx_word' id='word_1_643' title='bbox 2332 2164 2650 2217; x_wconf 87' lang='lat' dir='ltr'><strong>hominibus.</strong></span> <span class='ocrx_word' id='word_1_644' title='bbox 2686 2164 3141 2231; x_wconf 82' lang='lat' dir='ltr'><strong>Quemadmodum</strong></span> <span class='ocrx_word' id='word_1_645' title='bbox 3173 2168 3308 2218; x_wconf 86' lang='lat' dir='ltr'><strong>enim</strong></span> <span class='ocrx_word' id='word_1_646' title='bbox 3341 2168 3497 2219; x_wconf 89' lang='lat' dir='ltr'><strong>etiam</strong></span> 
     </span>
    </p>
   </div>
   <div class='ocr_carea' id='block_1_83' title="bbox 1932 2255 3503 2325">
    <p class='ocr_par' dir='ltr' id='par_1_83' title="bbox 1932 2255 3503 2325">
     <span class='ocr_line' id='line_1_83' title="bbox 1932 2255 3503 2325; baseline 0.003 -21"><span class='ocrx_word' id='word_1_647' title='bbox 1932 2266 2168 2321; x_wconf 83' lang='lat' dir='ltr'><strong>praesens</strong></span> <span class='ocrx_word' id='word_1_648' title='bbox 2195 2255 2281 2306; x_wconf 75' lang='lat' dir='ltr'><strong>lux</strong></span> <span class='ocrx_word' id='word_1_649' title='bbox 2313 2256 2503 2309; x_wconf 79' lang='lat' dir='ltr'><strong>absens</strong></span> <span class='ocrx_word' id='word_1_650' title='bbox 2532 2266 2613 2309; x_wconf 87' lang='lat' dir='ltr'><strong>est</strong></span> <span class='ocrx_word' id='word_1_651' title='bbox 2642 2257 2816 2320; x_wconf 68' lang='lat' dir='ltr'><strong>crocis,</strong></span> <span class='ocrx_word' id='word_1_652' title='bbox 2845 2266 2896 2308; x_wconf 92' lang='lat' dir='ltr'><strong>et</strong></span> <span class='ocrx_word' id='word_1_653' title='bbox 2926 2257 3001 2308; x_wconf 86' lang='lat' dir='ltr'><strong>cis</strong></span> <span class='ocrx_word' id='word_1_654' title='bbox 3034 2257 3118 2325; x_wconf 88' lang='lat' dir='ltr'><strong>qui</strong></span> <span class='ocrx_word' id='word_1_655' title='bbox 3152 2257 3333 2311; x_wconf 76' lang='lat' dir='ltr'><strong>oculos</strong></span> <span class='ocrx_word' id='word_1_656' title='bbox 3360 2258 3503 2310; x_wconf 78' lang='lat' dir='ltr'><strong>clau-</strong></span> 
     </span>
    </p>
   </div>
   <div class='ocr_carea' id='block_1_84' title="bbox 1926 2343 3503 2414">
    <p class='ocr_par' dir='ltr' id='par_1_84' title="bbox 1926 2343 3503 2414">
     <span class='ocr_line' id='line_1_84' title="bbox 1926 2343 3503 2414; baseline 0.004 -19"><span class='ocrx_word' id='word_1_657' title='bbox 1926 2343 2062 2395; x_wconf 86' lang='lat' dir='ltr'><strong>dunt</strong></span> <span class='ocrx_word' id='word_1_658' title='bbox 2088 2362 2099 2406; x_wconf 86' lang='lat'>;</span> <span class='ocrx_word' id='word_1_659' title='bbox 2132 2346 2196 2395; x_wconf 87' lang='lat' dir='ltr'><strong>ita</strong></span> <span class='ocrx_word' id='word_1_660' title='bbox 2230 2345 2316 2396; x_wconf 57' lang='grc' dir='ltr'>ιλιι</span> <span class='ocrx_word' id='word_1_661' title='bbox 2342 2361 2580 2411; x_wconf 82' lang='lat' dir='ltr'><strong>regnum,</strong></span> <span class='ocrx_word' id='word_1_662' title='bbox 2615 2345 2852 2414; x_wconf 88' lang='lat' dir='ltr'><strong>quamvis</strong></span> <span class='ocrx_word' id='word_1_663' title='bbox 2881 2362 3139 2414; x_wconf 81' lang='lat' dir='ltr'><strong>nunquam</strong></span> <span class='ocrx_word' id='word_1_664' title='bbox 3172 2345 3407 2401; x_wconf 81' lang='lat' dir='ltr'><strong>discedat</strong></span> <span class='ocrx_word' id='word_1_665' title='bbox 3436 2346 3503 2405; x_wconf 85' lang='lat' dir='ltr'><strong>de</strong></span> 
     </span>
    </p>
   </div>
   <div class='ocr_carea' id='block_1_85' title="bbox 1929 2433 3502 2505">
    <p class='ocr_par' dir='ltr' id='par_1_85' title="bbox 1929 2433 3502 2505">
     <span class='ocr_line' id='line_1_85' title="bbox 1929 2433 3502 2505; baseline 0.003 -20"><span class='ocrx_word' id='word_1_666' title='bbox 1929 2434 2106 2498; x_wconf 83' lang='lat' dir='ltr'><strong>terris,</strong></span> <span class='ocrx_word' id='word_1_667' title='bbox 2144 2443 2315 2487; x_wconf 87' lang='lat' dir='ltr'><strong>tamen</strong></span> <span class='ocrx_word' id='word_1_668' title='bbox 2345 2437 2536 2488; x_wconf 72' lang='lat' dir='ltr'><strong>absens</strong></span> <span class='ocrx_word' id='word_1_669' title='bbox 2562 2444 2641 2488; x_wconf 85' lang='lat' dir='ltr'><strong>est</strong></span> <span class='ocrx_word' id='word_1_670' title='bbox 2670 2436 3049 2505; x_wconf 77' lang='lat' dir='ltr'><strong>ignorantibus.</strong></span> <span class='ocrx_word' id='word_1_671' title='bbox 3074 2433 3207 2489; x_wconf 84' lang='lat' dir='ltr'><strong>Nulli</strong></span> <span class='ocrx_word' id='word_1_672' title='bbox 3237 2447 3411 2490; x_wconf 89' lang='lat' dir='ltr'><strong>autem</strong></span> <span class='ocrx_word' id='word_1_673' title='bbox 3440 2439 3502 2490; x_wconf 90' lang='lat' dir='ltr'><strong>li-</strong></span> 
     </span>
    </p>
   </div>
   <div class='ocr_carea' id='block_1_86' title="bbox 1930 2525 3500 2598">
    <p class='ocr_par' dir='ltr' id='par_1_86' title="bbox 1930 2525 3500 2598">
     <span class='ocr_line' id='line_1_86' title="bbox 1930 2525 3500 2598; baseline 0.003 -22"><span class='ocrx_word' id='word_1_674' title='bbox 1930 2525 2070 2576; x_wconf 90' lang='lat' dir='ltr'><strong>cebit</strong></span> <span class='ocrx_word' id='word_1_675' title='bbox 2108 2526 2349 2592; x_wconf 85' lang='lat' dir='ltr'><strong>ignorare</strong></span> <span class='ocrx_word' id='word_1_676' title='bbox 2378 2541 2596 2594; x_wconf 78' lang='lat' dir='ltr'><strong>regnum</strong></span> <span class='ocrx_word' id='word_1_677' title='bbox 2629 2526 2741 2589; x_wconf 89' lang='lat' dir='ltr'><strong>Dei,</strong></span> <span class='ocrx_word' id='word_1_678' title='bbox 2777 2542 2895 2581; x_wconf 93' lang='lat' dir='ltr'><strong>cum</strong></span> <span class='ocrx_word' id='word_1_679' title='bbox 2922 2528 3035 2595; x_wconf 79' lang='lat' dir='ltr'><strong>ejus</strong></span> <span class='ocrx_word' id='word_1_680' title='bbox 3063 2526 3369 2598; x_wconf 87' lang='lat' dir='ltr'><strong>Unigenitus</strong></span> <span class='ocrx_word' id='word_1_681' title='bbox 3395 2542 3500 2582; x_wconf 91' lang='lat' dir='ltr'><strong>nou</strong></span> 
     </span>
    </p>
   </div>
   <div class='ocr_carea' id='block_1_87' title="bbox 1928 2613 3502 2685">
    <p class='ocr_par' dir='ltr' id='par_1_87' title="bbox 1928 2613 3502 2685">
     <span class='ocr_line' id='line_1_87' title="bbox 1928 2613 3502 2685; baseline 0.003 -17"><span class='ocrx_word' id='word_1_682' title='bbox 1928 2613 2100 2668; x_wconf 87' lang='lat' dir='ltr'><strong>Solum</strong></span> <span class='ocrx_word' id='word_1_683' title='bbox 2150 2616 2571 2685; x_wconf 65' lang='lat' dir='ltr'><strong>itttelzigibiliter,</strong></span> <span class='ocrx_word' id='word_1_684' title='bbox 2604 2617 2693 2670; x_wconf 83' lang='lat' dir='ltr'><strong>sed</strong></span> <span class='ocrx_word' id='word_1_685' title='bbox 2725 2619 2882 2671; x_wconf 87' lang='lat' dir='ltr'><strong>etiam</strong></span> <span class='ocrx_word' id='word_1_686' title='bbox 2910 2620 3183 2672; x_wconf 70' lang='lat' dir='ltr'><strong>ViSlblillt‘J&#39;</strong></span> <span class='ocrx_word' id='word_1_687' title='bbox 3212 2619 3263 2671; x_wconf 88' lang='lat' dir='ltr'><strong>in</strong></span> <span class='ocrx_word' id='word_1_688' title='bbox 3291 2621 3502 2673; x_wconf 87' lang='lat' dir='ltr'><strong>homine</strong></span> 
     </span>
    </p>
   </div>
   <div class='ocr_carea' id='block_1_88' title="bbox 1928 2700 3500 2776">
    <p class='ocr_par' dir='ltr' id='par_1_88' title="bbox 1928 2700 3500 2776">
     <span class='ocr_line' id='line_1_88' title="bbox 1928 2700 3500 2776; baseline 0.003 -20"><span class='ocrx_word' id='word_1_689' title='bbox 1928 2700 2204 2757; x_wconf 86' lang='lat' dir='ltr'><strong>Dontioieo</strong></span> <span class='ocrx_word' id='word_1_690' title='bbox 2227 2706 2292 2759; x_wconf 88' lang='lat' dir='ltr'><strong>de</strong></span> <span class='ocrx_word' id='word_1_691' title='bbox 2322 2707 2459 2759; x_wconf 70' lang='lat' dir='ltr'><strong>cmlo</strong></span> <span class='ocrx_word' id='word_1_692' title='bbox 2488 2708 2690 2760; x_wconf 88' lang='lat' dir='ltr'><strong>venerit</strong></span> <span class='ocrx_word' id='word_1_693' title='bbox 2721 2708 3047 2776; x_wconf 88' lang='lat' dir='ltr'><strong>jttdicaturus</strong></span> <span class='ocrx_word' id='word_1_694' title='bbox 3081 2708 3226 2760; x_wconf 86' lang='lat' dir='ltr'><strong>vivos</strong></span> <span class='ocrx_word' id='word_1_695' title='bbox 3263 2718 3312 2761; x_wconf 89' lang='lat' dir='ltr'><strong>et</strong></span> <span class='ocrx_word' id='word_1_696' title='bbox 3356 2723 3500 2761; x_wconf 88' lang='lat' dir='ltr'><strong>mor-</strong></span> 
     </span>
    </p>
   </div>
   <div class='ocr_carea' id='block_1_89' title="bbox 1928 2796 3500 2865">
    <p class='ocr_par' dir='ltr' id='par_1_89' title="bbox 1928 2796 3500 2865">
     <span class='ocr_line' id='line_1_89' title="bbox 1928 2796 3500 2865; baseline 0.003 -18"><span class='ocrx_word' id='word_1_697' title='bbox 1928 2798 2046 2847; x_wconf 62' lang='lat' dir='ltr'><strong>tuos</strong></span> <span class='ocrx_word' id='word_1_698' title='bbox 2076 2796 2171 2865; x_wconf 75' lang='grc' dir='ltr'><strong>(τι).</strong></span> <span class='ocrx_word' id='word_1_699' title='bbox 2203 2796 2323 2848; x_wconf 83' lang='lat' dir='ltr'><strong>Post</strong></span> <span class='ocrx_word' id='word_1_700' title='bbox 2351 2797 2487 2863; x_wconf 87' lang='lat' dir='ltr'><strong>quod</strong></span> <span class='ocrx_word' id='word_1_701' title='bbox 2512 2797 2787 2864; x_wconf 88' lang='lat' dir='ltr'><strong>judicium.</strong></span> <span class='ocrx_word' id='word_1_702' title='bbox 2818 2799 2868 2850; x_wconf 90' lang='lat' dir='ltr'><strong>id</strong></span> <span class='ocrx_word' id='word_1_703' title='bbox 2896 2809 2995 2859; x_wconf 71' lang='lat' dir='ltr'><strong>est,</strong></span> <span class='ocrx_word' id='word_1_704' title='bbox 3025 2812 3141 2851; x_wconf 92' lang='lat' dir='ltr'><strong>cum</strong></span> <span class='ocrx_word' id='word_1_705' title='bbox 3169 2798 3418 2851; x_wconf 87' lang='lat' dir='ltr'><strong>discretio</strong></span> <span class='ocrx_word' id='word_1_706' title='bbox 3446 2806 3500 2852; x_wconf 87' lang='lat' dir='ltr'><strong>et</strong></span> 
     </span>
    </p>
   </div>
   <div class='ocr_carea' id='block_1_90' title="bbox 1926 2888 3500 2958">
    <p class='ocr_par' dir='ltr' id='par_1_90' title="bbox 1926 2888 3500 2958">
     <span class='ocr_line' id='line_1_90' title="bbox 1926 2888 3500 2958; baseline 0.004 -19"><span class='ocrx_word' id='word_1_707' title='bbox 1926 2888 2191 2955; x_wconf 81' lang='lat' dir='ltr'><strong>separatio</strong></span> <span class='ocrx_word' id='word_1_708' title='bbox 2220 2889 2479 2955; x_wconf 69' lang='lat' dir='ltr'><strong>iustorum</strong></span> <span class='ocrx_word' id='word_1_709' title='bbox 2509 2890 2576 2943; x_wconf 86' lang='lat' dir='ltr'><strong>ab</strong></span> <span class='ocrx_word' id='word_1_710' title='bbox 2603 2890 2806 2958; x_wconf 81' lang='lat' dir='ltr'><strong>injustis</strong></span> <span class='ocrx_word' id='word_1_711' title='bbox 2836 2889 2964 2942; x_wconf 86' lang='lat' dir='ltr'><strong>iacta</strong></span> <span class='ocrx_word' id='word_1_712' title='bbox 2994 2891 3168 2954; x_wconf 83' lang='lat' dir='ltr'><strong>fuerit,</strong></span> <span class='ocrx_word' id='word_1_713' title='bbox 3199 2891 3267 2944; x_wconf 84' lang='lat' dir='ltr'><strong>ita</strong></span> <span class='ocrx_word' id='word_1_714' title='bbox 3296 2892 3500 2946; x_wconf 88' lang='lat' dir='ltr'><strong>inhabi-</strong></span> 
     </span>
    </p>
   </div>
   <div class='ocr_carea' id='block_1_91' title="bbox 1928 2978 3499 3050">
    <p class='ocr_par' dir='ltr' id='par_1_91' title="bbox 1928 2978 3499 3050">
     <span class='ocr_line' id='line_1_91' title="bbox 1928 2978 3499 3050; baseline 0.006 -22"><span class='ocrx_word' id='word_1_715' title='bbox 1928 2978 2057 3029; x_wconf 84' lang='lat' dir='ltr'><strong>tahit</strong></span> <span class='ocrx_word' id='word_1_716' title='bbox 2092 2978 2262 3046; x_wconf 78' lang='lat' dir='ltr'><strong>justus</strong></span> <span class='ocrx_word' id='word_1_717' title='bbox 2294 2980 2447 3043; x_wconf 81' lang='lat' dir='ltr'><strong>Deus,</strong></span> <span class='ocrx_word' id='word_1_718' title='bbox 2489 2989 2540 3032; x_wconf 92' lang='lat' dir='ltr'><strong>ut</strong></span> <span class='ocrx_word' id='word_1_719' title='bbox 2584 2996 2688 3033; x_wconf 92' lang='lat' dir='ltr'><strong>non</strong></span> <span class='ocrx_word' id='word_1_720' title='bbox 2729 2995 2859 3048; x_wconf 89' lang='lat' dir='ltr'><strong>opus</strong></span> <span class='ocrx_word' id='word_1_721' title='bbox 2888 2982 2951 3034; x_wconf 90' lang='lat' dir='ltr'><strong>slt</strong></span> <span class='ocrx_word' id='word_1_722' title='bbox 2979 2997 3293 3050; x_wconf 88' lang='lat' dir='ltr'><strong>quemquam</strong></span> <span class='ocrx_word' id='word_1_723' title='bbox 3321 2983 3499 3038; x_wconf 86' lang='lat' dir='ltr'><strong>doceri</strong></span> 
     </span>
    </p>
   </div>
   <div class='ocr_carea' id='block_1_92' title="bbox 1926 3068 3498 3140">
    <p class='ocr_par' dir='ltr' id='par_1_92' title="bbox 1926 3068 3498 3140">
     <span class='ocr_line' id='line_1_92' title="bbox 1926 3068 3498 3140; baseline 0.006 -21"><span class='ocrx_word' id='word_1_724' title='bbox 1926 3083 2020 3135; x_wconf 88' lang='lat' dir='ltr'><strong>per</strong></span> <span class='ocrx_word' id='word_1_725' title='bbox 2048 3068 2334 3131; x_wconf 87' lang='lat' dir='ltr'><strong>ltomiuent,</strong></span> <span class='ocrx_word' id='word_1_726' title='bbox 2366 3071 2457 3123; x_wconf 79' lang='lat' dir='ltr'><strong>Sed</strong></span> <span class='ocrx_word' id='word_1_727' title='bbox 2489 3072 2592 3124; x_wconf 82' lang='lat' dir='ltr'><strong>sint</strong></span> <span class='ocrx_word' id='word_1_728' title='bbox 2628 3086 2830 3134; x_wconf 85' lang='lat' dir='ltr'><strong>omnes,</strong></span> <span class='ocrx_word' id='word_1_729' title='bbox 2861 3082 2913 3125; x_wconf 91' lang='lat' dir='ltr'><strong>ut</strong></span> <span class='ocrx_word' id='word_1_730' title='bbox 2938 3073 3191 3140; x_wconf 85' lang='lat' dir='ltr'><strong>scriptum</strong></span> <span class='ocrx_word' id='word_1_731' title='bbox 3218 3084 3296 3127; x_wconf 90' lang='lat' dir='ltr'><strong>est</strong></span> <span class='ocrx_word' id='word_1_732' title='bbox 3316 3118 3328 3138; x_wconf 93' lang='lat'><strong>,</strong></span> <span class='ocrx_word' id='word_1_733' title='bbox 3358 3074 3498 3130; x_wconf 80' lang='lat' dir='ltr'><strong>doci-</strong></span> 
     </span>
    </p>
   </div>
   <div class='ocr_carea' id='block_1_93' title="bbox 1925 3158 3501 3236">
    <p class='ocr_par' dir='ltr' id='par_1_93' title="bbox 1925 3158 3501 3236">
     <span class='ocr_line' id='line_1_93' title="bbox 1925 3158 3501 3236; baseline 0.007 -26"><span class='ocrx_word' id='word_1_734' title='bbox 1925 3158 2046 3211; x_wconf 84' lang='lat' dir='ltr'><strong>biles</strong></span> <span class='ocrx_word' id='word_1_735' title='bbox 2074 3159 2181 3212; x_wconf 71' lang='lat' dir='ltr'><strong>Deo</strong></span> <span class='ocrx_word' id='word_1_736' title='bbox 2217 3160 2233 3231; x_wconf 96' lang='lat'><strong>(</strong></span> <span class='ocrx_word' id='word_1_737' title='bbox 2260 3159 2384 3213; x_wconf 81' lang='lat' dir='ltr'><strong>lsai.</strong></span> <span class='ocrx_word' id='word_1_738' title='bbox 2417 3177 2522 3221; x_wconf 82' lang='lat' dir='ltr'><strong>LIV,</strong></span> <span class='ocrx_word' id='word_1_739' title='bbox 2554 3164 2650 3225; x_wconf 75' lang='lat' dir='ltr'><strong>l5;</strong></span> <span class='ocrx_word' id='word_1_740' title='bbox 2679 3162 2835 3214; x_wconf 86' lang='lat' dir='ltr'><strong>Joan.</strong></span> <span class='ocrx_word' id='word_1_741' title='bbox 2865 3178 2935 3229; x_wconf 90' lang='lat' dir='ltr'><strong>vt,</strong></span> <span class='ocrx_word' id='word_1_742' title='bbox 2964 3165 3030 3217; x_wconf 68' lang='grc'><strong>65</strong></span> <span class='ocrx_word' id='word_1_743' title='bbox 3053 3167 3092 3236; x_wconf 92' lang='grc'><strong>).</strong></span> <span class='ocrx_word' id='word_1_744' title='bbox 3125 3165 3320 3219; x_wconf 83' lang='lat' dir='ltr'><strong>Deinde</strong></span> <span class='ocrx_word' id='word_1_745' title='bbox 3350 3167 3501 3221; x_wconf 87' lang='lat' dir='ltr'><strong>beata</strong></span> 
     </span>
    </p>
   </div>
   <div class='ocr_carea' id='block_1_94' title="bbox 1924 3252 3497 3325">
    <p class='ocr_par' dir='ltr' id='par_1_94' title="bbox 1924 3252 3497 3325">
     <span class='ocr_line' id='line_1_94' title="bbox 1924 3252 3497 3325; baseline 0.006 -24"><span class='ocrx_word' id='word_1_746' title='bbox 1924 3252 2029 3302; x_wconf 85' lang='lat' dir='ltr'><strong>vita</strong></span> <span class='ocrx_word' id='word_1_747' title='bbox 2057 3253 2200 3302; x_wconf 81' lang='lat' dir='ltr'><strong>nimii</strong></span> <span class='ocrx_word' id='word_1_748' title='bbox 2229 3267 2288 3303; x_wconf 72' lang='lat' dir='ltr'><strong>ex</strong></span> <span class='ocrx_word' id='word_1_749' title='bbox 2327 3262 2478 3320; x_wconf 88' lang='lat' dir='ltr'><strong>parte</strong></span> <span class='ocrx_word' id='word_1_750' title='bbox 2509 3254 2809 3320; x_wconf 75' lang='lat' dir='ltr'><strong>perﬁcietur</strong></span> <span class='ocrx_word' id='word_1_751' title='bbox 2840 3255 2889 3306; x_wconf 91' lang='lat' dir='ltr'><strong>in</strong></span> <span class='ocrx_word' id='word_1_752' title='bbox 2921 3256 3114 3309; x_wconf 86' lang='lat' dir='ltr'><strong>sanctis</strong></span> <span class='ocrx_word' id='word_1_753' title='bbox 3145 3257 3194 3308; x_wconf 92' lang='lat' dir='ltr'><strong>in</strong></span> <span class='ocrx_word' id='word_1_754' title='bbox 3223 3262 3497 3325; x_wconf 78' lang='lat' dir='ltr'><strong>:eternum,</strong></span> 
     </span>
    </p>
   </div>
   <div class='ocr_carea' id='block_1_95' title="bbox 1927 3338 3501 3412">
    <p class='ocr_par' dir='ltr' id='par_1_95' title="bbox 1927 3338 3501 3412">
     <span class='ocr_line' id='line_1_95' title="bbox 1927 3338 3501 3412; baseline 0.007 -22"><span class='ocrx_word' id='word_1_755' title='bbox 1927 3338 2083 3390; x_wconf 86' lang='lat' dir='ltr'><strong>siettti</strong></span> <span class='ocrx_word' id='word_1_756' title='bbox 2112 3354 2253 3390; x_wconf 88' lang='lat' dir='ltr'><strong>nunc</strong></span> <span class='ocrx_word' id='word_1_757' title='bbox 2279 3341 2524 3391; x_wconf 49' lang='lat' dir='ltr'><strong>(‘azlcstes</strong></span> <span class='ocrx_word' id='word_1_758' title='bbox 2549 3342 2731 3408; x_wconf 66' lang='lat' dir='ltr'><strong>Angeli</strong></span> <span class='ocrx_word' id='word_1_759' title='bbox 2767 3344 3082 3395; x_wconf 89' lang='lat' dir='ltr'><strong>sanctissimi</strong></span> <span class='ocrx_word' id='word_1_760' title='bbox 3118 3353 3272 3412; x_wconf 87' lang='lat' dir='ltr'><strong>atque</strong></span> <span class='ocrx_word' id='word_1_761' title='bbox 3310 3345 3501 3400; x_wconf 88' lang='lat' dir='ltr'><strong>beatis-</strong></span> 
     </span>
    </p>
   </div>
   <div class='ocr_carea' id='block_1_96' title="bbox 1925 3428 3496 3500">
    <p class='ocr_par' dir='ltr' id='par_1_96' title="bbox 1925 3428 3496 3500">
     <span class='ocr_line' id='line_1_96' title="bbox 1925 3428 3496 3500; baseline 0.006 -21"><span class='ocrx_word' id='word_1_762' title='bbox 1925 3428 2065 3492; x_wconf 91' lang='lat' dir='ltr'><strong>simi,</strong></span> <span class='ocrx_word' id='word_1_763' title='bbox 2113 3428 2225 3479; x_wconf 91' lang='lat' dir='ltr'><strong>solo</strong></span> <span class='ocrx_word' id='word_1_764' title='bbox 2258 3430 2363 3481; x_wconf 72' lang='lat' dir='ltr'><strong>lico</strong></span> <span class='ocrx_word' id='word_1_765' title='bbox 2407 3429 2708 3482; x_wconf 86' lang='lat' dir='ltr'><strong>illustrante</strong></span> <span class='ocrx_word' id='word_1_766' title='bbox 2755 3432 3019 3498; x_wconf 88' lang='lat' dir='ltr'><strong>sapientes</strong></span> <span class='ocrx_word' id='word_1_767' title='bbox 3063 3441 3114 3485; x_wconf 87' lang='lat' dir='ltr'><strong>et</strong></span> <span class='ocrx_word' id='word_1_768' title='bbox 3162 3434 3297 3487; x_wconf 86' lang='lat' dir='ltr'><strong>beati</strong></span> <span class='ocrx_word' id='word_1_769' title='bbox 3343 3444 3496 3500; x_wconf 89' lang='lat' dir='ltr'><strong>sunt;</strong></span> 
     </span>
    </p>
   </div>
   <div class='ocr_carea' id='block_1_97' title="bbox 1924 3518 3501 3586">
    <p class='ocr_par' dir='ltr' id='par_1_97' title="bbox 1924 3518 3501 3586">
     <span class='ocr_line' id='line_1_97' title="bbox 1924 3518 3501 3586; baseline 0.006 -17"><span class='ocrx_word' id='word_1_770' title='bbox 1924 3519 2043 3586; x_wconf 89' lang='lat' dir='ltr'><strong>quia</strong></span> <span class='ocrx_word' id='word_1_771' title='bbox 2076 3527 2129 3571; x_wconf 86' lang='lat' dir='ltr'><strong>et</strong></span> <span class='ocrx_word' id='word_1_772' title='bbox 2166 3518 2263 3571; x_wconf 89' lang='lat' dir='ltr'><strong>hoc</strong></span> <span class='ocrx_word' id='word_1_773' title='bbox 2294 3520 2534 3586; x_wconf 86' lang='lat' dir='ltr'><strong>promisit</strong></span> <span class='ocrx_word' id='word_1_774' title='bbox 2578 3521 2827 3572; x_wconf 86' lang='lat' dir='ltr'><strong>Dominus</strong></span> <span class='ocrx_word' id='word_1_775' title='bbox 2870 3522 2977 3573; x_wconf 85' lang='lat' dir='ltr'><strong>suis</strong></span> <span class='ocrx_word' id='word_1_776' title='bbox 3004 3539 3014 3573; x_wconf 90' lang='lat'><strong>:</strong></span> <span class='ocrx_word' id='word_1_777' title='bbox 3043 3520 3105 3575; x_wconf 85' lang='lat' dir='ltr'><strong>In</strong></span> <span class='ocrx_word' id='word_1_778' title='bbox 3144 3527 3501 3579; x_wconf 82' lang='lat' dir='ltr'><strong>resurrectione</strong></span> 
     </span>
    </p>
   </div>
   <div class='ocr_carea' id='block_1_98' title="bbox 1927 3611 3425 3689">
    <p class='ocr_par' dir='ltr' id='par_1_98' title="bbox 1927 3611 3425 3689">
     <span class='ocr_line' id='line_1_98' title="bbox 1927 3611 3425 3689; baseline 0.005 -27"><span class='ocrx_word' id='word_1_779' title='bbox 1927 3622 2089 3675; x_wconf 74' lang='lat' dir='ltr'><strong>erunt,</strong></span> <span class='ocrx_word' id='word_1_780' title='bbox 2125 3612 2309 3678; x_wconf 91' lang='lat' dir='ltr'><strong>inquit,</strong></span> <span class='ocrx_word' id='word_1_781' title='bbox 2332 3613 2456 3663; x_wconf 78' lang='lat' dir='ltr'><strong>sicut</strong></span> <span class='ocrx_word' id='word_1_782' title='bbox 2476 3611 2651 3682; x_wconf 80' lang='lat' dir='ltr'><strong>Angeli</strong></span> <span class='ocrx_word' id='word_1_783' title='bbox 2679 3614 2730 3663; x_wconf 86' lang='lat' dir='ltr'><strong>in</strong></span> <span class='ocrx_word' id='word_1_784' title='bbox 2760 3614 2895 3665; x_wconf 69' lang='lat' dir='ltr'><strong>cazlis</strong></span> <span class='ocrx_word' id='word_1_785' title='bbox 2921 3613 3130 3683; x_wconf 77' lang='lat' dir='ltr'><strong>(Matth.</strong></span> <span class='ocrx_word' id='word_1_786' title='bbox 3157 3631 3285 3677; x_wconf 70' lang='grc' dir='ltr'>χχιι.</span> <span class='ocrx_word' id='word_1_787' title='bbox 3315 3616 3425 3689; x_wconf 78' lang='grc'><strong>50).</strong></span> 
     </span>
    </p>
   </div>
   <div class='ocr_carea' id='block_1_99' title="bbox 1996 3702 3494 3778">
    <p class='ocr_par' dir='ltr' id='par_1_99' title="bbox 1996 3702 3494 3778">
     <span class='ocr_line' id='line_1_99' title="bbox 1996 3702 3494 3778; baseline 0.007 -25"><span class='ocrx_word' id='word_1_788' title='bbox 1996 3702 2084 3754; x_wconf 72' lang='lat'><strong>9.1.</strong></span> <span class='ocrx_word' id='word_1_789' title='bbox 2126 3704 2191 3755; x_wconf 85' lang='lat' dir='ltr'><strong>Et</strong></span> <span class='ocrx_word' id='word_1_790' title='bbox 2240 3702 2359 3755; x_wconf 88' lang='lat' dir='ltr'><strong>ideo</strong></span> <span class='ocrx_word' id='word_1_791' title='bbox 2408 3714 2523 3769; x_wconf 88' lang='lat' dir='ltr'><strong>post</strong></span> <span class='ocrx_word' id='word_1_792' title='bbox 2570 3704 2711 3756; x_wconf 89' lang='lat' dir='ltr'><strong>illam</strong></span> <span class='ocrx_word' id='word_1_793' title='bbox 2758 3707 3060 3772; x_wconf 85' lang='lat' dir='ltr'><strong>petitionem</strong></span> <span class='ocrx_word' id='word_1_794' title='bbox 3110 3722 3211 3775; x_wconf 89' lang='lat' dir='ltr'><strong>qua</strong></span> <span class='ocrx_word' id='word_1_795' title='bbox 3250 3709 3494 3778; x_wconf 89' lang='lat' dir='ltr'><strong>dicimus,</strong></span> 
     </span>
    </p>
   </div>
   <div class='ocr_carea' id='block_1_100' title="bbox 1925 3792 3496 3862">
    <p class='ocr_par' dir='ltr' id='par_1_100' title="bbox 1925 3792 3496 3862">
     <span class='ocr_line' id='line_1_100' title="bbox 1925 3792 3496 3862; baseline 0.004 -17"><span class='ocrx_word' id='word_1_796' title='bbox 1925 3792 2169 3845; x_wconf 73' lang='lat' dir='ltr'><strong>Adveniet</strong></span> <span class='ocrx_word' id='word_1_797' title='bbox 2199 3808 2405 3862; x_wconf 85' lang='lat' dir='ltr'><strong>regnum</strong></span> <span class='ocrx_word' id='word_1_798' title='bbox 2438 3802 2599 3857; x_wconf 81' lang='lat' dir='ltr'><strong>luunt,</strong></span> <span class='ocrx_word' id='word_1_799' title='bbox 2618 3796 2873 3861; x_wconf 86' lang='lat' dir='ltr'><strong>sequitur,</strong></span> <span class='ocrx_word' id='word_1_800' title='bbox 2900 3794 3016 3851; x_wconf 70' lang='lat' dir='ltr'><strong>It&#39;iat</strong></span> <span class='ocrx_word' id='word_1_801' title='bbox 3036 3797 3259 3850; x_wconf 83' lang='lat' dir='ltr'><strong>voluntas</strong></span> <span class='ocrx_word' id='word_1_802' title='bbox 3287 3807 3373 3850; x_wconf 87' lang='lat' dir='ltr'><strong>tua</strong></span> <span class='ocrx_word' id='word_1_803' title='bbox 3397 3801 3496 3851; x_wconf 87' lang='lat' dir='ltr'><strong>sic-</strong></span> 
     </span>
    </p>
   </div>
   <div class='ocr_carea' id='block_1_101' title="bbox 1927 3884 3491 3960">
    <p class='ocr_par' dir='ltr' id='par_1_101' title="bbox 1927 3884 3491 3960">
     <span class='ocr_line' id='line_1_101' title="bbox 1927 3884 3491 3960; baseline 0.006 -25"><span class='ocrx_word' id='word_1_804' title='bbox 1927 3894 1979 3936; x_wconf 86' lang='lat' dir='ltr'><strong>ut</strong></span> <span class='ocrx_word' id='word_1_805' title='bbox 2006 3884 2055 3936; x_wconf 83' lang='lat' dir='ltr'><strong>in</strong></span> <span class='ocrx_word' id='word_1_806' title='bbox 2086 3885 2207 3936; x_wconf 76' lang='lat' dir='ltr'><strong>cozlo</strong></span> <span class='ocrx_word' id='word_1_807' title='bbox 2237 3894 2279 3936; x_wconf 83' lang='lat' dir='ltr'><strong>et</strong></span> <span class='ocrx_word' id='word_1_808' title='bbox 2311 3885 2359 3936; x_wconf 85' lang='lat' dir='ltr'><strong>in</strong></span> <span class='ocrx_word' id='word_1_809' title='bbox 2387 3892 2518 3936; x_wconf 81' lang='lat' dir='ltr'><strong>terra</strong></span> <span class='ocrx_word' id='word_1_810' title='bbox 2541 3898 2561 3937; x_wconf 88' lang='lat'><strong><em>:</em></strong></span> <span class='ocrx_word' id='word_1_811' title='bbox 2586 3886 2634 3937; x_wconf 88' lang='lat' dir='ltr'><strong>id</strong></span> <span class='ocrx_word' id='word_1_812' title='bbox 2662 3894 2762 3948; x_wconf 87' lang='lat' dir='ltr'><strong>est,</strong></span> <span class='ocrx_word' id='word_1_813' title='bbox 2792 3886 2929 3938; x_wconf 83' lang='lat' dir='ltr'><strong>sicut</strong></span> <span class='ocrx_word' id='word_1_814' title='bbox 2967 3898 3048 3941; x_wconf 83' lang='lat' dir='ltr'><strong>est</strong></span> <span class='ocrx_word' id='word_1_815' title='bbox 3087 3888 3137 3941; x_wconf 85' lang='lat' dir='ltr'><strong>iu</strong></span> <span class='ocrx_word' id='word_1_816' title='bbox 3167 3890 3377 3958; x_wconf 82' lang='lat' dir='ltr'><strong>Angelis</strong></span> <span class='ocrx_word' id='word_1_817' title='bbox 3403 3892 3491 3960; x_wconf 86' lang='lat' dir='ltr'><strong>qui</strong></span> 
     </span>
    </p>
   </div>
   <div class='ocr_carea' id='block_1_102' title="bbox 1925 3974 3470 4040">
    <p class='ocr_par' dir='ltr' id='par_1_102' title="bbox 1925 3974 3470 4040">
     <span class='ocr_line' id='line_1_102' title="bbox 1925 3974 3470 4040; baseline 0.005 -13"><span class='ocrx_word' id='word_1_818' title='bbox 1925 3983 2046 4027; x_wconf 88' lang='lat' dir='ltr'><strong>sunt</strong></span> <span class='ocrx_word' id='word_1_819' title='bbox 2096 3974 2147 4027; x_wconf 89' lang='lat' dir='ltr'><strong>in</strong></span> <span class='ocrx_word' id='word_1_820' title='bbox 2193 3975 2362 4040; x_wconf 64' lang='lat' dir='ltr'><strong>caelis,</strong></span> <span class='ocrx_word' id='word_1_821' title='bbox 2400 3975 2640 4029; x_wconf 87' lang='lat' dir='ltr'><strong>voluntas</strong></span> <span class='ocrx_word' id='word_1_822' title='bbox 2684 3984 2791 4040; x_wconf 89' lang='lat' dir='ltr'><strong>tua,</strong></span> <span class='ocrx_word' id='word_1_823' title='bbox 2830 3988 2885 4031; x_wconf 84' lang='grc' dir='ltr'><strong>ιιι</strong></span> <span class='ocrx_word' id='word_1_824' title='bbox 2926 3980 3230 4034; x_wconf 88' lang='lat' dir='ltr'><strong>omnimodo</strong></span> <span class='ocrx_word' id='word_1_825' title='bbox 3269 3983 3361 4035; x_wconf 90' lang='lat' dir='ltr'><strong>tibi</strong></span> <span class='ocrx_word' id='word_1_826' title='bbox 3405 3983 3470 4036; x_wconf 89' lang='lat' dir='ltr'><strong>ad</strong></span> 
     </span>
    </p>
   </div>
   <div class='ocr_carea' id='block_1_103' title="bbox 1926 4063 3494 4133">
    <p class='ocr_par' dir='ltr' id='par_1_103' title="bbox 1926 4063 3494 4133">
     <span class='ocr_line' id='line_1_103' title="bbox 1926 4063 3494 4133; baseline 0.008 -18"><span class='ocrx_word' id='word_1_827' title='bbox 1926 4063 2161 4117; x_wconf 66' lang='lat' dir='ltr'><strong>intereant</strong></span> <span class='ocrx_word' id='word_1_828' title='bbox 2202 4077 2356 4132; x_wconf 88' lang='lat' dir='ltr'><strong>teque</strong></span> <span class='ocrx_word' id='word_1_829' title='bbox 2388 4066 2743 4133; x_wconf 79' lang='lat' dir='ltr'><strong>perfruantur,</strong></span> <span class='ocrx_word' id='word_1_830' title='bbox 2769 4068 2912 4119; x_wconf 90' lang='lat' dir='ltr'><strong>nullo</strong></span> <span class='ocrx_word' id='word_1_831' title='bbox 2938 4084 3119 4124; x_wconf 89' lang='lat' dir='ltr'><strong>errore</strong></span> <span class='ocrx_word' id='word_1_832' title='bbox 3152 4071 3494 4129; x_wconf 86' lang='lat' dir='ltr'><strong>obnubilante</strong></span> 
     </span>
    </p>
   </div>
   <div class='ocr_carea' id='block_1_104' title="bbox 1926 4156 3490 4227">
    <p class='ocr_par' dir='ltr' id='par_1_104' title="bbox 1926 4156 3490 4227">
     <span class='ocr_line' id='line_1_104' title="bbox 1926 4156 3490 4227; baseline 0.006 -20"><span class='ocrx_word' id='word_1_833' title='bbox 1926 4156 2235 4223; x_wconf 87' lang='lat' dir='ltr'><strong>sapientiam</strong></span> <span class='ocrx_word' id='word_1_834' title='bbox 2273 4172 2479 4218; x_wconf 89' lang='lat' dir='ltr'><strong>eortnn,</strong></span> <span class='ocrx_word' id='word_1_835' title='bbox 2510 4156 2649 4209; x_wconf 87' lang='lat' dir='ltr'><strong>nulla</strong></span> <span class='ocrx_word' id='word_1_836' title='bbox 2681 4160 2889 4210; x_wconf 72' lang='lat' dir='ltr'><strong>miseria</strong></span> <span class='ocrx_word' id='word_1_837' title='bbox 2929 4159 3245 4227; x_wconf 88' lang='lat' dir='ltr'><strong>impediente</strong></span> <span class='ocrx_word' id='word_1_838' title='bbox 3278 4164 3490 4217; x_wconf 84' lang='lat' dir='ltr'><strong>beatitu-</strong></span> 
     </span>
    </p>
   </div>
   <div class='ocr_carea' id='block_1_105' title="bbox 1924 4247 3493 4320">
    <p class='ocr_par' dir='ltr' id='par_1_105' title="bbox 1924 4247 3493 4320">
     <span class='ocr_line' id='line_1_105' title="bbox 1924 4247 3493 4320; baseline 0.006 -22"><span class='ocrx_word' id='word_1_839' title='bbox 1924 4247 2102 4299; x_wconf 88' lang='lat' dir='ltr'><strong>dinem</strong></span> <span class='ocrx_word' id='word_1_840' title='bbox 2124 4262 2302 4300; x_wconf 90' lang='lat' dir='ltr'><strong>eorum</strong></span> <span class='ocrx_word' id='word_1_841' title='bbox 2327 4264 2339 4310; x_wconf 91' lang='lat'>;</span> <span class='ocrx_word' id='word_1_842' title='bbox 2367 4248 2433 4298; x_wconf 89' lang='lat' dir='ltr'><strong>ita</strong></span> <span class='ocrx_word' id='word_1_843' title='bbox 2458 4248 2545 4298; x_wconf 88' lang='lat' dir='ltr'><strong>tiat</strong></span> <span class='ocrx_word' id='word_1_844' title='bbox 2571 4248 2622 4299; x_wconf 87' lang='lat' dir='ltr'><strong>in</strong></span> <span class='ocrx_word' id='word_1_845' title='bbox 2651 4250 2844 4301; x_wconf 85' lang='lat' dir='ltr'><strong>sanctis</strong></span> <span class='ocrx_word' id='word_1_846' title='bbox 2867 4250 2969 4302; x_wconf 89' lang='lat' dir='ltr'><strong>tuis</strong></span> <span class='ocrx_word' id='word_1_847' title='bbox 2994 4252 3078 4318; x_wconf 92' lang='lat' dir='ltr'><strong>qui</strong></span> <span class='ocrx_word' id='word_1_848' title='bbox 3112 4253 3161 4303; x_wconf 92' lang='lat' dir='ltr'><strong>in</strong></span> <span class='ocrx_word' id='word_1_849' title='bbox 3196 4262 3330 4306; x_wconf 85' lang='lat' dir='ltr'><strong>terra</strong></span> <span class='ocrx_word' id='word_1_850' title='bbox 3352 4266 3493 4320; x_wconf 88' lang='lat' dir='ltr'><strong>sunt,</strong></span> 
     </span>
    </p>
   </div>
   <div class='ocr_carea' id='block_1_106' title="bbox 1923 4337 3498 4406">
    <p class='ocr_par' dir='ltr' id='par_1_106' title="bbox 1923 4337 3498 4406">
     <span class='ocr_line' id='line_1_106' title="bbox 1923 4337 3498 4406; baseline 0.007 -16"><span class='ocrx_word' id='word_1_851' title='bbox 1923 4346 1977 4390; x_wconf 86' lang='lat' dir='ltr'><strong>et</strong></span> <span class='ocrx_word' id='word_1_852' title='bbox 2014 4337 2081 4389; x_wconf 86' lang='lat' dir='ltr'><strong>de</strong></span> <span class='ocrx_word' id='word_1_853' title='bbox 2125 4345 2285 4399; x_wconf 87' lang='lat' dir='ltr'><strong>terra,</strong></span> <span class='ocrx_word' id='word_1_854' title='bbox 2333 4337 2471 4404; x_wconf 89' lang='lat' dir='ltr'><strong>quod</strong></span> <span class='ocrx_word' id='word_1_855' title='bbox 2504 4338 2568 4389; x_wconf 89' lang='lat' dir='ltr'><strong>ad</strong></span> <span class='ocrx_word' id='word_1_856' title='bbox 2605 4351 2796 4405; x_wconf 90' lang='lat' dir='ltr'><strong>corpus</strong></span> <span class='ocrx_word' id='word_1_857' title='bbox 2840 4340 3042 4403; x_wconf 89' lang='lat' dir='ltr'><strong>attinet,</strong></span> <span class='ocrx_word' id='word_1_858' title='bbox 3089 4341 3209 4395; x_wconf 76' lang='lat' dir='ltr'><strong>facti</strong></span> <span class='ocrx_word' id='word_1_859' title='bbox 3261 4352 3400 4406; x_wconf 88' lang='lat' dir='ltr'><strong>sunt,</strong></span> <span class='ocrx_word' id='word_1_860' title='bbox 3444 4354 3498 4401; x_wconf 80' lang='lat' dir='ltr'><strong>et</strong></span> 
     </span>
    </p>
   </div>
   <div class='ocr_carea' id='block_1_107' title="bbox 1923 4428 3497 4501">
    <p class='ocr_par' dir='ltr' id='par_1_107' title="bbox 1923 4428 3497 4501">
     <span class='ocr_line' id='line_1_107' title="bbox 1923 4428 3497 4501; baseline 0.007 -22"><span class='ocrx_word' id='word_1_861' title='bbox 1923 4430 2164 4497; x_wconf 88' lang='lat' dir='ltr'><strong>quamvis</strong></span> <span class='ocrx_word' id='word_1_862' title='bbox 2193 4429 2242 4480; x_wconf 92' lang='lat' dir='ltr'><strong>in</strong></span> <span class='ocrx_word' id='word_1_863' title='bbox 2269 4428 2540 4481; x_wconf 70' lang='lat' dir='ltr'><strong>cmlestem</strong></span> <span class='ocrx_word' id='word_1_864' title='bbox 2574 4429 2947 4483; x_wconf 89' lang='lat' dir='ltr'><strong>habitationem</strong></span> <span class='ocrx_word' id='word_1_865' title='bbox 2981 4445 3135 4501; x_wconf 90' lang='lat' dir='ltr'><strong>atque</strong></span> <span class='ocrx_word' id='word_1_866' title='bbox 3177 4436 3497 4490; x_wconf 81' lang='lat' dir='ltr'><strong>immutatio-</strong></span> 
     </span>
    </p>
   </div>
   <div class='ocr_carea' id='block_1_108' title="bbox 1923 4520 3498 4595">
    <p class='ocr_par' dir='ltr' id='par_1_108' title="bbox 1923 4520 3498 4595">
     <span class='ocr_line' id='line_1_108' title="bbox 1923 4520 3498 4595; baseline 0.007 -22"><span class='ocrx_word' id='word_1_867' title='bbox 1923 4536 2067 4585; x_wconf 89' lang='lat' dir='ltr'><strong>nem,</strong></span> <span class='ocrx_word' id='word_1_868' title='bbox 2098 4529 2272 4572; x_wconf 90' lang='lat' dir='ltr'><strong>tamen</strong></span> <span class='ocrx_word' id='word_1_869' title='bbox 2299 4520 2365 4573; x_wconf 89' lang='lat' dir='ltr'><strong>de</strong></span> <span class='ocrx_word' id='word_1_870' title='bbox 2395 4530 2531 4573; x_wconf 89' lang='lat' dir='ltr'><strong>terra</strong></span> <span class='ocrx_word' id='word_1_871' title='bbox 2560 4523 2861 4575; x_wconf 88' lang='lat' dir='ltr'><strong>assumendi</strong></span> <span class='ocrx_word' id='word_1_872' title='bbox 2887 4532 3026 4576; x_wconf 91' lang='lat' dir='ltr'><strong>sunt.</strong></span> <span class='ocrx_word' id='word_1_873' title='bbox 3053 4525 3128 4578; x_wconf 79' lang='lat' dir='ltr'><strong>Ad</strong></span> <span class='ocrx_word' id='word_1_874' title='bbox 3156 4527 3254 4579; x_wconf 91' lang='lat' dir='ltr'><strong>hoc</strong></span> <span class='ocrx_word' id='word_1_875' title='bbox 3286 4532 3498 4595; x_wconf 78' lang='lat' dir='ltr'><strong>respicit</strong></span> 
     </span>
    </p>
   </div>
   <div class='ocr_carea' id='block_1_109' title="bbox 1923 4610 3499 4679">
    <p class='ocr_par' dir='ltr' id='par_1_109' title="bbox 1923 4610 3499 4679">
     <span class='ocr_line' id='line_1_109' title="bbox 1923 4610 3499 4679; baseline 0.004 -14"><span class='ocrx_word' id='word_1_876' title='bbox 1923 4612 2080 4665; x_wconf 87' lang='lat' dir='ltr'><strong>etiam</strong></span> <span class='ocrx_word' id='word_1_877' title='bbox 2131 4610 2218 4662; x_wconf 92' lang='lat' dir='ltr'><strong>illa</strong></span> <span class='ocrx_word' id='word_1_878' title='bbox 2264 4610 2583 4677; x_wconf 81' lang='lat' dir='ltr'><strong>Angelorum</strong></span> <span class='ocrx_word' id='word_1_879' title='bbox 2631 4612 2951 4679; x_wconf 68' lang='lat' dir='ltr'><strong>praedicatio,</strong></span> <span class='ocrx_word' id='word_1_880' title='bbox 2982 4612 3154 4667; x_wconf 77' lang='lat' dir='ltr'><strong>Gloria</strong></span> <span class='ocrx_word' id='word_1_881' title='bbox 3196 4618 3248 4669; x_wconf 86' lang='lat' dir='ltr'><strong>in</strong></span> <span class='ocrx_word' id='word_1_882' title='bbox 3291 4622 3499 4673; x_wconf 62' lang='lat' dir='ltr'><strong>excelsis</strong></span> 
     </span>
    </p>
   </div>
   <div class='ocr_carea' id='block_1_110' title="bbox 1924 4699 3492 4776">
    <p class='ocr_par' dir='ltr' id='par_1_110' title="bbox 1924 4699 3492 4776">
     <span class='ocr_line' id='line_1_110' title="bbox 1924 4699 3492 4776; baseline 0.006 -24"><span class='ocrx_word' id='word_1_883' title='bbox 1924 4699 2052 4765; x_wconf 85' lang='lat' dir='ltr'><strong>Deo,</strong></span> <span class='ocrx_word' id='word_1_884' title='bbox 2083 4710 2129 4753; x_wconf 87' lang='lat' dir='ltr'><strong>et</strong></span> <span class='ocrx_word' id='word_1_885' title='bbox 2158 4700 2210 4752; x_wconf 85' lang='lat' dir='ltr'><strong>in</strong></span> <span class='ocrx_word' id='word_1_886' title='bbox 2249 4708 2381 4753; x_wconf 86' lang='lat' dir='ltr'><strong>terra</strong></span> <span class='ocrx_word' id='word_1_887' title='bbox 2424 4716 2524 4770; x_wconf 70' lang='lat' dir='ltr'><strong>pax</strong></span> <span class='ocrx_word' id='word_1_888' title='bbox 2554 4701 2834 4755; x_wconf 84' lang='lat' dir='ltr'><strong>hominibus</strong></span> <span class='ocrx_word' id='word_1_889' title='bbox 2863 4702 3005 4755; x_wconf 76' lang='lat' dir='ltr'><strong>bona:</strong></span> <span class='ocrx_word' id='word_1_890' title='bbox 3033 4705 3300 4759; x_wconf 83' lang='lat' dir='ltr'><strong>voluntatis</strong></span> <span class='ocrx_word' id='word_1_891' title='bbox 3329 4714 3343 4776; x_wconf 90' lang='lat'><strong>(</strong></span> <span class='ocrx_word' id='word_1_892' title='bbox 3372 4708 3492 4761; x_wconf 84' lang='lat' dir='ltr'><strong>Luc.</strong></span> 
     </span>
    </p>
   </div>
   <div class='ocr_carea' id='block_1_111' title="bbox 1924 4795 3492 4869">
    <p class='ocr_par' dir='ltr' id='par_1_111' title="bbox 1924 4795 3492 4869">
     <span class='ocr_line' id='line_1_111' title="bbox 1924 4795 3492 4869; baseline 0.006 -23"><span class='ocrx_word' id='word_1_893' title='bbox 1924 4806 1981 4858; x_wconf 89' lang='grc' dir='ltr'><strong>ιι,</strong></span> <span class='ocrx_word' id='word_1_894' title='bbox 2015 4795 2101 4862; x_wconf 79' lang='lat' dir='ltr'><strong>M)</strong></span> <span class='ocrx_word' id='word_1_895' title='bbox 2130 4810 2143 4846; x_wconf 88' lang='lat'><strong>:</strong></span> <span class='ocrx_word' id='word_1_896' title='bbox 2177 4802 2233 4847; x_wconf 88' lang='lat' dir='ltr'><strong>ut</strong></span> <span class='ocrx_word' id='word_1_897' title='bbox 2277 4808 2396 4847; x_wconf 91' lang='lat' dir='ltr'><strong>cum</strong></span> <span class='ocrx_word' id='word_1_898' title='bbox 2443 4796 2770 4864; x_wconf 82' lang='lat' dir='ltr'><strong>praecesserit</strong></span> <span class='ocrx_word' id='word_1_899' title='bbox 2819 4798 2953 4851; x_wconf 90' lang='lat' dir='ltr'><strong>bona</strong></span> <span class='ocrx_word' id='word_1_900' title='bbox 3002 4800 3242 4853; x_wconf 86' lang='lat' dir='ltr'><strong>voluntas</strong></span> <span class='ocrx_word' id='word_1_901' title='bbox 3294 4814 3492 4869; x_wconf 78' lang='lat' dir='ltr'><strong>nostra,</strong></span> 
     </span>
    </p>
   </div>
   <div class='ocr_carea' id='block_1_112' title="bbox 1925 4889 3493 4957">
    <p class='ocr_par' dir='ltr' id='par_1_112' title="bbox 1925 4889 3493 4957">
     <span class='ocr_line' id='line_1_112' title="bbox 1925 4889 3493 4957; baseline 0.006 -18"><span class='ocrx_word' id='word_1_902' title='bbox 1925 4902 2041 4957; x_wconf 80' lang='lat' dir='ltr'><strong>qme</strong></span> <span class='ocrx_word' id='word_1_903' title='bbox 2068 4895 2342 4940; x_wconf 88' lang='lat' dir='ltr'><strong>vocantem</strong></span> <span class='ocrx_word' id='word_1_904' title='bbox 2374 4889 2630 4956; x_wconf 86' lang='lat' dir='ltr'><strong>sequitur,</strong></span> <span class='ocrx_word' id='word_1_905' title='bbox 2663 4889 2959 4957; x_wconf 81' lang='lat' dir='ltr'><strong>perﬁciatur</strong></span> <span class='ocrx_word' id='word_1_906' title='bbox 2988 4890 3038 4942; x_wconf 90' lang='lat' dir='ltr'><strong>in</strong></span> <span class='ocrx_word' id='word_1_907' title='bbox 3070 4891 3222 4945; x_wconf 89' lang='lat' dir='ltr'><strong>nobis</strong></span> <span class='ocrx_word' id='word_1_908' title='bbox 3252 4894 3493 4949; x_wconf 86' lang='lat' dir='ltr'><strong>voluntas</strong></span> 
     </span>
    </p>
   </div>
   <div class='ocr_carea' id='block_1_113' title="bbox 1926 4980 3496 5049">
    <p class='ocr_par' dir='ltr' id='par_1_113' title="bbox 1926 4980 3496 5049">
     <span class='ocr_line' id='line_1_113' title="bbox 1926 4980 3496 5049; baseline 0.004 -15"><span class='ocrx_word' id='word_1_909' title='bbox 1926 4980 2041 5043; x_wconf 88' lang='lat' dir='ltr'><strong>Dei,</strong></span> <span class='ocrx_word' id='word_1_910' title='bbox 2071 4980 2224 5034; x_wconf 88' lang='lat' dir='ltr'><strong>sicuti</strong></span> <span class='ocrx_word' id='word_1_911' title='bbox 2248 4988 2329 5033; x_wconf 91' lang='lat' dir='ltr'><strong>est</strong></span> <span class='ocrx_word' id='word_1_912' title='bbox 2359 4980 2409 5033; x_wconf 91' lang='lat' dir='ltr'><strong>in</strong></span> <span class='ocrx_word' id='word_1_913' title='bbox 2438 4981 2741 5034; x_wconf 70' lang='lat' dir='ltr'><strong>cmlestibus</strong></span> <span class='ocrx_word' id='word_1_914' title='bbox 2776 4981 3022 5049; x_wconf 81' lang='lat' dir='ltr'><strong>Angelis;</strong></span> <span class='ocrx_word' id='word_1_915' title='bbox 3050 4992 3106 5034; x_wconf 94' lang='lat' dir='ltr'><strong>ut</strong></span> <span class='ocrx_word' id='word_1_916' title='bbox 3135 4981 3273 5034; x_wconf 85' lang='lat' dir='ltr'><strong>nulla</strong></span> <span class='ocrx_word' id='word_1_917' title='bbox 3305 4985 3496 5040; x_wconf 80' lang='lat' dir='ltr'><strong>adver-</strong></span> 
     </span>
    </p>
   </div>
   <div class='ocr_carea' id='block_1_114' title="bbox 1926 5078 3495 5149">
    <p class='ocr_par' dir='ltr' id='par_1_114' title="bbox 1926 5078 3495 5149">
     <span class='ocr_line' id='line_1_114' title="bbox 1926 5078 3495 5149; baseline 0.001 -17"><span class='ocrx_word' id='word_1_918' title='bbox 1926 5078 2053 5132; x_wconf 77' lang='lat' dir='ltr'><strong>sitas</strong></span> <span class='ocrx_word' id='word_1_919' title='bbox 2100 5079 2310 5131; x_wconf 79' lang='lat' dir='ltr'><strong>resistat</strong></span> <span class='ocrx_word' id='word_1_920' title='bbox 2352 5089 2547 5131; x_wconf 59' lang='lat' dir='ltr'><strong>nostra:</strong></span> <span class='ocrx_word' id='word_1_921' title='bbox 2582 5079 2907 5139; x_wconf 85' lang='lat' dir='ltr'><strong>beatitudini,</strong></span> <span class='ocrx_word' id='word_1_922' title='bbox 2941 5080 3079 5146; x_wconf 86' lang='lat' dir='ltr'><strong>quod</strong></span> <span class='ocrx_word' id='word_1_923' title='bbox 3112 5092 3189 5134; x_wconf 88' lang='lat' dir='ltr'><strong>est</strong></span> <span class='ocrx_word' id='word_1_924' title='bbox 3224 5094 3339 5149; x_wconf 75' lang='lat' dir='ltr'><strong>pax.</strong></span> <span class='ocrx_word' id='word_1_925' title='bbox 3367 5080 3495 5134; x_wconf 85' lang='lat' dir='ltr'><strong>Item</strong></span> 
     </span>
    </p>
   </div>
   <div class='ocr_carea' id='block_1_115' title="bbox 1929 5164 3498 5241">
    <p class='ocr_par' dir='ltr' id='par_1_115' title="bbox 1929 5164 3498 5241">
     <span class='ocr_line' id='line_1_115' title="bbox 1929 5164 3498 5241; baseline 0.004 -22"><span class='ocrx_word' id='word_1_926' title='bbox 1929 5164 2048 5220; x_wconf 83' lang='lat' dir='ltr'><strong>Fiat</strong></span> <span class='ocrx_word' id='word_1_927' title='bbox 2092 5168 2322 5221; x_wconf 81' lang='lat' dir='ltr'><strong>voluntas</strong></span> <span class='ocrx_word' id='word_1_928' title='bbox 2369 5177 2476 5233; x_wconf 86' lang='lat' dir='ltr'><strong>tua,</strong></span> <span class='ocrx_word' id='word_1_929' title='bbox 2517 5178 2658 5221; x_wconf 88' lang='lat' dir='ltr'><strong>recte</strong></span> <span class='ocrx_word' id='word_1_930' title='bbox 2703 5168 3029 5238; x_wconf 72' lang='lat' dir='ltr'><strong>intelligitur,</strong></span> <span class='ocrx_word' id='word_1_931' title='bbox 3061 5172 3333 5225; x_wconf 84' lang='lat' dir='ltr'><strong>obediatttr</strong></span> <span class='ocrx_word' id='word_1_932' title='bbox 3360 5187 3498 5241; x_wconf 73' lang='lat' dir='ltr'><strong>pra:-</strong></span> 
     </span>
    </p>
   </div>
   <div class='ocr_carea' id='block_1_116' title="bbox 1929 5261 3499 5330">
    <p class='ocr_par' dir='ltr' id='par_1_116' title="bbox 1929 5261 3499 5330">
     <span class='ocr_line' id='line_1_116' title="bbox 1929 5261 3499 5330; baseline 0.002 -15"><span class='ocrx_word' id='word_1_933' title='bbox 1929 5262 2094 5330; x_wconf 85' lang='lat' dir='ltr'><strong>ccptis</strong></span> <span class='ocrx_word' id='word_1_934' title='bbox 2138 5263 2237 5314; x_wconf 84' lang='lat' dir='ltr'><strong>litis</strong></span> <span class='ocrx_word' id='word_1_935' title='bbox 2265 5262 2428 5315; x_wconf 80' lang='lat' dir='ltr'><strong>:sicut</strong></span> <span class='ocrx_word' id='word_1_936' title='bbox 2469 5262 2519 5313; x_wconf 87' lang='lat' dir='ltr'><strong>in</strong></span> <span class='ocrx_word' id='word_1_937' title='bbox 2560 5261 2680 5313; x_wconf 76' lang='lat' dir='ltr'><strong>arto</strong></span> <span class='ocrx_word' id='word_1_938' title='bbox 2707 5272 2750 5314; x_wconf 78' lang='lat' dir='ltr'><strong>et</strong></span> <span class='ocrx_word' id='word_1_939' title='bbox 2779 5262 2829 5313; x_wconf 85' lang='lat' dir='ltr'><strong>in</strong></span> <span class='ocrx_word' id='word_1_940' title='bbox 2862 5271 3011 5328; x_wconf 66' lang='lat' dir='ltr'><strong>terra,</strong></span> <span class='ocrx_word' id='word_1_941' title='bbox 3051 5264 3101 5316; x_wconf 89' lang='lat' dir='ltr'><strong>id</strong></span> <span class='ocrx_word' id='word_1_942' title='bbox 3140 5274 3239 5325; x_wconf 87' lang='lat' dir='ltr'><strong>est,</strong></span> <span class='ocrx_word' id='word_1_943' title='bbox 3272 5265 3401 5318; x_wconf 89' lang='lat' dir='ltr'><strong>sicut</strong></span> <span class='ocrx_word' id='word_1_944' title='bbox 3431 5262 3499 5318; x_wconf 87' lang='lat' dir='ltr'><strong>ab</strong></span> 
     </span>
    </p>
   </div>
   <div class='ocr_carea' id='block_1_117' title="bbox 1930 5349 3496 5421">
    <p class='ocr_par' dir='ltr' id='par_1_117' title="bbox 1930 5349 3496 5421">
     <span class='ocr_line' id='line_1_117' title="bbox 1930 5349 3496 5421; baseline 0.003 -17"><span class='ocrx_word' id='word_1_945' title='bbox 1930 5350 2165 5418; x_wconf 81' lang='lat' dir='ltr'><strong>Angelis,</strong></span> <span class='ocrx_word' id='word_1_946' title='bbox 2192 5351 2261 5403; x_wconf 90' lang='lat' dir='ltr'><strong>ita</strong></span> <span class='ocrx_word' id='word_1_947' title='bbox 2292 5350 2359 5403; x_wconf 91' lang='lat' dir='ltr'><strong>ab</strong></span> <span class='ocrx_word' id='word_1_948' title='bbox 2390 5349 2708 5405; x_wconf 90' lang='lat' dir='ltr'><strong>hominibus.</strong></span> <span class='ocrx_word' id='word_1_949' title='bbox 2731 5350 2861 5404; x_wconf 86' lang='lat' dir='ltr'><strong>Nam</strong></span> <span class='ocrx_word' id='word_1_950' title='bbox 2895 5352 3004 5405; x_wconf 81' lang='lat' dir='ltr'><strong>ﬁeri</strong></span> <span class='ocrx_word' id='word_1_951' title='bbox 3035 5354 3352 5409; x_wconf 85' lang='lat' dir='ltr'><strong>voluntatem</strong></span> <span class='ocrx_word' id='word_1_952' title='bbox 3385 5355 3496 5421; x_wconf 85' lang='lat' dir='ltr'><strong>Dei,</strong></span> 
     </span>
    </p>
   </div>
   <div class='ocr_carea' id='block_1_118' title="bbox 1932 5444 3495 5514">
    <p class='ocr_par' dir='ltr' id='par_1_118' title="bbox 1932 5444 3495 5514">
     <span class='ocr_line' id='line_1_118' title="bbox 1932 5444 3495 5514; baseline 0.003 -17"><span class='ocrx_word' id='word_1_953' title='bbox 1932 5460 2052 5497; x_wconf 89' lang='lat' dir='ltr'><strong>cum</strong></span> <span class='ocrx_word' id='word_1_954' title='bbox 2075 5444 2470 5509; x_wconf 88' lang='lat' dir='ltr'><strong>obtemperatnr</strong></span> <span class='ocrx_word' id='word_1_955' title='bbox 2490 5446 2763 5513; x_wconf 65' lang='lat' dir='ltr'><strong>praiceptis</strong></span> <span class='ocrx_word' id='word_1_956' title='bbox 2789 5445 2920 5514; x_wconf 69' lang='lat' dir='ltr'><strong>ejus,</strong></span> <span class='ocrx_word' id='word_1_957' title='bbox 2945 5446 3054 5514; x_wconf 90' lang='lat' dir='ltr'><strong>ipse</strong></span> <span class='ocrx_word' id='word_1_958' title='bbox 3078 5446 3329 5500; x_wconf 87' lang='lat' dir='ltr'><strong>Dominus</strong></span> <span class='ocrx_word' id='word_1_959' title='bbox 3350 5448 3495 5512; x_wconf 89' lang='lat' dir='ltr'><strong>dicit,</strong></span> 
     </span>
    </p>
   </div>
   <div class='ocr_carea' id='block_1_119' title="bbox 1934 5533 3502 5611">
    <p class='ocr_par' dir='ltr' id='par_1_119' title="bbox 1934 5533 3502 5611">
     <span class='ocr_line' id='line_1_119' title="bbox 1934 5533 3502 5611; baseline 0.003 -20"><span class='ocrx_word' id='word_1_960' title='bbox 1934 5552 2051 5591; x_wconf 90' lang='lat' dir='ltr'><strong>cum</strong></span> <span class='ocrx_word' id='word_1_961' title='bbox 2083 5536 2183 5600; x_wconf 88' lang='lat' dir='ltr'><strong>ait,</strong></span> <span class='ocrx_word' id='word_1_962' title='bbox 2214 5533 2359 5590; x_wconf 75' lang='lat' dir='ltr'><strong>Meus</strong></span> <span class='ocrx_word' id='word_1_963' title='bbox 2385 5535 2522 5591; x_wconf 79' lang='lat' dir='ltr'><strong>cibus</strong></span> <span class='ocrx_word' id='word_1_964' title='bbox 2558 5548 2627 5591; x_wconf 85' lang='lat' dir='ltr'><strong>est</strong></span> <span class='ocrx_word' id='word_1_965' title='bbox 2656 5548 2707 5589; x_wconf 90' lang='lat' dir='ltr'><strong>ut</strong></span> <span class='ocrx_word' id='word_1_966' title='bbox 2742 5540 2925 5608; x_wconf 77' lang='lat' dir='ltr'><strong>faciant</strong></span> <span class='ocrx_word' id='word_1_967' title='bbox 2954 5539 3253 5594; x_wconf 77' lang='lat' dir='ltr'><strong>voluntatem</strong></span> <span class='ocrx_word' id='word_1_968' title='bbox 3283 5540 3389 5611; x_wconf 80' lang='lat' dir='ltr'><strong>ejus</strong></span> <span class='ocrx_word' id='word_1_969' title='bbox 3417 5539 3502 5609; x_wconf 77' lang='lat' dir='ltr'><strong>qui</strong></span> 
     </span>
    </p>
   </div>
   <div class='ocr_carea' id='block_1_120' title="bbox 1993 5697 2704 5761">
    <p class='ocr_par' dir='ltr' id='par_1_120' title="bbox 1993 5697 2704 5761">
     <span class='ocr_line' id='line_1_120' title="bbox 1993 5697 2704 5761; baseline 0.004 -14"><span class='ocrx_word' id='word_1_970' title='bbox 1993 5697 2067 5760; x_wconf 84' lang='lat' dir='ltr'><strong>(a)</strong></span> <span class='ocrx_word' id='word_1_971' title='bbox 2088 5704 2105 5746; x_wconf 88' lang='grc' dir='ltr'><strong>ι</strong></span> <span class='ocrx_word' id='word_1_972' title='bbox 2126 5702 2327 5749; x_wconf 78' lang='lat' dir='ltr'><strong>Retract.</strong></span> <span class='ocrx_word' id='word_1_973' title='bbox 2352 5709 2454 5761; x_wconf 67' lang='lat' dir='ltr'><strong>mp.</strong></span> <span class='ocrx_word' id='word_1_974' title='bbox 2481 5697 2561 5759; x_wconf 72' lang='lat'><strong>19.</strong></span> <span class='ocrx_word' id='word_1_975' title='bbox 2581 5710 2632 5761; x_wconf 77' lang='grc' dir='ltr'>ιι.</span> <span class='ocrx_word' id='word_1_976' title='bbox 2653 5697 2704 5749; x_wconf 83' lang='grc'><strong>8.</strong></span> 
     </span>
    </p>
   </div>
  </div>
