3888 6314
415 233 551 291 1219

411 362 492 400 rte
517 345 651 401 misit
681 346 860 418 (Joan.
885 364 959 413 tv.
981 349 1096 418 34);
1127 358 1181 406 et
1209 365 1349 420 stepe
1368 392 1384 417 ,
1417 351 1537 407 Non
1565 355 1675 408 ueni
1703 358 1869 424 facere
1896 371 1987 408 vo-

413 434 656 491 luntatem
682 456 859 503 meam,
880 441 969 495 sed
984 441 1285 495 voluntatem
1302 445 1410 513 ejus
1424 444 1510 513 qui
1540 461 1617 497 me
1639 446 1773 499 misit
1803 443 1983 514 (Joan.

408 547 483 597 ιη,
513 532 581 588 58
605 534 645 603 );
671 542 726 588 et
752 550 873 588 cum
904 536 996 601 ait,
1038 534 1168 590 Ecce
1209 546 1366 590 mater
1404 554 1531 602 mea,
1572 546 1618 591 et
1656 554 1766 592 ecce
1807 541 1988 606 fratres

408 626 525 691 mei,
559 636 603 680 et
628 629 921 696 quicumque
948 630 1121 700 fecerit
1159 628 1463 683 voluntatem
1495 629 1617 695 Dei,
1656 631 1735 682 hic
1766 630 1888 682 mihi
1913 640 1985 683 est

407 717 583 786 frater,
609 728 654 770 et
679 727 855 779 mater.
879 728 923 773 et
953 736 1093 773 soror
1115 718 1325 788 (Matth.
1352 736 1444 778 xtl.
1462 720 1526 775 49
1538 731 1584 775 et
1607 721 1717 789 5:0).
1743 720 1839 786 Qui
1858 735 1983 789 ergo

408 803 607 860 iaciunt
645 807 967 862 voluntatem
1002 810 1113 875 Dei,
1162 812 1213 863 in
1263 811 1363 864 illis
1412 811 1591 878 utique
1640 810 1694 863 lit
1739 811 1982 865 voluntas

408 894 499 950 Dei
524 914 539 950 ;
568 912 673 951 non
702 900 821 969 quia
853 899 952 969 ipsi
976 898 1172 953 faciunt
1198 911 1254 954 ut
1281 902 1406 955 velit
1439 903 1602 964 Deus;
1638 901 1729 956 sed
1758 902 1876 970 quia
1907 901 1982 954 ia—

404 988 551 1043 ciunt
580 992 719 1060 quod
749 992 839 1047 ille
861 994 991 1060 vult,
1016 993 1065 1047 id
1093 1002 1194 1060 cst,
1213 992 1418 1067 iaciunt
1437 994 1725 1049 secundum
1751 995 1981 1051 volunta-

405 1087 508 1133 tem
539 1082 671 1149 ejus.
1964 1148 1971 1159 ,

471 1169 561 1223 22.
594 1171 686 1224 Est
703 1172 861 1227 etiam
884 1172 967 1228 ille
989 1173 1286 1229 intellectus
1315 1193 1327 1227 :
1362 1175 1480 1229 Fiat
1501 1177 1731 1230 voluntas
1753 1184 1840 1229 tua
1853 1178 1980 1229 sicut

401 1260 456 1313 in
485 1262 608 1314 cozlo
632 1271 679 1315 et
707 1264 757 1317 in
784 1276 935 1329 terra,
980 1266 1114 1319 sicut
1143 1266 1191 1319 in
1223 1267 1418 1320 sanctis
1440 1276 1493 1321 et
1515 1268 1689 1336 justis,
1722 1267 1789 1320 ita
1819 1267 1977 1320 etiam

402 1350 455 1405 in
488 1357 869 1423 peccatoribus.
900 1358 1048 1426 Quod
1074 1359 1244 1414 adhuc
1268 1360 1474 1414 duobus
1494 1360 1665 1415 modis
1696 1362 1859 1430 accipi
1887 1377 1979 1429 po-

409 1453 509 1500 test
535 1465 548 1500 :
578 1449 689 1504 sive
706 1459 762 1503 ut
787 1465 1001 1506 oremus
1030 1453 1187 1507 etiam
1215 1468 1311 1522 pro
1334 1454 1556 1507 inimicis
1584 1456 1807 1515 nostris;
1830 1453 1974 1526 (quid
1994 1498 2015 1516 .

399 1536 540 1590 enim
573 1548 696 1593 sunt
722 1541 863 1596 aliud
893 1542 1150 1609 habendi,
1180 1553 1362 1599 contra
1404 1561 1624 1612 quorum
1654 1546 1975 1600 Voluntatcm

400 1626 743 1685 christianum
772 1641 827 1686 et
852 1634 1168 1689 catholicum
1217 1651 1408 1690 nomen
1454 1636 1738 1707 augetur?)
1800 1647 1855 1689 ut
1902 1636 1971 1690 ita

397 1718 595 1774 dictum
622 1724 718 1785 sit,
751 1722 870 1777 Fiat
907 1724 1137 1780 voluntas
1168 1738 1252 1781 tua
1278 1728 1403 1782 sicut
1427 1730 1479 1782 in
1519 1730 1640 1782 coelo
1668 1738 1713 1783 ct
1738 1729 1787 1781 in
1819 1739 1969 1796 terra,

400 1817 645 1880 tauquam
671 1813 716 1868 si
738 1814 1022 1879 diceretur,
1046 1815 1260 1872 Faciant
1282 1820 1599 1873 voluntatem
1647 1829 1788 1874 tuam
1836 1820 1974 1875 sicut

389 1898 540 1969 justi,
574 1902 641 1956 ita
665 1905 820 1958 etiam
843 1916 1168 1976 peccatores,
1189 1918 1241 1962 ut
1262 1910 1327 1964 ad
1350 1920 1400 1964 te
1424 1922 1796 1964 convertantur
1820 1928 1831 1964 :
1861 1912 1972 1965 sive

394 1992 493 2059 ita,
530 1994 647 2049 Fiat
685 1998 912 2052 voluntas
938 2010 1023 2054 tua
1056 2002 1183 2055 sicut
1212 2005 1262 2055 in
1282 2004 1404 2057 cat/0
1434 2014 1478 2057 et
1516 2004 1567 2056 in
1600 2015 1730 2057 terra
1750 2046 1763 2068 ,
1796 2012 1851 2057 ut
1876 2018 1970 2058 sua

390 2085 580 2155 euique
602 2089 924 2154 tribuantur;
951 2092 1090 2160 quod
1118 2095 1207 2148 lict
1229 2095 1703 2164 extremojudicio,
1734 2106 1789 2150 ut
1810 2095 1969 2166 justis

393 2179 700 2246 pra‘mium,
751 2184 1109 2249 peccatoribus
1157 2185 1425 2241 damnatio
1466 2189 1805 2254 retribuatur,
1848 2203 1966 2243 cum

394 2272 513 2337 agni
542 2269 609 2323 ab
641 2270 804 2325 laedis
830 2275 1218 2341 separabantur
1247 2274 1357 2345 (Id.
1388 2294 1514 2340 xxv,
1547 2278 1614 2331 55
1642 2278 1754 2347 46).

460 2360 549 2415 25.
582 2361 675 2415 Ille
702 2363 859 2417 etiam
892 2380 993 2418 non
1035 2366 1331 2434 absurdus,
1378 2370 1484 2423 imo
1516 2380 1567 2421 et
1610 2368 1729 2423 ﬁdei
1772 2378 1826 2423 et
1851 2369 1967 2439 spei

391 2459 583 2503 nostrae
610 2454 1140 2510 convenientissimus
1171 2456 1470 2513 intellectus
1492 2469 1592 2524 est,
1622 2466 1679 2514 ut
1699 2460 1889 2514 ccelum
1911 2468 1966 2515 et

390 2548 581 2595 terram
609 2545 947 2612 accipiamus,
978 2548 1220 2616 spiritum
1265 2559 1318 2603 et
1341 2566 1575 2605 carnem.
1623 2552 1681 2605 Et
1713 2552 1962 2621 quoniam

386 2631 511 2688 dicit
537 2635 839 2705 Apostolus,
870 2637 1038 2692 Mente
1064 2641 1221 2693 servio
1242 2640 1337 2712 legi
1367 2641 1480 2707 Dei,
1510 2658 1657 2696 carne
1680 2652 1845 2696 autem
1864 2643 1962 2713 legi

385 2729 573 2792 peccati
618 2726 803 2799 (Rom.
836 2746 930 2796 vu,
961 2733 1083 2802 ‘25);
1132 2733 1370 2788 videmus
1413 2733 1601 2788 factam
1640 2736 1960 2790 voluntatem

386 2816 477 2870 Dei
505 2819 554 2871 in
584 2829 779 2885 mente,
817 2822 868 2875 id
895 2833 994 2889 est,
1026 2824 1075 2877 in
1103 2826 1288 2893 spiritu
1316 2843 1328 2878 :
1360 2841 1478 2880 cum
1505 2836 1680 2881 autem
1711 2827 1958 2896 absorpta

383 2905 541 2961 fuerit
566 2926 710 2964 mors
737 2914 787 2966 in
819 2914 1120 2980 victoriam,
1153 2926 1203 2970 et
1232 2919 1455 2973 mortale
1482 2918 1581 2973 hoc
1612 2919 1837 2972 induerit
1861 2920 1959 2973 im-

384 3001 780 3065 mortalitatem,
830 3006 971 3072 qnod
1013 3006 1102 3059 lict
1128 3008 1303 3060 carnis
1333 3012 1749 3073 resurrectione,
1800 3019 1958 3078 atque.

378 3087 467 3141 illa
507 3090 870 3145 immutatione
908 3110 1025 3163 qua)
1070 3099 1393 3162 promittitur
1426 3100 1616 3167 justis,
1663 3101 1954 3154 secundum

380 3179 618 3247 ejusdem
646 3184 869 3251 apostoli
897 3186 1320 3254 praedicationem
1357 3188 1395 3261 (1
1428 3190 1544 3243 (lor.
1581 3207 1670 3251 xv.
1700 3191 1790 3256 42,
1817 3192 1906 3262 55)
1937 3211 1950 3247 :

380 3270 468 3323 liat
496 3272 735 3327 voluntas
766 3275 851 3328 Dei
877 3286 927 3328 et
954 3277 1004 3329 in
1038 3286 1196 3343 terra,
1230 3279 1365 3334 sicut
1395 3281 1443 3334 in
1470 3282 1644 3338 cmlo:
1677 3282 1725 3335 id
1755 3292 1869 3346 est,
1900 3291 1955 3337 ut

375 3363 820 3432 quemadmodum
848 3366 1067 3435 spiritus
1105 3383 1208 3423 non
1248 3371 1445 3426 resistit
1486 3372 1614 3439 Deo,
1646 3388 1875 3443 sequens
1901 3382 1956 3429 et

377 3452 572 3510 faciens
601 3456 923 3513 voluntatem
971 3460 1115 3529 ejus;
1149 3461 1219 3514 ita
1263 3473 1313 3516 et
1360 3478 1552 3532 corpus
1593 3481 1698 3518 non
1742 3466 1954 3518 resistat

375 3546 579 3613 spiritui
628 3550 705 3602 vel
752 3550 969 3614 animae,
1012 3566 1130 3621 quae
1178 3568 1315 3607 nunc
1363 3554 1600 3622 corporis
1648 3554 1951 3608 inﬁrmitate

382 3648 618 3705 vexatur,
651 3649 704 3692 et
748 3640 797 3695 in
842 3643 1105 3697 carnalem
1150 3646 1586 3700 coiisuetudinem
1630 3662 1790 3716 prona
1820 3656 1948 3702 est:

375 3731 514 3799 quod
544 3733 644 3787 erit
672 3748 893 3790 summa:
920 3737 1061 3805 pacis
1087 3736 1137 3791 in
1166 3737 1269 3791 vita
1298 3749 1493 3794 aeterna
1514 3781 1527 3804 ,
1563 3748 1619 3792 ut
1645 3754 1748 3792 non
1778 3740 1949 3795 solum

376 3822 509 3876 velle
529 3823 767 3890 adjacent
787 3826 957 3893 nobis,
981 3828 1073 3882 Sed
1100 3829 1256 3882 etiam
1280 3834 1532 3899 perlicere
1555 3831 1768 3885 bonum.
1798 3829 1950 3884 Nunc

374 3914 504 3965 enim
531 3916 673 3980 velle,
698 3916 881 3985 inquit,
914 3917 1109 3988 adjacet
1136 3920 1258 3973 nti/ti
1273 3940 1288 3984 ;
1317 3922 1553 3990 perﬁcere
1575 3932 1742 3977 autem
1768 3922 1950 3976 bonum

372 4021 472 4059 non
496 4022 514 4059 :
539 4008 656 4075 quia
684 4009 914 4064 nondum
942 4011 994 4064 in
1018 4020 1153 4065 terra
1183 4013 1315 4066 sicut
1342 4014 1392 4066 in
1417 4016 1573 4078 eicio,
1606 4015 1657 4069 id
1683 4024 1779 4075 est,
1810 4030 1946 4071 non-

371 4094 496 4149 dtttn
530 4097 579 4150 in
615 4114 773 4153 carne
810 4100 945 4155 sicut
973 4101 1025 4155 in
1066 4102 1253 4172 Spiritu
1281 4102 1413 4157 facta
1453 4115 1536 4158 est
1564 4107 1802 4159 voluntas
1831 4107 1943 4160 Dei.

369 4186 499 4242 Nam
531 4199 583 4243 et
627 4189 681 4244 iu
711 4190 920 4246 miseria
969 4203 1147 4248 nostra
1193 4197 1249 4247 tit
1295 4195 1538 4249 voluntas
1584 4196 1703 4258 Dei,
1736 4213 1856 4251 cum
1883 4213 1945 4252 ea

367 4278 599 4345 patimur
629 4295 720 4348 per
747 4297 982 4347 carnem,
1015 4298 1133 4352 qua:
1163 4285 1315 4339 nobis
1345 4286 1675 4343 mortalitatis
1701 4288 1820 4354 jure
1849 4288 1944 4343 dc-

370 4368 576 4433 bentur,
626 4389 780 4441 qnam
807 4377 1072 4445 peccando
1097 4379 1290 4432 meruit
1318 4388 1494 4433 nostra
1525 4389 1744 4435 natura:
1776 4382 1867 4438 sed
1891 4383 1945 4437 id

370 4461 628 4516 orandum
657 4472 757 4529 est,
791 4475 845 4517 ιιι
878 4467 1014 4521 sicut
1044 4469 1096 4523 in
1126 4470 1291 4534 cosio,
1321 4470 1389 4523 ita
1417 4479 1470 4525 et
1498 4471 1549 4524 in
1577 4481 1712 4526 terra
1740 4473 1831 4529 liat
1856 4490 1946 4528 vo-

370 4549 543 4605 luntas
571 4553 693 4617 Dei;
727 4554 777 4608 id
812 4565 890 4610 est
908 4598 922 4621 ,
952 4566 1009 4612 ut
1036 4560 1477 4627 quemadmodum
1504 4563 1667 4616 corde
1693 4565 1944 4620 condele-

367 4649 572 4694 ctamur
598 4642 693 4711 legi
716 4647 1001 4700 secundum
1032 4648 1333 4704 interiorem
1363 4650 1629 4707 hominem
1653 4651 1824 4721 (Rom.
1851 4671 1942 4723 vit,

370 4729 459 4796 18,
490 4731 604 4801 '22),
638 4734 706 4785 ita
739 4734 896 4788 etiam
931 4740 1168 4804 Corporis
1203 4741 1567 4798 immutatione
1604 4747 1773 4811 tacta,
1820 4744 1945 4800 huic

369 4835 564 4877 nosu'a:
578 4823 914 4881 delectationi
934 4826 1072 4880 nulla
1095 4843 1214 4896 pars
1237 4842 1413 4887 nostra
1432 4835 1654 4890 terrenis
1676 4836 1945 4891 doloribus

364 4927 460 4969 seu
492 4916 843 4985 voluptatibus
871 4916 1201 4973 ad\ersetur.

434 5007 524 5062 ΞΜ.
554 5008 660 5062 Nec
701 5008 826 5063 illud
852 5024 882 5062 a
911 5011 1128 5069 veritate
1170 4999 1440 5077 abliorret,
1490 5025 1547 5068 ut
1586 5018 1940 5086 accipiamus,

366 5098 487 5155 Fiat
512 5111 741 5155 commas
770 5112 855 5155 tua
881 5103 1009 5156 sicut
1038 5104 1089 5157 in
1117 5105 1240 5158 coelo
1261 5114 1305 5156 et
1330 5104 1381 5157 in
1404 5114 1558 5171 tetra,
1586 5110 1723 5163 sicut
1749 5111 1798 5163 in
1827 5112 1942 5181 ipso

365 5193 591 5250 Domino
620 5204 800 5248 nostro
825 5194 950 5250 Jesu
987 5196 1218 5262 Christo,
1251 5198 1320 5252 ita
1357 5207 1409 5252 et
1436 5198 1486 5251 in
1518 5198 1789 5256 Ecclesia:
1823 5213 1940 5256 tau-

363 5301 520 5356 quam
553 5287 602 5340 in
629 5286 742 5340 viro
769 5287 856 5357 qui
888 5288 1054 5341 Patris
1081 5289 1400 5342 voluntatem
1430 5290 1683 5360 implevit,
1712 5293 1780 5345 ita
1806 5302 1858 5345 et
1888 5295 1941 5347 in

362 5378 555 5434 femina
587 5394 703 5448 qua:
730 5379 798 5433 illi
825 5380 1141 5447 desponsata
1172 5390 1271 5435 est.
1295 5381 1500 5436 Casium
1543 5386 1683 5439 enim
1724 5394 1775 5439 et
1802 5395 1940 5441 terra

362 5470 740 5523 convenienter
763 5469 1091 5540 intelligitur,
1113 5472 1260 5539 quasi
1284 5474 1361 5525 vir
1381 5483 1432 5527 et
1450 5473 1671 5540 femina;
1694 5478 1939 5547 quoniam

367 5569 503 5615 terra
534 5564 671 5616 caelo
696 5562 1008 5616 lecnndante
1038 5564 1304 5617 fructifera
1335 5577 1436 5619 est.

429 5652 655 5712 CAPUT
697 5655 1003 5711 ιιι-25.
1031 5656 1228 5725 Quarta
1265 5656 1448 5726 petitio
1478 5667 1592 5727 est,
1630 5658 1818 5715 Panem
1847 5678 1939 5718 no-

1255 237 1344 294 DE
1381 238 1700 299 SERMONE
1737 240 1972 299 DOMINI
2008 241 2079 300 IN
2109 242 2365 312 MONTE,
2404 245 2462 302 S.
2500 244 2867 305 AUGUSTIN!

3544 256 3696 317 1280

2093 366 2255 409 strum
2281 359 2624 428 quotidianum
2656 361 2723 414 da
2747 360 2888 417 nobis
2916 363 3083 419 hodie.
3113 361 3273 422 Panis
3298 368 3642 438 quotidianus
3661 417 3681 438 ,

2093 456 2184 501 aut
2216 465 2309 519 pro
2339 451 2401 505 iis
2428 452 2671 508 omnibus
2714 454 2886 523 dictus
2924 465 3040 522 est,
3087 474 3204 527 qua:
3251 460 3411 529 hujus
3438 446 3562 518 vita:
3590 482 3683 521 ne-

2091 540 2393 595 cessitatem
2424 552 2751 609 sustentant,
2800 546 2865 600 de
2904 563 3009 615 quo
3049 563 3167 602 cum
3198 553 3543 619 perciperet,
3574 556 3679 626 ait,

2092 626 2266 683 Nolite
2303 634 2521 703 cogitare
2552 636 2616 689 de
2651 638 2903 701 crastino;
2942 648 2998 692 ut
3047 639 3165 694 ideo
3200 643 3264 694 sit
3308 645 3581 711 additum,
3611 648 3678 699 da

2089 720 2232 775 nobis
2273 724 2421 779 hodie
2446 741 2466 779 :
2507 735 2596 779 aut
2639 743 2735 796 pro
2779 728 3122 784 Sacrameuto
3161 737 3402 803 corporis
3442 736 3675 805 Christi,

2086 811 2226 880 quod
2259 816 2496 882 quotidie
2524 818 2848 886 accipimus:
2882 830 2970 873 aut
3009 837 3104 891 pro
3145 824 3403 893 Spirituali
3433 830 3581 884 cibo.
3610 832 3676 886 de

2085 914 2190 969 quo
2218 902 2356 955 idem
2404 904 2659 962 Dominus
2699 909 2862 973 dicit,
2903 910 3194 979 Operamini
3234 932 3397 968 escam
3433 935 3548 983 ante
3576 940 3673 974 non

2084 994 2451 1062 corrumpitur;
2482 1008 2535 1049 et
2563 998 2684 1051 illud
2706 1039 2718 1063 ,
2754 997 2861 1070 Ego
2891 1018 2999 1053 sum
3026 1003 3172 1073 panis
3199 1006 3330 1067 vitm,
3354 1009 3442 1075 qui
3464 1009 3526 1060 dc
3551 1013 3674 1065 calo

2086 1082 2315 1137 descendi
2339 1083 2514 1157 (Joun.
2549 1104 2618 1152 vt,
2653 1092 2739 1154 l7,
2772 1092 2886 1162 41).
2921 1091 3025 1147 Sed
3056 1095 3241 1150 horum
3275 1099 3432 1153 trium
3458 1103 3584 1171 quid
3608 1106 3675 1160 sit

2083 1174 2436 1244 probabilius,
2469 1181 2791 1236 considerari
2832 1194 3025 1250 potest.
3063 1186 3195 1241 Nam
3241 1187 3377 1245 forte
3405 1194 3672 1263 quispiam

2083 1279 2377 1335 moveatur,
2410 1286 2505 1324 cur
2529 1286 2743 1327 orenms
2774 1290 2868 1345 pro
2895 1274 2976 1331 bis
3005 1278 3359 1347 adipiscendis
3388 1302 3508 1353 quae
3552 1286 3673 1344 huic

2082 1357 2202 1409 vita:
2232 1370 2355 1413 sunt
2381 1364 2699 1426 necessaria.
2729 1366 2886 1421 veluti
2910 1378 2989 1422 est
3014 1371 3184 1425 victus
3210 1381 3263 1427 et
3283 1384 3669 1447 tegumentum,

2082 1461 2201 1501 cum
2236 1450 2345 1517 ipse
2377 1451 2628 1509 Dominus
2654 1455 2811 1521 dicat,
2847 1457 3021 1515 Nolite
3046 1464 3249 1517 solliciti
3277 1483 3382 1520 esse
3406 1471 3530 1538 quid
3554 1474 3674 1524 eda-

2082 1540 2164 1601 tis,
2197 1540 2273 1591 vel
2300 1544 2422 1610 quid
2470 1544 2768 1600 induamini.
2816 1551 2895 1604 An
2943 1562 3116 1621 potest
3156 1559 3378 1625 quisque
3409 1560 3473 1613 de
3517 1576 3580 1614 ea
3612 1579 3670 1617 re

2080 1641 2175 1696 pro
2202 1645 2301 1697 (ιιιει
2332 1632 2669 1701 adipiscenda
2713 1650 2862 1705 orat,
2916 1658 3018 1695 non
3050 1658 3171 1698 esse
3209 1647 3501 1713 sollicitus;
3547 1668 3668 1706 cum

2080 1724 2223 1772 tanta
2251 1718 2541 1779 intentione
2569 1728 2727 1781 animi
2755 1730 2925 1786 oratio
2949 1731 3220 1802 dirigenda
3249 1738 3351 1798 sit,
3384 1748 3439 1792 ιιι
3473 1740 3539 1794 ad
3572 1744 3671 1796 hoc

2079 1814 2243 1861 totum
2269 1811 2393 1864 illud
2425 1815 2684 1872 referatur
2711 1820 2852 1888 quod
2884 1821 2948 1874 de
2979 1823 3286 1879 claudendis
3311 1828 3573 1884 cubiculis
3598 1833 3671 1887 di-

2076 1907 2215 1951 Ctum
2242 1913 2320 1954 esr
2340 1944 2355 1964 ,
2390 1913 2443 1957 et
2471 1904 2595 1961 illud
2621 1909 2760 1977 quod
2801 1912 2907 1977 ait,
2944 1913 3165 1975 Quam'te
3192 1917 3409 1985 primunt
3457 1939 3667 1992 regnum

2074 1986 2171 2042 Dei
2206 2002 2249 2045 et
2268 1994 2519 2063 justitiam
2563 2000 2701 2070 ejus,
2731 2012 2774 2055 et
2811 2005 2917 2057 lucc
2950 2008 3118 2060 omnia
3149 2023 3468 2080 opponentur
3491 2017 3668 2071 vobis?

2072 2079 2187 2135 Non
2210 2084 2283 2137 ait
2300 2086 2494 2156 utique,
2519 2088 2754 2157 Quaerite
2777 2094 3000 2163 primum
3024 2079 3240 2167 regnum
3268 2102 3380 2163 Dei,
3401 2113 3453 2155 et
3471 2105 3664 2161 deinde

2074 2170 2172 2225 ista
2200 2177 2452 2243 qua'rite;
2483 2179 2599 2247 Sed,
2632 2182 2737 2235 lucc
2762 2187 2949 2248 omnia,
2983 2187 3182 2257 inquit.
3225 2207 3545 2262 opponentur
3578 2213 3664 2250 so-

2072 2259 2164 2323 bis,
2197 2265 2392 2319 scilicet
2422 2267 2580 2322 etiam
2626 2287 2730 2325 non
2760 2278 3137 2341 qua'rcntibus.
3170 2259 3453 2347 Quomodo
3484 2298 3661 2342 autem

2072 2360 2212 2406 recte
2247 2353 2454 2410 dicatur
2495 2373 2597 2413 non
2641 2378 2879 2431 qtnerere
2904 2368 3131 2437 aliquis,
3170 2371 3308 2441 quod
3346 2384 3399 2426 ut
3436 2378 3660 2446 accipiat

2072 2443 2423 2502 iutentissime
2451 2451 2618 2506 Deum
2652 2453 2993 2525 deprecatur,
3022 2461 3200 2517 nescio
3229 2473 3402 2519 utrum
3434 2467 3657 2524 inveniri

2068 2545 2245 2603 queat.

2137 2627 2227 2682 26.
2269 2626 2342 2684 De
2378 2630 2723 2690 Sacramenta
2752 2649 2927 2694 autem
2972 2645 3209 2713 corporis
3246 2646 3458 2704 Domini
3499 2660 3555 2705 ut
3586 2655 3656 2708 illi

2065 2732 2169 2772 non
2193 2733 2441 2775 moveant
2466 2729 2816 2794 qumstitinem
2835 2773 2849 2797 ,
2877 2734 2966 2802 qui
3000 2734 3209 2803 plurimi
3234 2740 3283 2791 in
3308 2743 3655 2800 orientalibus

2065 2812 2325 2879 partibus,
2357 2830 2460 2868 non
2485 2820 2721 2887 quotidie
2747 2839 2912 2877 cmna:
2939 2826 3215 2884 dominica:
3236 2837 3651 2905 coaunuuicant,

2062 2916 2181 2957 cmn
2218 2906 2314 2959 iste
2346 2910 2496 2975 panis
2524 2912 2861 2979 quotidianus
2887 2916 3059 2973 dictus
3086 2922 3151 2974 sit
3180 2941 3191 2974 :
3225 2933 3280 2976 ut
3318 2941 3446 2996 ergo
3475 2929 3546 2983 illi
3580 2941 3655 2985 ta-

2060 3003 2247 3056 oeant,
2278 3010 2450 3065 neque
2479 2998 2545 3052 de
2590 3001 2688 3056 bac
2726 3019 2785 3057 re
2821 3023 2968 3060 suam
3010 3016 3322 3067 sententiam
3363 3015 3653 3074 defendant

2059 3083 2140 3133 vel
2172 3083 2282 3151 ipsa
2314 3090 2627 3143 auctoritate
2651 3094 3073 3161 ecclesiastica",
3104 3101 3237 3169 quod
3259 3103 3372 3158 sine
3393 3108 3650 3163 seandalo

2059 3172 2159 3225 ista
2184 3175 2398 3241 faciunt,
2430 3195 2605 3249 neque
2632 3182 2700 3236 ab
2726 3186 2803 3238 eis
2825 3188 2911 3254 qui
2939 3190 3181 3245 ecclesiis
3213 3204 3445 3260 praesunt
3476 3197 3650 3255 facere

2061 3266 2434 3335 pioltibentnr,
2468 3287 2639 3342 neque
2686 3292 2788 3330 non
2829 3279 3254 3349 obtemperantes
3293 3285 3644 3356 damnantur;

2060 3355 2198 3410 unde
2222 3359 2474 3427 probatur
2500 3378 2602 3417 non
2638 3363 2777 3420 hunc
2807 3368 2859 3422 in
2885 3370 2988 3422 illis
3008 3374 3247 3442 partibus
3278 3378 3495 3449 intelligi
3519 3399 3649 3452 quo-

2059 3445 2316 3503 tidianum
2354 3466 2576 3520 panem;
2607 3471 2727 3509 nam
2769 3462 2941 3529 magni
2974 3469 3169 3532 peccati
3202 3467 3369 3521 Cl‘lllllt
3394 3486 3424 3523 e
3452 3487 3646 3541 argue-

2057 3549 2259 3602 rentur,
2290 3540 2377 3608 qui
2404 3559 2469 3596 ex
2505 3559 2569 3597 eo
2600 3563 2703 3600 non
2747 3550 3014 3618 accipiunt
3052 3558 3287 3623 quotidie
3318 3578 3330 3612 :
3370 3562 3463 3614 sed
3498 3574 3551 3616 ut
3580 3564 3646 3620 de

2058 3628 2194 3694 istis,
2229 3641 2283 3683 ut
2309 3633 2506 3689 dictum
2537 3646 2637 3698 est.
2670 3640 2794 3693 nihil
2832 3644 2881 3695 in
2913 3644 3140 3716 aliquam
3179 3662 3378 3718 partem
3411 3655 3643 3711 dissem-

2057 3734 2195 3780 nius,
2228 3721 2353 3776 illud
2380 3735 2523 3780 certe
2552 3727 2711 3785 debet
2747 3747 3027 3790 occurrere
3067 3740 3455 3810 Cogitantibm,
3492 3765 3646 3818 regu-

2056 3810 2158 3863 lam
2190 3828 2286 3865 nos
2313 3816 2496 3870 orandi
2528 3834 2555 3871 a
2590 3819 2816 3877 Domino
2839 3826 3128 3895 accepisse,
3157 3849 3311 3900 quam
3345 3842 3642 3907 traiegredi

2054 3914 2160 3953 non
2199 3914 2407 3972 oportet
2437 3909 2517 3961 vel
2559 3909 2803 3965 addendo
2846 3917 3074 3985 aliquid,
3122 3923 3204 3975 vel
3247 3931 3637 3992 praetereundo.

2054 3992 2203 4057 Quod
2232 4010 2350 4046 cum
2381 3997 2451 4049 ita
2479 3999 2580 4063 sit,
2623 4003 2742 4071 quis
2764 4016 2845 4059 est
2884 4010 2971 4076 qui
3012 4011 3203 4067 audeat
3230 4014 3409 4071 dicere
3430 4062 3443 4084 ,
3474 4023 3640 4078 Semel

2055 4089 2254 4135 tantum
2290 4100 2388 4139 nos
2420 4102 2575 4145 orare
2614 4091 2810 4148 debere
2837 4100 3131 4155 orationem
3158 4102 3517 4176 dominicam;
3549 4125 3640 4168 aut

2050 4185 2195 4229 certe
2225 4179 2383 4231 etiam
2409 4180 2451 4233 si
2477 4181 2664 4236 iterum
2690 4186 2770 4239 vel
2801 4188 2977 4248 tertio.
3007 4207 3175 4260 USque
3198 4194 3263 4248 ad
3285 4212 3401 4251 eam
3431 4208 3636 4258 tantum

2052 4264 2237 4320 lioram
2268 4285 2369 4337 qua
2414 4275 2623 4342 corpori
2672 4274 2878 4331 Domini
2919 4285 3406 4353 eommunicamus,
3453 4304 3637 4362 postea

2050 4370 2177 4410 vero
2207 4374 2310 4412 non
2350 4361 2427 4414 sic
2461 4365 2717 4418 orandum
2753 4382 2848 4436 per
2886 4370 3115 4441 reliquas
3142 4390 3317 4444 partes
3344 4380 3492 4436 diei?
3522 4384 3634 4441 Non

2050 4448 2190 4498 enim
2233 4448 2343 4515 jam
2391 4450 2569 4507 dicere
2615 4457 2942 4523 poterimus,
2989 4461 3056 4514 da
3094 4466 3235 4521 nobis
3263 4469 3444 4535 hodie,
3490 4481 3634 4548 quod

2045 4534 2154 4605 jam
2213 4543 2514 4610 accepimus
2560 4564 2573 4600 :
2627 4557 2717 4602 aut
2776 4552 2968 4619 poterit
3021 4557 3245 4628 quisque
3295 4534 3524 4634 cogere:
3577 4534 3637 4628 ut

2051 4628 2208 4681 etiam
2260 4631 2442 4687 ultima
2506 4635 2609 4690 diei
2658 4649 2810 4707 parte
2860 4641 3264 4720 Sacramentum
3315 4628 3444 4710 iUVud
3495 4628 3635 4717 cele-

2050 4716 2289 4773 bremus.
2322 4768 2325 4769 ν

2120 4810 2211 4865 27.
2248 4808 2428 4867 ιὶιξειίιι
2456 4814 2613 4884 igitur
2634 4826 2691 4870 ιιι
2709 4820 3071 4888 quotidianum
3095 4842 3287 4898 panem
3309 4835 3631 4907 accipiamus

2049 4901 2408 4969 spiritualem,
2453 4917 2712 4976 princepta
2744 4911 2947 4966 scilicet
2986 4915 3190 4988 divina,
3218 4938 3350 4993 qua:
3395 4901 3630 4999 quotidie

2048 5002 2256 5059 Oportet
2299 4995 2540 5049 meditari
2584 5006 2638 5050 et
2680 5003 2910 5070 operari.
2944 5003 3074 5062 Nam
3113 5010 3178 5066 de
3220 5013 3350 5084 ipsis
3376 4995 3626 5081 Dominus

2046 5081 2206 5149 dicit,
2252 5083 2545 5154 Operamini
2585 5104 2749 5143 escam
2775 5109 2886 5163 qua:
2927 5112 3027 5151 non
3059 5108 3414 5174 corrumpitur.
3446 5112 3597 5178 Quoti

2047 5174 2234 5229 dianus
2272 5187 2446 5232 autem
2479 5179 2576 5235 iste
2614 5183 2764 5240 cibus
2813 5203 2954 5242 nunc
2996 5191 3207 5261 dicitur,
3239 5174 3485 5267 quamdiu
3526 5206 3623 5262 ista

2049 5267 2155 5319 vita
2197 5270 2504 5339 temporalis
2549 5289 2643 5343 per
2684 5276 2800 5331 dies
2825 5281 3141 5340 decedentes
3179 5295 3627 5369 soceedentesquo

2048 5362 2337 5461 peragitur.
2364 5363 2428 5417 Et
2451 5380 2629 5420 revera
2653 5371 2903 5439 quamdiu
2931 5391 3070 5431 nunc
3096 5378 3145 5431 iu
3168 5386 3460 5453 superiora,
3488 5362 3621 5447 nunc

2048 5451 2103 5506 in
2129 5451 2407 5519 inferiora,
2437 5455 2488 5510 id
2516 5467 2626 5526 est,
2660 5478 2800 5517 nunc
2829 5465 2880 5518 in
2909 5451 3398 5541 spiritualtapnunc
3428 5451 3479 5534 in
3505 5470 3619 5538 car?

2077 5678 2088 5688 .
2114 5618 2129 5648 ί
2158 5619 2239 5691 Hic
2254 5580 2379 5732 ml
2395 5625 2504 5696 Iov:
2529 5622 2733 5685 additur,
2754 5622 3060 5683 sitttcontenti
3086 5644 3104 5683 :
3127 5635 3258 5699 quod
3279 5639 3466 5692 abesta
3486 5654 3627 5699 ate-

2078 5690 2118 5728 ιε
2132 5680 2265 5731 codtc
2389 5684 2532 5732 editis
2556 5692 2608 5732 et
2628 5694 2733 5732 Mss.

2048 5680 2118 5728 ris
2132 5680 2374 5732 codicibus
2389 5684 2532 5734 editis
2556 5692 2608 5736 et
2628 5680 2733 5738 Mss.
