3888 6308
204 314 358 372 1281

152 418 153 425 “
201 432 361 486 natia
386 429 545 484 animi
562 428 781 485 affectus
800 428 1046 488 alternat.
1062 432 1315 497 tanquam
1336 422 1386 479 ei
1408 423 1496 493 qui
1517 419 1811 492 aliquando

200 523 455 590 pascitur
479 522 617 583 cibo,
647 520 930 589 aliquando
971 519 1160 572 famem
1196 516 1423 585 patitur;
1457 513 1691 584 quotidie
1718 527 1813 581 pa-

204 615 306 666 nis
338 612 666 667 necessarius
695 623 808 677 est,
841 626 947 680 quo
975 611 1239 664 relicialur
1272 607 1545 671 esuriens,
1579 616 1633 661 et
1674 606 1812 660 rela-

204 705 354 759 hens
383 706 635 774 erigatur.
679 704 826 758 Sicut
872 704 1050 772 itaque
1092 716 1285 769 Corpus
1332 710 1571 753 nostrum
1625 699 1675 752 in
1716 699 1815 752 hac

204 796 350 861 vita,
384 805 505 849 ante
534 796 673 848 illam
704 796 906 848 scilicet
935 792 1388 856 immutationem,
1414 790 1533 845 eiho
1556 789 1808 853 relicitur,

201 891 341 957 quia
374 889 532 941 sentit
554 887 889 956 dispendimu
917 904 929 937 :
963 886 1039 939 sic
1063 894 1113 937 et
1139 884 1368 947 animus,
1397 882 1645 952 quoniam
1681 889 1814 934 tem-

202 981 489 1048 poralilms
516 978 791 1031 atl'ectibus
834 976 982 1046 quasi
1026 975 1359 1043 dispendium
1405 972 1472 1026 ab
1522 972 1813 1026 intentione

208 1072 317 1124 Dei
348 1072 561 1156 patitur,
594 1078 978 1137 praeceptorum
1001 1067 1121 1121 cibo
1150 1067 1439 1119 reliciatur.
1463 1063 1541 1114 Da
1567 1063 1709 1115 nobis
1732 1063 1815 1115 ho-

203 1162 304 1213 die
332 1154 507 1216 autem
540 1162 733 1216 dictum
764 1168 866 1225 est,
895 1158 1146 1229 quamdiu
1176 1158 1369 1209 dicitur
1398 1154 1553 1207 hodie
1574 1197 1588 1219 ,
1618 1154 1667 1206 id
1695 1162 1809 1219 est,

203 1256 265 1309 in
320 1256 417 1310 hac
457 1254 734 1324 temporali
780 1255 903 1305 vita.
941 1254 1029 1306 Sic
1064 1251 1203 1303 enim
1243 1248 1363 1301 cibo
1397 1247 1654 1317 spirituali
1698 1256 1814 1316 post

204 1346 357 1400 hanc
383 1348 542 1399 vitam
572 1344 929 1398 saturabimur
960 1343 1009 1395 iu
1038 1351 1295 1395 aeternum
1314 1382 1328 1405 ,
1358 1350 1412 1393 ut
1440 1354 1543 1392 non
1575 1348 1698 1392 tunc
1728 1339 1812 1392 di—

202 1449 373 1492 catur
399 1437 738 1505 ιιυιιιίιιὶιιιιιιε
782 1435 960 1503 panis,
994 1433 1113 1502 quia
1282 1432 1533 1499 temporis
1564 1430 1812 1483 volubili-

204 1542 322 1595 tas,
352 1548 470 1598 qua:
492 1528 681 1583 diebus
707 1529 821 1582 dies
849 1527 1139 1597 succedere
1154 1510 1317 1590 facit,
1354 1524 1489 1577 unde
1517 1523 1815 1591 appelletur

200 1624 475 1693 quotidie,
508 1622 646 1675 nulla
677 1622 795 1675 erit.
828 1619 891 1673 Ut
911 1628 1085 1673 autem
1111 1617 1307 1670 dieunn
1335 1626 1436 1680 est,
1468 1614 1631 1667 llodie
1659 1616 1702 1667 si
1731 1630 1815 1667 vo-

203 1734 327 1770 cem
353 1718 459 1787 ejus
486 1715 745 1767 audieritis
772 1712 940 1785 (Psul.
968 1726 1114 1775 XCIV,
1148 1709 1201 1781 8)
1225 1726 1239 1773 ;
1272 1709 1412 1779 quIid
1436 1710 1814 1777 interpretatur

203 1808 506 1877 Apostolus
534 1808 586 1859 in
628 1805 862 1874 Epistula
894 1820 1013 1873 qua:
1042 1812 1122 1856 est
1151 1802 1217 1855 ad
1251 1801 1521 1863 “Cill‘iliUS,
1552 1799 1811 1865 Quamdiu

204 1900 412 1954 dicitur
450 1899 609 1952 hodie
657 1895 837 1962 (Ilebr.
870 1911 943 1955 Ill,
981 1894 1108 1963 15);
1138 1892 1206 1946 ita
1239 1902 1291 1946 et
1322 1891 1405 1944 hie
1447 1890 1811 1959 accipiendum

204 2003 322 2057 cst,
356 1991 437 2043 Da
463 1990 603 2044 nobis
631 1989 796 2041 hodie.
823 1987 877 2042 Si
901 1987 1018 2055 quis
1039 1994 1214 2037 autem
1246 1982 1406 2035 etiam
1438 1982 1503 2035 de
1527 1983 1666 2033 victu
1694 1995 1813 2033 cor-

206 2085 367 2155 poris
394 2082 714 2146 necessario,
748 2080 826 2134 vel
856 2078 922 2132 de
956 2080 1304 2132 Sac-ramento
1334 2073 1589 2126 Dominici
1617 2085 1811 2139 corpo-

206 2178 294 2232 ris
341 2178 493 2230 istam
538 2175 854 2230 sententiam
891 2172 998 2225 vult
1043 2170 1311 2239 accipere,
1348 2175 1557 2236 oportet
1598 2175 1650 2218 ut
1680 2181 1812 2217 con-

203 2270 402 2340 junete
428 2269 753 2337 accipiantur
780 2266 955 2319 omnia
980 2265 1109 2328 tria;
1137 2274 1194 2316 ut
1216 2262 1419 2316 scilicet
1443 2258 1810 2329 quotidianum

208 2377 414 2431 panem
447 2361 598 2412 simul
640 2367 916 2428 petamus,
967 2366 1017 2408 et
1070 2354 1429 2409 necessarium
1465 2350 1708 2419 corpori,
1760 2357 1814 2403 et.

207 2464 482 2510 Saeratuni
514 2453 808 2515 visibilem,
838 2459 888 2502 et
920 2447 1233 2501 invisibilem
1266 2443 1411 2498 verbi
1442 2444 1530 2496 Dei
1558 2443 1596 2494 ¹.

286 2544 517 2602 CAPUT
562 2543 691 2597 VIII.
727 2571 799 2582 ——
828 2542 913 2595 28.
964 2540 1214 2607 Sequitur
1258 2538 1440 2606 quinta
1486 2535 1695 2604 petitio,
1749 2531 1813 2585 Et

208 2640 417 2693 dimitte
446 2637 589 2691 nobis
615 2637 780 2689 debita
807 2644 995 2693 nostra,
1029 2632 1155 2684 sicut
1182 2639 1224 2683 et
1248 2646 1336 2682 nos
1355 2629 1645 2680 dimittimus
1671 2626 1812 2679 debi-

209 2731 411 2785 toribus
439 2730 639 2782 nostris.
675 2728 888 2790 Dt-bita,
934 2732 1146 2792 peccata
1184 2722 1286 2774 dici
1329 2718 1665 2773 ttzanili's‘lunt
1695 2727 1808 2783 est,

208 2826 300 2879 vel
331 2824 417 2877 illo
444 2822 582 2891 quod
612 2822 683 2873 ait
714 2821 854 2874 idem
886 2816 1135 2871 Dominus
1157 2857 1171 2880 ,
1205 2812 1326 2866 Non
1351 2813 1485 2865 aries
1514 2812 1629 2863 inde
1657 2811 1812 2862 donec

209 2916 404 2971 reddas
431 2916 756 2967 novissimum
786 2911 1119 2980 quadrantem
1142 2907 1353 2977 (Matth.
1381 2922 1432 2969 v,
1455 2905 1578 2975 20);
1612 2904 1694 2958 vel
1723 2903 1811 2957 illo

207 3025 324 3079 quo
349 3007 619 3061 debitores
644 3004 926 3071 appellavit
951 3003 1041 3071 qui
1065 3001 1111 3053 ei
1140 2998 1364 3053 nuntiati
1393 3007 1509 3051 sunt
1538 2995 1808 3060 exstincti,

209 3103 299 3155 vel
335 3101 384 3154 in
426 3100 576 3153 ruina
609 3098 800 3162 turris,
843 3096 925 3149 vel
965 3110 1189 3163 quorum
1233 3092 1541 3160 sanguinem
1576 3087 1812 3141 Herodes

207 3192 482 3246 sacrilicio
515 3189 746 3242 miscuit.
801 3188 939 3240 Dixit
979 3186 1120 3238 enim
1171 3192 1354 3251 putare
1400 3180 1640 3233 homines
1670 3177 1809 3247 quod

209 3282 294 3336 illi
328 3281 457 3334 ultra
487 3278 700 3332 modum
733 3276 1002 3330 debitores
1029 3283 1236 3336 essent,
1280 3273 1329 3324 id
1362 3282 1441 3323 est
1470 3278 1809 3337 peceatores;

209 3384 271 3429 et
298 3372 534 3436 addidit,
568 3371 725 3423 Anien
755 3369 866 3421 dico
894 3368 1057 3430 robis,
1101 3364 1196 3417 nisi
1227 3361 1565 3433 pwnitentiam
1592 3359 1808 3428 egeritis,

210 3467 448 3522 similiter
478 3463 757 3517 moriemini
789 3460 938 3530 (Luc.
966 3474 1078 3521 sui,
1110 3457 1239 3527 1-5).
1265 3454 1377 3509 Non
1404 3454 1487 3506 hic
1515 3468 1640 3520 ergo
1667 3451 1811 3520 quis-

211 3576 324 3628 que
355 3565 569 3626 ttrgeltlt‘
593 3556 867 3624 pecuniam
890 3552 1157 3605 dimittere
1179 3546 1525 3606 debitoribus,
1554 3542 1645 3598 sed
1670 3558 1812 3611 qua:-

212 3666 446 3718 cunique
488 3648 539 3701 in
570 3662 688 3701 eum
735 3646 869 3697 alios
915 3641 1230 3711 peeeaverit.
1263 3638 1391 3692 Nam
1424 3636 1697 3705 pecuniam
1726 3635 1810 3687 di-

212 3741 435 3795 mittere
480 3739 568 3792 illo
609 3738 783 3805 potius
806 3736 1054 3805 iubemur
1087 3741 1369 3802 pl‘:t‘CCplti,
1402 3728 1539 3799 quod
1568 3727 1813 3794 superius

215 3833 420 3888 dictum
462 3840 577 3893 est,
627 3829 686 3883 Si
733 3828 843 3898 quis
878 3826 963 3878 tibi
1008 3825 1229 3877 tunicam
1274 3822 1446 3875 tollere
1482 3820 1717 3881 voluerit,
1764 3828 1810 3872 et

213 3925 412 3997 Iudicio
457 3934 619 3976 tecum
662 3922 993 3983 contendere,
1042 3918 1236 3971 remitte
1279 3916 1323 3969 ei
1379 3924 1423 3967 et
1472 3914 1812 3967 vestimentum

217 4015 435 4087 (Matth.
469 4031 520 4079 v,
551 4012 641 4084 40)
669 4032 680 4065 ;
716 4028 812 4067 nec
858 4012 926 4064 ibi
970 4024 1187 4064 necesse
1216 4018 1295 4062 est
1322 4008 1465 4061 omni
1510 4006 1811 4074 pecunittt'io

213 4109 448 4164 debitori
488 4107 752 4159 dimittere
796 4104 1064 4165 debitum,
1109 4101 1199 4153 sed
1230 4099 1279 4154 ei
1323 4100 1410 4167 qui
1452 4098 1672 4152 reddere
1715 4093 1810 4149 no-

215 4201 407 4261 luerit,
439 4200 491 4251 in
524 4205 722 4249 tantum
754 4205 808 4247 ut
838 4193 963 4247 velit
999 4193 1157 4247 etiam
1191 4192 1431 4259 litigare;
1478 4190 1689 4242 Servum
1721 4206 1813 4242 au—

218 4307 319 4349 tent
352 4292 574 4353 Domini,
611 4301 664 4344 ut
693 4292 765 4343 ait
797 4290 1105 4357 Apostolus,
1142 4303 1243 4339 non
1278 4293 1468 4353 OpOt‘lt’l
1498 4283 1694 4351 litigare
1730 4281 1810 4351 (ll

217 4387 356 4441 Tim.
388 4402 445 4449 ιι,
476 4384 588 4451 24).
622 4383 719 4450 Qui
752 4396 878 4450 ergo
903 4381 986 4434 vel
1012 4390 1201 4446 sponte
1223 4377 1302 4430 vel
1329 4384 1620 4428 conventus
1654 4390 1810 4442 pecu—

220 4480 362 4532 niam
405 4475 636 4530 debitam
684 4474 905 4527 reddere
952 4470 1212 4531 noluerit,
1242 4465 1556 4520 dimittenda
1600 4466 1672 4517 illi
1705 4473 1804 4518 est.

218 4571 362 4625 Duas
384 4569 526 4623 enim
550 4566 617 4618 ob
645 4580 729 4619 res
753 4565 896 4618 nolet
917 4562 1168 4625 reddere,
1200 4560 1277 4613 \el
1301 4558 1441 4625 quod
1466 4574 1569 4611 non
1595 4556 1805 4622 habeat,

218 4664 301 4715 vel
329 4662 469 4730 quod
496 4674 687 4713 avarus
715 4657 784 4711 sit
810 4656 993 4725 reique
1021 4654 1207 4707 aliena:
1237 4650 1460 4720 cupidus
1483 4668 1496 4701 :
1528 4659 1809 4717 utrumque

219 4763 397 4807 autem
441 4751 671 4821 pertinet
714 4736 779 4804 ad
826 4748 1089 4816 inopiam;
1142 4762 1261 4798 nam
1312 4744 1395 4797 illa
1426 4743 1599 4811 inopia
1626 4742 1807 4797 estrei

219 4845 528 4907 familiaris,
580 4844 695 4897 haec
736 4841 919 4895 animi.
959 4838 1209 4906 Quisquis
1250 4838 1424 4905 itaque
1470 4836 1556 4888 tali
1595 4836 1811 4890 dimittit

219 4938 492 5001 debitum,
527 4935 669 5004 inopi
699 4935 936 4999 dimittit,
964 4948 1203 5002 epusque
1232 4930 1575 4983 christianum
1594 4950 1597 4957 -
1616 4944 1807 4996 opera-

220 5043 326 5093 tur,
354 5038 599 5083 manente
625 5028 711 5081 illa
737 5027 934 5095 regula,
964 5034 1017 5077 nt
1044 5025 1094 5077 in
1120 5024 1297 5076 animo
1321 5033 1532 5091 paratus
1554 5023 1622 5075 sit
1650 5022 1807 5075 amit-

222 5132 336 5177 tere
360 5120 502 5190 quod
543 5118 643 5173 sibi
682 5118 925 5172 debetur.
965 5114 1098 5169 Nam
1142 5117 1187 5169 si
1227 5115 1468 5168 modeste
1514 5128 1575 5167 ac
1622 5113 1810 5166 leniter

221 5213 365 5266 omni
393 5210 551 5265 modo
580 5210 766 5280 egerit,
796 5216 851 5261 ut
876 5208 975 5262 sibi
1004 5209 1329 5270 restituatur,
1360 5222 1465 5260 non
1493 5214 1596 5258 tam
1639 5206 1809 5260 inten-

222 5304 356 5357 dens
397 5302 620 5356 fructum
663 5300 931 5371 pecuniae,
961 5314 1117 5366 quam
1146 5309 1199 5352 ut
1248 5298 1514 5352 hominem
1543 5297 1805 5365 corrigat,

223 5396 304 5448 cui
336 5395 449 5449 sine
473 5394 633 5447 dubio
657 5391 1010 5461 perniciosum
1037 5400 1119 5444 est
1150 5390 1343 5443 habere
1365 5388 1505 5442 unde
1525 5387 1731 5449 reddat,
1756 5395 1809 5440 et

224 5504 327 5542 non
358 5485 611 5549 reddere;
644 5501 747 5540 non
785 5486 956 5541 solum
987 5501 1099 5563 non
1145 5483 1418 5553 peccabit,
1455 5482 1547 5536 sed
1576 5482 1811 5550 proderit.

225 5581 383 5634 etiam
426 5577 745 5646 plurimum,
790 5592 857 5631 ne
896 5576 986 5631 ille
1013 5574 1139 5631 dum
1166 5575 1389 5629 alienam
1421 5575 1699 5643 pecuniam
1730 5574 1810 5627 tu-

258 5779 267 5787 .
288 5720 306 5786 ³.
318 5720 391 5787 sic
410 5716 630 5787 plerique
652 5722 760 5785 )tss.
784 5722 837 5767 At
863 5716 999 5779 editi,
1016 5710 1061 5767 ἐι
1086 5721 1437 5769 sacramentum
1471 5714 1651 5767 tisibile
1677 5725 1720 5769 et
1738 5717 1807 5769 iit-

226 5778 681 5833 visibitc'rerbiud.

1541 302 1747 363 LIBER
1784 302 2163 362 SECUNDUS.

3376 308 3520 370 1282

1918 435 2065 475 crum
2093 420 2265 476 facere
2288 422 2417 486 vult,
2450 421 2702 478 damnum
2731 420 2853 479 fidei
2892 424 3151 494 patiatur;
3181 426 3320 496 quod
3362 436 3511 482 tanto

1919 522 2000 566 est
2029 512 2260 580 gravius,
2291 524 2346 567 ut
2374 515 2511 568 nulla
2542 517 2602 568 sit
2633 519 2979 586 comparatio.
3014 519 3089 574 Ex
3128 536 3232 590 quo
3265 522 3515 591 intelligi-

1922 612 2006 656 tur
2044 606 2202 657 ctiam
2233 606 2284 658 in
2316 607 2413 659 ista
2454 610 2631 676 quinta
2666 612 2946 677 petitione,
2990 630 3090 680 qua
3127 615 3381 681 dicimus,
3423 618 3513 671 Di-

1918 697 2056 750 mitte
2085 698 2225 752 nobis
2251 700 2417 752 debita
2440 712 2629 766 nostra,
2660 720 2762 757 non
2786 704 2852 758 de
2881 708 3098 773 peconia
3128 710 3341 778 quidem
3372 711 3507 777 dici;

1919 790 2010 844 sed
2040 791 2104 846 de
2144 793 2389 845 omnibus
2430 811 2547 863 qua:
2579 797 2628 849 in
2677 813 2771 850 nos
2812 800 3034 869 quisque
3079 812 3294 868 paci-at,
3324 820 3383 856 ae
3419 820 3510 872 per

1922 881 2023 937 hoc
2050 883 2209 937 etiam
2239 883 2303 938 de
2332 888 2568 953 pecunia.
2611 889 2798 942 Peceat
2836 908 3063 961 namque
3100 894 3148 946 in
3176 903 3226 947 te
3247 936 3259 957 ,
3293 897 3380 965 qui
3417 897 3506 949 tibi

1918 976 2195 1043 pecuniam
2225 974 2455 1029 debitam
2478 1019 2491 1040 ,
2521 994 2639 1030 cum
2665 978 2855 1032 habeat
2883 983 3021 1036 node
3050 985 3234 1039 reddat
3256 1028 3270 1050 ,
3304 998 3511 1041 recusat

1918 1065 2161 1120 reddere.
2194 1067 2342 1133 Quod
2379 1084 2646 1137 ριτιεοιιιιιιιι
2684 1071 2726 1125 si
2768 1088 2870 1126 non
2911 1074 3209 1142 dimiseris,
3262 1095 3365 1132 non
3413 1096 3507 1149 po-

1921 1158 2048 1211 teris
2097 1159 2310 1222 dicere,
2369 1160 2576 1214 Dimitte
2632 1163 2809 1224 nobis.
2867 1169 2993 1218 sicut
3048 1177 3092 1218 et
3151 1185 3240 1221 nos
3294 1170 3508 1224 dimitti-

1918 1265 2070 1302 mus:
2102 1252 2143 1303 si
2183 1262 2357 1305 autem
2389 1254 2650 1321 ignoveris
2671 1297 2685 1320 ,
2717 1257 2863 1311 vides
2893 1260 3049 1312 etiam
3079 1260 3143 1313 de
3182 1268 3399 1328 pecunia
3427 1264 3506 1318 di-

1918 1341 2174 1396 mittenda
2216 1344 2487 1398 adn'ioneri
2526 1362 2645 1399 eum
2686 1349 2769 1401 cui
2813 1350 2900 1402 tali
2946 1366 3099 1420 prece
3126 1369 3281 1409 orare
3320 1358 3508 1425 prieci-

1919 1442 2080 1496 pitur.

1988 1523 2073 1577 2t).
2112 1523 2238 1578 illud
2269 1540 2395 1581 sane
2426 1528 2637 1583 tractari
2671 1540 2861 1598 potest,
2892 1541 2945 1585 ut
2971 1536 3218 1603 quoniam
3249 1539 3502 1607 dicimus,

1920 1613 2128 1667 Dimitte
2182 1618 2320 1669 nobis
2369 1620 2531 1671 debita
2588 1631 2778 1687 nostra,
2811 1624 2937 1676 sicut
2969 1636 3013 1677 ct
3044 1644 3133 1680 nos
3180 1628 3502 1699 dimittimus,

1920 1715 2045 1761 tunc
2083 1711 2460 1765 Convincamnr
2505 1723 2687 1768 eontra
2740 1716 2894 1770 istam
2952 1720 3187 1786 regulam
3222 1725 3495 1787 l'eciSse,si

1918 1800 1994 1854 eis
2028 1817 2129 1855 non
2158 1802 2501 1871 dimittamus,
2549 1807 2636 1875 qui
2671 1810 2874 1862 veniam
2904 1822 3107 1879 petunt,
3137 1818 3258 1883 quia
3307 1826 3360 1871 et
3408 1833 3505 1873 nos

1919 1894 2124 1945 veniam
2155 1896 2451 1960 petentibus
2481 1898 2632 1951 nobis
2665 1916 2695 1952 a
2720 1900 3097 1970 benignissimo
3128 1905 3280 1959 Patre
3307 1908 3502 1963 dimitti

1920 1984 2183 2039 volumus.
2206 1985 2307 2039 Sed
2332 1986 2419 2039 illo
2449 2004 2631 2042 rursus
2656 2002 2940 2061 praecepto,
2973 2010 3076 2061 quo
3105 1994 3358 2064 juhemur
3387 2015 3501 2054 ora-

1925 2091 1981 2127 re
2009 2092 2101 2144 pro
2150 2076 2374 2133 inimicis
2424 2082 2619 2135 nostris
2651 2083 2667 2152 (
2700 2082 2882 2137 Matth.
2914 2102 2963 2147 v,
2988 2087 3113 2159 44),
3139 2106 3243 2144 non
3275 2107 3370 2160 pro
3412 2094 3493 2148 'nis

1912 2165 2163 2236 joheinur
2190 2171 2276 2237 qui
2308 2173 2510 2224 veniam
2541 2184 2742 2242 petunt.
2767 2176 2882 2230 Jam
2905 2180 3045 2232 enim
3074 2183 3161 2249 qui
3189 2183 3320 2237 tales
3353 2196 3496 2251 sunt,

1919 2274 2023 2312 non
2047 2271 2169 2313 sunt
2218 2262 2437 2316 inimici.
2474 2264 2631 2319 Nullo
2675 2268 2833 2321 ntodo
2862 2282 3039 2324 autem
3064 2276 3343 2343 quisquam
3378 2293 3502 2333 vere

1915 2349 2108 2403 dixerit
2138 2368 2289 2404 orare
2311 2369 2370 2406 se
2400 2370 2492 2421 pro
2517 2371 2582 2410 eo
2608 2358 2690 2410 cui
2716 2375 2819 2411 non
2854 2363 3131 2428 ignoverit.
3174 2368 3506 2435 Quapropter

1918 2439 2187 2495 fatendum
2232 2455 2313 2497 est
2355 2446 2528 2498 omnia
2576 2459 2785 2515 peccata
2827 2451 3134 2507 dimittenda
3159 2430 3424 2527 csse-qua:
3451 2461 3503 2515 in

1917 2547 2014 2586 nos
2069 2534 2436 2597 admittuntur,
2489 2536 2532 2589 si
2565 2540 2807 2594 volumus
2862 2544 3071 2599 nobisa
3102 2546 3258 2602 Patre
3304 2549 3497 2605 dimitti

1916 2639 2032 2690 qua:
2060 2623 2407 2679 admittimus.
2439 2626 2567 2682 Nam
2597 2629 2665 2682 de
2702 2632 2925 2687 vindicta
2952 2638 3218 2704 superius,
3259 2648 3316 2693 ut
3358 2641 3499 2697 arbi-

1919 2724 2047 2773 tror.
2091 2716 2217 2769 satis
2261 2716 2583 2788 disputalunt
2636 2733 2715 2775 est
2757 2724 2992 2794 (Supra,
3044 2728 3130 2782 lib.
3160 2731 3208 2794 l,
3239 2747 3311 2783 ec.
3346 2733 3413 2788 19
3450 2744 3497 2787 ct

1914 2806 2049 2876 ρο).

1987 2900 2209 2957 CAPUT
2244 2901 2407 2957 IX.—
2422 2905 2507 2961 50.
2529 2906 2686 2961 Sexta
2711 2909 3002 2977 petitioest,
3028 2911 3090 2966 lit
3114 2929 3174 2966 ne
3200 2916 3494 2985 uosiufems

1916 2994 1966 3045 in
1997 2996 2336 3049 Imitationem.
2368 2997 2840 3055 Nonnullicodices
2863 3002 3077 3070 habent,
3106 3006 3337 3073 inducas,
3355 3009 3497 3078 ipiod

1917 3086 2243 3141 tmitnnnlem
2275 3089 2450 3142 valere
2473 3091 2702 3144 arbitror
2732 3112 2744 3145 :
2780 3109 2900 3146 nam
2923 3110 2987 3149 es
3022 3112 3126 3149 uno
3151 3113 3327 3167 grai-co
3354 3101 3494 3168 quod

1917 3176 2115 3230 dictum
2143 3188 2243 3239 est.
2266 3190 2536 3247 ςὶσευέιμης,
2571 3194 2853 3252 utruiuque
2882 3188 3195 3243 translatum
3219 3202 3319 3245 est.
3349 3192 3497 3248 Multi

1916 3276 2090 3318 autem
2113 3270 2377 3334 precando
2420 3274 2487 3322 ita
2517 3271 2719 3335 dicunt,
2751 3273 2829 3325 Νιί
2862 3292 2951 3328 nos
2974 3280 3183 3343 patiaris
3216 3281 3397 3334 induci
3440 3300 3493 3336 ut

1918 3357 2281 3420 tentationetn;
2320 3370 2647 3426 esponrnlcs
2690 3362 2933 3417 videlicet
2979 3368 3245 3433 quomodo
3294 3372 3493 3426 dictum

1915 3450 2002 3511 sit,
2030 3452 2261 3505 inducas.
2302 3451 2415 3505 Non
2448 3455 2588 3507 enim
2622 3469 2715 3522 per
2739 3456 2970 3524 seipstnu
2994 3460 3193 3513 inducit
3223 3462 3382 3524 Deus,
3406 3466 3497 3519 sed

1918 3543 2090 3597 induci
2125 3546 2315 3612 patitur
2344 3563 2463 3599 eum
2496 3563 2651 3614 queui
2675 3564 2771 3599 suo
2792 3550 2985 3602 auxilio
3008 3552 3488 3620 deseruerit,ordi-

1918 3652 1983 3688 ne
2008 3636 2363 3689 occultissimo
2393 3653 2452 3691 ae
2485 3639 2704 3692 meritis.
2737 3641 2919 3694 (Iausis
2962 3655 3119 3697 etiam
3158 3662 3301 3715 sirpe
3322 3650 3495 3703 numi-

1919 3726 2064 3783 festis
2089 3729 2303 3796 dignum
2326 3729 2525 3798 jndieal
2551 3732 2636 3785 ille
2661 3748 2815 3801 quem
2849 3733 3076 3797 deserat,
3102 3747 3156 3790 et
3180 3738 3228 3791 in
3251 3742 3497 3796 tentatioo

1918 3838 2036 3875 nem
2073 3822 2245 3874 induci
2269 3822 2424 3876 sinat.
2450 3822 2699 3877 Alirnlest
2721 3840 2896 3878 autem
2924 3828 3096 3881 induci
3143 3830 3193 3883 in
3242 3833 3495 3887 tentatio-

1918 3930 2057 3975 netu,
2080 3914 2217 3965 aliud
2254 3916 2460 3967 tentari.
2493 3913 2622 3967 Nam
2645 3916 2757 3969 sine
2781 3919 3072 3972 tentalione
3100 3922 3350 3989 probatus
3371 3940 3495 3982 esse

1918 4009 2091 4059 nullus
2119 4016 2314 4075 potest,
2338 4007 2448 4060 sive
2494 4007 2591 4061 sibi
2638 4008 2755 4076 ipsi,
2786 4010 2923 4062 sicut
2964 4013 3218 4081 scriptum
3262 4025 3361 4078 est,
3394 4018 3494 4082 Qui

1917 4118 2013 4153 ιιυιι
2032 4110 2099 4152 est
2129 4109 2361 4165 tentatus,
2392 4102 2562 4165 qualia
2585 4104 2673 4154 scit
2697 4101 2712 4169 (
2743 4100 2900 4155 Eccli.
2927 4122 3101 4170 xxuv,
3128 4109 3179 4171 9,
3212 4110 3266 4162 ll
3303 4108 3322 4180 )
3345 4111 3367 4162 ?
3387 4112 3498 4166 sive

1914 4192 2021 4255 alii,
2053 4193 2186 4247 sicut
2213 4194 2494 4261 :‘lltl.~ittlll$
2524 4195 2615 4255 ait,
2638 4192 2700 4245 lit
2719 4197 3035 4249 tentationcm
3066 4202 3349 4254 vestrumin
3375 4220 3496 4256 car-

1917 4300 1977 4336 nc
1998 4300 2105 4334 mea
2136 4299 2234 4335 non
2264 4284 2517 4352 spreristis
2547 4282 2746 4352 (Galat.
2778 4300 2848 4348 iv,
2876 4286 2956 4348 l5,
2994 4287 3058 4341 li
3093 4300 3110 4357 )
3143 4307 3153 4339 :
3197 4289 3321 4345 hinc
3347 4294 3492 4349 enim

1918 4390 2010 4428 eos
2044 4377 2223 4427 lirtuos
2284 4376 2394 4443 ipse
2423 4374 2689 4442 cognovit,
2717 4376 2857 4444 quod
2904 4377 2982 4431 eis
3034 4379 3483 4454 tribulationilms’

1913 4483 2032 4537 qua:
2055 4468 2307 4536 Apustolo
2332 4467 2621 4521 secundum
2644 4483 2858 4541 carnem
2883 4470 3203 4536 aeriderant,
3236 4492 3340 4529 non
3369 4488 3496 4533 sunt.

1914 4575 1941 4612 a
1964 4560 2219 4613 eharitate
2244 4559 2453 4612 deflexi.
2472 4558 2599 4612 Nam
2624 4560 2729 4613 Deo
2757 4561 2864 4613 noti
2889 4575 3072 4615 sumus
3093 4574 3145 4619 ct
3168 4574 3293 4621 ante
3307 4582 3495 4626 euntes

1918 4654 2255 4717 tentationes,
2279 4653 2367 4721 qui
2394 4652 2494 4705 scit
2516 4654 2693 4704 uiiiuia
2726 4664 3009 4721 antequam
3036 4655 3181 4710 tiant.

1986 4745 2072 4798 51.
2099 4742 2249 4808 Quod
2303 4743 2478 4812 itaque
2504 4746 2759 4811 scriptum
2791 4751 2888 4805 est,
2925 4743 3099 4798 Tentat
3131 4764 3213 4800 vos
3245 4747 3487 4804 Dominus

1914 4833 2053 4887 Deus
2092 4843 2265 4896 vester,
2302 4843 2355 4886 ut
2396 4834 2520 4885 sciat
2548 4834 2591 4886 si
2634 4834 2842 4904 diligitis
2863 4850 2977 4887 eum
3004 4835 3021 4907 (
3053 4836 3196 4888 Deut.
3233 4854 3346 4902 xm,
3378 4842 3409 4891 5
3434 4842 3452 4909 )
3478 4858 3491 4905 ;

1914 4928 2000 4981 illa
2032 4928 2297 4982 locutione
2328 4927 2551 4996 positum
2596 4938 2695 4991 est,
2740 4940 2793 4980 ut
2831 4929 2973 4992 sciat,
3010 4945 3102 4996 pro
3135 4932 3359 4997 ecquod
3391 4944 3491 4998 est,

1916 5032 1971 5074 ut
1996 5021 2131 5075 scire
2160 5036 2253 5073 vos
2296 5020 2453 5074 faciat
2483 5038 2496 5072 :
2522 5022 2657 5075 sicut
2684 5021 2823 5074 diem
2849 5021 3026 5073 Letum
3056 5022 3297 5089 dicimus,
3350 5027 3491 5094 quod

1914 5113 2064 5167 la-tos
2090 5112 2280 5167 faciat:
2314 5112 2477 5179 frigus
2505 5114 2728 5183 pigrum,
2752 5112 2891 5181 quod
2918 5114 3092 5181 pigros
3126 5116 3286 5180 facit;
3322 5131 3375 5171 et
3400 5120 3487 5172 in-

1914 5206 2260 5259 ninneraliilza
2291 5205 2607 5271 luijusiuodi,
2634 5219 2751 5272 qua:
2777 5204 2887 5258 sive
2916 5205 2966 5256 in
2987 5208 3374 5262 consuetudine
3406 5208 3458 5263 lo

1914 5298 2128 5367 quendi,
2161 5298 2272 5352 sive
2304 5299 2354 5351 in
2383 5309 2628 5351 sermooe
2650 5295 2947 5360 doctorum,
2987 5298 3097 5348 δίνη
3124 5298 3174 5350 in
3200 5298 3488 5367 Scripturis

1912 5391 2110 5444 Sanctis
2136 5389 2489 5455 reperiuntur.
2541 5386 2691 5453 Quod
2743 5404 2845 5440 non
2874 5388 3226 5455 intelligentes
3256 5392 3491 5446 hmretici

1915 5485 2002 5554 qui
2029 5483 2206 5537 Veteri
2237 5482 2580 5537 Testamento
2601 5481 2969 5546 adversantur,
2992 5484 3135 5537 velut.
3174 5485 3483 5554 ignorantia:

1913 5579 2039 5632 vitio
2066 5575 2353 5630 notandum
2383 5584 2564 5642 putant
2587 5590 2707 5629 eum
2734 5574 2799 5628 de
2826 5591 2930 5643 quo
2955 5574 3150 5629 dictum
3174 5588 3274 5641 est,
3300 5576 3479 5632 Tentat

1912 5688 1997 5727 vos
2019 5668 2264 5725 Dominus
2290 5666 2424 5722 Deus
2452 5678 2607 5722 vester
2630 5683 2649 5720 :
2670 5668 2816 5736 quasi
2836 5666 2888 5720 in
2911 5666 3195 5735 Evangelii)
3220 5668 3284 5722 de
3307 5668 3488 5725 Domi-

1915 5783 1985 5827 no
2016 5764 2271 5833 scriptum
2304 5778 2409 5839 non
2437 5762 2526 5830 sit,
2563 5760 2672 5819 Hoc
2713 5774 2879 5821 autem
2905 5762 3095 5818 dicebat
3118 5772 3489 5840 “attenuant.-
