3888 6322
416 319 558 379 1285

411 455 528 492 nam
559 437 666 505 ipse
695 433 879 489 sciebat
925 433 1045 507 quid
1085 445 1207 488 esset
1237 433 1655 506 facturttsUcmt.
1704 448 1773 491 Vl,
1825 429 1856 484 ϐ
1878 431 1916 502 ).
1942 429 1998 485 Si

415 544 556 582 cnim
592 543 803 581 lttH'etal
841 546 931 579 cur
958 530 1072 595 ejus
1116 544 1269 597 quem
1305 528 1556 591 tentabat,
1601 522 1722 592 quid
1750 534 1830 577 est
1858 521 1997 591 quod

413 623 576 675 thlttll
609 622 786 676 vzdere
813 623 1104 674 lentando?
1132 621 1233 673 Sed
1261 617 1497 688 profecto
1519 619 1642 670 illud
1673 617 1862 670 factum
1892 621 1998 680 est,

418 724 470 766 ul
499 715 610 782 ipse
637 713 734 767 sibi
767 721 918 766 nutus
961 711 1110 766 lict'et
1137 712 1223 780 qui
1265 711 1584 774 lClilullalllt',
1617 723 1871 776 suamque
1901 705 1998 760 de-

413 808 768 876 Speratiunem
821 805 1219 866 condemnaret,
1271 804 1522 854 Saturatis
1571 801 1740 853 turbis
1764 797 1830 852 de
1859 813 1992 866 pane

423 897 650 963 homini,
699 896 785 964 qui
829 910 919 950 eas
947 911 1049 950 non
1084 894 1277 949 habere
1307 893 1446 963 quod
1478 891 1697 946 ederent
1727 889 1999 944 existima-

415 999 584 1043 verat.

485 1078 571 1133 5‘2.
601 1079 716 1132 Non
747 1093 873 1148 ergo
901 1079 984 1132 hic.
1011 1087 1211 1143 oratur,
1240 1086 1296 1132 ut
1327 1092 1428 1132 non
1459 1087 1743 1137 tenteinur,
1797 1071 1888 1128 sed
1932 1081 1991 1126 ut

413 1184 519 1224 non
542 1171 831 1224 inl'eramur
876 1171 924 1223 iu
955 1171 1302 1223 tentationem
1337 1188 1348 1220 :
1386 1179 1633 1238 tanquam
1662 1168 1704 1220 si
1733 1164 1994 1234 quispiam

423 1263 507 1316 cui
550 1279 767 1316 ueceSsc
795 1271 879 1317 est
913 1263 1028 1331 igne
1058 1261 1370 1325 examinari,
1399 1276 1501 1313 non
1531 1269 1646 1312 oret
1676 1257 1864 1326 utigue
1892 1269 1995 1306 non

410 1357 768 1424 Contingatur,
801 1353 894 1406 sed
927 1365 981 1405 ut
1012 1368 1115 1405 non
1149 1363 1420 1405 exuratur.
1469 1350 1607 1404 Vasa
1651 1350 1794 1402 enim
1851 1346 1991 1415 figuli

411 1447 599 1514 probat
637 1446 845 1510 furuax,
873 1454 927 1497 et
972 1445 1214 1497 homines
1240 1444 1412 1511 juslos
1446 1442 1665 1494 tentatio
1698 1439 1994 1491 tribulatio-

411 1540 530 1608 nis(
565 1536 725 1589 Ercfi.
761 1553 922 1602 xxvu,
949 1538 981 1590 6
1005 1540 1042 1605 ).
1076 1537 1270 1604 Jnsepli
1296 1551 1425 1604 ergo
1452 1543 1684 1587 tentatus
1714 1543 1794 1584 est
1819 1532 1996 1583 illece-

411 1627 505 1681 bra
532 1629 718 1695 stupri.
747 1628 840 1681 sed
871 1644 974 1680 nun
1013 1637 1093 1679 est
1134 1628 1309 1679 illatus
1353 1627 1403 1678 in
1449 1627 1832 1689 tentationem(
1865 1621 1990 1673 (.‘cn.

409 1733 593 1780 xxxn,
624 1719 790 1787 7-H!)
823 1735 834 1768 :
867 1718 1106 1771 Susinna
1134 1726 1330 1770 tentata
1359 1727 1461 1779 est,
1517 1731 1615 1769 nec
1643 1718 1752 1782 ipsa
1783 1713 1993 1767 inducta

411 1810 495 1860 vel
523 1809 662 1860 illata
693 1811 742 1861 in
777 1807 1300 1878 ti-ntationetnUMn.
1329 1823 1442 1870 xui,
1471 1807 1633 1860 19-24
1661 1809 1678 1876 )
1704 1822 1717 1869 ;
1743 1806 1994 1872 mullique

413 1899 500 1950 alii
523 1901 791 1967 utriusque
824 1913 984 1952 sexus
1016 1899 1144 1951 :sed
1175 1899 1274 1952 Job
1309 1901 1554 1959 maxime,
1588 1900 1736 1964 cujus
1763 1895 1995 1949 admira-

408 1991 565 2043 bili-ui
589 1993 927 2044 stabilitatem
961 1994 1012 2043 in
1039 1993 1144 2043 Ι)υο
1164 1992 1385 2043 Domino
1408 2007 1523 2054 suo,
1543 2005 1661 2042 cum
1683 1990 1752 2040 illi
1781 1987 1992 2041 liarreti-

403 2081 451 2134 ci
473 2081 649 2134 hostes
681 2081 882 2135 Veteris
899 2081 1223 2134 Testauienti
1243 2097 1338 2134 ore
1359 2082 1615 2150 sacrilegii
1635 2080 1860 2132 irridere
1894 2095 1986 2130 γορ

410 2173 624 2237 luet-int,
645 2174 770 2226 illud
783 2190 892 2241 prze
910 2175 1116 2225 caeteris
1136 2174 1406 2235 ventilant,
1432 2172 1571 2240 quod
1595 2183 1803 2223 satanas
1830 2171 1993 2238 petie—

406 2263 476 2316 rit
503 2279 623 2316 eum
677 2265 986 2316 tentandum
1014 2269 1032 2328 (
1063 2262 1161 2316 Job
1202 2277 1242 2327 ι,
1277 2264 1334 2315 11
1365 2266 1406 2330 ).
1455 2266 1710 2327 Qiuerunt
1756 2261 1895 2312 enim
1926 2258 1992 2311 ah

406 2355 665 2422 imperitis
700 2355 1010 2408 hominibus
1040 2355 1158 2406 talia
1193 2354 1494 2421 intelligere
1540 2369 1867 2421 nequaquam
1897 2366 1989 2404 va-

406 2449 656 2512 lentibus,
683 2451 950 2516 ipimnndo
991 2459 1204 2500 satanas
1231 2462 1350 2500 eum
1386 2448 1492 2499 Deo
1536 2448 1676 2514 loqui
1729 2446 1984 2513 potuerit:

407 2554 510 2592 non
535 2548 800 2591 uitae-lites
826 2541 843 2608 (
873 2552 974 2590 non
1001 2541 1141 2590 enim
1169 2543 1414 2604 possunt,
1463 2551 1583 2588 eum
1611 2537 1990 2598 snperstitione

405 2630 822 2683 etcoirtentione
873 2629 1052 2682 caecati
1106 2629 1439 2696 sint)Deum
1471 2643 1574 2680 nun
1612 2629 1712 2679 loci
1756 2630 1985 2694 Spatium

408 2723 546 2774 mole
576 2723 815 2790 corporis
858 2735 1152 2789 occupare;
1187 2730 1240 2773 et
1272 2720 1348 2772 sic
1375 2720 1498 2796 alibi
1527 2735 1665 2777 esse.
1715 2721 1836 2772 a1ibi
1874 2733 1976 2771 non

405 2829 543 2872 esse,
564 2814 640 2866 Vel
663 2813 907 2866 certebie
927 2812 1119 2864 habere
1148 2819 1347 2879 partem
1369 2812 1544 2871 aliain,
1571 2819 1623 2864 et
1649 2811 1771 2863 alibi
1792 2811 1945 2863 aliam
1974 2828 1986 2862 :

408 2904 501 2956 Sed
529 2903 806 2971 majestate
835 2903 1026 2970 ubique
1053 2910 1243 2970 priesto
1273 2916 1413 2963 esse,
1445 2917 1547 2953 non
1578 2917 1671 2968 per
1697 2913 1876 2968 partes
1906 2901 1990 2953 di-

407 2997 601 3058 visum,
632 2997 723 3048 sed
751 2995 946 3063 ubique
995 2995 1309 3062 perfectum.
1335 2993 1492 3059 Quod
1525 2995 1566 3044 si
1597 2993 1880 3045 carnaliter
1909 2995 1990 3044 iii-

399 3095 619 3138 iuentur
644 3085 784 3151 quod
813 3085 1010 3134 dictum
1057 3094 1156 3145 est,
1186 3082 1375 3134 Cottum
1417 3083 1539 3132 nuhi
1578 3083 1784 3133 thronus
1814 3093 1902 3144 est,
1945 3091 1993 3134 et

409 3187 538 3231 terra
563 3177 838 3230 scabellum
857 3181 1040 3243 pedum
1057 3190 1282 3226 meorum
1304 3177 1321 3242 (
1347 3172 1473 3226 faui.
1497 3189 1636 3238 ωινι,
1664 3174 1686 3226 l
1717 3171 1734 3244 )
1762 3191 1774 3237 ;
1799 3174 1882 3226 cui
1912 3174 1991 3225 lo-

399 3283 471 3323 eo
509 3279 562 3322 et
583 3268 844 3320 Dominus
887 3274 1167 3318 attestatur
1207 3265 1407 3325 dicens,
1443 3262 1564 3316 Non
1594 3266 1796 3333 juretis,
1839 3280 1992 3332 neque

411 3377 500 3430 per
543 3361 744 3420 cretum,
795 3360 911 3427 quia
957 3358 1166 3410 thronus
1213 3356 1302 3407 Dei
1334 3366 1437 3420 est;
1469 3373 1624 3423 neque
1653 3373 1739 3425 pi'l'
1784 3367 1987 3421 terram,

395 3457 523 3521 quia
541 3452 897 3503 oeabctlumcst
920 3450 1103 3515 pedum
1131 3449 1276 3515 ejus(
1302 3446 1487 3498 Matth.
1510 3462 1564 3512 γ,
1589 3448 1756 3500 54-ὃὸ
1779 3451 1796 3516 )
1825 3465 1834 3497 :
1866 3447 1990 3516 quid

405 3545 598 3597 mirum
630 3545 670 3596 si
691 3544 749 3594 ⁵ιιι
772 3553 914 3596 terra
940 3541 1183 3594 diabolus
1207 3548 1540 3602 Comminus,
1566 3551 1687 3591 ante
1715 3539 1871 3607 pedes
1902 3540 1988 3593 llei

397 3639 570 3704 stet-it,
599 3649 650 3691 et
670 3651 852 3691 coram
890 3637 976 3688 illo
999 3633 1201 3702 aliquid
1233 3633 1436 3686 locutus
1463 3643 1543 3686 est
1568 3632 1590 3683 ’ἒ
1619 3633 1748 3685 Nam
1781 3633 1990 3700 (plaudo

405 3733 480 3786 illi
503 3733 677 3784 valent
708 3731 1018 3798 intelligere,
1046 3730 1242 3780 nullam
1292 3743 1408 3781 esse
1458 3729 1708 3789 animam,
1739 3730 1983 3796 quamvis

399 3841 734 3896 perversam,
764 3841 879 3894 qum
908 3835 1082 3878 tamen
1112 3825 1217 3876 ullo
1259 3826 1415 3876 modo
1463 3825 1761 3877 ratiocinari
1795 3834 1983 3892 potest,

398 3918 460 3969 in
502 3917 651 3984 cujus
678 3915 1000 3968 conscientia
1040 3931 1151 3967 non
1199 3914 1442 3982 loquatur
1491 3915 1819 3980 llCtIS?'Qltls'
1846 3917 1987 3969 enim

397 4007 621 4074 scripsit
648 4009 698 4058 in
722 4005 969 4058 cordibus
1013 4005 1286 4057 hominum
1321 4006 1611 4058 naturalem
1655 4005 1845 4074 legem,
1890 4008 1988 4061 nisi

405 4099 587 4153 Deus?
621 4099 694 4151 De
723 4113 824 4167 qua
853 4097 966 4165 lege
1017 4097 1299 4163 Apostolus
1347 4097 1419 4150 ait
1444 4114 1456 4149 :
1481 4096 1603 4150 Cum
1628 4101 1754 4151 enim
1787 4101 1985 4166 Gentes,

406 4205 518 4260 quae
543 4188 725 4258 Legem
773 4205 874 4240 non
900 4188 1101 4249 habent,
1149 4188 1570 4257 natumliterquw
1611 4191 1732 4260 legis
1759 4202 1873 4244 sunt
1904 4193 1985 4262 fa-

397 4283 560 4345 ciunt,
583 4283 631 4332 lii
650 4280 829 4349 Legem
852 4297 950 4332 non
973 4280 1204 4332 habentes
1227 4280 1323 4347 ipsi
1345 4281 1438 4333 sibi
1459 4291 1571 4334 sunt
1587 4284 1693 4348 ter,
1719 4284 1803 4352 qui
1825 4296 1987 4336 osten-

404 4374 540 4424 dunt
565 4388 690 4441 opus
732 4371 851 4439 legis
891 4372 1130 4440 scriptum
1181 4371 1232 4423 in
1259 4372 1488 4425 cordibus
1515 4373 1638 4439 suis,
1681 4383 1987 4428 contestante

400 4464 709 4516 conscientia
749 4463 998 4532 ipsorum,
1030 4473 1074 4515 et
1103 4463 1234 4516 inter
1271 4480 1325 4516 se
1368 4465 1576 4517 invicem
1619 4465 1985 4536 cogitationum

401 4557 765 4616 accusantium,
793 4557 1046 4607 autetiam
1077 4556 1438 4620 mcusantium,
1463 4558 1514 4608 in
1545 4557 1626 4610 die
1664 4573 1761 4626 qua
1777 4559 1984 4627 judica-

402 4647 470 4700 bit
495 4645 739 4698 Dominus
766 4644 963 4697 occulta
984 4647 1243 4698 hominum
1269 4645 1458 4716 (illum.
1483 4664 1548 4711 Διι,
1575 4648 1744 4701 dli-l6
1768 4650 1807 4717 ).
1830 4650 1980 4715 Qua-

399 4747 620 4810 propter
644 4739 688 4792 si
704 4737 879 4791 munis
898 4740 1070 4790 anima
1099 4740 1365 4793 rationalis
1387 4741 1544 4794 etiam
1569 4743 1854 4812 cupiditate
1880 4759 1983 4800 ca:-

407 4841 546 4897 cata,
591 4839 763 4884 tamen
791 4843 909 4883 cum
940 4828 1212 4898 cogitat—ct
1237 4832 1600 4897 ratiocinator,
1645 4833 1900 4904 quidquid
1927 4837 1981 4892 in

401 4939 462 4978 ea
495 4924 894 4978 ratiocinatione
935 4937 1116 4975 verum
1156 4930 1256 4986 est,
1286 4937 1388 4976 nun
1411 4924 1463 4977 ei
1494 4925 1828 4980 tribuendum
1875 4936 1976 4994 est,

401 5015 493 5069 sed
525 5015 619 5083 ipsi
653 5013 836 5066 lumini
877 5013 1141 5076 veritatis,
1185 5026 1214 5064 a
1239 5029 1346 5081 quo
1375 5014 1455 5067 vel
1493 5024 1733 5071 tenuiter
1775 5034 1869 5087 pro
1899 5021 1980 5073 sui

399 5106 690 5174 capacitate
717 5104 1026 5168 illustratur,
1047 5116 1103 5157 ut
1123 5119 1315 5158 verum.
1334 5106 1530 5176 aliquid
1557 5107 1609 5160 in
1657 5111 1976 5164 ratiocinan-

400 5198 470 5252 do
498 5201 723 5259 sentiat;
751 5195 875 5265 quid
910 5197 1097 5249 mirum
1127 5198 1170 5249 si
1201 5197 1393 5251 diaboli
1424 5198 1598 5251 anima
1625 5214 1784 5266 prava
1820 5202 1972 5270 cupi-

396 5289 563 5344 ditate
587 5295 860 5356 perversa,
890 5287 1142 5357 quidquid
1173 5300 1347 5343 tamen
1377 5304 1557 5344 verum
1583 5290 1648 5343 de
1689 5290 1834 5359 justo
1853 5293 1973 5348 'viro

395 5381 664 5450 cogitavit,
685 5395 959 5434 conicum
991 5388 1195 5434 tentare
1215 5381 1394 5438 vellet,
1423 5382 1591 5449 ipsius
1605 5382 1702 5436 Dei
1732 5399 1877 5445 voce,
1915 5385 1964 5439 id

395 5483 497 5535 est,
525 5472 1090 5541 ipsius-veriuuisvoce
1117 5472 1325 5526 attdisSe
1345 5473 1974 5543 perliibetm-‘tQuidquid

397 5575 580 5619 autem
622 5563 847 5626 falsum,
897 5562 978 5614 illi
1025 5564 1299 5632 capiditati
1346 5563 1613 5631 tribuitur,
1644 5579 1747 5634 qua
1772 5566 1973 5622 diaboli

353 5707 355 5709 ,
395 5669 589 5709 nomen
619 5657 838 5723 accepit.
866 5655 1181 5723 Quanquam
1209 5656 1368 5710 etiam
1391 5670 1485 5726 per
1523 5665 1970 5714 maturantur-

392 5744 633 5816 paratam
651 5753 819 5818 meo
845 5743 1618 5828 νιιιιιιιιιιιοοιιιριοιιιιιιιιιιθ
1633 5747 1854 5832 totum
1877 5751 1965 5833 Gtt

1250 315 1335 375 DE
1374 316 1696 375 SERMONE
1755 313 1988 371 DOMtNt
2027 283 2384 400 inplicare,
2427 317 2483 368 s.
2526 316 2889 372 AUGUSTINI

3559 313 3698 377 {234

2114 443 2204 482 seu
2261 427 2414 481 bouis
2449 443 2541 482 seu
2583 427 2754 495 malis,
2806 411 3056 500 lanqnani
3088 441 3325 489 omnium
3355 425 3617 487 Dominus
3640 444 3693 490 et

2113 533 2303 583 rector,
2337 529 2389 573 et
2422 521 2516 589 pro
2555 524 2809 592 cujusque
2854 526 2927 578 rei
2959 519 3164 582 meritis
3205 529 3524 581 ordinatur:
3563 527 3691 580 sicut

2110 625 2204 678 per
2231 611 2478 679 Angelos.
2514 603 2596 680 qui
2625 600 2894 666 lidiiiinum
2927 607 3136 685 quoque,
3179 617 3488 688 aspectibus
3527 632 3687 685 appa-

2109 711 2361 766 ruerunt;
2391 713 2441 756 i-t
2462 704 2555 772 per
2581 705 2873 773 Prophetas
2911 703 3170 773 dicentes,
3201 710 3327 764 lla-c
3353 709 3482 761 dicit
3517 707 3692 760 Durni-

2108 809 2224 847 nus.
2251 793 2384 860 Quid
2407 811 2533 865 ergo
2558 797 2768 861 mirum,
2796 795 2843 851 si
2866 815 3166 869 quanquam
3199 819 3304 855 non
3336 804 3387 855 in
3411 802 3528 868 ipsa
3550 800 3692 868 engi-

2107 885 2325 944 tatione.
2345 903 2436 952 per
2452 885 2681 955 aliquam
2700 898 2841 943 certe
2861 901 3157 946 creaturam
3181 894 3270 946 tati
3303 893 3456 962 aperi
3483 906 3694 945 accom-

2106 977 2370 1030 modatam
2425 977 2563 1032 Deus
2610 981 2814 1034 locutus
2853 998 2973 1037 cum
2997 984 3206 1040 diabolo
3245 985 3485 1039 dicitur?

2178 1069 2265 1123 5‘5.
2294 1070 2402 1123 Nec
2429 1071 2694 1139 dignitatis
2715 1088 2833 1127 esse
2859 1076 3200 1142 arbitrentur,
3221 1089 3274 1132 et
3298 1075 3697 1149 (ιυιιδίῖἱυδωίε

2105 1153 2373 1214 meritum,
2390 1155 2527 1223 quod
2543 1171 2659 1209 cum
2681 1157 2770 1212 illo
2786 1159 2921 1212 Deus
2937 1161 3138 1216 locutus
3152 1172 3234 1217 est
3252 1179 3266 1216 :
3286 1161 3540 1231 quoniam
3557 1163 3695 1214 locu-

2105 1253 2186 1297 tus
2202 1258 2280 1298 est
2299 1261 2416 1299 cum
2440 1247 2613 1301 anima
2629 1250 2884 1318 angelica,
2901 1267 3198 1321 quanquam
3222 1255 3381 1307 stulta
3405 1263 3460 1307 et
3482 1252 3692 1321 cupida,

2106 1341 2352 1403 tanquam
2376 1339 2418 1390 si
2433 1337 2734 1407 loqueretur
2751 1345 3057 1397 cumanima
3081 1345 3308 1397 humana
3331 1345 3495 1400 stulta
3526 1354 3579 1398 et
3601 1360 3693 1398 cu—

2106 1426 2246 1493 pida.
2259 1428 2298 1479 Α
2309 1428 2470 1495 utipsi
2484 1430 2938 1500 dicantquomodo
2952 1435 3157 1490 locutus
3173 1444 3255 1490 est
3266 1452 3384 1491 cum
3404 1437 3494 1489 illo
3505 1435 3691 1502 divite,

2101 1519 2253 1587 cujus
2269 1521 2607 1588 cupiditatem
2633 1525 2996 1580 stultissimam
3018 1544 3241 1598 arguere
3266 1529 3452 1594 voluit,
3470 1529 3653 1583 dicens
3675 1546 3690 1582 :

2105 1609 2290 1673 Stulte,
2314 1613 2408 1663 hac
2439 1621 2581 1665 nocte
2605 1616 2772 1667 animo
2797 1625 2883 1668 tua
2905 1622 3249 1689 expostulatar
3276 1639 3306 1672 a
3336 1631 3384 1674 te
3404 1637 3427 1684 ;
3455 1621 3567 1674 hac
3586 1631 3694 1689 qua

2101 1705 2418 1771 praeparasti,
2463 1708 2608 1774 cujus
2654 1720 2799 1761 erunt
2825 1711 2842 1780 (
2869 1709 2995 1762 Luc.
3046 1727 3143 1777 xu,
3195 1710 3536 1783 20)?Ccrte
3593 1711 3694 1766 hoc

2101 1792 2215 1860 ipse
2238 1794 2488 1849 Dominus
2511 1797 2561 1849 in
2589 1798 2870 1868 Evangelio
2892 1803 3024 1855 dicit
3051 1795 3163 1864 ,cui
3198 1804 3434 1857 hwretici
3459 1803 3568 1863 isti,
3604 1815 3691 1857 ve-

2099 1882 2216 1947 lint,
2251 1885 2435 1949 nolint,
2461 1889 2592 1940 colla
2617 1889 2950 1945 submittunt.
2965 1894 3025 1947 Si
3050 1904 3226 1947 autem
3252 1896 3353 1948 hoc
3381 1906 3686 1961 moventur,

2099 1977 2238 2043 quod
2265 1980 2572 2032 tentandum
2589 1979 2786 2050 justum
2819 1993 3032 2038 satanas
3053 1988 3190 2056 petit
3213 2002 3243 2039 a
3279 1987 3387 2040 Deo
3414 2003 3429 2051 ;
3457 2002 3567 2039 non
3594 2001 3690 2056 ego

2099 2083 2306 2136 expono
2352 2086 2516 2139 quare
2564 2074 2629 2126 sit
2673 2073 2885 2140 factum,
2941 2078 3033 2130 sed
3085 2078 3226 2146 ipsos
3256 2093 3389 2146 uago
3415 2092 3687 2145 expauere

2098 2174 2260 2227 quare
2289 2162 2355 2214 sit
2399 2162 2594 2216 dictum
2623 2164 2674 2216 in
2704 2165 2992 2234 Evangelio
3019 2167 3087 2220 ab
3115 2168 3233 2236 ipso
3276 2167 3506 2221 Domino
3529 2168 3688 2220 disci-

2098 2252 2254 2318 pulis,
2281 2251 2412 2305 Ecce
2432 2263 2638 2308 satanas
2655 2257 2793 2324 petiit
2814 2274 2902 2309 eos
2941 2273 3123 2311 vexare
3148 2260 3400 2330 quomodo
3425 2260 3647 2310 triticum
3663 2274 3686 2312 :

2098 2357 2149 2398 et
2175 2347 2325 2398 l’etru
2357 2348 2450 2411 ait,
2488 2347 2597 2416 It'go
2634 2359 2798 2403 autem
2825 2349 3080 2419 postulavi
3097 2368 3162 2403 ne
3199 2351 3402 2419 deﬁciat
3441 2350 3578 2419 [ideo
3603 2360 3687 2404 tua

2105 2435 2227 2505 (Id.
2254 2453 2380 2502 χχιι,
2407 2438 2494 2503 51-,
2518 2438 2646 2509 5-2).
2675 2441 2811 2494 Cum
2851 2453 3025 2495 autem
3075 2444 3174 2497 hoc
3203 2450 3479 2511 exliouunt
3531 2441 3682 2504 mihi,

2097 2527 2255 2580 simul
2283 2529 2410 2580 illud
2439 2530 2576 2598 quod
2597 2549 2622 2581 ει
2649 2547 2732 2585 me
2753 2542 2996 2600 quaerunt
3022 2544 3294 2602 exponunt
3323 2524 3443 2587 sibi.
3467 2531 3524 2586 Si
3552 2547 3677 2585 vero

2097 2633 2206 2671 non
2243 2620 2503 2672 valuerint
2532 2621 2628 2674 hoc
2656 2637 2942 2688 exponere,
2993 2639 3096 2677 non
3125 2624 3429 2678 audeant‘id
3454 2624 3599 2692 quod
3624 2623 3677 2674 in

2098 2707 2385 2777 Evangelia
2432 2712 2546 2764 sine
2594 2712 2885 2768 offensione
2930 2714 3109 2785 legunt
3139 2717 3175 2780 ί,
3216 2716 3271 2769 in
3319 2716 3502 2785 aliquo
3541 2715 3677 2767 libro

2096 2816 2216 2854 cum
2243 2805 2543 2858 temeritate
2571 2805 2808 2873 culpare.

2169 2893 2252 2945 54.
2287 2891 2443 2946 Fiunt
2475 2897 2631 2963 igitur
2659 2897 2976 2950 tentationes
3007 2911 3102 2966 per
3123 2908 3361 2953 satanaiu
3388 2916 3496 2956 non
3525 2915 3679 2973 pote-

2097 2991 2229 3036 state
2253 2988 2387 3050 ejus,
2421 2987 2512 3037 sed
2545 2988 2802 3053 permissu
2831 2988 3062 3052 Domini,
3095 2990 3165 3043 ad
3193 2993 3433 3047 homines
3458 3006 3556 3049 aut
3581 3013 3674 3066 pro

2097 3077 2206 3127 suis
2244 3078 2470 3142 peccatis
2499 3080 2810 3145 puniendos,
2843 3092 2931 3133 aut
2957 3092 3053 3148 pro
3079 3082 3278 3137 Donuui
3307 3086 3678 3144 misericordia

2097 3167 2397 3234 probandos
2423 3178 2476 3222 et
2525 3172 2871 3224 exercendus.
2912 3173 2977 3226 Et
3031 3175 3253 3228 interest
3295 3177 3585 3244 plurimum
3627 3182 3676 3234 in

2096 3258 2302 3324 qualem
2329 3260 2551 3328 quisque
2576 3262 2916 3316 tentalionein
2937 3265 3162 3318 incidat.
3197 3266 3312 3320 Non
3339 3270 3482 3322 enim
3517 3271 3568 3324 in
3600 3282 3676 3325 ta-

2097 3347 2198 3400 lem
2226 3350 2410 3401 incidit
2434 3350 2728 3420 Judas,qui
2759 3354 2994 3407 vendidit
3033 3357 3335 3422 Dominum,
3370 3359 3425 3412 in
3471 3361 3676 3430 qualem

2099 3442 2282 3494 incidit
2310 3444 2516 3508 Petrus,
2549 3460 2668 3497 cum
2721 3447 2935 3500 territus
2979 3449 3259 3502 Dominum
3292 3455 3522 3520 negavit.
3550 3457 3678 3508 Sunt

2098 3533 2255 3585 etiam
2287 3536 2601 3589 tentationes
2625 3535 2886 3602 humaute,
2912 3539 3246 3605 credo,-cum
3271 3543 3412 3597 bono
3451 3547 3674 3616 quisque

2095 3628 2292 3687 animo,
2325 3629 2614 3680 secundum
2661 3630 2944 3684 humanam
2993 3641 3168 3689 tamen
3228 3635 3593 3706 fragilitatem,
3623 3642 3671 3692 in

2096 3716 2272 3784 aliquo
2293 3719 2726 3772 consdiolabitur
2755 3761 2768 3786 ,
2803 3732 2894 3774 aut
2919 3723 3157 3777 irritatur
3181 3726 3230 3778 in
3258 3726 3480 3782 fratrem
3501 3731 3674 3784 studio

2095 3809 2418 3875 corrigendi,
2474 3810 2630 3877 paulo
2681 3820 2854 3865 tamen
2897 3815 3121 3883 amplius
3176 3831 3333 3885 quam
3388 3819 3670 3875 christiana

2095 3900 2451 3967 tranquillitas
2498 3901 2733 3969 postulat
2777 3920 2788 3953 :
2832 3903 2898 3956 de
2936 3905 3129 3973 quibus
3176 3910 3466 3977 Apostolus
3521 3913 3667 3978 dicit,

2094 3989 2323 4047 Tentatio
2351 4007 2434 4046 vos
2455 4010 2554 4045 non
2575 3995 2939 4062 apprehendat,
2967 3998 3065 4050 nisi
3085 3999 3304 4052 humana
3327 4017 3347 4064 ;
3387 4017 3509 4057 cum
3535 4004 3669 4059 idem

2093 4071 2250 4147 dicat,
2277 4082 2467 4137 Fidelis
2491 4083 2650 4148 Deus,
2677 4087 2760 4154 qui
2782 4103 2866 4140 vos
2879 4099 3123 4142 nonsth
3149 4093 3327 4144 lauari
3347 4110 3506 4163 supra
3526 4111 3672 4163 quam

2091 4177 2298 4244 potestis
2316 4182 2445 4247 ferre
2465 4195 2483 4243 ;
2504 4179 2590 4231 sed
2608 4181 2754 4249 faciet
2765 4197 2877 4233 cum
2899 4183 3167 4236 tentatione
3185 4185 3337 4237 etiam
3358 4198 3667 4254 prouentum,

2089 4279 2144 4321 ut
2168 4272 2366 4337 possitis
2392 4273 2604 4324 tolerare
2637 4273 2653 4342 (
2685 4272 2702 4324 Ι
2728 4273 2844 4326 Cor.
2876 4291 2928 4340 Χ,
2956 4277 3022 4329 l5
3047 4275 3087 4345 ).
3137 4276 3192 4330 In
3231 4296 3334 4346 qua
3395 4285 3660 4337 sententia

2089 4363 2220 4414 satis
2239 4363 2464 4416 ostendit
2486 4379 2588 4417 non
2610 4365 2660 4417 id
2679 4366 2834 4418 nobis
2855 4368 3114 4422 orandum
3140 4385 3259 4424 esse
3281 4381 3336 4425 ut
3353 4390 3464 4426 non
3491 4384 3663 4430 tente-

2083 4465 2230 4515 mur,
2264 4453 2356 4505 sed
2403 4469 2468 4507 ne
2501 4454 2552 4506 in
2603 4456 2946 4510 tentationem
2995 4458 3326 4514 inducimur.
3358 4459 3659 4518 lndueimur

2083 4542 2251 4608 enim,
2285 4545 2330 4596 si
2386 4545 2516 4599 tales
2557 4547 2844 4602 acciderint
2872 4563 3002 4616 quas
3043 4551 3182 4605 ferre
3229 4569 3332 4607 non
3361 4569 3663 4625 possumus.

2080 4631 2191 4688 Sed
2219 4649 2337 4687 cum
2371 4639 2688 4692 teutationes
2713 4639 3038 4708 periculosa:
3056 4642 3106 4694 in
3143 4658 3274 4711 quas
3302 4646 3487 4701 inferri
3511 4660 3666 4719 atque

2081 4725 2259 4778 induci
2288 4728 2641 4795 perniciosum
2667 4739 2766 4795 est,
2795 4741 2885 4784 aut
2903 4735 3167 4803 prosperis
3193 4736 3351 4789 rebus
3384 4747 3653 4807 tetnpora-
3693 4733 3708 4788 ἔ

2083 4814 2242 4880 libus,
2273 4825 2366 4869 aut
2415 4817 2650 4874 adversis
2675 4821 2933 4888 oriantur,
2982 4838 3139 4878 nemo
3156 4824 3417 4896 frangitur
3469 4830 3662 4884 adver-

2078 4922 2260 4962 sarum
2305 4909 2566 4978 molestia,
2597 4913 2685 4981 qui
2735 4929 3106 4983 prosperarum
3152 4916 3510 4976 delectatione
3549 4938 3657 4978 non

2081 4999 2302 5067 capitur.
3433 5057 3436 5060 .

2153 5094 2240 5147 '55.
2283 5093 2473 5148 Ultima
2506 5107 2558 5149 et
2588 5097 2812 5166 septima
2837 5101 3020 5167 petitio
3043 5111 3155 5168 est,
3191 5103 3299 5158 Sed
3325 5106 3598 5161 libertinos
3633 5131 3662 5165 α

2081 5188 2236 5240 malo.
2269 5187 2535 5242 Orandu-m
2575 5196 2655 5242 est
2690 5193 2838 5245 enim
2865 5203 2920 5246 ut
2947 5205 3051 5249 non
3079 5196 3264 5251 solum
3304 5213 3408 5253 non
3438 5199 3662 5255 induca-

2080 5295 2202 5333 mur
2224 5280 2273 5332 iu
2297 5281 2512 5349 malum,
2535 5295 2641 5352 quo
2667 5299 2928 5350 cercuros,
2951 5287 3269 5356 quodsexto
3285 5290 3405 5344 loco
3425 5294 3661 5362 petitur;

2077 5372 2174 5426 sed
2201 5371 2269 5426 ab
2298 5373 2385 5426 illo
2414 5375 2572 5427 etiam
2616 5375 2934 5441 liberemur-g-
2959 5379 3198 5449 quo~jam
3225 5381 3421 5437 inducti
3451 5399 3660 5439 sumus.

2079 5463 2230 5528 Quod
2259 5479 2380 5522 eum
2407 5465 2602 5520 tactum
2627 5468 2813 5534 tuerit,
2843 5469 2976 5524 nihil
3019 5473 3315 5528 reniauebit
3345 5473 3659 5532 formidolo-

2074 5567 2217 5618 sum,
2247 5571 2345 5609 nec
2381 5557 2603 5618 omnino
2637 5560 2920 5615 mutanda
2953 5563 3059 5616 erit
3083 5563 3202 5618 ulla
3233 5563 3474 5624 nutatio.
3506 5566 3658 5635 Quod

2078 5653 2253 5703 tamen
2297 5649 2348 5704 in
2393 5649 2490 5704 hac
2532 5651 2634 5706 vita
2666 5653 2913 5738 quamdiu
2951 5654 3106 5740 istaip
3135 5657 3526 5742 “mortalium
3551 5660 3655 5720 cir-

2141 5755 2250 5816 ίειο
2266 5770 2369 5820 an.
2389 5767 2443 5818 At
2468 5763 2601 5828 editi.
2619 5763 2719 5819 sine
2737 5766 2986 5832 utrumme
3010 5775 3102 5822 non
3125 5764 3406 5834 om.

2051 5869 2122 5886 “ﬂ
