3888 6308
411 299 550 358 1287

411 414 567 469 Pater
592 411 768 481 illam.
795 426 904 477 vni,
937 411 1025 478 f5,
1052 419 1098 465 et
1123 408 1293 466 Galat.
1326 425 1402 475 tv,
1429 409 1509 482 6).

479 506 568 562 59.
608 504 747 560 Sane
775 519 879 559 non
920 504 1247 574 negligenter
1286 501 1708 572 prietereundum
1736 508 1818 556 est
1843 500 1986 572 quod

408 616 477 655 ex
501 598 745 654 onmibus
775 598 839 653 iis
876 598 1170 660 sententiis,
1202 597 1393 666 quibus
1418 611 1516 649 nos
1544 610 1699 650 orare
1731 595 1986 649 Dominus

409 690 694 762 praecepit,
722 704 840 745 eam
871 688 1201 757 potissimum
1243 685 1716 741 commendandam
1758 700 1877 740 esse
1898 686 1987 754 ju-

409 782 621 844 dicavit,
646 797 763 851 qua:
783 780 1012 851 pertinet
1038 778 1104 833 ad
1129 777 1493 833 dimissionem
1524 786 1856 845 peccatorum
1885 794 1897 831 :
1930 777 1982 830 in

409 890 513 943 qna
555 887 655 927 nos
699 869 1072 926 misericordes
1117 883 1237 925 esse
1277 868 1460 931 voluit,
1506 866 1646 937 quod
1693 882 1854 920 unum
1904 874 1986 921 est

409 964 686 1019 consilium
717 961 958 1016 miserias
984 959 1260 1016 evadendi.
1290 957 1345 1012 lu
1387 958 1529 1012 nulla
1560 957 1702 1011 enim
1730 957 1829 1011 alia
1864 972 1985 1010 sen-

410 1055 575 1109 tentia
612 1053 689 1108 sic
726 1066 971 1116 oramus,
1020 1059 1081 1105 ut
1105 1049 1260 1119 quasi
1301 1049 1631 1118 paciscamur
1669 1063 1791 1101 eum
1837 1048 1980 1099 Deo:

410 1147 634 1202 dicimus
657 1146 820 1209 enim,
852 1142 1054 1198 Dimitte
1084 1142 1224 1197 nobis
1247 1141 1374 1195 sicut
1399 1149 1445 1195 et
1471 1156 1560 1193 nos
1588 1140 1902 1193 dimittimus.
1929 1137 1983 1191 ln

408 1252 511 1307 qua
544 1236 788 1305 pactione
812 1235 857 1289 si
888 1234 1194 1298 mentimur,
1226 1231 1388 1286 totius
1423 1231 1678 1285 orationis
1708 1230 1880 1283 nullus
1905 1236 1985 1282 est

408 1326 629 1382 fructus.
657 1326 746 1381 Sic
773 1327 916 1381 enim
945 1324 1072 1378 dicit
1097 1343 1111 1377 :
1143 1322 1202 1378 Si
1233 1325 1364 1376 enim
1392 1320 1678 1375 dimiseritis
1703 1318 1986 1372 hominibus

408 1419 590 1474 delicta
613 1434 804 1481 eorum,
835 1416 1046 1470 dimittet
1072 1425 1118 1469 et
1146 1414 1280 1468 vobis
1314 1411 1465 1466 Pater
1488 1421 1644 1466 vester
1663 1411 1747 1480 qui
1766 1411 1820 1463 in
1848 1409 1986 1462 cretis

408 1520 501 1564 est.
535 1510 593 1564 Si
632 1520 797 1563 autent
826 1524 925 1561 non
964 1506 1251 1560 dimiseritis
1281 1503 1562 1557 hominibus
1585 1543 1601 1568 ,
1638 1517 1794 1570 neque
1830 1497 1985 1551 Pater

409 1610 568 1655 vester
588 1600 800 1653 dimittet
831 1597 965 1651 vobis
993 1604 1195 1666 peccata
1220 1604 1399 1649 vestra.

481 1690 705 1746 CAPUT
728 1689 840 1743 XII.
863 1718 935 1729 —
952 1689 1042 1741 40.
1064 1687 1309 1756 Sequitur
1327 1685 1394 1740 de
1415 1683 1617 1754 jejunio
1638 1691 1981 1753 praeceptum,

414 1784 685 1853 pertinens
725 1780 789 1835 ad
830 1778 1070 1835 eamdem
1114 1776 1293 1832 cordis
1329 1775 1721 1830 inundationem
1743 1816 1758 1840 ,
1789 1774 1856 1828 de
1882 1788 1984 1843 qua

411 1891 553 1930 nunc
589 1876 779 1944 agitur.
812 1872 942 1928 Nam
981 1882 1035 1928 et
1062 1872 1116 1926 in
1153 1874 1253 1924 hoc
1279 1884 1439 1940 opere
1479 1868 1768 1925 Cavendum
1807 1876 1890 1921 est
1917 1882 1985 1921 ne

409 1968 664 2035 subrepat
678 1966 851 2034 aliqua
868 1962 1151 2019 ostentatio
1171 1971 1224 2017 et
1243 1961 1507 2030 appetitus
1532 1959 1701 2014 laudis
1718 1958 1979 2022 humanm,

409 2057 500 2127 qui
535 2054 768 2124 duplieet
808 2068 922 2118 cor,
954 2062 1008 2107 et
1049 2067 1155 2106 non
1196 2052 1333 2104 sinat
1376 2049 1633 2105 mundum
1673 2058 1728 2103 et
1761 2049 1982 2117 simplex

411 2160 530 2200 esse
555 2145 621 2199 ad
649 2142 1047 2213 intelligendum
1081 2142 1266 2196 Deum.
1297 2160 1316 2191 ι
1349 2139 1479 2195 Cum
1509 2148 1687 2193 autem
1710 2138 1981 2208 jejunatis,

409 2238 602 2307 inquit,
636 2237 796 2290 nolite
820 2235 952 2298 fieri,
982 2235 1122 2288 sicut
1150 2233 1462 2302 hypocritaa,
1492 2231 1705 2287 tristes:
1737 2228 1989 2284 extermis

411 2338 540 2382 nant
577 2329 718 2383 enim
748 2326 945 2381 vultum
976 2340 1152 2389 suum,
1188 2332 1245 2378 ut
1272 2322 1548 2377 videantur
1575 2321 1876 2376 hominilms
1897 2320 1984 2389 je-

408 2421 674 2492 jnnantes.
720 2420 886 2473 Amen
926 2417 1048 2473 dico
1084 2416 1260 2481 vobis,
1297 2421 1647 2484 perceperunt
1685 2411 1985 2467 mercedem

412 2526 583 2566 suam.
617 2509 722 2562 Vos
756 2519 931 2562 autent
967 2507 1270 2576 jejunantes
1300 2504 1480 2573 ungile
1504 2502 1675 2572 capita
1707 2509 1898 2565 vestra,
1931 2509 1990 2556 et

409 2604 574 2659 facies
609 2611 813 2656 vestras
843 2600 1018 2653 lavate
1039 2639 1053 2663 ,
1096 2614 1163 2652 ne
1202 2594 1484 2650 videamini
1525 2593 1827 2648 hominibus
1850 2591 1961 2662 jeju

411 2705 626 2756 nantes,
670 2692 765 2748 sed
805 2692 945 2745 Patri
989 2697 1172 2744 vestro
1212 2688 1301 2757 qui
1342 2698 1424 2741 est
1464 2686 1515 2740 in
1551 2685 1904 2740 abscondito:
1933 2692 1989 2740 et

415 2782 569 2839 Pater
598 2790 776 2836 vester
813 2781 902 2850 qui
929 2780 1072 2833 videt
1109 2780 1161 2833 in
1187 2776 1519 2840 abscondito,
1553 2776 1739 2831 reddet
1765 2776 1931 2830 vobis.
1959 2792 1982 2830 ι

414 2872 745 2928 Manifestum
773 2881 856 2926 est
881 2870 964 2924 his
995 2869 1272 2941 praeceptis
1296 2882 1510 2922 onmem
1539 2878 1775 2922 nostram
1817 2868 1988 2921 inten-

413 2967 611 3021 tionem
641 2966 691 3019 in
721 2966 970 3019 interiora
998 2962 1185 3032 gaudia
1225 2961 1406 3031 dirigi,
1436 2976 1503 3015 ne
1533 2960 1660 3014 foris
1687 2968 1989 3030 quaerentes

412 3056 712 3111 mercedem
753 3056 876 3108 lmic
917 3054 1112 3107 sacculo
1148 3051 1564 3115 conformemnr,
1593 3059 1648 3105 et
1685 3051 1990 3105 amittamus

415 3146 820 3219 promissionem
847 3154 994 3198 tanto
1022 3142 1288 3198 solidioris
1312 3151 1470 3211 atque
1497 3141 1762 3207 firmioris,
1792 3152 1990 3212 quanto

413 3241 680 3297 interioris
706 3236 1062 3301 beatitudinis,
1086 3252 1188 3306 qua
1215 3251 1314 3290 nos
1334 3236 1497 3306 elegit
1526 3236 1666 3291 Deus
1689 3236 1989 3294 eonformes

413 3335 528 3391 fieri
560 3333 801 3404 imaginis
829 3330 948 3386 Filii
974 3330 1090 3400 ejus
1119 3330 1293 3401 (Rom.
1318 3344 1433 3391 vm.
1458 3328 1575 3400 29).

482 3432 572 3485 41.
613 3429 669 3483 ltt
697 3427 798 3482 hoc
834 3436 1008 3480 autem
1034 3423 1267 3494 capitulo
1292 3423 1520 3477 maxime
1560 3422 1991 3479 animadverten-

415 3521 541 3578 dum
565 3529 667 3587 est,
689 3534 794 3572 non
817 3519 870 3572 in
897 3517 1013 3571 solo
1034 3530 1213 3571 rerum
1239 3528 1611 3584 corporearum
1639 3516 1810 3569 nitore
1828 3523 1990 3585 atque

415 3628 629 3685 pompa,
672 3611 765 3666 sed
809 3611 968 3665 etiam
1011 3607 1065 3663 in
1110 3608 1238 3678 ipsis
1282 3606 1527 3663 sordibus
1576 3607 1828 3661 luctuosis
1870 3622 1991 3664 esse

417 3718 575 3775 posse
614 3702 960 3772 jactantiam;
1009 3707 1066 3753 et
1108 3713 1174 3753 eo
1220 3697 1657 3768 periculosiorem
1684 3740 1697 3763 ,
1743 3712 1850 3768 quo
1890 3699 1990 3754 sub

417 3789 635 3850 nomine
669 3791 939 3847 servitutis
971 3789 1064 3844 Dei
1105 3787 1316 3858 decipit.
1349 3788 1447 3855 Qui
1486 3803 1613 3858 ergo
1644 3788 1990 3843 immoderato

417 3888 559 3941 cultu
596 3885 836 3953 corporis
872 3891 1031 3951 atque
1070 3881 1289 3936 vestitus
1330 3881 1414 3935 vel
1454 3891 1764 3936 camerarum
1812 3896 1991 3936 rerum

416 3976 591 4030 nitore
615 3972 911 4044 prtefulget,
940 3971 1089 4026 facile
1124 3971 1456 4026 convincitur
1484 3972 1642 4026 rebus
1668 3973 1814 4043 ipsis,
1842 3988 1994 4044 pom-

416 4081 602 4137 parum
647 4062 826 4118 saeculi
871 4077 990 4118 esse
1037 4069 1300 4125 sectator,
1353 4076 1451 4116 nec
1496 4078 1812 4132 quemquam
1861 4063 1992 4117 fallit

418 4158 601 4216 dolosa
638 4156 865 4227 imagine
890 4155 1223 4210 sanctitatis:
1251 4155 1338 4224 qui
1367 4163 1544 4209 autem
1581 4155 1631 4209 in
1659 4155 1991 4225 professione

418 4249 830 4307 Christianitatis
857 4248 1106 4302 inusitato
1131 4247 1378 4316 squalore
1403 4263 1465 4302 ac
1491 4248 1736 4302 sordibus
1763 4249 1992 4304 intentos

416 4344 471 4397 in
513 4358 572 4397 se
612 4341 798 4396 oculos
839 4339 1109 4395 hominum
1142 4338 1281 4403 facit,
1314 4354 1434 4393 cum
1465 4338 1517 4392 id
1547 4338 1816 4393 voluntate
1842 4339 1988 4408 facit,

418 4450 526 4490 non
561 4434 877 4489 necessitate
907 4431 1105 4500 patitur
1122 4471 1137 4496 ,
1166 4430 1373 4484 caeteris
1401 4430 1517 4499 ejus
1545 4430 1792 4499 operibus
1819 4440 1994 4500 potest

415 4527 605 4597 conjici
621 4534 796 4582 utrum
819 4525 920 4579 hoc
933 4521 1501 4592 contetnplusuperllui
1519 4522 1709 4585 cultus.
1732 4538 1797 4576 an
1825 4523 1991 4578 ambi-

418 4620 565 4675 tione
591 4620 763 4688 aliqua
793 4617 946 4672 faciat
970 4634 984 4682 ;
1024 4616 1144 4687 quia
1175 4626 1231 4671 et
1254 4615 1357 4670 sub
1381 4615 1536 4669 ovina
1561 4615 1697 4683 pelle
1724 4616 1992 4672 cavendos

415 4710 569 4781 lupos
613 4708 865 4763 Dominus
909 4708 1199 4777 pra-cepit;
1248 4706 1341 4761 sed
1385 4723 1446 4760 ea:
1490 4706 1751 4776 fructibus,
1802 4707 1988 4776 inquit,

417 4817 590 4857 eorum
628 4798 933 4870 cognoscetis
970 4813 1074 4851 eos.
1099 4796 1230 4851 Cum
1258 4797 1401 4852 enim
1431 4799 1692 4867 coeperint
1731 4798 1993 4866 aliquibus

413 4894 795 4950 tentationibus
832 4906 895 4947 ea
938 4891 1050 4960 ipsa
1094 4891 1197 4944 illis
1239 4890 1479 4944 subtrahi
1517 4891 1602 4946 vel
1642 4894 1841 4963 negari,
1875 4909 1993 4962 qua:

414 4984 519 5043 isto
541 4986 805 5041 velamine
823 4983 907 5038 vel
925 4980 1196 5037 consecuti
1215 4989 1360 5046 sunt,
1379 4981 1462 5036 vel
1482 4984 1733 5052 consequi
1754 4984 1989 5051 cupiunt,

413 5087 543 5133 tunc
566 5090 784 5131 necesse
819 5084 902 5129 est
926 5081 1177 5145 appareat
1205 5081 1383 5127 utrum
1417 5073 1572 5141 lupus
1600 5073 1650 5126 in
1677 5074 1832 5128 ovina
1858 5073 1995 5143 pelle

416 5172 505 5238 sit,
528 5187 603 5225 an
625 5170 739 5224 ovis
759 5169 810 5223 in
841 5184 955 5223 sua.
984 5167 1097 5223 Non
1118 5168 1263 5223 enim
1290 5176 1569 5237 propterea
1590 5176 1777 5221 ornatu
1805 5184 1993 5237 super-

415 5262 522 5316 fluo
566 5262 725 5317 debet
771 5266 1015 5330 aspectus
1054 5258 1329 5314 hominum
1378 5258 1614 5313 mulcere
1654 5258 1991 5326 christianus,

415 5353 537 5424 quia
572 5352 716 5406 illum
744 5366 959 5422 parcum
992 5350 1230 5405 habitum
1255 5364 1318 5403 ac
1345 5349 1706 5404 necessarium
1737 5350 1896 5404 etiam
1924 5350 1997 5404 si-

415 5445 707 5499 mulatores
750 5443 945 5512 sepius
988 5448 1264 5512 usurpant,
1301 5449 1360 5495 ut
1404 5441 1644 5496 incautos
1689 5441 1991 5510 decipiant:

416 5538 538 5606 quia
566 5546 621 5592 et
649 5536 750 5591 illa:
779 5552 906 5591 oves
936 5550 1043 5590 non
1068 5536 1267 5591 debent
1293 5534 1463 5604 pelles
1488 5550 1612 5589 suas
1637 5534 1923 5605 deponere,
1950 5534 1996 5591 si

418 5626 700 5698 aliquando
727 5630 806 5684 eis
835 5628 941 5698 lupi
968 5642 1027 5683 se
1054 5634 1359 5697 contegunt.

486 5718 576 5773 «ίῖ.
601 5718 775 5783 Quaeri
803 5733 931 5789 ergo
966 5720 1105 5779 solet
1128 5718 1256 5788 quid
1282 5719 1518 5791 sitquod
1546 5720 1647 5784 ait,
1688 5719 1787 5777 Vos
1830 5731 1995 5775 autem

1214 296 1305 354 DE
1342 294 1666 355 SERMONE
1705 291 1941 353 DOMINI
1976 292 2044 351 IN
2080 290 2336 359 MONTE,
2374 291 2431 348 S.
2471 286 2837 347 AUGUSTlNl

3521 289 3668 352 1288

2092 423 2206 460 cum
2220 405 2487 478 jejunatis,
2515 404 2686 474 ungite
2710 402 2878 474 capita
2897 409 3078 465 vestra,
3108 409 3156 456 et
3183 401 3340 472 facies
3364 413 3561 461 vestras
3581 406 3679 462 lg-

2095 509 2224 563 vate,
2261 516 2322 554 ne
2362 499 2627 552 videamini
2671 496 2953 550 hominibus
2992 495 3301 567 jejunanles.
3355 495 3473 551 Non
3532 500 3677 557 enim

2091 591 2349 659 quispiam
2381 600 2524 646 recte
2546 598 2876 658 praeceperit,
2891 587 3128 658 quamvis
3154 586 3343 643 faciem
3364 592 3677 660 quotidiana

2089 684 2471 740 consuetudine
2516 683 2780 746 lavemus,
2839 681 3010 735 unctis
3052 682 3210 736 etiam
3246 683 3516 753 capitibus
3553 698 3675 740 cum

2083 773 2404 845 jcjunamus,
2456 789 2553 829 nos
2595 789 2714 829 esse
2761 773 2978 829 debere.
3025 772 3176 840 Quod
3223 773 3269 827 si
3305 774 3678 844 turpissimum

2088 879 2274 920 omnes
2321 864 2571 931 fatentur,
2623 863 3019 933 intelligendum
3059 872 3143 917 est
3193 861 3295 919 hoc
3346 876 3679 935 prmeeptutn

2092 957 2319 1028 ungendi
2347 962 2611 1027 caput,‘et
2648 956 2837 1010 faciem
2870 954 3109 1021 lavandi,
3133 954 3198 1010 ad
3237 956 3553 1012 interiorem
3585 958 3681 1012 ho-

2086 1049 2284 1101 minem
2323 1049 2607 1118 pertinuere.
2649 1046 2855 1116 Ungere
2899 1061 3027 1117 ergo
3075 1057 3262 1116 caput,
3315 1048 3383 1101 ad
3437 1048 3679 1104 laetitiam

2090 1139 2352 1208 pertinet;
2384 1138 2558 1190 lavare
2585 1145 2760 1190 autent
2793 1138 3002 1203 faciem,
3020 1135 3087 1191 ad
3102 1137 3415 1192 munditiun
3442 1155 3458 1191 :
3482 1149 3540 1193 et
3560 1140 3680 1194 ideo

2089 1237 2245 1298 caput
2271 1228 2416 1296 ungit
2443 1227 2531 1297 qui
2567 1228 2775 1281 lilililllll‘
2804 1226 3023 1282 interius
3046 1232 3225 1282 mente
3251 1237 3411 1294 atque
3442 1229 3673 1283 ratione.

2088 1320 2201 1375 lloe
2254 1322 2394 1374 enim
2444 1329 2589 1374 recte
2637 1320 2927 1388 accipimus
2975 1329 3156 1388 caput,
3206 1319 3345 1388 quod
3390 1319 3446 1372 in
3499 1322 3676 1373 anima

2090 1412 2419 1480 prmeminet.
2445 1421 2501 1465 et
2539 1426 2644 1481 quo
2681 1420 2871 1465 caetera
2905 1409 3135 1463 hominis
3162 1410 3273 1480 regi
3302 1418 3356 1463 ct
3382 1410 3677 1480 gubernari

2090 1504 2424 1558 manifestum
2452 1512 2553 1558 est.
2585 1504 2648 1557 Et
2674 1503 2772 1556 hoc
2801 1501 2923 1556 facit
2948 1501 3037 1572 qui
3066 1518 3171 1555 non
3201 1502 3328 1555 foris
3359 1503 3557 1570 quaerit
3586 1502 3676 1555 lae-

2091 1597 2277 1660 titiam,
2324 1605 2379 1650 ut
2415 1596 2482 1650 de
2523 1595 2767 1649 laudibus
2797 1595 3067 1648 hominum
3098 1594 3382 1648 carnaliter
3421 1592 3672 1662 gaudeat.

2088 1687 2225 1742 Caro
2253 1687 2394 1742 enim
2423 1702 2542 1757 qua:
2572 1685 2807 1755 subjecta
2843 1699 2961 1740 esse
2988 1684 3187 1748 debet,
3221 1684 3367 1737 nullo
3403 1684 3569 1737 modo
3596 1692 3676 1737 est

2092 1781 2253 1835 totius
2280 1790 2480 1834 natura:
2509 1779 2750 1832 humanm
2786 1787 2961 1847 caput.
3006 1774 3173 1831 Nemo
3200 1778 3415 1846 quidem
3452 1793 3675 1845 unquam

2086 1887 2291 1924 carnem
2327 1887 2473 1924 suam
2513 1870 2628 1925 odio
2664 1868 2839 1923 habuit
2859 1909 2873 1933 ,
2900 1870 3038 1924 sicut
3061 1868 3348 1939 Apostolus
3372 1868 3524 1933 dicit,
3553 1884 3673 1922 eum

2086 1961 2156 2017 de
2194 1962 2459 2031 diligenda
2503 1975 2666 2017 uxore
2695 1960 2933 2031 pra:cipit
2972 1958 3189 2029 (Epltes.
3226 1974 3278 2021 v,
3306 1959 3377 2013 25
3409 1959 3502 2028 ’55)
3534 1977 3547 2010 :
3579 1958 3671 2013 sed

2088 2063 2246 2124 caput
2272 2054 2508 2108 mulieris
2534 2053 2633 2110 vir.
2664 2054 2747 2106 cui
2777 2051 2890 2104 viro
2916 2061 3074 2119 caput
3099 2060 3183 2104 est
3212 2049 3455 2104 Christus
3483 2051 3524 2121 (l
3554 2049 3670 2102 Cor.

2090 2161 2140 2199 ιι
2163 2185 2177 2209 ,
2214 2146 2288 2213 5).
2335 2144 2561 2199 Interius
2590 2158 2717 2214 ergo
2742 2143 2967 2212 gaudeat
2993 2144 3044 2196 in
3065 2141 3269 2211 jejunio
3308 2156 3427 2203 suo,
3458 2156 3525 2194 eo
3558 2141 3672 2209 ipso

2086 2250 2193 2304 quo
2214 2234 2291 2289 sic
2316 2249 2375 2288 se
2396 2234 2684 2304 jejunando
2726 2234 2918 2288 avertit
2953 2250 2981 2285 a
3018 2234 3290 2301 voluptate
3317 2232 3499 2287 saeculi
3526 2242 3585 2285 ut
3605 2232 3672 2285 sit

2086 2324 2330 2379 subditus
2360 2325 2590 2388 Christo,
2621 2325 2711 2393 qui
2732 2324 3024 2378 secundum
3048 2323 3147 2377 hoc
3171 2333 3493 2392 praeceptum
3514 2332 3672 2391 caput

2090 2429 2303 2472 unctum
2349 2415 2543 2471 habere
2566 2415 2956 2487 desiderat.le
2983 2417 3125 2471 enim
3157 2425 3209 2470 et
3239 2414 3425 2469 faciem
3455 2414 3669 2478 lavabit,

2090 2505 2141 2560 id
2172 2516 2272 2572 est,
2300 2521 2394 2560 cor
2422 2505 2717 2571 mundabit,
2745 2521 2851 2575 quo
2882 2506 3090 2561 \lSUf'US
3116 2515 3199 2560 est
3230 2507 3424 2571 Deum,
3459 2523 3564 2559 non
3595 2508 3673 2560 in-

2090 2599 2348 2666 terposito
2377 2597 2636 2652 velamine
2676 2610 2894 2667 propter
2943 2597 3298 2652 infirmitatem
3342 2608 3672 2652 eunti-actam

2090 2688 2158 2744 de
2183 2689 2460 2753 sordibus;
2484 2688 2576 2744 sed
2606 2690 2788 2743 firmus
2815 2698 2873 2745 et
2898 2689 3123 2752 stabilis,
3154 2691 3404 2759 quoniam
3444 2690 3673 2744 mundus

2090 2788 2144 2835 et
2168 2780 2419 2849 simplex.
2446 2778 2729 2843 Lavamini,
2758 2780 2948 2851 inquit,
2974 2781 3150 2834 mundi
3174 2791 3346 2843 estote,
3368 2785 3567 2850 auferte
3586 2798 3672 2835 rte-

2088 2872 2270 2938 quitias
2308 2872 2370 2924 ab
2418 2872 2601 2925 animis
2628 2872 2831 2938 uestris,
2861 2882 3009 2942 atque
3036 2888 3069 2924 α
3096 2880 3363 2942 conspectu
3406 2871 3672 2926 oculorum

2092 2977 2315 3016 meorum
2350 2959 2501 3033 (Isai.
2547 2978 2584 3028 ι,
2620 2960 2729 3032 lli).
2772 2963 2855 3017 Ab
2899 2962 2982 3018 his
3033 2962 3190 3033 igitur
3229 2964 3477 3018 sordibus
3507 2964 3671 3020 facies

2092 3065 2274 3109 nostra
2295 3053 2513 3108 lavanda
2539 3064 2640 3119 est,
2658 3053 2844 3124 quibus
2869 3055 2957 3109 Dei
2978 3066 3226 3124 aspectus
3241 3054 3544 3108 offenditur.
3563 3054 3670 3109 Nus

2091 3144 2233 3199 enim
2263 3145 2490 3199 revelata
2523 3144 2654 3199 facie
2682 3144 2902 3213 gloriam
2951 3144 3155 3200 Domini
3200 3145 3534 3216 speculantes
3554 3185 3573 3210 ,
3617 3146 3670 3200 in

2094 3234 2336 3290 eamdem
2376 3235 2659 3304 imaginem
2692 3234 3185 3289 transformabintur
3206 3234 3269 3307 (ll
3297 3232 3414 3290 Cor.
3442 3250 3517 3298 ut,
3560 3234 3665 3307 l8).

2160 3326 2252 3381 45.
2278 3326 2429 3397 δίιιρυ
2458 3326 2615 3379 etiam
2653 3325 2900 3396 cogitatio
2939 3327 3355 3381 neces-ariarum
3391 3341 3571 3380 rerum
3600 3326 3671 3380 ad

2093 3418 2248 3473 istam
2278 3419 2437 3473 vitam
2466 3419 2864 3488 pertinentium,
2891 3420 3087 3474 sauciat
3115 3429 3168 3474 ct
3188 3418 3423 3474 sordidat
3452 3420 3671 3474 interio-

2091 3526 2205 3565 rem
2249 3511 2463 3566 oculum
2507 3520 2775 3576 nostrum;
2802 3520 2853 3564 et
2883 3512 3191 3582 plerumque
3214 3525 3308 3565 eor
3329 3511 3583 3581 duplicat,
3616 3522 3672 3567 ut

2093 3617 2154 3659 ea
2186 3618 2303 3671 qum
2331 3602 2573 3657 videmur
2596 3617 2714 3657 cum
2744 3601 3046 3656 hominibus
3076 3612 3218 3657 recte
3248 3602 3445 3669 facere,
3479 3622 3584 3659 non
3608 3620 3671 3660 eo

2093 3693 2255 3746 corde
2279 3692 2533 3746 faciamus
2562 3709 2666 3762 quo
2697 3692 2952 3746 Dominus
2982 3692 3251 3762 pra-cipit,
3300 3693 3351 3748 id
3396 3704 3513 3757 est,
3561 3711 3670 3750 non

2094 3785 2214 3853 quia
2258 3800 2349 3840 eos
2378 3785 2644 3853 diligimus
2666 3824 2681 3847 ,
2718 3783 2811 3838 sed
2852 3783 2973 3853 quia
3002 3784 3337 3837 commodum
3369 3785 3435 3837 ab
3464 3785 3546 3839 eis
3570 3785 3669 3839 ali-

2093 3878 2233 3946 quod
2283 3886 2496 3948 propter
2546 3877 2913 3932 necessitatem
2959 3879 3238 3945 prtcsentis
3285 3878 3406 3930 vita:
3447 3879 3669 3945 adipisci

2093 3970 2354 4023 volumus.
2388 3968 2648 4023 Debemus
2669 3978 2845 4023 autem
2878 3966 3190 4024 benefacere
3212 3968 3317 4023 illis
3341 3980 3559 4039 prepter
3580 3987 3669 4026 sa-

2094 4059 2256 4115 lutem
2285 4061 2519 4130 ipsorum
2545 4071 2816 4124 :t-terttam,
2844 4076 2948 4116 non
2974 4070 3190 4132 propter
3217 4065 3505 4134 temporale
3526 4079 3671 4117 com-

2092 4154 2310 4209 modum
2349 4166 2606 4209 nostrum.
2642 4154 2861 4210 lnclinet
2884 4170 3010 4225 ergo
3039 4156 3177 4211 Deus
3203 4171 3296 4211 cor
3333 4167 3572 4212 nostrum
3618 4160 3670 4214 in

2095 4245 2395 4298 testimonia
2425 4260 2541 4310 sua,
2572 4254 2626 4300 et
2654 4261 2759 4300 non
2789 4246 2841 4299 in
2866 4246 3279 4301 emolumentum
3297 4245 3468 4318 (Psol.
3489 4263 3668 4315 exsul,

2093 4339 2186 4408 56)
2234 4338 2375 4392 Finis
2397 4340 2539 4393 enim
2569 4340 2813 4407 praecepti
2844 4348 2922 4394 est
2951 4338 3182 4394 cltaritas
3212 4340 3279 4395 de
3302 4341 3465 4396 corde
3496 4358 3629 4413 puro
3648 4383 3664 4409 ,

2093 4438 2148 4484 et
2173 4431 2494 4485 conscientia
2527 4430 2695 4499 bona,
2735 4439 2790 4486 et
2829 4430 2933 4486 fide
2971 4448 3076 4484 non
3120 4432 3238 4487 ficta
3268 4432 3322 4503 (l
3348 4432 3482 4486 Tim.
3513 4450 3552 4500 ι,
3590 4436 3668 4506 5).

2094 4522 2194 4589 Qui
2232 4531 2405 4578 autem
2452 4532 2669 4593 propter
2713 4538 2862 4579 suam
2909 4524 2961 4577 in
3008 4525 3108 4579 hac
3152 4526 3258 4580 vita
3300 4516 3669 4582 necessitatem

2096 4614 2238 4669 fratri
2267 4615 2497 4669 consulit
2520 4653 2534 4677 ,
2585 4629 2690 4668 non
2737 4615 2920 4686 utique
2963 4614 3220 4673 charitate
3256 4618 3520 4683 consulit;
3552 4618 3670 4689 quia

2095 4720 2200 4759 non
2228 4705 2324 4769 illi,
2356 4721 2514 4774 quem
2540 4705 2699 4761 debet
2724 4714 2970 4774 tanquam
3015 4708 3248 4776 stipsum
3274 4708 3497 4778 diligere
3520 4750 3535 4773 ,
3581 4708 3671 4765 sed

2094 4799 2193 4853 sibi
2234 4800 2461 4853 consulit
2513 4818 2525 4852 :
2576 4797 2659 4853 vel
2704 4799 2878 4867 potius
2923 4814 3018 4855 nee
3056 4799 3199 4864 sibi;
3244 4800 3671 4871 quandoquidem

2093 4891 2219 4945 hinc
2236 4892 2335 4945 sibi
2366 4891 2488 4944 facit
2504 4890 2699 4960 duplex
2727 4905 2843 4957 cor,
2867 4907 2972 4961 quo
2999 4892 3281 4962 impeditur
3300 4892 3368 4947 ad
3388 4893 3670 4949 videndum

2096 4981 2289 5040 Deum;
2328 4982 2382 5035 in
2424 4997 2524 5051 qua
2563 4981 2677 5036 sola
2713 4983 2916 5038 visione
2946 4982 3216 5039 beatitudo
3235 4994 3317 5040 est
3345 4996 3489 5039 certa
3519 4996 3673 5055 atque

2099 5080 2369 5141 perpetua.

2165 5162 2388 5217 CAPUT
2429 5162 2564 5216 Xlll.
2600 5192 2670 5202 —
2696 5163 2785 5218 44.
2822 5162 2986 5220 Recte
3008 5180 3136 5235 ergo
3166 5166 3426 5235 sequitur,
3452 5173 3505 5219 et
3536 5180 3677 5233 pra:-

2094 5255 2249 5323 cipit,
2296 5253 2387 5323 qui
2434 5254 2735 5309 mundando
2776 5256 2922 5310 cordi
2976 5266 3159 5311 nostro
3210 5257 3404 5320 instat,
3442 5256 3673 5312 dicens:

2104 5366 2123 5399 ι
2158 5346 2332 5402 Nolite
2359 5346 2510 5402 vobis
2546 5346 2778 5402 condere
2808 5349 3082 5404 thesauros
3121 5350 3172 5403 in
3221 5357 3379 5412 terra,
3420 5348 3510 5405 ubi
3540 5349 3675 5402 tinea

2099 5445 2155 5495 et
2176 5447 2474 5495 comestura
2502 5438 2856 5494 exterminant
2886 5440 2901 5470 ³
2919 5479 2934 5504 ,
2962 5448 3021 5492 et
3054 5440 3140 5493 ubi
3173 5439 3319 5495 fures
3343 5439 3603 5494 effodiunt
3629 5447 3678 5495 et

2164 5605 2176 5635 ε
2205 5604 2277 5653 sic
2292 5603 2473 5651 habent
2502 5606 2609 5650 Mss.
2639 5607 2691 5651 et
2718 5607 2845 5661 Maia,
2864 5614 3048 5650 neeum
3084 5603 3338 5664 typrianus
3360 5602 3408 5648 in
3435 5599 3520 5649 lib.
3556 5601 3605 5661 3,
3624 5600 3679 5664 ad

2098 5666 2357 5724 Quirinum.
2402 5670 2455 5713 At
2480 5672 2577 5712 λιιι.
2611 5668 2685 5710 Er.
2710 5671 2760 5712 et
2782 5660 2911 5720 Lata,
2936 5664 3016 5713 ubi
3036 5660 3201 5718 rerum
3219 5667 3266 5707 θλ
3296 5660 3426 5712 tinea
3456 5660 3683 5713 exterriti-

2101 5734 2233 5786 mnu,
2253 5733 2299 5775 et
2322 5725 2507 5786 reliqua
2536 5726 2859 5787 ἔδακε-(θείς.
2884 5732 2939 5775 ut
2958 5724 3137 5787 sul-rut,
3156 5737 3373 5781 metu.
3389 5725 3667 5781 vannum
