3888 6314
346 374 479 435 [989

340 490 579 545 furantur
630 508 643 544 :
696 490 1046 547 tltesaurizate
1104 500 1278 548 autem
1334 495 1482 550 vobis
1536 495 1816 553 thesauros
1864 498 1917 554 in

339 584 493 647 emlo,
524 583 608 636 ubi
640 598 809 653 neque
836 584 972 638 tinea
1008 600 1179 655 neque
1206 597 1506 641 eomestura
1538 590 1914 653 exterminant,

337 682 390 727 et
416 674 501 727 ubi
529 674 674 729 fures
701 691 804 729 non
834 675 1091 730 ell‘odiuut
1118 693 1216 731 nee
1245 677 1507 733 furantur.
1536 678 1636 734 Ubi
1668 680 1809 734 enim
1835 690 1918 735 est

340 762 615 819 thesaurus
664 774 815 829 tuus,
869 766 938 819 ibi
985 767 1086 821 erit
1121 776 1175 821 et
1215 783 1307 822 cur
1335 777 1501 822 tuum.
1545 788 1562 820 ι
1600 768 1739 838 Ergo
1775 770 1820 822 si
1862 770 1914 825 in

338 863 474 907 terra
504 857 601 909 erit
628 870 753 921 cor,
798 856 850 909 id
885 864 1002 922 est,
1048 858 1093 910 si
1134 873 1199 912 eo
1227 858 1387 913 corde
1416 859 1637 928 quisque
1664 868 1916 929 operetur

335 945 548 1015 aliquid,
583 955 644 1002 ut
682 956 949 1001 terrenum
1002 949 1339 1003 commodum
1385 949 1730 1019 adipiscatur,
1777 967 1911 1020 quo-

334 1036 495 1090 modo
518 1035 619 1089 erit
643 1036 917 1101 mundum,
938 1036 1149 1106 quodin
1178 1046 1317 1093 terra
1343 1038 1640 1093 volutatur?
1660 1039 1714 1094 Si
1735 1049 1912 1093 autem

334 1126 385 1179 in
413 1126 571 1192 cmlo,
601 1126 856 1181 mundum
878 1127 999 1192 erit,
1027 1128 1148 1197 quia
1186 1128 1382 1181 munda
1410 1138 1531 1182 sunt
1565 1144 1912 1199 quaecumque

332 1220 588 1275 ctelestia.
620 1220 891 1276 Sordescit
925 1220 1067 1273 enim
1105 1219 1301 1290 aliquid
1322 1262 1336 1286 ,
1366 1236 1488 1274 eum
1545 1221 1780 1277 inferiori
1808 1225 1910 1276 mi-

331 1320 506 1363 scetur
540 1319 762 1374 natura,
804 1308 1045 1378 quamvis
1072 1309 1124 1362 in
1160 1322 1257 1363 suo
1280 1324 1475 1379 genere
1502 1326 1605 1364 non
1637 1311 1865 1367 sordidae
1892 1328 1906 1377 ;

328 1400 450 1469 quia
497 1400 657 1453 etiam
706 1397 773 1453 de
821 1413 953 1467 puro
1007 1407 1225 1468 argento
1272 1398 1575 1454 sordidatur
1607 1416 1826 1468 aurum,
1865 1402 1910 1456 si

330 1493 612 1546 misceatur
646 1508 658 1543 :
690 1490 762 1544 ita
790 1499 845 1544 et
872 1490 1080 1545 animus
1126 1499 1308 1545 noster
1338 1500 1670 1547 terrenornm
1706 1493 1911 1563 cupidi-

330 1592 434 1636 tate
458 1582 736 1646 sordeseit,
755 1582 998 1651 quamvis
1024 1581 1134 1651 ipsa
1162 1589 1304 1636 terra
1331 1583 1381 1636 in
1403 1597 1501 1637 suo
1526 1599 1723 1652 genere
1749 1592 1907 1655 atque

327 1674 513 1729 ordine
542 1674 738 1729 munda
782 1675 870 1728 sit.
901 1673 1109 1729 Caelum
1148 1686 1325 1729 autem
1357 1676 1459 1730 hoc
1488 1677 1606 1732 loco
1633 1692 1738 1732 non
1783 1692 1906 1732 cor-

328 1781 545 1834 porcum
596 1766 1000 1836 acceperimus,
1043 1766 1165 1836 quia
1209 1781 1368 1822 omne
1414 1783 1607 1837 corpus
1647 1784 1742 1838 pro
1770 1779 1908 1824 terra

328 1855 626 1911 habendum
673 1866 774 1912 est.
816 1856 1009 1912 Totum
1058 1858 1198 1911 enim
1227 1858 1479 1912 mundum
1519 1858 1675 1913 debet
1726 1869 1910 1915 conte-

326 1962 529 2012 mnere,
552 1948 641 2018 qui
667 1947 767 2001 sibi
799 1946 1119 2003 thesaurizat
1152 1948 1203 2001 in
1221 1949 1379 2005 cmlo.
1406 1948 1461 2003 in
1490 1950 1582 2004 illo
1604 1966 1732 2021 ergo
1766 1953 1904 2007 coelo

326 2039 393 2095 de
420 2055 525 2110 quo
549 2040 745 2095 dictum
780 2050 881 2105 est,
914 2039 1103 2093 Caelum
1142 2039 1255 2094 caeli
1291 2040 1512 2096 Domino
1557 2042 1727 2115 (Psal.
1755 2060 1902 2113 cxm,

327 2132 495 2201 16),ἰά
516 2133 667 2188 estin
688 2132 1020 2188 ﬁrmamento
1032 2134 1311 2203 spirituali,
1327 2151 1431 2191 non
1452 2139 1592 2191 enim
1613 2137 1663 2191 in
1686 2154 1750 2191 eo
1766 2140 1905 2207 quod

326 2226 562 2290 transiet,
592 2226 914 2281 constituere
947 2234 1000 2280 et
1026 2226 1288 2281 collocare
1315 2226 1570 2283 debemus
1598 2229 1905 2286 thesaurum

326 2325 562 2369 nostrum
584 2326 635 2369 et
656 2330 748 2370 cor
767 2325 1026 2379 nostrum,
1050 2316 1144 2371 sed
1163 2317 1213 2369 in
1236 2332 1301 2371 co
1316 2317 1455 2384 quod
1472 2332 1683 2388 semper
1695 2329 1900 2375 manet:

322 2406 513 2459 coelum
538 2414 711 2459 autem
748 2414 801 2459 et
834 2415 974 2459 terra
1002 2405 1261 2460 transient
1287 2406 1497 2476 (Matth.
1532 2410 1802 2481 xxw,55).

391 2495 563 2550 45.Et
581 2496 665 2551 hic
695 2496 997 2551 manifestat
1020 2497 1087 2551 de
1114 2498 1417 2553 mundando
1442 2500 1602 2556 corde
1629 2520 1686 2556 se
1713 2513 1902 2559 cuncta

323 2585 421 2639 ista
468 2587 791 2655 prmeipere,
840 2602 958 2640 cum
993 2587 1163 2642 dicit:
1205 2607 1222 2639 ‹
1263 2590 1498 2644 Lucerna
1546 2593 1785 2661 corporis
1829 2594 1900 2647 tui

321 2677 505 2731 oculus
531 2685 650 2732 tuus
677 2688 777 2732 est.
818 2678 871 2733 Si
915 2693 1043 2745 ergo
1082 2679 1266 2734 oculus
1296 2691 1414 2735 tuus
1443 2683 1664 2752 simplex
1705 2684 1900 2753 fuerit,

323 2774 490 2822 totum
511 2782 704 2836 corpus
721 2778 866 2822 tuum
886 2768 1117 2823 lucidum
1146 2770 1265 2824 erit.
1294 2770 1350 2826 Si
1375 2782 1549 2827 autem
1575 2774 1760 2830 oculus
1783 2783 1902 2831 tuus

320 2872 546 2928 nequam
586 2867 687 2922 est,
721 2868 887 2913 totum
917 2874 1109 2928 corpus
1138 2868 1284 2914 tuum
1316 2861 1655 2917 tenebrosum
1694 2865 1814 2919 erit.
1846 2864 1900 2921 Si

318 2963 448 3018 ergo
481 2948 658 3003 lumen
701 2948 841 3018 quod
881 2951 934 3003 in
974 2958 1024 3003 te
1058 2958 1174 3015 est,
1213 2952 1446 3005 tenebras
1484 2962 1627 3019 sunt,
1669 2955 1900 3011 tenebra:

318 3039 570 3107 quantm?
605 3058 623 3091 ι
655 3039 751 3106 Qui
782 3039 931 3094 locus
968 3040 1045 3094 sic
1078 3040 1451 3110 intelligendus
1480 3053 1581 3108 est,
1609 3052 1665 3098 ut
1685 3047 1897 3101 noveri-

319 3147 437 3186 mus
479 3132 654 3185 omnia
688 3147 849 3201 opera
888 3142 1067 3187 nostra
1096 3141 1222 3187 tunc
1248 3148 1368 3189 esse
1397 3136 1590 3190 munda
1614 3144 1668 3191 et
1691 3137 1899 3206 placere

318 3223 369 3278 in
397 3231 684 3291 conspectu
717 3224 843 3286 Dei,
888 3223 931 3276 si
972 3223 1099 3277 ﬁant
1144 3224 1370 3292 simplici
1396 3228 1576 3291 corde,
1608 3228 1659 3280 id
1683 3238 1782 3291 est,
1813 3230 1897 3283 in-

319 3315 553 3369 tentione
590 3329 816 3384 superna
858 3313 962 3368 fine
1004 3315 1091 3368 illo
1137 3315 1437 3381 charitatis;
1479 3318 1599 3386 quia
1636 3326 1689 3372 et
1723 3320 1899 3389 pleni-

319 3406 449 3460 tudo
478 3406 606 3475 legis
634 3404 862 3459 cltaritas
891 3404 1066 3474 (Rom.
1110 3420 1224 3470 xm,
1272 3405 1383 3477 10).
1411 3408 1630 3462 Oculum
1661 3425 1789 3479 ergo
1813 3410 1900 3468 hic

318 3498 559 3565 accipere
603 3497 857 3551 debemus
901 3498 1067 3566 ipsam
1112 3497 1455 3554 intentionem
1511 3516 1611 3570 qua
1677 3501 1898 3559 facimus

318 3586 569 3657 quidquid
613 3585 834 3640 facimus
866 3604 879 3638 :
916 3601 1034 3655 qua:
1078 3586 1123 3640 si
1168 3587 1361 3642 munda
1392 3588 1548 3643 fuerit
1571 3599 1623 3645 et
1645 3600 1810 3659 recta,
1842 3603 1898 3648 et

318 3675 446 3730 illud
484 3676 747 3745 aspiciens
776 3674 914 3745 quod
957 3676 1316 3745 aspiciendam
1363 3687 1473 3744 est;
1518 3681 1693 3734 omnia
1735 3696 1897 3752 opera

318 3776 518 3833 nostra,
548 3783 665 3837 quae
709 3768 1000 3822 secundum
1039 3783 1156 3822 eam
1199 3783 1510 3837 operamur,
1554 3787 1773 3829 necesse
1812 3784 1894 3829 est

320 3859 456 3913 bona
479 3858 602 3913 sint.
626 3860 754 3925 Qua:
780 3859 955 3914 omnia
983 3874 1145 3929 opera
1170 3868 1337 3915 totum
1362 3876 1553 3931 corpus
1574 3866 1888 3936 appellavit;

317 3949 437 4019 quia
468 3959 521 4004 et
550 3950 830 4019 Apostolus
861 3949 1094 4006 membra
1123 3960 1305 4007 nostra
1333 3951 1459 4007 dicit
1484 3954 1725 4024 qumdam
1752 3973 1889 4027 ope-

318 4055 396 4105 ra,
420 4056 538 4110 qua:
572 4041 871 4109 improbat,
911 4048 967 4095 et
1009 4041 1372 4096 mortilicanda
1402 4045 1639 4113 praecipit
1667 4046 1851 4103 dicens
1871 4089 1886 4114 ,

320 4131 627 4201 Mortiﬁcate
649 4148 765 4202 ergo
793 4131 1013 4184 membra
1038 4141 1201 4186 vestra
1225 4148 1340 4200 qua:
1371 4144 1489 4187 sunt
1514 4151 1663 4207 super
1684 4145 1889 4203 terram,

319 4222 719 4293 fornicationem,
742 4222 1136 4289 immunditiam,
1172 4223 1435 4278 avaritiam
1467 4223 1683 4299 (Coloss.
1708 4242 1785 4294 nt,
1808 4228 1889 4299 5),

319 4323 370 4366 et
399 4321 587 4366 etetera
615 4312 755 4367 talia.

388 4404 475 4458 46.
510 4403 625 4458 Νοη
655 4418 783 4473 ergo
817 4402 942 4473 quid
979 4404 1203 4474 quisque
1242 4403 1418 4471 faciat,
1456 4404 1552 4461 sed
1578 4421 1683 4475 quo
1714 4406 1892 4461 animo

319 4494 513 4560 faciat,
558 4493 1002 4549 considerandum
1046 4502 1146 4549 est.
1190 4494 1301 4549 Hoc
1343 4504 1425 4550 est
1463 4496 1603 4550 enim
1632 4496 1809 4552 lumen
1839 4498 1892 4552 in

321 4585 512 4653 nobis,
551 4585 673 4655 quia
715 4584 819 4639 hoc
863 4586 1017 4639 nobis
1060 4584 1395 4640 manifestum
1439 4595 1521 4640 est
1548 4586 1687 4641 bono
1714 4587 1894 4643 animo

319 4693 418 4733 nos
439 4677 614 4734 facere
639 4677 779 4748 quod
811 4677 1030 4732 facimus
1054 4695 1067 4730 :
1091 4692 1249 4732 omne
1267 4679 1409 4732 enim
1430 4678 1571 4747 quod
1589 4679 1893 4734 manifesta-

320 4780 425 4837 tur,
454 4770 632 4825 lumcn
660 4779 741 4825 est
761 4768 977 4840 (Ep/tes.
1001 4785 1053 4836 v,
1081 4770 1189 4841 15).
1219 4768 1350 4823 Nam
1379 4769 1493 4838 ipsa
1520 4769 1655 4825 facta
1681 4780 1799 4841 quae
1825 4773 1891 4826 ad

321 4864 591 4918 hominum
618 4863 923 4917 societatem
945 4877 973 4915 a
1004 4861 1155 4915 nobis
1177 4860 1485 4929 procedunt,
1516 4862 1772 4916 incertum
1801 4863 1893 4918 ha-

320 4954 447 5008 bent
467 4952 698 5018 exitum;
728 4960 784 5007 et
806 4951 927 5005 ideo
959 4950 1205 5005 tenebras
1234 4965 1326 5005 eas
1355 4952 1580 5005 vocavit.
1614 4951 1726 5006 Non
1750 4954 1893 5007 enim

318 5044 478 5111 novi,
520 5058 640 5098 cum
692 5042 970 5112 pecuniam
1013 5041 1225 5111 porrigo
1266 5041 1521 5111 indigenti
1559 5050 1613 5096 et
1651 5044 1892 5111 petenti,

319 5134 444 5207 quid
473 5133 595 5188 inde
615 5141 705 5186 aut
732 5131 961 5187 facturus
980 5132 1066 5197 sit,
1091 5140 1180 5185 aut
1198 5146 1481 5201 passurus;
1504 5140 1558 5186 et
1579 5132 1693 5186 fieri
1724 5142 1898 5201 potest

320 5234 377 5281 ut
397 5225 479 5281 vel
510 5223 670 5279 faciat
691 5237 755 5277 ex
782 5236 866 5284 ea,
894 5221 977 5275 vel
1017 5230 1233 5291 propter
1269 5236 1387 5275 eam
1429 5220 1658 5290 patiatur
1697 5221 1897 5291 aliquid

322 5318 485 5385 mali,
516 5315 654 5388 quod
680 5331 781 5385 ego
807 5328 927 5369 eum
956 5311 1135 5367 darem
1161 5354 1176 5379 ,
1219 5328 1323 5367 non
1354 5313 1568 5367 evenire
1592 5312 1848 5368 voluerim
1877 5355 1891 5380 ,

323 5424 494 5478 neque
523 5407 623 5462 hoc
638 5407 817 5461 animo
840 5403 1100 5459 dederim.
1133 5403 1314 5473 itaque
1337 5404 1381 5458 si
1406 5404 1545 5460 bono
1568 5403 1747 5457 animo
1774 5403 1892 5468 feci,

321 5498 465 5570 quod
511 5497 641 5554 mihi
682 5512 803 5552 cum
832 5495 1084 5560 facerem,
1112 5501 1295 5549 notum
1318 5502 1455 5561 erat,
1487 5502 1541 5548 et
1570 5493 1690 5548 ideo
1718 5493 1894 5549 lumen

322 5600 573 5658 vocatur;
606 5588 932 5644 illuminatur
981 5588 1143 5644 etiam
1193 5585 1388 5642 factum
1429 5601 1627 5654 meum,
1660 5586 1898 5657 qualem-

322 5738 495 5791 pturte,
511 5734 623 5787 quae
643 5734 673 5773 ι
692 5721 833 5772 nobis
845 5721 1023 5785 μείω
1034 5722 1128 5773 hoc
1143 5722 1193 5772 in
1208 5733 1361 5786 apere
1376 5732 1549 5784 magna
1563 5718 1804 5784 religione
1820 5732 1897 5769 re-

321 5792 581 5842 stituuntur
598 5798 663 5836 ex
686 5792 791 5834 MSS.

560 5869 784 5933 Ssacr.
821 5868 1091 5928 Aueos'r.
1132 5867 1242 5928 Ili.

1664 381 1865 439 LIBER
1902 382 2278 443 SECUNDUS.

3471 409 3610 468 1290

2028 516 2253 572 cumque
2280 505 2477 562 exitum
2518 509 2761 568 habuerit
2792 532 2804 568 :
2836 515 2925 587 qui
2954 519 3125 575 exitus
3152 524 3401 593 quoniam
3434 526 3607 583 incer-

2028 601 2112 647 tus
2136 603 2183 647 et
2218 595 2424 664 ignotus
2453 609 2555 668 est,
2586 605 2817 661 tenebra:
2859 613 3136 679 appellatae
3174 627 3313 672 sunt.
3349 621 3401 676 Si
3429 634 3608 681 autem

2024 686 2166 739 malo
2203 689 2379 742 animo
2422 690 2544 758 feci,
2590 696 2748 751 etiam
2784 700 2954 767 ipsnrn
2988 704 3163 762 lumen
3198 713 3428 767 tenebrae
3459 726 3603 772 sunt.

2023 774 2223 877 {sumen
2269 782 2408 835 enim
2456 784 2668 855 dicitur,
2697 792 2818 860 quia
2859 798 3004 850 novit
3040 802 3263 871 quisque
3293 824 3397 877 quo
3425 815 3605 871 animo

2024 865 2197 932 faciat,
2228 872 2387 927 etiam
2407 889 2527 929 cum
2554 880 2693 934 malo
2708 883 2884 939 animo
2905 887 3028 943 facit
3103 895 3193 948 sed
3224 865 3392 965 ipsum
3424 904 3601 961 lumen

2025 960 2255 1058 tenebrte
2294 975 2449 1031 sunt,
2479 968 2601 1034 quia
2633 986 2739 1025 non
2769 974 2822 1027 in
2852 991 3077 1045 superna
3106 983 3348 1055 dirigitur
3372 992 3601 1062 simplex

2023 1047 2264 1117 intentio,
2304 1054 2398 1107 sed
2426 1054 2493 1108 ad
2522 1058 2771 1115 inferiora
2792 1062 3105 1136 declinatur,
3137 1082 3190 1126 et
3210 1047 3409 1146 duplici

2021 1142 2169 1209 quasi
2199 1143 2437 1200 umbram
2467 1148 2607 1203 facit.
2638 1152 2701 1206 Si
2720 1170 2836 1224 ergo
2865 1157 3031 1213 lumen
3060 1168 3194 1231 quod
3218 1167 3271 1220 in
3291 1142 3348 1222 te
3379 1184 3480 1238 est,
3520 1185 3596 1228 te-
3656 1184 3659 1187 “

2020 1239 2187 1292 nebra:
2228 1254 2362 1306 sunt,
2407 1247 2622 1302 tenebrat
2655 1255 2897 1322 quanta?
2926 1255 3029 1311 hoc
3065 1270 3166 1324 est,
3198 1263 3253 1318 Si
3281 1266 3389 1333 ipsa
3420 1272 3596 1327 cordis

2020 1330 2262 1396 intentio,
2295 1350 2397 1402 qua
2427 1335 2557 1391 facis
2578 1341 2719 1409 quod
2750 1342 2898 1408 facis,
2929 1363 3046 1415 quae
3078 1352 3169 1405 tibi
3197 1330 3321 1409 nota
3346 1368 3445 1422 est,
3477 1377 3596 1418 sor-

2017 1418 2229 1475 didatur
2252 1426 2484 1492 appetitu
2524 1444 2699 1485 rerum
2747 1442 3074 1493 terrenarum
3100 1450 3153 1496 et
3182 1418 3549 1515 temporalium
3577 1497 3595 1519 ,

2016 1522 2174 1612 atque
2216 1526 2475 1583 creatur;
2523 1533 2721 1590 quanto
2759 1528 2925 1596 magis
2969 1530 3140 1599 ipsum
3179 1534 3408 1605 factum,
3445 1544 3597 1613 cujus

2016 1609 2249 1658 incertus
2295 1618 2376 1662 est
2417 1609 2610 1678 exitus,
2661 1616 2932 1672 sordidum
2978 1630 3033 1675 et
3085 1626 3421 1685 tenebrosum
3474 1609 3597 1690 est?

2015 1691 2135 1760 quia
2166 1695 2265 1748 etsi
2292 1696 2427 1751 bene
2454 1700 2608 1756 alicui
2633 1709 2927 1772 proveniat,
2957 1712 3096 1778 quod
3126 1722 3181 1768 tu
3212 1732 3315 1771 non
3358 1732 3501 1777 recta
3539 1735 3596 1779 et

2015 1784 2209 1839 munda
2236 1787 2526 1845 intentione
2547 1793 2712 1861 facis;
2752 1801 3018 1864 quomodo
3059 1812 3112 1857 tu
3142 1804 3348 1875 feceris,
3374 1808 3595 1868 tibiim-

2016 1883 2247 1942 putatur,
2281 1893 2385 1932 non
2410 1882 2677 1948 quomodo
2706 1884 2781 1938 illi
2808 1893 3131 1955 provenerit.

2084 1965 2310 2058 CiiPUT
2347 1969 2485 2027 XIV.
2526 2004 2597 2013 —
2624 1976 2711 2030 47.
2740 1977 2893 2045 Quod
2920 1992 3100 2038 autem
3134 1990 3394 2058 sequitur,
3422 2002 3477 2048 et
3515 1996 3595 2051 di-

2013 2058 2104 2123 cit,
2136 2057 2301 2113 Nemo
2333 2071 2490 2130 potest
2504 2066 2699 2120 duobus
2720 2070 2938 2125 dominis
2953 2078 3157 2143 servire,
3173 2078 3239 2132 ad
3263 2057 3397 2137 bane
3427 2086 3595 2154 ipsam

2014 2148 2360 2207 intentionem
2404 2153 2739 2212 referendum
2777 2168 2877 2225 est,
2909 2164 3049 2232 quod
3080 2148 3469 2240 consequenter
3502 2192 3595 2232 ex-

2013 2239 2180 2309 ponit,
2211 2242 2394 2299 dicens
2422 2261 2435 2299 :
2464 2245 2563 2300 Aut
2587 2248 2719 2302 enim
2742 2266 2898 2305 unum
2923 2254 3040 2309 odio
3067 2239 3283 2328 habebit,
3308 2270 3356 2315 et
3382 2266 3594 2320 alterum

2013 2330 2219 2401 diliget;
2262 2343 2351 2388 aut
2385 2335 2603 2391 alterum
2647 2342 2884 2409 patietur,
2934 2354 2979 2398 et
3021 2348 3232 2405 alterum
3287 2364 3588 2413 contemnet.

2011 2420 2141 2488 Quae
2171 2424 2329 2479 verba
2376 2426 2657 2499 diligenter
2697 2434 3079 2493 consideranda
3120 2454 3242 2498 sunt
3290 2463 3305 2501 :
3344 2462 3466 2503 nam
3501 2453 3595 2521 qui

2010 2512 2117 2568 sint
2144 2514 2250 2570 duo
2279 2516 2511 2586 domini,
2561 2521 2813 2594 deinceps
2851 2530 3103 2599 ostendit,
3136 2549 3254 2589 eum
3286 2537 3433 2607 dicit,
3468 2512 3592 2597 Non

2012 2608 2213 2676 potestis
2261 2606 2366 2663 Deo
2411 2614 2595 2667 servire
2645 2625 2692 2669 et
2734 2634 3052 2676 mammonae.
3106 2624 3592 2702 Mammonaapud

2010 2697 2264 2755 Hebraeos
2284 2701 2481 2759 divitia:
2504 2708 2760 2776 appellari
2787 2710 3052 2768 dicuntur.
3085 2715 3338 2789 Congruit
3361 2732 3415 2777 et
3439 2697 3591 2794 puni-

2010 2808 2129 2848 cum
2161 2811 2354 2852 nomen
2389 2815 2403 2851 :
2439 2813 2560 2854 nam
2595 2800 2819 2869 lucrum,
2864 2807 3054 2875 punice
3080 2825 3346 2869 mammon
3377 2816 3589 2873 dicitur.

2008 2884 2114 2940 Sed
2167 2888 2255 2957 qui
2303 2890 2465 2945 servit
2525 2907 2872 2964 mammonre,
2921 2898 2996 2954 illi
3044 2903 3224 2974 utique
3265 2910 3462 2977 servit,
3502 2913 3593 2981 qui

2007 2978 2167 3034 rebus
2211 2980 2326 3036 istis
2366 2986 2591 3039 terrenis
2636 2988 2827 3043 merito
2876 3004 2988 3046 suae
3042 2997 3405 3061 perversitatis
3449 2978 3591 3070 prae-

2008 3072 2241 3140 positus,
2286 3076 2624 3144 magistratus
2663 3078 2817 3147 hujus
2861 3084 3040 3138 saeculi
3073 3101 3104 3139 a
3138 3088 3365 3146 Domino
3399 3092 3592 3149 dicitur

2007 3158 2185 3233 (Joan.
2228 3178 2323 3229 χιι,
2372 3165 2460 3229 51,
2507 3175 2554 3219 et
2581 3182 2694 3234 xiv,
2723 3169 2836 3242 50).
2866 3173 2966 3226 Aut
2994 3190 3122 3245 ergo
3155 3177 3297 3233 hunc
3341 3183 3457 3237 odio
3500 3184 3593 3239 Ita-

2007 3252 2137 3306 bebit
2182 3254 2376 3321 homo,
2425 3265 2470 3308 et
2527 3258 2741 3311 alterum
2779 3260 2972 3331 diliget,
3018 3265 3069 3317 id
3120 3276 3219 3334 est,
3262 3270 3459 3338 Deum;
3500 3285 3593 3329 aut

2006 3346 2219 3398 alterum
2255 3347 2492 3417 patietur,
2534 3356 2580 3401 et
2616 3349 2829 3403 alterum
2873 3362 3173 3409 contemnet.
3219 3359 3426 3418 Patitur
3447 3366 3589 3421 enim

2006 3434 2197 3488 durum
2251 3444 2305 3489 et
2357 3437 2713 3505 perniciosum
2763 3439 3077 3511 dominum,
3128 3449 3364 3519 quisquis
3426 3457 3591 3511 servit

2005 3541 2353 3593 mammonae;
2382 3543 2475 3581 sua
2509 3530 2649 3583 enim
2671 3532 2958 3600 cupiditate
2980 3534 3275 3609 implicatus
3298 3582 3313 3607 ,
3344 3543 3591 3601 subditur

2005 3617 2216 3673 diabolo
2242 3637 2254 3672 :
2284 3629 2464 3675 etnon
2490 3636 2613 3676 eum
2643 3622 2842 3694 diligit;
2869 3628 2989 3696 quis
3017 3630 3159 3684 enim
3189 3641 3272 3687 est
3295 3636 3381 3705 qui
3404 3637 3588 3708 diligat

2004 3709 2316 3765 diabolum?
2340 3711 2434 3767 sed
2462 3722 2637 3769 tamen
2678 3716 2874 3784 patitur
2907 3734 2921 3771 :
2960 3721 3097 3775 sicut
3116 3722 3169 3777 in
3192 3725 3392 3795 majore
3411 3728 3589 3799 aliqua

2002 3801 2197 3869 domo,
2242 3803 2331 3873 qui
2370 3805 2574 3859 ancilla:
2618 3808 2806 3863 alienae
2854 3812 3171 3881 eonjunctus
3211 3828 3324 3885 est,
3371 3833 3586 3891 propter

2002 3893 2348 3962 cupiditatem
2377 3911 2529 3951 suam
2556 3896 2745 3952 duram
2770 3902 2966 3969 patitur
2990 3907 3322 3976 servitutem,
3354 3910 3512 3966 etiam
3539 3915 3586 3967 si

2002 4000 2108 4040 non
2140 3986 2320 4056 diligat
2342 4004 2483 4055 eum,
2507 3990 2656 4059 cujus
2684 3994 2927 4048 ancillam
2953 3996 3139 4066 diligit.

2072 4077 2161 4131 48.
2186 4078 2415 4133 Alterum
2435 4089 2601 4134 autent
2621 4093 2920 4153 contemnet,
2943 4086 3104 4155 dixit;
3131 4106 3257 4156 non,
3281 4094 3404 4149 odio
3422 4086 3586 4153 habe-

2001 4167 2097 4222 bit.
2127 4164 2335 4224 Nullius
2376 4170 2516 4224 enim
2552 4171 2663 4227 fere
2701 4176 3022 4231 conscientia
3063 4179 3227 4234 Deum
3279 4183 3459 4240 odisse
3484 4203 3581 4256 po-

2002 4270 2108 4317 test
2132 4261 2207 4335 (a)
2231 4282 2243 4316 :
2264 4250 2554 4320 contemnit
2576 4274 2775 4333 autem,
2801 4270 2851 4323 id
2876 4280 3079 4326 estnon
3102 4274 3251 4329 timet
3267 4292 3410 4347 cum,
3430 4250 3583 4351 quasi

2002 4354 2069 4409 de
2106 4355 2222 4424 ejus
2263 4356 2498 4411 bonitate
2540 4372 2760 4414 securus
2795 4368 2895 4415 est.
2942 4363 3023 4417 Ab
3061 4363 3161 4419 bac
3188 4368 3505 4438 negligentia
3531 4383 3586 4428 et

2004 4447 2299 4515 perniciosa
2338 4449 2623 4502 securitate
2669 4459 2884 4505 revocat
2921 4452 3151 4521 Spiritus
3186 4469 3415 4525 sanctus,
3460 4476 3584 4517 eum

2001 4553 2095 4608 per
2118 4538 2437 4606 Prophetam
2473 4539 2619 4607 dicit,
2666 4539 2789 4605 Fili,
2818 4559 2881 4596 ne
2908 4544 3121 4613 adjicias
3145 4560 3402 4617 peccatum
3432 4550 3591 4625 super

2001 4637 2278 4699 peccatum,
2303 4639 2350 4685 ct
2374 4631 2534 4698 dicas,
2574 4632 2833 4687 Miseratio
2860 4633 2956 4689 Dei
2984 4653 3168 4707 magna
3200 4650 3276 4695 est
3309 4640 3499 4714 (Eccli.
3524 4665 3574 4713 v,

2000 4726 2050 4790 5,
2080 4724 2133 4795 6)
2157 4743 2171 4790 ;
2201 4736 2273 4792 et,
2300 4725 2518 4797 Ignoras
2537 4728 2654 4797 quia
2682 4729 2923 4797 patientia
2945 4730 3039 4785 Dei
3064 4736 3131 4787 ad
3153 4738 3494 4804 paenitentiam
3531 4752 3579 4796 te

1999 4824 2177 4876 invitat
2204 4821 2378 4895 (Rom.
2421 4840 2479 4890 tt,
2515 4824 2613 4893 4)?
2648 4824 2811 4895 Cujus
2849 4829 2991 4882 enim
3030 4838 3175 4885 tanta
3213 4834 3579 4892 misericordia

1999 4915 2401 4969 commemorari
2429 4922 2621 4983 potest,
2639 4932 2799 4987 quam
2820 4919 2933 4988 ejus
2958 4919 3046 4988 qui
3068 4922 3245 4976 omnia
3270 4923 3431 4979 donat
3458 4942 3585 4995 pee—

2001 5014 2117 5060 cata
2143 5005 2434 5071 conversis,
2465 5013 2520 5059 et
2547 5005 2833 5061 oleastrum
2860 5007 2986 5062 facit
3014 5010 3324 5080 participem
3351 5014 3579 5085 pingue-

2002 5097 2139 5150 dinis
2167 5096 2358 5151 olivae?
2382 5104 2438 5151 et
2476 5096 2626 5165 cujus
2661 5106 2801 5151 tanta
2838 5099 3127 5167 severitas,
3158 5116 3315 5172 quam
3346 5105 3461 5174 ejus
3491 5110 3582 5177 qui

2003 5190 2327 5245 naturalibus
2366 5191 2529 5245 ramis
2555 5205 2659 5243 non
2689 5191 2941 5259 pepercit,
2982 5192 3077 5247 sed
3108 5204 3327 5265 prepter
3352 5197 3581 5253 inlideli-
3653 5233 3665 5275 λ

2002 5290 2162 5337 tatem
2195 5282 2345 5351 fregit
2386 5282 2504 5336 illos
2545 5278 2656 5351 (Id.
2692 5296 2758 5343 XI,
2791 5282 3022 5353 i7-24)?
3048 5284 3153 5339 Sed
3191 5288 3427 5357 quisquis
3472 5307 3589 5347 vu...

2000 5373 2219 5442 diligere
2252 5372 2435 5437 Deum,
2466 5381 2520 5426 et
2543 5387 2732 5426 cavere
2758 5388 2824 5427 ne
2848 5372 3104 5440 offendat,
3131 5391 3237 5430 non
3264 5393 3322 5432 se
3349 5380 3577 5434 arbitre-
3656 5370 3691 5456 ζ

2002 5472 2088 5517 tur
2136 5462 2341 5516 duobus
2389 5462 2616 5517 dominis
2669 5478 2825 5532 posse
2868 5466 3097 5531 servire,
3139 5476 3192 5521 et
3232 5468 3579 5529 intentionem

2001 5553 2175 5608 cordis
2220 5552 2302 5607 sui
2338 5561 2533 5607 rectam
2572 5554 2640 5607 ab
2671 5552 2818 5608 omni
2856 5555 3162 5624 duplicitate
3197 5559 3423 5628 explicet
3465 5579 3477 5615 :
3508 5562 3583 5620 ita

2002 5648 2141 5703 enim
2173 5647 2364 5701 sentiet
2388 5644 2454 5699 de
2482 5646 2704 5701 Domino
2730 5646 2780 5701 in
2817 5647 3070 5713 bonitate,
3095 5660 3148 5705 et
3170 5651 3221 5704 in
3245 5651 3585 5724 simplicitate

2064 5781 2137 5845 (a)
2160 5788 2177 5830 ι
2200 5786 2399 5831 Ριθιηοι.
2426 5792 2531 5842 cap.
2559 5780 2635 5840 i9,
2659 5794 2709 5830 n.
2733 5780 2779 5829 8.

2734 5853 3303 5939 (Qttarante—une.)
