3888 6324
325 189 464 245 1295

320 298 524 354 habere
555 296 803 369 dignatus
837 305 922 354 est
948 311 1068 352 cum
1099 298 1322 367 pecunia
1353 299 1394 364 ¹,
1422 296 1562 352 unde
1590 296 1773 351 usibus
1804 310 1902 352 ne-

321 392 572 448 ccssariis
610 388 862 460 quidquid
891 405 1024 458 opus
1048 390 1235 444 fuisset
1278 389 1603 459 praeberetur
1633 405 1648 442 :
1678 402 1903 458 quorum

321 480 620 536 loculorum
662 490 840 534 custos
885 490 938 533 et
974 479 1091 544 fur,
1119 480 1255 534 sicut
1302 481 1556 547 scriptum
1586 487 1670 534 est
1695 521 1710 546 ,
1740 478 1904 534 Judas

321 571 442 638 fuit,
473 572 561 642 qui
591 586 711 627 eum
741 571 954 625 tradidit
981 571 1158 636 (Joan.
1191 587 1288 635 xu,
1326 571 1404 640 6).
1435 571 1582 625 Sicut
1607 580 1662 625 et
1690 580 1904 639 aposto-

321 665 403 717 lus
435 665 627 718 Paulus
671 672 843 733 potest
873 663 1037 716 videri
1080 662 1146 716 de
1183 664 1416 716 crastino
1451 663 1713 731 cogitasse
1736 705 1751 727 ,
1780 678 1900 717 cum

318 757 450 812 dixit
480 775 493 810 :
531 776 549 809 ι
582 759 656 812 De
679 757 917 812 collectis
939 767 1114 809 autent
1145 757 1196 809 in
1219 765 1434 811 sanctos
1457 798 1472 823 ,
1503 757 1638 811 sicut
1663 757 1900 811 ordinavi

318 848 576 903 Eeclesiis
600 848 838 912 Galatiae,
870 848 941 901 ita
978 855 1031 902 et
1055 863 1151 901 vos
1190 847 1346 902 facite
1373 861 1386 898 :
1417 848 1706 902 secundum
1739 865 1898 903 uuam

318 940 522 995 sabbati
561 940 917 1009 unusquisque
951 948 1184 992 vestrum
1224 939 1362 1007 apud
1401 954 1458 992 se
1497 951 1658 1008 ponat
1689 939 1901 994 thesau-

317 1033 517 1094 rizans,
557 1031 697 1101 quod
736 1031 782 1085 ei
817 1031 1091 1099 placuerit,
1133 1040 1190 1083 ut
1229 1046 1334 1084 non
1377 1046 1496 1085 cum
1529 1047 1743 1096 venero,
1775 1041 1902 1088 tunc

315 1123 552 1178 collecta:
599 1121 742 1174 flant.
787 1120 921 1175 Cum
969 1129 1145 1174 autem
1192 1121 1490 1185 advenero,
1536 1136 1900 1191 quoscumque

315 1213 665 1284 probaveritis
695 1227 788 1281 per
814 1211 1066 1279 epistolas
1089 1253 1104 1277 ,
1146 1211 1246 1267 hos
1275 1213 1476 1266 mittam
1509 1211 1744 1281 perferre
1772 1229 1898 1284 gra-

315 1309 442 1362 tiam
469 1316 697 1360 vestram
729 1306 782 1358 in
808 1304 1101 1358 Jerusalem
1130 1322 1142 1356 :
1174 1304 1313 1374 quod
1342 1304 1386 1358 si
1414 1304 1630 1375 dignum
1659 1305 1816 1360 fuerit
1842 1315 1899 1360 ιιι

314 1409 369 1452 et
405 1414 505 1468 ego
548 1413 696 1462 eam,
737 1411 944 1450 mecum
988 1395 1158 1450 ibunt.
1203 1395 1422 1451 Veniam
1452 1406 1628 1452 autem
1659 1397 1726 1452 ad
1755 1414 1850 1451 vos
1879 1440 1894 1465 ,

314 1507 436 1546 cum
471 1489 826 1544 Macedoniam
874 1489 1165 1546 transiero;
1209 1504 1328 1542 nam
1375 1488 1733 1543 Macedoniam
1778 1505 1900 1558 per-

313 1583 554 1637 transibo
597 1580 779 1649 :apud
822 1595 916 1634 vos
961 1589 1136 1633 autem
1178 1579 1399 1634 forsitan
1449 1580 1771 1645 remanebo,
1815 1581 1896 1634 vel

313 1675 472 1728 etiam
502 1671 766 1734 hiemabo,
793 1680 851 1723 ut
876 1685 970 1724 vos
995 1685 1079 1725 me
1102 1669 1374 1724 deducatis
1401 1686 1734 1740 quocumque
1761 1670 1894 1724 iero.

313 1764 447 1819 Nolo
485 1763 625 1817 enim
659 1775 754 1814 vos
783 1777 923 1814 nunc
961 1761 1014 1815 ir.
1047 1762 1267 1814 transitu
1308 1761 1489 1815 videre
1520 1780 1532 1814 :
1567 1776 1723 1830 spero
1752 1762 1896 1815 enim

313 1868 401 1908 me
428 1850 639 1921 aliquod
671 1851 924 1919 temporis
953 1865 1170 1904 manere
1193 1851 1331 1921 apud
1359 1865 1488 1913 vos,
1518 1852 1560 1904 si
1590 1851 1899 1920 permiserit

314 1943 590 1998 Dominus.
621 1941 954 1996 Permanebo
989 1950 1164 1996 autem
1195 1941 1388 2010 Ephesi
1419 1958 1583 2010 usque
1609 1941 1672 1995 ad
1701 1942 1896 1998 Pente-

311 2043 491 2090 costcn
537 2053 555 2085 ι
589 2032 629 2104 (Ι
653 2031 773 2087 Cor.
807 2049 911 2094 XVI,
945 2033 1084 2102 l-8).
1119 2030 1246 2086 ltem
1278 2032 1329 2085 in
1365 2032 1583 2086 Actibus
1609 2034 1896 2102 Apostolo-

309 2140 428 2180 rum
459 2123 714 2192 scriptum
745 2129 849 2187 est,
873 2137 934 2176 ea
960 2137 1078 2193 qua:
1104 2122 1168 2175 ad
1197 2121 1391 2176 victum
1419 2133 1542 2176 sunt
1570 2124 1892 2189 necessaria,

309 2222 604 2285 procurata
627 2228 744 2268 esse
774 2213 826 2267 in
877 2213 1106 2267 futurum
1151 2223 1368 2282 propter
1410 2213 1769 2268 imminentem
1815 2213 1894 2269 fa-

308 2320 473 2359 mem.
507 2304 594 2358 Sic
621 2303 765 2357 enim
791 2302 1016 2372 legimus
1047 2320 1059 2355 :
1093 2320 1111 2352 ι
1162 2300 1217 2355 lu
1251 2302 1351 2355 illis
1377 2312 1552 2357 autem
1580 2302 1767 2358 diebus
1795 2303 1894 2360 de-

309 2397 630 2453 scenderunt
684 2396 751 2449 ab
795 2394 1142 2465 Jerosolymis
1195 2394 1464 2463 prophetze
1516 2396 1892 2462 Antiochiam,

309 2499 530 2558 eratque
568 2503 754 2558 magna
782 2487 1082 2542 exsultatio.
1123 2485 1470 2556 Congregatis
1507 2496 1683 2541 autem
1715 2488 1890 2552 nobis,

310 2597 537 2651 surgens
566 2595 702 2635 unus
725 2597 790 2635 ex
819 2580 920 2634 illis
946 2579 1160 2634 nomine
1187 2578 1420 2648 Agabus,
1445 2579 1772 2648 significabat
1803 2597 1898 2651 per

310 2673 592 2744 Spiritum,
626 2673 819 2728 famem
848 2688 1090 2742 magnam
1124 2671 1350 2725 futuram
1392 2672 1443 2726 in
1471 2673 1718 2727 universo
1737 2690 1895 2729 mun-

309 2765 402 2831 do,
435 2779 553 2833 qua:
575 2774 625 2817 et
646 2761 782 2816 facta
810 2771 892 2817 est
916 2761 1012 2816 sub
1027 2760 1251 2815 Claudio
1269 2761 1500 2816 Caesare.
1527 2763 1849 2818 Discentium
1873 2766 1894 2796 ’

309 2865 488 2912 autem
522 2865 577 2910 ut
607 2856 830 2926 quisque
854 2855 1177 2918 abundabat,
1208 2862 1508 2909 statuerunt
1537 2857 1898 2926 unusquisque

310 2963 494 3002 eorum
525 2947 575 3000 in
596 2947 945 3000 ministerium
966 2947 1175 2999 mittere
1195 2945 1518 3015 presbyteris
1537 2943 1896 3002 habitantibus

309 3039 364 3092 in
389 3038 568 3093 Iudaea
592 3036 842 3090 fratribus
865 3078 879 3101 ,
908 3037 994 3104 qui
1018 3045 1072 3089 et
1102 3036 1357 3089 miserunt
1387 3051 1484 3104 per
1517 3052 1730 3090 manum
1765 3037 1897 3091 Bar-

311 3126 465 3182 nahte
497 3136 551 3180 et
581 3124 724 3179 Sauli
773 3143 791 3175 ι
824 3122 958 3193 (Act.
999 3138 1073 3186 χι,
1113 3122 1322 3191 97-50).
1365 3123 1431 3176 Et
1461 3124 1602 3191 quod
1632 3127 1897 3195 naviganti

311 3217 485 3272 eidem
530 3214 772 3284 apostolo
812 3212 977 3267 Paulo
1026 3211 1268 3280 imposita
1315 3221 1438 3266 sunt
1477 3215 1744 3279 utensilia,
1776 3231 1897 3285 quae

310 3310 675 3364 offerebantur
704 3304 816 3373 (Id.
858 3319 1044 3369 xxvm,
1078 3304 1192 3374 10),
1233 3320 1335 3358 non
1383 3305 1447 3358 ad
1490 3323 1653 3361 unum
1693 3317 1896 3363 tantum

310 3401 454 3454 diem
494 3397 707 3452 videtur
733 3397 900 3450 victus
945 3410 1064 3450 esse
1106 3407 1438 3464 procuratus.
1482 3397 1551 3451 Et
1587 3401 1725 3468 quod
1757 3401 1895 3455 idem

310 3489 527 3553 scribit,
555 3486 652 3552 Qui
679 3486 943 3558 furabatnr
963 3527 975 3548 ,
999 3487 1114 3556 jam
1151 3503 1251 3539 non
1288 3487 1522 3554 (aretur;
1548 3491 1708 3559 magis
1731 3501 1901 3545 autem

311 3581 498 3634 laboret
543 3594 755 3647 aperans
798 3578 1026 3630 manibus
1072 3577 1177 3631 suis
1217 3582 1419 3640 bonum,
1464 3586 1518 3630 ut
1560 3578 1738 3632 habeat
1766 3581 1900 3635 unde

313 3675 531 3728 tribuere
575 3672 654 3724 cui
685 3687 810 3739 opus
847 3677 918 3724 est
949 3668 969 3700 ⁸
1001 3668 1217 3738 (Ep/tes.
1252 3684 1324 3733 tv,
1351 3667 1444 3740 28)
1481 3687 1493 3723 :
1529 3671 1666 3723 male
1706 3672 1900 3725 intelli-

313 3764 558 3835 gentibus
584 3777 688 3815 non
707 3760 916 3815 videtur
935 3774 1150 3814 servare
1168 3766 1490 3827 prmceptum
1510 3759 1738 3825 Domini,
1755 3762 1898 3829 quod

311 3863 386 3911 ait
409 3898 424 3921 ,
453 3855 704 3924 Respicite
723 3853 947 3907 volatilia
972 3850 1105 3916 creti,
1127 3851 1363 3921 quoniam
1390 3867 1491 3904 non
1518 3863 1708 3918 serunt,
1744 3869 1900 3923 neque

312 3957 526 4011 metunt,
547 3961 703 4014 neque
723 3952 1024 4013 congregant
1042 3943 1094 3994 in
1119 3943 1330 4005 horrea;
1351 3949 1425 4008 et,
1444 3941 1768 3998 Considerate
1790 3943 1899 3997 lilia

312 4039 426 4108 agri
454 4035 700 4106 quomodo
735 4043 994 4095 crescunt;
1032 4049 1133 4086 non
1158 4032 1388 4085 laborant
1419 4049 1574 4103 neque
1599 4044 1715 4087 nent
1734 4052 1753 4100 ,°
1777 4050 1897 4090 cum

312 4130 428 4183 istis
456 4126 692 4196 prmeipit
716 4134 773 4179 ut
801 4123 1059 4186 laborent,
1084 4131 1367 4191 operantes
1394 4125 1634 4178 manibus
1663 4127 1794 4190 suis,
1827 4127 1898 4181 ita

311 4228 372 4274 ut
396 4218 628 4272 habeant
659 4215 797 4285 quod
823 4215 981 4268 etiam
1007 4214 1124 4267 aliis
1151 4215 1354 4282 possint
1381 4215 1634 4270 tribuere.
1668 4217 1729 4270 Et
1757 4218 1898 4286 quod

310 4325 455 4380 saepe
481 4309 546 4364 de
577 4309 753 4377 seipso
783 4306 931 4370 dicit,
958 4305 1096 4375 quod
1124 4307 1365 4360 manibus
1390 4307 1501 4361 suis
1526 4317 1776 4378 Operatus
1802 4310 1892 4377 sit,

310 4415 556 4469 nequem
578 4407 822 4469 gravaret
847 4397 887 4468 (ι
908 4395 1084 4450 Thess.
1116 4412 1173 4462 ιι,
1196 4398 1248 4461 9,
1277 4407 1328 4451 et
1351 4397 1390 4450 ll
1418 4397 1595 4452 Thess.
1620 4415 1696 4465 ιιι,
1727 4401 1817 4470 8);
1841 4411 1895 4456 et

309 4491 376 4545 de
399 4491 490 4544 illo
508 4491 762 4560 scriptum
779 4498 860 4542 est
875 4489 1013 4558 quod
1035 4489 1438 4556 conjuuxeritse
1452 4491 1654 4559 Aquilae
1676 4502 1894 4561 propter

309 4583 441 4636 artis
469 4581 885 4646 similitudinem,
910 4589 968 4634 ut
994 4579 1148 4634 simul
1169 4589 1518 4649 operarcntur
1539 4581 1676 4636 unde
1696 4583 1890 4636 victum

308 4673 662 4742 transigerent
675 4670 808 4740 (Act.
831 4685 986 4734 xvnt,
1003 4669 1057 4734 2,
1076 4670 1128 4738 5)
1150 4685 1283 4722 :non
1300 4687 1316 4719 \
1333 4670 1504 4724 idctur
1520 4671 1751 4726 imitatus
1767 4689 1896 4730 aves

249 4776 252 4778 ‘
308 4763 432 4819 caeli
464 4771 518 4816 et
547 4761 654 4816 lilia
681 4760 814 4830 agri.
845 4759 937 4813 llis
963 4769 1020 4813 et
1046 4760 1345 4828 huiusmodi
1377 4761 1774 4833 Scripturarum
1813 4767 1893 4821 lo-

307 4858 421 4922 cis,
450 4855 580 4909 satis
608 4861 825 4923 apparet
856 4851 1137 4904 Dominum
1163 4861 1402 4908 nostrum
1432 4869 1536 4908 non
1565 4856 1664 4910 boc
1696 4857 1895 4929 impro-

306 4951 458 5014 bare,
487 4947 529 5002 si
561 4947 678 5016 quis
707 4946 941 4998 humano
970 4956 1117 4996 more
1148 4943 1246 4996 ista
1269 4955 1553 5013 procuret;
1582 4948 1675 5001 sed
1697 4949 1743 5002 si
1774 4953 1894 5019 quis

308 5049 528 5108 propter
559 5037 653 5090 ista
688 5035 796 5089 Dco
827 5035 1015 5088 militet
1040 5075 1055 5100 ,
1083 5043 1139 5088 ut
1169 5034 1221 5088 in
1257 5035 1508 5103 operibus
1533 5039 1643 5093 suis
1673 5055 1779 5094 non
1807 5057 1892 5096 re-

305 5145 469 5199 gnum
503 5129 614 5191 Dei,
639 5126 734 5182 sed
762 5126 981 5180 istorum
1011 5125 1414 5196 acquisitionem
1442 5127 1727 5184 intueatur.

380 5221 468 5276 58.
512 5220 592 5274 Ad
619 5219 757 5274 hanc
784 5233 911 5289 ergo
955 5221 1190 5290 regulam
1235 5220 1337 5276 hoc
1376 5229 1542 5276 totum
1573 5235 1893 5296 prwceptum

374 5335 394 5366 ι
413 5342 518 5385 Mss.
542 5340 668 5391 octo,
687 5330 856 5394 quibus
878 5330 1159 5396 portabatur
1178 5331 1398 5396 pecunia.

371 5400 393 5429 ’
413 5403 510 5466 agn.
537 5403 610 5445 Er.
631 5403 683 5444 et
698 5402 828 5454 ιρι,
851 5394 1261 5446 Descendentiian.
1279 5397 1450 5447 Verius
1467 5402 1577 5446 Mar.
1597 5405 1648 5448 et
1666 5405 1791 5460 Mss,
1813 5399 1895 5452 Di-

630 5519 769 5582 juxta
801 5531 1014 5582 graecum
1035 5523 1227 5569 textum
1247 5518 1473 5582 Apostoli.
1506 5527 1566 5572 At
1597 5528 1697 5575 Am.
1729 5529 1807 5576 Er.
1843 5531 1896 5578 et

311 5585 444 5638 tota,
465 5580 590 5630 unde
614 5579 792 5632 tribuat
809 5579 896 5630 cui
916 5592 1034 5643 opus
1053 5586 1126 5632 est

1140 187 1226 240 DE
1264 183 1583 242 SERMONE
1631 181 1861 240 DOMINI
1901 180 1968 238 IN
2004 182 2258 252 MONTE,
2299 184 2356 242 S.
2398 184 2763 244 AUGUSTINI

3469 192 3616 250 1296

2015 294 2287 366 redigitur,
2317 307 2374 352 ut
2397 299 2558 354 ctiam
2588 300 2640 355 in
2667 300 2887 356 istorum
2915 303 3218 373 provisione
3246 319 3470 378 regnum
3505 307 3607 364 Dei

2011 388 2322 456 cogitemus,
2363 390 2414 443 in
2459 391 2644 444 militia
2683 405 2810 446 vero
2847 393 2996 462 regni
3037 393 3128 448 Dei
3171 395 3270 448 ista
3309 411 3414 450 non
3450 399 3607 467 cogi-

2014 486 2203 533 temus.
2242 479 2316 534 lta
2353 481 2496 535 enim
2534 483 2740 536 etiamsi
2785 484 3068 552 aliquando
3108 485 3409 554 defuerint,
3453 489 3603 559 quod

2012 570 2320 640 plerumque
2341 582 2556 642 propter
2569 575 3004 630 exercitationem
3028 585 3262 631 nostram
3290 579 3430 634 Deus
3446 582 3604 649 sinit,

2011 677 2115 714 non
2147 662 2318 717 solum
2364 678 2467 718 non
2503 663 2780 718 debilitant
2822 668 3149 736 propositum
3195 679 3473 736 nostrum,
3505 673 3606 728 sed

2009 753 2169 808 etiam
2212 755 2570 810 examinatum
2614 757 3003 828 probatumque
3041 761 3382 816 confirmant.
3417 782 3437 814 ι
3475 763 3608 819 Clo-

2009 845 2207 898 riamur
2231 845 2394 912 enim,
2429 846 2618 916 inquit,
2645 846 2696 900 in
2724 848 3172 916 tribulationibus,
3198 852 3430 908 scientes
3454 856 3602 924 quod

2011 934 2277 988 tribulatio
2306 937 2612 1004 patientiam
2655 948 2938 1007 operatur,
2972 942 3218 1009 patientia
3258 952 3435 998 autem
3469 959 3603 1014 pro-

2007 1024 2296 1092 batiouem,
2328 1028 2569 1096 probatio
2599 1040 2774 1086 autem
2803 1045 2974 1100 spem,
3005 1048 3128 1102 spes
3158 1050 3282 1088 vero
3315 1051 3419 1090 non
3463 1053 3601 1090 con-

2007 1115 2209 1179 fundit;
2231 1119 2353 1187 quia
2375 1118 2607 1175 charitas
2630 1119 2720 1174 Dei
2745 1121 2934 1175 diffusa
2957 1133 3038 1176 est
3054 1123 3105 1177 iu
3127 1125 3375 1179 cordibus
3396 1129 3597 1182 nostris

2007 1224 2101 1277 per
2129 1208 2383 1278 Spiritutn
2408 1219 2648 1265 sanctum
2675 1213 2764 1282 qui
2789 1212 2944 1267 datus
2966 1224 3047 1268 est
3087 1217 3239 1268 nobis
3269 1237 3286 1268 ι
3327 1215 3505 1287 (Rom.
3542 1236 3590 1284 ν,

2005 1299 2152 1370 3-5).
2201 1300 2256 1354 ln
2306 1303 2813 1358 commemoratione
2860 1314 3035 1358 autem
3088 1305 3488 1360 tribulationum
3531 1324 3594 1364 ac

2006 1393 2246 1448 laborum
2281 1410 2498 1448 suorum
2541 1395 2678 1450 idem
2709 1397 2983 1465 apostolus
3023 1413 3126 1451 non
3159 1406 3361 1452 tantmn
3393 1400 3444 1453 in
3473 1415 3596 1455 ear-

2005 1487 2214 1540 ccribus
2238 1497 2292 1540 et
2317 1485 2624 1556 naufragiis,
2657 1498 2814 1556 atque
2845 1487 3146 1556 bnjusmodi
3180 1491 3359 1545 multis
3420 1492 3594 1547 mole-

2004 1577 2139 1642 stiis,
2173 1577 2265 1631 sed
2296 1580 2454 1630 etiam
2487 1578 2539 1630 in
2571 1577 2707 1633 fame
2737 1588 2790 1632 et
2818 1579 2929 1643 siti,
2963 1579 3012 1632 in
3045 1579 3242 1648 frigore
3272 1589 3326 1633 et
3354 1582 3596 1639 nuditate

2003 1683 2062 1722 se
2092 1669 2358 1723 laborasse
2401 1679 2783 1723 commemorat
2826 1669 2886 1740 (ll
2910 1669 3027 1723 Cor.
3069 1686 3117 1723 xl
3144 1709 3158 1734 ,
3187 1670 3405 1740 25~27).
3434 1672 3592 1740 Quod

2003 1775 2123 1814 cum
2152 1760 2402 1830 legimus,
2431 1775 2535 1814 non
2570 1762 2895 1815 testimemus
2929 1761 3136 1816 Domini
3169 1764 3424 1832 promissa
3459 1766 3589 1820 tilu-

2003 1851 2176 1916 basse,
2203 1861 2258 1906 ut
2285 1851 2476 1906 famem
2505 1867 2566 1906 ac
2593 1852 2736 1906 sitim
2756 1861 2810 1906 et
2834 1852 3124 1908 nuditatem
3159 1862 3430 1922 pateretur
3452 1857 3594 1925 Apo-

2003 1942 2190 2006 stolus,
2216 1956 2461 2010 qurerens
2489 1955 2710 2011 regnum
2740 1941 3069 2010 etjustitiam
3098 1943 3214 2007 Dei,
3243 1959 3363 1996 cum
3386 1943 3590 2002 dictum

2002 2034 2067 2088 sit
2096 2033 2268 2096 nobis,
2295 2033 2513 2098 Quaerite
2533 2033 2750 2102 primum
2773 2049 2982 2104 regnum
3009 2032 3104 2087 Dei
3127 2044 3171 2086 et
3183 2035 3436 2104 justitiam
3457 2037 3588 2106 eius,

2001 2135 2048 2177 et
2087 2125 2193 2178 [nec
2229 2123 2396 2176 omnia
2432 2133 2754 2193 opponentur
2788 2125 2924 2176 vobis
2964 2139 2983 2177 .°
3021 2125 3446 2194 quandoquidem
3489 2128 3590 2182 ista

2002 2216 2138 2271 sicut
2161 2215 2423 2284 atljutoria
2449 2215 2596 2268 novit
2633 2214 2721 2269 ille
2748 2214 3008 2276 medicus,
3036 2215 3117 2268 cui
3141 2215 3307 2269 semel
3331 2231 3428 2270 nos
3449 2226 3588 2274 totos

2001 2305 2366 2361 commisimus
2389 2345 2403 2369 ,
2434 2314 2487 2360 et
2517 2321 2544 2358 a
2582 2319 2686 2374 quo
2727 2304 2985 2358 habemus
3026 2305 3436 2374 promissionem
3466 2309 3590 2364 vita:

2001 2398 2279 2468 prarsentis
2297 2407 2351 2452 et
2371 2397 2575 2462 lutum,
2595 2397 2807 2466 quando
2824 2406 3074 2466 apponat,
3088 2397 3302 2466 quando
3321 2399 3586 2461 detrahat.

2002 2490 2140 2546 sicut
2170 2489 2320 2544 nobis
2345 2490 2546 2559 judicat
2576 2489 2864 2557 expedire;
2895 2504 3028 2558 quos
3058 2499 3112 2543 et
3151 2491 3509 2546 eoosolandos
3533 2502 3589 2548 et

2002 2579 2326 2634 CXCI‘CCIIdOi
2350 2580 2400 2632 in
2427 2579 2524 2633 hac
2543 2577 2668 2642 vita,
2697 2588 2750 2633 et
2773 2587 2890 2648 post
2916 2579 3052 2633 hanc
3071 2580 3233 2633 vitam
3259 2579 3310 2634 in
3334 2591 3590 2650 perpetua

2002 2670 2186 2738 requie
2211 2668 2555 2723 stabiliendos
2590 2677 2748 2737 atque
2784 2668 3074 2722 firmandos
3097 2670 3388 2739 gubernat,
3421 2686 3485 2726 ac
3509 2671 3592 2726 di-

2002 2762 2146 2832 rigit.
2172 2761 2288 2815 Non
2306 2761 2444 2815 enim
2468 2769 2522 2816 et
2542 2760 2723 2823 homo,
2747 2775 2866 2815 cum
2895 2762 3206 2830 plerumque
3222 2762 3468 2831 jumento
3490 2778 3590 2818 suo

2003 2852 2198 2907 cibaria
2230 2851 2495 2915 detrahit,
2518 2851 2718 2905 deserit
2746 2851 2870 2905 illud
2896 2867 3022 2906 cura
3049 2867 3142 2906 sua
3161 2894 3176 2918 ,
3199 2867 3263 2908 ac
3285 2870 3389 2908 non
3418 2857 3590 2924 potius

2003 2943 2238 2996 curando
2267 2941 2378 2996 h2ec
2412 2941 2555 2994 facit.

2076 3031 2298 3087 CAPUT
2346 3030 2529 3086 XVIII.
2567 3021 2642 3071 ’-
2679 3031 2768 3086 59.
2814 3033 2877 3086 Et
2915 3034 3164 3101 quoniam
3207 3050 3324 3089 cum
3367 3036 3464 3090 ista
3503 3039 3587 3093 vel

2004 3132 2358 3192 procurantur
2402 3125 2451 3176 in
2491 3123 2724 3178 futurum
2749 3165 2763 3189 ,
2805 3125 2886 3179 vel
2913 3126 2958 3178 si
2987 3141 3145 3180 causa
3176 3143 3277 3182 non
3314 3137 3396 3184 est
3421 3145 3593 3199 quare

2005 3211 2096 3266 illa
2128 3211 2403 3281 impendas
2426 3253 2440 3277 ,
2474 3224 2813 3268 reservantur
2836 3255 2849 3278 ,
2883 3214 3144 3270 incertum
3173 3227 3254 3272 est
3276 3235 3381 3288 quo
3409 3222 3592 3275 animo

2006 3303 2118 3368 fiat,
2147 3319 2267 3358 cmn
2298 3305 2462 3373 possit
2489 3305 2713 3374 simplici
2745 3306 2902 3359 corde
2939 3307 3076 3374 ﬁeri,
3112 3311 3279 3379 possit
3299 3320 3352 3365 et
3371 3313 3587 3381 duplici,

2006 3402 2304 3464 opportune
2335 3394 2437 3450 hoc
2476 3395 2593 3449 loco
2632 3396 2857 3464 subjecit
2891 3415 2902 3450 :
2934 3397 3106 3454 Nolite
3126 3402 3363 3468 judicare
3385 3444 3397 3465 ,
3428 3421 3489 3458 ne
3503 3409 3595 3475 ju-

2007 3484 2200 3536 dicetnr
2226 3484 2286 3537 de
2321 3485 2456 3538 vobis
2479 3501 2497 3539 :
2523 3487 2574 3539 in
2603 3503 2700 3556 quo
2728 3487 2858 3540 enim
2888 3489 3081 3557 judicio
3103 3491 3452 3561 jndicaveritis
3471 3538 3486 3561 ,
3499 3498 3596 3566 ju-

2007 3575 2254 3628 dicabitur
2291 3575 2353 3630 de
2394 3576 2565 3642 vobis;
2595 3587 2641 3631 et
2678 3577 2730 3630 in
2767 3595 2864 3648 qua
2904 3597 3139 3634 mensura
3175 3585 3332 3637 mensi
3359 3587 3589 3654 fueritis,

2006 3666 2290 3720 remetiatur
2327 3669 2480 3720 vobis.
2526 3669 2636 3722 lloc
2677 3668 2794 3722 loco
2834 3669 2964 3723 nihil
3005 3673 3145 3727 aliud
3184 3675 3337 3729 nobis
3379 3679 3593 3748 prmeipi

2007 3758 2282 3822 existimo,
2315 3759 2414 3812 nisi
2444 3768 2499 3812 ut
2526 3774 2585 3812 ea
2617 3759 2750 3814 facta
2781 3778 2898 3831 quze
2927 3763 3143 3818 dubium
3175 3776 3257 3820 est
3280 3783 3386 3836 quo
3414 3769 3595 3825 animo

2008 3848 2156 3911 fiant,
2190 3848 2242 3901 in
2273 3849 2545 3903 meliorem
2579 3859 2779 3918 partem
2813 3851 3247 3922 interpretemur.
3274 3856 3427 3924 Quod
3449 3859 3594 3915 enim

2007 3938 2260 4004 scriptum
2288 3946 2369 3990 est
2393 3977 2409 4001 ,
2441 3937 2524 3991 Ea:
2563 3939 2808 4008 fructibus
2837 3957 3010 3994 eorum
3035 3948 3342 4015 cognoscetis
3370 3963 3457 4002 eos
3480 3991 3494 4015 ,
3526 3950 3596 4006 de

2007 4028 2302 4082 manifestis
2333 4028 2531 4083 dictum
2562 4039 2678 4096 est,
2706 4047 2825 4100 qua:
2864 4049 2967 4087 non
2998 4047 3222 4104 possunt
3250 4037 3389 4094 bono
3415 4042 3594 4095 animo

2008 4118 2119 4172 fieri
2155 4137 2167 4172 :
2196 4120 2331 4174 sicut
2360 4129 2484 4174 sunt
2523 4130 2704 4191 stupra
2731 4163 2744 4186 ,
2775 4124 2854 4177 vel
2884 4125 3228 4196 blasphemia!
3251 4168 3268 4195 ,
3298 4131 3378 4184 vel
3410 4130 3548 4184 furta
3575 4173 3591 4197 ,

2005 4211 2086 4265 vel
2107 4210 2460 4277 ebriositates,
2483 4212 2600 4266 etsi
2621 4230 2720 4282 qua
2743 4225 2866 4268 sunt
2885 4217 3028 4277 talia.
3051 4216 3118 4271 de
3133 4219 3322 4284 quibus
3347 4219 3593 4292 nobisju-

2006 4299 2185 4356 dicare
2215 4302 2558 4371 permittitur,
2590 4302 2801 4359 dicente
2827 4307 3100 4376 Apostolo,
3144 4308 3281 4373 Quid
3307 4313 3438 4365 enim
3470 4316 3594 4367 mihi

2006 4391 2068 4443 de
2103 4393 2164 4444 iis
2203 4392 2290 4460 qui
2320 4392 2443 4462 foris
2472 4403 2587 4445 sunt
2607 4393 2885 4464 judicare?
2921 4394 3108 4451 Nonne
3140 4398 3204 4451 de
3240 4400 3303 4453 iis
3337 4403 3424 4471 qui
3461 4403 3595 4458 intus

2004 4490 2123 4532 sunt
2157 4495 2243 4534 vos
2263 4481 2510 4551 judicatis
2537 4481 2581 4551 (Ι
2603 4481 2720 4537 Cor.
2752 4498 2806 4550 v,
2836 4485 2960 4555 12)?
2988 4487 3062 4541 De
3085 4503 3281 4557 genere
3304 4499 3482 4546 autem
3513 4495 3592 4546 ci-

2005 4571 2196 4625 borum
2221 4613 2236 4637 ,
2267 4573 2388 4642 quia
2435 4584 2656 4641 possunt
2698 4575 2838 4630 bono
2866 4576 3046 4630 animo
3083 4587 3138 4632 et
3173 4579 3402 4649 simplici
3427 4585 3596 4642 corde

2004 4665 2120 4720 sine
2151 4666 2278 4719 vitio
2305 4667 2751 4735 concupiscentize
2779 4670 3100 4740 quicumque
3126 4670 3340 4727 humani
3368 4675 3474 4729 cibi
3507 4679 3591 4731 in-

2003 4757 2312 4813 dill'erenter
2337 4759 2495 4823 sumi,
2529 4760 2773 4827 prohibet
2798 4761 2936 4815 idem
2963 4765 3476 4835 apostolusjudieari
3497 4784 3593 4824 eos

2004 4850 2092 4918 qui
2128 4849 2376 4904 carnibus
2412 4850 2763 4904 vescebantur
2797 4860 2854 4906 et
2890 4853 3068 4908 vinum
3109 4855 3381 4920 bibebant,
3409 4859 3477 4914 ab
3508 4862 3590 4916 eis

2002 4941 2090 5008 qui
2137 4956 2196 4994 se
2239 4941 2308 4994 ab
2356 4940 2656 5009 bnjusmodi
2704 4942 2971 4997 alimentis
3025 4949 3441 5015 temperabant:
3490 4953 3590 5018 Qui

2003 5031 2274 5085 manducat
2296 5073 2311 5096 ,
2343 5030 2511 5100 inquit
2533 5073 2547 5095 ,
2578 5048 2678 5084 non
2722 5034 3105 5089 manducantem
3143 5053 3243 5090 non
3271 5051 3510 5106 spernat;
3540 5055 3591 5095 et

2002 5121 2086 5190 qui
2112 5137 2211 5174 non
2238 5119 2529 5186 manducat,
2556 5121 2940 5177 manducantem
2967 5140 3066 5179 non
3083 5126 3299 5193 jndicet.
3328 5129 3401 5182 lbi
3423 5132 3584 5187 etiam

2002 5214 2076 5269 ait
2107 5232 2118 5268 :
2147 5211 2226 5267 Tu
2254 5215 2362 5283 quis
2397 5231 2449 5268 es
2469 5256 2482 5280 ,
2510 5216 2595 5284 qui
2625 5215 2827 5286 judices
2863 5217 3082 5270 alienum
3119 5221 3356 5274 servum?
3380 5223 3585 5280 domino

2005 5321 2096 5359 suo
2122 5313 2240 5371 stat,
2257 5313 2343 5356 aut
2366 5305 2498 5357 cadit
2521 5304 2693 5374 (Rom.
2723 5321 2828 5370 χιι,
2855 5307 2907 5368 ὅ,
2930 5305 3006 5376 4).
3038 5307 3110 5362 De
3129 5309 3320 5364 talibus
3336 5313 3477 5368 enim
3501 5330 3587 5370 re-

2002 5395 2102 5450 bus
2135 5409 2253 5465 qute
2294 5404 2514 5463 possunt
2556 5395 2696 5449 bono
2731 5405 2784 5450 et
2821 5397 3047 5467 simplici
3083 5405 3140 5452 et
3177 5415 3372 5471 magno
3407 5403 3587 5460 animo

2003 5485 2138 5552 ﬁeri,
2169 5487 2409 5558 quamvis
2441 5489 2648 5558 possint
2675 5489 2839 5545 etiam
2877 5503 2984 5545 non
3012 5489 3175 5559 bono,
3214 5493 3462 5552 volebant
3507 5499 3586 5554 illi

2003 5581 2123 5635 cum
2151 5577 2396 5640 homines
2421 5591 2637 5653 essent,
2665 5581 2716 5639 in
2741 5581 2946 5640 occulta
2971 5583 3153 5642 cordis
3186 5585 3327 5644 ferre
3362 5600 3579 5650 senten-
