3888 6308
250 163 386 220 1⁸297

249 280 402 344 tiam,
424 275 492 331 de
513 274 705 346 quibus
733 270 880 328 solus
899 271 1042 327 Deus
1054 268 1276 340 iudicat.

323 368 415 425 60.
455 365 536 421 Ad
563 366 664 420 hoc
697 364 926 433 pertinet
965 362 1124 417 etiam
1155 358 1282 414 illud
1308 356 1448 428 quod
1478 357 1583 412 alio
1608 356 1727 410 loco
1753 353 1839 410 di-

249 460 327 514 cit
355 477 367 511 :
402 457 575 512 Nolite
591 464 708 509 aute
732 464 924 524 tempus
949 451 1222 522 quidquam
1237 449 1492 520 judicare,
1516 446 1842 518 quoadusque

249 557 416 608 veniat
446 553 708 610 Dominus.
747 549 834 620 qui
873 558 919 602 et
947 544 1251 601 illuminabit
1290 542 1582 598 abscondita
1609 541 1838 595 tenebra-

249 663 386 709 rum,
433 655 478 699 et
515 639 852 710 manifestabit
897 637 1222 708 cogitationes
1264 633 1475 688 cordis:
1504 640 1549 685 et
1585 641 1701 684 tunc
1729 629 1841 682 laus

249 741 343 793 erit
371 736 642 807 unicuique
665 750 695 786 ιι
729 731 833 785 Deo
861 730 906 800 (l
930 728 1048 784 Cor.
1073 743 1144 792 tv,
1173 726 1252 797 5).
1286 727 1422 780 Sunt
1447 737 1574 793 ergo
1596 719 1838 792 quaedam

251 829 388 884 facta
419 827 610 886 media,
633 840 752 894 quae
786 823 1090 891 ignoramus
1115 833 1221 888 quo
1251 817 1430 872 animo
1458 817 1602 877 fiant,
1636 812 1760 882 quia
1788 820 1842 865 et

252 924 393 978 bono
419 930 470 975 et
502 919 644 973 malo
675 916 784 971 fieri
814 921 1054 984 possunt,
1079 911 1146 966 de
1170 910 1360 980 quibus
1392 905 1731 962 temerarium
1761 912 1844 958 est

247 1012 514 1082 judicare,
559 1007 789 1060 maxime
828 1014 881 1056 ut
925 1002 1363 1056 condemnemus.
1416 997 1615 1050 Horum
1662 1001 1840 1048 autem

251 1105 434 1160 veniet
463 1111 671 1169 tempus
702 1096 1098 1165 utjudiccntur,
1122 1108 1242 1147 cum
1264 1089 1515 1144 Dominus
1541 1084 1843 1141 illuminabit

249 1193 546 1250 abscondita
574 1189 904 1243 tenebrarum.
934 1194 980 1238 et
1016 1179 1355 1250 ntanifestabit
1391 1177 1715 1248 cogitationes
1739 1189 1844 1225 cor-

250 1287 352 1340 dis.
387 1285 516 1339 Item
551 1281 653 1332 alio
675 1277 796 1331 loco
825 1275 952 1329 dicit
979 1273 1117 1328 idem
1144 1269 1414 1340 apostolus
1445 1285 1458 1320 :
1495 1263 1843 1330 Quorumdam

251 1377 513 1432 hominum
539 1379 742 1442 peccata
773 1365 1038 1434 manifesta
1067 1371 1206 1420 sunt.
1239 1355 1575 1428 prtecedentia
1602 1354 1669 1406 ad
1690 1352 1840 1423 judi-

249 1467 385 1521 cium
406 1480 424 1528 ;
449 1461 679 1533 qutedam
705 1468 872 1510 autent
893 1464 938 1508 et
959 1453 1343 1522 subsequuntur.
1371 1445 1647 1503 Manifesta
1673 1459 1732 1498 ea
1760 1443 1840 1496 di-

251 1558 346 1621 cit,
375 1555 440 1609 de
469 1553 658 1622 quibus
696 1550 899 1604 clarum
928 1555 1010 1599 est
1033 1559 1137 1613 quo
1162 1541 1340 1595 animo
1365 1539 1492 1593 fiant
1516 1557 1530 1593 :
1562 1536 1675 1590 lucc
1702 1550 1843 1604 prte-

258 1652 458 1705 cedunt
495 1645 558 1699 ad
582 1642 874 1714 judicium;
905 1638 952 1691 id
987 1648 1087 1701 est,
1113 1635 1234 1705 quia
1273 1632 1319 1688 si
1348 1631 1501 1686 fuerit
1528 1629 1628 1684 ista
1655 1627 1842 1680 subse-

251 1751 433 1796 cutum
461 1737 738 1809 judicium,
782 1747 886 1785 non
926 1738 1008 1784 est
1043 1724 1402 1782 temerarium.
1442 1719 1846 1788 Subsequuntur

251 1841 430 1886 autem
461 1808 545 1894 illa
574 1841 691 1895 quae
735 1823 942 1877 occulta
987 1827 1138 1882 sunt;
1169 1816 1290 1886 quia
1322 1828 1420 1868 nec
1466 1813 1577 1881 ipsa
1609 1808 1847 1863 latebunt

256 1933 500 1992 tempore
527 1933 642 1971 suo.
675 1915 763 1970 Sic
783 1925 836 1966 et
865 1912 930 1966 de
954 1911 1106 1965 bonis
1137 1908 1284 1962 factis
1311 1901 1708 1971 intelligendum
1739 1906 1840 1953 est.

252 2015 386 2071 Nam
430 2013 503 2067 ita
547 2009 814 2078 suhjungit
839 2025 851 2058 :
881 2003 1127 2059 Similiter
1161 2008 1205 2052 et
1242 1998 1374 2068 facta
1408 1997 1537 2049 bona
1579 1993 1846 2064 manifesta

254 2115 407 2170 sunt;
433 2113 478 2157 et
504 2115 824 2172 qua’cumque
845 2098 993 2149 aliter
1027 2110 1079 2148 se
1105 2090 1308 2155 habent,
1340 2088 1576 2141 abscondi
1598 2102 1696 2138 non
1724 2101 1844 2154 pos-

253 2206 372 2253 sunt
394 2195 440 2264 (1
466 2193 598 2248 Tim.
623 2208 677 2258 v,
703 2191 794 2252 2-1,
818 2186 930 2260 ‘25).
957 2188 1032 2240 De
1055 2184 1348 2239 manifestis
1369 2196 1497 2251 ergo
1513 2179 1841 2250 judicemus;

253 2289 324 2344 de
353 2286 574 2342 occultis
605 2296 732 2336 vero
777 2282 883 2334 Deo
906 2279 1163 2348 judicium
1197 2275 1595 2342 relinquamus:
1627 2267 1745 2339 quia
1792 2276 1846 2322 et

252 2380 368 2449 ipsa
398 2374 649 2430 abscondi
677 2387 780 2425 non
817 2377 1058 2438 possunt,
1092 2367 1201 2420 sive
1229 2364 1364 2418 mala
1391 2363 1504 2416 sive
1533 2361 1689 2424 bona,
1722 2373 1844 2413 cum

256 2479 470 2537 tempus
489 2464 760 2518 advenerit
789 2478 892 2530 quo
925 2457 1346 2513 manifestentur.

328 2561 417 2614 6|.
458 2558 574 2612 Duo
600 2565 723 2610 sunt
747 2563 924 2607 autem
949 2551 997 2604 in
1026 2549 1217 2619 quibus
1236 2540 1844 2610 temerariumjudicimn

254 2667 446 2707 cavere
473 2649 761 2711 debemus;
794 2661 912 2700 cum
940 2644 1201 2697 incertum
1241 2649 1321 2692 est
1350 2653 1454 2707 quo
1480 2635 1658 2688 anitno
1688 2633 1845 2702 quid-

254 2763 361 2819 que
378 2746 570 2801 factum
593 2743 682 2802 sit,
707 2742 788 2794 vel
817 2755 934 2793 cum
960 2738 1217 2790 incertum
1241 2740 1325 2787 est
1351 2729 1522 2800 qualis
1551 2728 1756 2781 futurus
1779 2726 1848 2779 sit

255 2818 346 2908 qui
369 2851 505 2890 nunc
517 2837 594 2889 vel
615 2835 787 2887 bonus
803 2829 887 2882 vel
901 2827 1072 2881 malus
1091 2831 1326 2893 apparet.
1348 2823 1402 2876 Si
1422 2836 1545 2890 ergo
1559 2818 1842 2889 quispiam,

256 2907 405 2983 verbi
434 2928 618 2997 gratia,
652 2928 973 2992 conquestus
993 2917 1061 2970 de
1087 2913 1364 2970 stomacho
1386 2912 1626 2980 jejunare
1655 2907 1843 2972 noluit,

257 3032 310 3076 et
344 3032 397 3073 tu
433 3020 482 3073 id
526 3034 630 3072 non
673 3014 898 3070 credens
925 3009 1201 3064 edacitatis
1228 3007 1279 3060 id
1315 3007 1441 3059 vitio
1467 3002 1738 3066 tribueris,
1771 3011 1847 3055 te-

258 3127 404 3170 mere
429 3107 708 3180 judicabis.
741 3105 870 3159 Item
900 3103 942 3155 si
966 3098 1298 3153 manifestam
1328 3095 1644 3149 edacitatem
1666 3092 1846 3147 ebriu-

257 3204 576 3267 sitatemque
621 3191 964 3264 cognoveris,
1011 3198 1066 3243 et
1115 3188 1185 3241 ita
1233 3183 1642 3253 reprehenderis
1691 3181 1842 3251 quasi

259 3304 530 3361 nunquam
561 3287 648 3341 ille
672 3283 836 3354 possit
861 3279 1050 3350 corrigi
1077 3287 1236 3348 atque
1261 3275 1474 3336 nmtari,
1504 3273 1845 3325 nihilomith

261 3394 462 3438 temere
491 3375 772 3449 judicabis.
806 3373 920 3428 Non
960 3386 1086 3440 ergo
1131 3365 1585 3438 reprehendamus
1627 3378 1687 3416 ea
1729 3377 1846 3432 qua:

261 3473 529 3529 nescimus
555 3485 659 3538 quo
686 3465 864 3519 animo
893 3463 1052 3526 fiant;
1086 3475 1257 3529 neque
1288 3459 1357 3512 ita
1387 3455 1848 3526 reprehendamus

261 3581 380 3636 quin
407 3561 682 3617 manifesta
711 3567 851 3620 sunt,
879 3565 934 3609 ut
960 3555 1303 3622 desperemus
1333 3550 1652 3611 sanitatem;
1683 3557 1738 3602 et
1767 3548 1849 3602 vi-

264 3657 492 3710 tabimus
522 3651 778 3722 judicium
813 3647 876 3700 tle
920 3662 1025 3716 quo
1073 3658 1212 3698 nunc
1239 3641 1454 3705 dicitur,
1498 3637 1677 3692 Nolite
1696 3639 1848 3709 judi-

263 3765 397 3810 care,
423 3763 483 3799 ne
497 3744 755 3814 judicetur
777 3742 838 3792 de
865 3738 1020 3791 vobis.

337 3837 426 3892 6'2.
468 3836 649 3889 Potest
675 3842 848 3885 autern
874 3843 1092 3882 movere
1123 3824 1262 3895 quod
1283 3825 1376 3890 ait,
1408 3823 1471 3877 In
1491 3839 1588 3892 quo
1612 3822 1746 3876 enim
1756 3823 1852 3892 ju-

266 3930 399 3983 dicio
418 3924 786 4000 judicaveritis,
804 3920 1122 3991 judicabitur
1147 3917 1210 3970 de
1238 3917 1410 3978 vobis;
1437 3925 1482 3968 et
1513 3914 1564 3968 in
1589 3931 1688 3984 qua
1714 3932 1852 3969 mett-

264 4035 384 4074 sura
426 4015 582 4070 mensi
618 4012 834 4086 fueritis,
871 4011 923 4062 in
963 4026 1022 4062 ea
1060 4008 1345 4061 remetietur
1386 4006 1540 4059 vobis.
1585 4004 1851 4073 Numquid

264 4110 410 4166 enim
440 4109 483 4164 si
515 4120 612 4159 nos
634 4103 835 4172 judicio
864 4100 1148 4154 temerario
1175 4097 1614 4166 judicaverimus,
1648 4104 1851 4150 temere

264 4203 424 4258 etiam
467 4199 533 4253 de
572 4197 722 4250 nobis
765 4195 904 4247 Deus
929 4190 1230 4261 judicabit?
1268 4198 1358 4242 aut
1409 4187 1662 4258 numquid
1709 4189 1752 4242 si
1800 4189 1850 4242 in

264 4305 513 4348 tnensura
543 4288 716 4354 iniqua
745 4285 911 4340 mensi
936 4283 1209 4346 fuerimus,
1238 4290 1289 4336 et
1317 4279 1454 4350 apud
1480 4281 1642 4334 Deum
1675 4279 1852 4350 iniqua

266 4397 514 4439 mensura
543 4391 627 4435 est
650 4379 790 4433 unde
811 4377 963 4431 nobis
987 4373 1334 4430 remetietur?
1362 4388 1483 4427 nam
1504 4381 1560 4427 et
1589 4387 1854 4427 mensura:

266 4476 485 4533 nomine
533 4475 702 4542 ipsum
728 4470 982 4540 judicium
1028 4467 1379 4536 significatum
1418 4465 1666 4519 arbitror.
1699 4463 1854 4517 Nullo

266 4568 428 4625 modo
464 4568 602 4621 Deus
644 4565 730 4619 vel
772 4573 972 4618 temere
1002 4561 1226 4631 judicat,
1265 4560 1347 4613 vel
1391 4559 1565 4627 iniqua
1607 4571 1851 4613 mensura

266 4663 513 4732 cuiquam
546 4658 792 4728 rependit
819 4674 832 4710 :
861 4656 953 4709 sed
982 4656 1082 4708 hoc
1111 4653 1311 4707 dictum
1360 4660 1462 4714 est,
1491 4650 1740 4720 quoniam
1773 4659 1852 4703 tc-

268 4754 488 4809 meritas
506 4767 608 4822 qua
633 4750 783 4820 punis
805 4748 989 4809 alium,
1015 4746 1198 4800 eadem
1223 4745 1334 4814 ipsa
1363 4752 1414 4798 te
1436 4742 1617 4813 puniat
1639 4757 1856 4798 necesse

267 4855 370 4901 est.
402 4845 510 4900 Nisi
542 4844 678 4898 forte
711 4840 1076 4896 arbitrandum
1106 4847 1188 4893 est
1215 4837 1357 4908 quod
1388 4836 1636 4902 iniquitas
1678 4836 1728 4890 ei
1754 4851 1855 4890 no-

268 4946 387 4992 ceat
424 4934 619 5005 aliquid
667 4935 717 4987 in
750 4946 906 5002 quem
939 4928 1197 5000 procedit,
1243 4927 1293 4982 ei
1323 4936 1502 4980 autem
1532 4926 1662 4980 nihil
1690 4942 1719 4981 a
1750 4942 1853 4995 qtto

269 5025 552 5097 procedit:
581 5025 689 5078 imo
728 5039 857 5078 vero
887 5037 1030 5091 smpe
1069 5020 1200 5074 nihil
1243 5026 1400 5072 nocet
1433 5017 1504 5083 ei,
1544 5018 1634 5086 qui
1661 5018 1857 5086 patitur

271 5115 538 5185 injuriam,
583 5114 632 5168 ei
676 5122 851 5167 autem
881 5112 969 5181 qui
1017 5110 1142 5164 facit
1179 5122 1398 5162 necesse
1427 5112 1512 5160 est
1556 5116 1612 5159 ut
1642 5115 1852 5160 noceat.

270 5206 405 5273 Quid
425 5205 566 5260 enim
586 5204 764 5258 nocuit
783 5201 1102 5272 martyribus
1123 5200 1370 5270 iniquitas
1393 5198 1856 5267 persequentium?

271 5300 402 5368 ipsis
426 5307 598 5351 autem
629 5295 1055 5366 persecutoribus
1076 5293 1378 5361 plurimum.
1408 5290 1539 5357 Quia
1569 5291 1665 5344 etsi
1693 5290 1856 5359 aliqui

271 5405 458 5447 eorum
497 5388 724 5444 correcti
768 5395 910 5452 sunt,
952 5401 1018 5441 eo
1059 5396 1232 5440 tamen
1263 5391 1502 5454 tempore
1529 5397 1635 5454 quo
1677 5398 1856 5453 perse-

273 5479 600 5552 quebantur,
631 5479 932 5534 excaecabat
958 5477 1076 5532 illos
1101 5474 1300 5530 malitia
1337 5489 1542 5529 eorum.
1574 5472 1662 5529 Sic
1695 5483 1748 5529 et
1775 5483 1855 5530 te-

275 5574 566 5631 Inerat-ium
615 5569 868 5642 judicium
926 5568 1237 5642 pierumque
1290 5565 1420 5624 nihil
1477 5575 1632 5624 nocet
1682 5566 1732 5622 ei
1786 5566 1853 5624 de

1545 146 1748 204 LIBER
1787 141 2164 201 SECUNDUS.

3397 147 3535 206 1298

1951 275 2056 331 quo
2093 270 2300 316 temere
2342 260 2609 330 judicatur
2634 279 2648 328 ;
2676 261 2728 318 ei
2774 268 2952 319 autem
3004 262 3096 334 qui
3148 270 3349 319 temere
3388 262 3533 334 judi-

1949 360 2061 414 cat,
2112 351 2224 421 ipsa
2265 350 2539 408 temeritas
2574 368 2791 408 necesse
2818 361 2902 408 est
2943 361 3002 408 ut
3044 364 3253 409 noceat.
3298 354 3401 410 Ista
3442 371 3530 408 re-

1948 446 2068 515 gula
2115 446 2274 500 etiam
2319 445 2447 499 illud
2504 446 2702 500 dictum
2751 446 3026 501 arbitror:
3065 445 3241 501 Omnis
3286 448 3374 515 qui
3417 464 3531 516 per-

1948 539 2157 592 cusserit
2199 537 2404 608 gladio,
2450 537 2622 609 gladio
2669 540 2909 591 morietur
2957 537 3167 611 (Matth.
3217 555 3372 604 xxvi,
3417 540 3529 603 59.).

1949 629 2117 695 Quam
2150 630 2300 684 multi
2328 630 2468 684 enim
2500 630 2677 699 gladio
2725 631 3038 698 percutiunt,
3072 645 3170 684 nec
3207 640 3382 684 tamen
3422 632 3531 700 gla-

1947 721 2037 774 dio
2091 722 2410 786 moriuntur,
2465 721 2600 775 sicut
2657 736 2826 790 neque
2873 719 2986 788 ipse
3031 721 3259 775 Petrus?
3311 721 3413 775 Sed
3469 737 3531 776 ne

1949 812 2105 866 istum
2147 812 2299 866 venia
2343 821 2678 881 peccatorum
2708 812 2865 866 talem
2903 813 3135 868 evasisse
3168 827 3373 882 pinnam
3413 813 3529 883 quis

1950 910 2119 972 putet,
2162 917 2461 973 quanquam
2507 902 2634 956 nihil
2677 901 2976 966 absurdius,
3037 919 3194 973 quam
3247 914 3303 958 ut
3355 905 3524 972 majo-

1949 1008 2061 1046 rem
2107 1000 2256 1061 putet
2293 992 2452 1062 gladii
2500 1006 2707 1062 pinnam
2751 1007 2870 1048 esse
2907 993 3162 1062 potuisse,
3217 1009 3335 1062 quae
3377 995 3528 1048 Petro

1950 1098 2054 1136 non
2096 1083 2307 1144 accidit,
2352 1099 2508 1153 quam
2548 1083 2721 1138 crucis
2763 1099 2881 1153 qua:
2914 1083 3105 1136 accidit
3135 1102 3147 1136 :
3174 1085 3299 1153 quid
3349 1093 3526 1140 tamen

1948 1173 2014 1228 de
2065 1172 2358 1228 latronibus
2405 1173 2642 1228 dicturus
2677 1182 2790 1238 est,
2841 1172 2928 1242 qui
2969 1188 3090 1228 cum
3133 1174 3355 1228 Domino
3401 1189 3524 1228 cru-

1950 1263 2091 1318 citivi
2119 1271 2281 1328 sunt;
2314 1264 2436 1333 quia
2467 1271 2521 1317 et
2567 1263 2652 1316 ille
2691 1263 2778 1333 qui
2814 1264 3006 1316 meruit
3043 1264 3272 1327 veniam,
3319 1273 3525 1332 postea-

1948 1370 2104 1424 quam
2145 1355 2431 1410 crucifixus
2476 1363 2558 1410 est
2599 1355 2792 1408 meruit
2839 1353 2984 1426 (Luc.
3029 1371 3182 1419 svnt,
3223 1357 3437 1424 ’ὃὸ-45),
3476 1367 3529 1411 et

1947 1447 2080 1502 alter
2109 1449 2327 1503 omnino
2364 1463 2467 1503 non
2508 1447 2737 1503 meruit?
2769 1449 2847 1501 An
2877 1447 3010 1502 forte
3045 1463 3234 1504 omnes
3269 1463 3400 1518 quos
3440 1464 3529 1502 oc-

1947 1539 2204 1606 ciderant,
2246 1540 2650 1603 crueitixerant;
2695 1547 2747 1593 et
2773 1549 3051 1609 propterea
3085 1539 3186 1594 hoc
3228 1541 3386 1594 etiam
3430 1539 3529 1608 ipsi

1948 1630 2052 1705 pati
2076 1632 2415 1685 meruerunt?
2439 1630 2738 1684 Ridiculum
2770 1639 2853 1684 est
2880 1630 2978 1684 huc
3001 1639 3203 1700 putare.
3247 1631 3380 1697 Quid
3405 1646 3530 1700 ergo

1947 1721 2087 1776 aliud
2118 1721 2316 1776 dictum
2353 1730 2452 1784 est,
2505 1721 2681 1775 Omnis
2709 1722 2838 1774 enim
2879 1721 2964 1787 qui
3000 1722 3169 1791 gladio
3209 1723 3528 1792 percusserit,

1947 1813 2118 1882 gladio
2140 1814 2398 1876 morietur,
2433 1811 2531 1866 nisi
2559 1813 2676 1881 quia
2708 1812 2823 1881 ipso
2848 1819 3063 1880 peccato
3083 1812 3256 1865 anima
3285 1813 3527 1876 moritur,

1948 1902 2316 1972 quodcumque
2341 1904 2704 1958 commiserit?

2019 1993 2244 2048 CAPUT
2283 1993 2424 2046 XIX.
2457 2023 2527 2033 -—-
2553 1994 2639 2048 65.
2687 1995 2750 2047 Ει
2774 1993 3020 2064 quoniam
3047 1993 3114 2047 de
3156 1996 3440 2049 temerario
3480 2007 3532 2050 et

1949 2084 2130 2153 iniquo
2168 2084 2366 2152 judicio
2418 2099 2515 2137 nos
2566 2083 2666 2138 hoc
2707 2084 2825 2138 loco
2874 2085 3127 2138 Dominus
3168 2095 3348 2140 monet
3376 2104 3388 2138 :
3419 2087 3532 2140 vult

1949 2174 2092 2229 enim
2121 2183 2175 2228 ut
2205 2175 2434 2244 simplici
2475 2174 2635 2228 corde
2661 2183 2713 2228 et
2741 2175 2790 2228 in
2823 2190 2982 2228 untun
3029 2175 3191 2228 Deum
3221 2175 3423 2228 intento
3455 2177 3531 2227 fa-

1949 2265 2150 2319 ciamus
2180 2280 2525 2334 qumcumque
2557 2263 2808 2328 facimus;
2853 2273 2908 2318 et
2946 2263 3109 2318 tnulta
3155 2265 3411 2318 incertum
3449 2274 3532 2319 est

1950 2371 2056 2426 quo
2082 2355 2245 2411 corde
2287 2356 2433 2420 fiant,
2475 2354 2542 2409 de
2571 2355 2762 2424 quibus
2786 2355 3026 2423 judicare
3053 2356 3388 2409 temerarium
3417 2364 3532 2417 est;

1950 2449 2180 2502 maxime
2211 2455 2386 2501 autem
2417 2447 2468 2499 hi
2506 2457 2702 2500 temere
2723 2446 2962 2516 judicant
2987 2446 3054 2500 de
3098 2446 3334 2513 incertis,
3380 2457 3432 2501 ct
3459 2447 3534 2500 fa-

1949 2539 2050 2592 cile
2089 2538 2517 2608 reprehemlunt,
2565 2538 2654 2608 qui
2702 2539 2866 2607 magis
2909 2547 3087 2590 amant
3138 2539 3440 2606 vituperare
3480 2546 3534 2592 et

1950 2628 2225 2693 damnare,
2257 2645 2412 2698 quam
2442 2629 2728 2682 emendare
2758 2637 2915 2698 atque
2945 2630 3246 2698 corrigere;
3278 2630 3418 2698 quod
3452 2630 3531 2683 vi-

1953 2720 2080 2773 tium
2109 2722 2188 2774 vel
2214 2721 2477 2789 superbiae
2517 2729 2620 2781 est,
2652 2721 2736 2773 vel
2769 2720 3104 2773 invidentim:
3143 2731 3533 2790 consequenter

1951 2811 2200 2883 subjecit,
2247 2822 2301 2866 et
2325 2813 2469 2873 dicit,
2506 2812 2640 2877 Quid
2675 2823 2840 2865 autem
2883 2812 3018 2865 rides
3044 2817 3285 2882 festuctmt
3308 2814 3361 2865 iu
3387 2813 3533 2867 oculo

1950 2902 2126 2971 fratris
2159 2903 2253 2967 ttti,
2283 2903 2470 2956 trabem
2497 2914 2664 2956 autent
2689 2904 2741 2955 in
2771 2903 2914 2956 oculo
2939 2915 3022 2956 tuo
3058 2920 3155 2956 non
3184 2904 3359 2957 rides?
3383 2903 3452 2960 Ut
3489 2905 3532 2958 si

1952 2993 2105 3058 forte,
2144 2995 2289 3048 vet-bi
2346 2995 2514 3064 gratia
2541 3035 2554 3056 ,
2590 2993 2665 3048 ira
2705 2995 2792 3047 ille
2822 2995 3076 3064 peccavit,
3113 3004 3165 3047 ιιι
3195 2993 3319 3048 odio
3357 3009 3536 3062 repre-

1951 3082 2153 3137 hendas
2183 3102 2195 3136 :
2225 3095 2479 3154 quantum
2526 3095 2700 3139 autem
2745 3087 2883 3138 inter
2914 3085 3167 3139 festucam
3210 3093 3264 3139 et
3305 3086 3534 3153 trabem,

1951 3177 2099 3246 quasi
2131 3185 2332 3231 tantum
2363 3179 2501 3231 inter
2528 3178 2658 3231 irant
2689 3177 2850 3231 distat
2875 3185 2928 3230 ct
2949 3177 3149 3232 odium.
3177 3177 3366 3232 Odium
3393 3180 3536 3233 enim

1950 3279 2032 3321 est
2077 3270 2150 3320 ira
2183 3268 2496 3331 inveterata,
2530 3267 2680 3335 quasi
2724 3282 2845 3334 quae
2875 3276 3135 3322 vetustate
3176 3269 3286 3337 ipsa
3329 3278 3535 3324 tantum

1951 3359 2115 3413 robur
2139 3359 2426 3428 acceperit,
2458 3367 2515 3412 ut
2538 3359 2726 3412 merito
2747 3359 3045 3428 appelletur
3061 3361 3259 3416 trabes.
3281 3360 3423 3417 Fieri
3442 3377 3538 3417 au-

1954 3459 2060 3504 tem
2089 3458 2262 3519 potest
2288 3458 2346 3504 ut
2369 3451 2411 3504 si
2431 3449 2675 3503 irascaris
2695 3448 2917 3511 homini,
2940 3449 3071 3503 velis
3091 3465 3213 3504 eum
3239 3452 3430 3522 corrigi
3453 3469 3466 3518 ;
3489 3452 3534 3507 si

1953 3551 2130 3597 autem
2146 3541 2324 3596 oderis
2348 3541 2638 3606 hominem,
2661 3555 2765 3594 nou
2785 3548 2938 3610 potes
2953 3556 3073 3594 eum
3093 3541 3226 3596 velle
3244 3542 3533 3613 corrigere.

2023 3636 2114 3690 64.
2157 3633 2420 3700 Quomodo
2454 3633 2584 3686 enim
2617 3632 2742 3685 dicis
2770 3633 2918 3702 fratri
2943 3641 3048 3696 tuo,
3082 3632 3207 3687 Siue
3230 3634 3426 3703 ejiciam
3456 3639 3534 3706 fe-

1953 3737 2145 3782 stucam
2171 3727 2233 3780 de
2251 3727 2396 3780 oculo
2423 3735 2529 3790 tuo,
2557 3735 2602 3778 et
2624 3740 2735 3778 ecce
2756 3724 2918 3778 trabes
2938 3732 3008 3777 est
3033 3724 3084 3778 in
3111 3725 3254 3778 oculo
3275 3727 3401 3778 tuo?
3423 3725 3535 3796 Hy-

1955 3823 2166 3892 pocrita.
2190 3817 2313 3886 ejice
2341 3817 2555 3888 primum
2579 3814 2766 3869 trabem
2787 3814 2849 3868 de
2877 3815 3020 3868 oculo
3056 3823 3161 3875 tuo.
3193 3824 3238 3867 et
3267 3825 3383 3869 tunc
3404 3816 3539 3870 vide-

1955 3912 2029 3966 bis
2055 3911 2234 3980 ejicere
2254 3907 2494 3977 festucam
2517 3908 2578 3960 tle
2599 3906 2746 3960 oculo
2763 3905 2937 3974 fratris
2957 3905 3028 3958 tui
3056 3923 3074 3958 :
3104 3905 3152 3958 id
3183 3915 3284 3970 est,
3307 3905 3536 3976 primum

1954 4004 2050 4058 abs
2095 4009 2148 4057 te
2191 3998 2398 4069 expelle
2445 3997 2646 4062 odium,
2697 4006 2750 4052 et
2805 3995 2998 4050 deinde
3040 3997 3240 4066 poteris
3263 3996 3371 4065 jam
3414 4014 3534 4051 eum

1955 4110 2110 4165 quem
2140 4092 2334 4163 diligis,
2366 4089 2669 4146 emendare.
2703 4089 2768 4142 Et
2806 4087 2941 4143 bene
2980 4089 3071 4150 ait,
3104 4086 3402 4156 llypocrtta.
3437 4089 3538 4140 Ac.

1955 4201 2141 4242 cusare
2161 4184 2304 4240 enim
2347 4182 2490 4245 vitia,
2536 4179 2767 4234 officium
2802 4187 2886 4233 est
2914 4179 3173 4231 bonorum
3220 4178 3450 4230 virorum
3483 4187 3538 4232 et

1957 4275 2336 4331 benevolorum
2365 4289 2377 4322 :
2403 4270 2546 4341 quod
2575 4284 2695 4324 cum
2723 4269 2846 4322 mali
2877 4267 3092 4330 faciunt,
3135 4267 3336 4321 alienas
3363 4277 3538 4336 partes

1957 4375 2155 4436 agunt;
2185 4365 2320 4419 sicut
2352 4361 2666 4433 hypocritze,
2695 4360 2785 4428 qui
2817 4367 2999 4429 tegunt
3019 4360 3117 4411 sub
3147 4373 3371 4428 persona
3397 4359 3538 4429 quod

1957 4468 2102 4521 sunt,
2136 4465 2188 4510 et
2216 4461 2485 4509 ostentant
2529 4452 2581 4505 in
2613 4465 2837 4519 persona
2878 4449 3018 4516 quod
3049 4464 3153 4503 non
3183 4460 3325 4504 sunt.
3357 4449 3539 4521 Hypo—

1955 4550 2210 4603 critarum
2253 4560 2381 4614 ergo
2421 4545 2633 4596 nomine
2678 4541 3011 4595 sitnulatores
3050 4541 3336 4610 acceperis.
3370 4541 3436 4594 Et
3461 4551 3544 4596 est

1958 4660 2085 4700 vere
2108 4643 2329 4698 multum
2361 4636 2652 4694 cavendum
2681 4646 2733 4689 et
2761 4635 3042 4688 molestum
3063 4634 3429 4689 sitnulalorum
3451 4651 3543 4706 ge-

1959 4751 2078 4803 nus,
2111 4735 2200 4805 qui
2239 4747 2359 4787 cum
2396 4728 2632 4785 omnium
2659 4727 2906 4780 vitiorum
2947 4726 3312 4779 accusationes
3339 4726 3461 4778 odio
3492 4735 3541 4777 et

1962 4829 2128 4884 .ivore
2157 4823 2465 4892 suscipiant,
2501 4820 2659 4873 etiam
2701 4817 3033 4872 consultores
3064 4816 3226 4868 videri
3253 4831 3311 4868 se
3337 4815 3540 4868 volunt.

1961 4924 2025 4976 Et
2052 4919 2170 4974 ideo
2199 4917 2283 4987 pie
2309 4924 2564 4982 cauteque
2582 4910 2901 4984 vigilandum
2932 4917 3033 4973 est,
3059 4915 3135 4971 ut,
3163 4921 3282 4960 cum
3312 4907 3540 4976 aliquezn

1961 5008 2355 5084 reprehendere
2386 5005 2468 5060 vel
2508 5005 2790 5075 objurgare
2831 5015 2927 5082 nos
2967 4999 3256 5052 necessitas
3286 4999 3540 5067 coegerit,

1960 5108 2191 5178 primum
2231 5101 2526 5172 cogitemus
2556 5107 2731 5150 utrum
2761 5093 2862 5148 tale
2893 5092 2962 5145 sit
2987 5091 3192 5156 vitium,
3224 5090 3367 5160 quod
3405 5107 3542 5145 nun-

1960 5213 2117 5268 quam
2153 5193 2454 5256 habuimus,
2498 5188 2578 5242 vel
2608 5201 2711 5255 quo
2736 5186 2842 5253 jam
2889 5183 3276 5238 caruimus:et
3319 5182 3364 5238 si
3412 5199 3545 5238 utut-

1961 5305 2118 5361 quam
2149 5285 2449 5347 habuimus,
2481 5279 2772 5349 cogitemus
2797 5291 2894 5330 nos
2925 5275 3167 5330 homines
3194 5291 3331 5343 esse,
3363 5286 3416 5332 et
3447 5277 3541 5331 ha-

1961 5386 2089 5440 bere
2122 5379 2387 5452 potuisse;
2433 5374 2479 5428 si
2506 5387 2633 5428 vero
2674 5368 2972 5432 habuimus,
3016 5380 3070 5422 et
3115 5383 3223 5424 non
3263 5369 3540 5436 habemus,

1930 5535 1932 5537 ,
1961 5479 2140 5544 tangat
2175 5467 2485 5525 memoriam
2525 5461 2822 5520 communis
2854 5459 3154 5525 infirmitas,
3187 5468 3247 5514 ut
3283 5461 3423 5516 illam
3459 5476 3544 5517 reo

1965 5563 2372 5643 prehensionem
2401 5568 2493 5618 aut
2517 5554 2938 5628 obiurgationem
2961 5566 3066 5608 non
3091 5553 3294 5622 odium,
3325 5552 3417 5610 sed
3443 5555 3544 5610 mi~
3623 5572 3626 5574 τ
