3888 6326
323 403 612 468 sericordia
651 401 921 481 praecedat
947 420 964 458 :
992 405 1053 457 ut
1084 398 1198 454 sive
1229 393 1297 452 ad
1335 390 1722 452 correctionem
1764 385 1905 459 ejus,

327 511 541 574 propter
566 515 725 572 quem
769 496 821 553 id
851 493 1093 557 facimus,
1123 490 1236 545 sive
1277 485 1345 542 ad
1375 481 1770 556 perversionem
1810 493 1904 534 va-

327 571 482 651 luerit
508 592 653 667 (nam
694 591 928 646 incertus
966 594 1048 641 est
1089 577 1310 654 exitus),
1356 592 1456 633 nos
1483 585 1662 631 tamen
1686 573 1753 629 de
1776 571 1910 628 sim-

328 688 564 761 plicitate
585 682 724 741 oculi
746 681 911 740 nostri
935 677 1110 735 securi
1132 676 1318 732 simus.
1340 671 1397 728 Si
1419 679 1598 726 autem
1619 667 1913 738 cogitantes

329 757 685 847 nosmetipsos
721 769 1079 827 invenerimus
1108 766 1160 820 in
1190 779 1256 820 eo
1279 776 1401 819 esse
1429 759 1579 825 vitio,
1615 757 1668 812 in
1695 772 1800 828 quo
1831 765 1915 812 est

330 867 417 924 ille
445 843 604 938 quem
630 859 1024 934 reprehendere
1055 854 1391 926 parabamus,
1423 864 1528 905 non
1552 843 1917 917 reprehenda-

329 937 477 1024 mus,
491 969 662 1024 neque
689 951 1066 1020 objurgcmus:
1095 942 1187 1000 sed
1219 951 1394 998 tamen
1422 937 1912 1009 congemiscamus;

329 1056 385 1103 et
407 1021 510 1102 non
543 1021 690 1099 illum
717 1041 781 1096 ad
811 1034 1284 1108 obtemperantium
1310 1027 1486 1105 nobis,
1508 1027 1601 1084 sed
1622 1021 1918 1096 ad'paritcr

330 1136 629 1194 conandum
653 1135 671 1168 ⁸
699 1132 1000 1189 invitemus.

407 1229 496 1285 65.
536 1227 667 1284 Nam
706 1235 760 1282 et
808 1222 934 1279 illud
974 1219 1115 1292 quod
1159 1216 1288 1274 dicit
1328 1213 1635 1285 Apostolus,
1670 1231 1688 1263 ι
1721 1207 1916 1264 Fartus

328 1337 448 1378 sum
486 1319 683 1377 JutLeis
714 1328 961 1387 tanquam
999 1311 1235 1374 Judmus,
1284 1317 1341 1362 ut
1379 1306 1592 1362 Judmos
1639 1301 1918 1358 lucriface-

329 1429 475 1477 rem;
502 1412 585 1466 his
605 1410 693 1481 qui
722 1409 821 1465 sub
840 1407 980 1478 Lege
1010 1415 1150 1469 sunt,
1182 1401 1330 1473 quasi
1353 1399 1452 1452 sub
1475 1398 1634 1467 Lege,
1665 1410 1784 1450 cum
1809 1409 1918 1449 non

331 1503 432 1560 sim
463 1503 577 1574 ipse
607 1501 704 1556 sub
731 1500 891 1570 Lege,
932 1507 988 1550 ut
1016 1509 1110 1551 eos
1146 1494 1235 1563 qui
1265 1490 1365 1546 sub
1396 1489 1535 1556 Lege
1565 1494 1718 1541 erant
1755 1485 1918 1539 lucri-

332 1594 590 1659 facerem;
622 1592 701 1646 his
724 1591 811 1661 qui
836 1589 950 1644 sine
977 1587 1116 1656 Lege
1132 1592 1274 1648 sunt,
1298 1579 1446 1652 quasi
1476 1580 1591 1634 sine
1611 1579 1769 1648 Lege.
1797 1592 1918 1632 cunt

333 1687 447 1742 sine
474 1687 594 1756 lege
626 1683 716 1738 Dei
746 1697 848 1736 non
871 1680 993 1744 sim,
1017 1677 1110 1732 sed
1142 1676 1240 1743 sini
1272 1675 1324 1728 in
1353 1672 1472 1742 lege
1491 1665 1711 1735 Christi,
1745 1680 1800 1722 ut
1829 1669 1916 1723 lu-

332 1778 640 1834 crifaccrem
661 1789 754 1830 eos
791 1773 880 1843 qui
915 1772 1030 1825 sine
1056 1768 1196 1838 Lege
1223 1773 1365 1821 sunt.
1395 1762 1592 1818 Factus
1618 1776 1733 1816 sum
1767 1759 1915 1813 inlic-

333 1871 434 1924 mis
474 1869 747 1932 inlirmus,
807 1873 864 1918 ut
908 1861 1147 1917 infirmos
1197 1854 1565 1911 lucrifaccrcm
1610 1871 1626 1908 :
1668 1851 1918 1906 omnibus

332 1960 508 2017 omnia
541 1959 709 2012 factus
735 1971 872 2019 sum,
901 1960 960 2007 ut
979 1965 1168 2005 omnes
1187 1947 1550 2002 lucrifacerem
1576 1960 1589 1997 :
1625 1962 1644 1995 ι
1679 1958 1785 1996 non
1812 1941 1918 1995 uti-

331 2066 435 2122 que
471 2047 808 2104 simulatione
837 2043 1081 2107 faciebat,
1110 2034 1555 2109 quemadmodum
1595 2031 1808 2102 quidam
1836 2031 1921 2084 in-

332 2141 492 2210 telligi
542 2139 759 2204 volunt,
794 2144 850 2190 ut
890 2148 1074 2189 eorum
1117 2128 1426 2186 detestanda
1469 2126 1736 2181 simulatio
1779 2123 1915 2178 tanti

332 2230 559 2301 exempli
589 2227 904 2284 auctoritate
940 2222 1240 2285 muniatur;
1271 2218 1366 2274 sed
1397 2217 1499 2270 hoc
1540 2215 1764 2269 faciebat
1789 2212 1917 2267 cha-

335 2322 523 2385 ritate;
563 2335 663 2390 qua
691 2319 804 2387 ejus
833 2313 1218 2377 infirmitatem,
1247 2307 1330 2364 cui
1365 2306 1574 2361 volebat
1611 2301 1916 2367 subvenire,

336 2421 584 2482 tanquam
617 2424 764 2463 suam
794 2403 1078 2475 cogitabat.
1103 2400 1215 2455 lloc
1257 2399 1395 2453 enim
1444 2404 1499 2451 ct
1527 2394 1792 2465 przestruit
1837 2393 1918 2446 di-

333 2502 502 2558 cendo
527 2518 539 2553 :
564 2499 687 2554 Cum
722 2498 854 2551 enim
893 2494 1017 2548 liber
1044 2493 1140 2546 sint
1180 2507 1242 2544 ex
1284 2487 1532 2550 omnibus,
1580 2502 1658 2538 nte
1693 2484 1918 2537 omnium

331 2609 528 2648 servum
561 2590 672 2662 feci,
704 2598 759 2642 ut
785 2588 957 2659 plures
992 2583 1339 2655 lucrifacerem
1371 2580 1411 2651 (l
1441 2577 1558 2634 Cor.
1594 2593 1673 2639 ix,
1710 2575 1912 2642 19-22).

331 2681 487 2752 Quod
510 2690 566 2735 nt
585 2679 844 2751 intelligas
870 2693 974 2731 non
996 2673 1355 2736 simulatione,
1384 2671 1476 2724 sed
1499 2669 1756 2724 charitate
1781 2667 1914 2730 lieri,

331 2789 433 2844 qua
464 2771 689 2827 infirmis
717 2767 1020 2823 hominibus
1053 2775 1302 2834 tauquam
1337 2777 1434 2816 nos
1464 2761 1631 2814 simus
1663 2757 1922 2826 compati-

333 2880 473 2929 mur,
517 2863 588 2917 ita
636 2868 816 2915 mouet
852 2858 957 2914 alio
987 2857 1126 2921 loco,
1157 2855 1383 2909 dicens:
1422 2849 1522 2906 Vos
1553 2852 1604 2903 in
1641 2848 1922 2903 libertatem

332 2953 492 3008 vocati
515 2953 648 3014 estis,
683 2953 899 3023 fratres;
929 2957 1206 3000 tantumne
1230 2943 1505 2998 libertatem
1529 2941 1581 2994 in
1607 2938 1922 2992 occasionem

331 3043 498 3098 carnis
521 3043 665 3103 detis,
685 3041 773 3095 sed
789 3056 880 3112 per
900 3039 1193 3094 charitatem
1219 3035 1394 3089 seruite
1414 3034 1624 3086 invicem
1647 3029 1844 3101 (Galat.
1859 3045 1915 3096 γ,

335 3133 445 3203 15).
476 3130 626 3198 Quo-l
656 3130 767 3183 fieri
813 3143 917 3182 non
943 3134 1136 3198 potest,
1171 3124 1271 3178 nisi
1306 3124 1524 3175 alterius
1554 3121 1917 3173 infirmitatem

331 3224 554 3294 quisque
580 3220 771 3276 habeat
805 3218 954 3289 quasi
983 3231 1156 3282 suam,
1184 3225 1244 3268 ut
1281 3228 1399 3267 eam
1439 3211 1807 3282 :equaniiuiter
1836 3208 1922 3266 fe-

333 3324 434 3379 rat,
461 3315 634 3371 doncc
653 3312 721 3367 ab
746 3326 809 3366 ea
837 3310 1090 3366 liberetur
1120 3307 1209 3362 ille
1243 3306 1394 3374 cujus
1418 3311 1569 3358 curat
1596 3303 1842 3357 salutem.

406 3405 496 3462 66.
541 3405 681 3458 llaro
721 3415 851 3472 ergo
890 3409 945 3455 et
985 3398 1039 3454 in
1077 3412 1267 3468 magna
1312 3394 1628 3450 necessitate
1666 3393 1920 3462 objurga-

334 3497 508 3552 tiones
533 3493 846 3549 adhibenda:
869 3498 1015 3557 sunt,
1038 3490 1108 3544 ita
1141 3500 1314 3543 tamen
1338 3496 1394 3541 ut
1413 3487 1570 3540 etiam
1599 3484 1649 3537 in
1680 3485 1760 3538 his
1791 3486 1920 3555 ipsis

333 3603 441 3645 non
487 3587 666 3651 nobis,
697 3583 790 3641 scd
824 3585 934 3639 Deo
963 3591 1019 3637 ut
1057 3578 1645 3646 serviatur,instcnms.
1681 3575 1797 3644 Ipse
1836 3586 1921 3631 cst

334 3679 477 3736 enim
506 3678 659 3733 finis:
685 3685 743 3730 ut
763 3674 891 3729 nihil
911 3672 1104 3742 duplici
1131 3671 1294 3726 corde
1325 3669 1596 3729 faciamus,
1620 3667 1922 3721 auferentes

333 3768 542 3824 trabem
579 3766 645 3821 de
679 3764 836 3821 oculo
871 3771 1075 3825 nostro,
1104 3759 1430 3824 invidentias,
1467 3757 1549 3811 vel
1576 3755 1810 3822 malitiae,
1837 3756 1921 3811 vel

331 3858 709 3924 simulationis,
753 3864 816 3911 ut
841 3855 1117 3910 videamus
1145 3852 1342 3922 ejicere
1382 3849 1636 3905 festucam
1672 3847 1740 3904 de
1765 3847 1922 3904 oculo

330 3951 532 4006 fratris.
566 3949 876 4003 Videbimus
905 3945 1046 4001 enim
1077 3960 1194 3999 eam
1231 3943 1397 3998 oculis
1427 3942 1708 4006 columbae,
1737 3942 1921 4012 quales

331 4043 386 4098 in
406 4054 604 4112 sponsa
627 4038 822 4093 Christi
845 4037 1199 4107 pra-dicantur
1221 4033 1390 4105 (Cant.
1419 4049 1491 4096 iv,
1522 4033 1600 4102 1),
1633 4047 1790 4102 quam
1817 4031 1919 4087 sibi

331 4135 490 4208 elegit
519 4135 657 4189 Deus
683 4131 966 4202 gloriosam
1001 4126 1316 4191 Ecclesiam,
1355 4139 1461 4178 non
1489 4123 1773 4178 habentem
1806 4138 1920 4176 ma-

331 4225 505 4282 culam
534 4239 708 4294 neque
736 4235 919 4292 rugam
946 4217 1161 4291 (Ephes.
1185 4231 1244 4283 v,
1269 4214 1384 4287 27),
1407 4213 1461 4269 id
1486 4219 1570 4268 est
1595 4213 1845 4268 mundam
1865 4221 1920 4268 ct

329 4316 624 4386 simplicem
655 4315 750 4385 (a).

405 4405 627 4464 CAPUT
657 4403 777 4461 XX.
798 4433 872 4446 —
895 4402 984 4457 67.
1023 4399 1128 4457 Sed
1151 4400 1400 4469 quoniam
1429 4405 1604 4468 potest
1629 4395 1918 4450 nonnullos

332 4500 428 4556 Dei
456 4496 733 4568 praeceptis
763 4495 1135 4565 obtemperare
1168 4492 1445 4560 cupientes
1474 4502 1667 4544 nomen
1713 4487 1918 4556 simpli-

330 4590 509 4646 citatis
533 4587 798 4656 decipere,
827 4595 885 4639 ut
909 4585 985 4640 sic.
1007 4591 1190 4654 putent
1214 4582 1461 4635 vitiosum
1488 4593 1607 4635 esse
1635 4577 1919 4648 aliquando

335 4696 520 4737 verum
567 4679 855 4742 occultare,
900 4674 1169 4746 quomodo
1213 4674 1458 4728 vitiosum
1510 4681 1594 4727 cst
1635 4667 1919 4741 aliquando

331 4775 527 4831 falsum
563 4770 761 4835 dicere,
789 4778 948 4838 atque
984 4768 1084 4822 hoc
1123 4766 1284 4822 modo
1309 4764 1596 4836 aperiendo
1624 4779 1685 4819 ea
1710 4778 1828 4834 qum
1864 4761 1918 4818 iii

329 4867 521 4936 quibus
545 4862 858 4934 aperiuntur
879 4859 1144 4912 sustinere
1172 4873 1276 4910 non
1306 4865 1545 4926 possunt,
1568 4855 1797 4924 amplius
1823 4869 1917 4908 no-

333 4966 488 5014 ceant
517 4969 674 5026 quam
709 4952 752 5007 si
780 4967 840 5007 ea
870 4948 1081 5021 penitus
1108 4962 1424 5017 semperque
1452 4947 1800 5011 occultarent,
1833 4959 1922 5000 re-

332 5048 569 5104 ctissime
589 5042 858 5113 subjungit
881 5059 895 5095 :
921 5037 1099 5094 Nolite
1115 5049 1343 5093 sanctum
1363 5037 1486 5091 dare
1510 5038 1737 5098 canibus,
1763 5051 1919 5106 neque

334 5136 567 5193 miseritis
609 5133 910 5206 margaritas
941 5139 1132 5186 uestras
1173 5137 1290 5183 ante
1315 5131 1511 5201 porcos,
1557 5144 1619 5180 ne
1642 5130 1772 5198 forte
1798 5141 1921 5179 con-

332 5231 530 5288 culcent
563 5245 649 5284 eas
678 5226 887 5300 pedibus
918 5225 1043 5288 suis,
1094 5221 1410 5306 et_conversi
1450 5220 1770 5289 disrumpunt
1807 5234 1914 5273 vos.

331 5322 469 5393 Quia
493 5331 548 5378 et
575 5318 830 5376 Dominus
855 5315 1103 5389 quamvis
1131 5314 1263 5370 nihil
1290 5313 1542 5369 mentitus
1568 5310 1656 5377 sit,
1685 5324 1808 5364 vera
1841 5317 1921 5364 ta-

336 5432 458 5473 men
480 5415 653 5484 aliqua
671 5411 940 5467 occultare
962 5423 1020 5464 se
1043 5405 1295 5473 ostendit,
1318 5405 1502 5460 dicens
1525 5421 1538 5456 :
1562 5402 1742 5456 Adhuc
1763 5399 1920 5454 multa

345 5513 502 5570 habeo
527 5510 662 5566 vobis
690 5507 888 5572 dicere;
933 5503 1021 5558 sed
1044 5504 1211 5557 adhuc
1238 5517 1340 5555 non
1368 5497 1567 5569 potestis
1594 5495 1685 5550 illa
1721 5499 1922 5563 portare

400 5650 414 5679 ¹
437 5655 504 5697 Ita
520 5655 626 5696 Mss.
655 5652 708 5694 Αι
724 5643 843 5694 editi
870 5647 1077 5702 excepto
1097 5646 1230 5699 Mam,
1245 5634 1525 5689 cavendum.

396 5707 471 5767 (a)
497 5716 515 5758 ι
538 5712 740 5756 ltetraet.
764 5718 871 5768 cap.
897 5704 977 5761 t9,
999 5715 1050 5750 ιι.
1070 5703 1118 5752 9.

1108 281 1208 340 ‘DE
1231 276 1582 340 SEMlONE‘
1617 269 1850 329 DOMlNl
1888 269 1956 327 IN
1991 269 2246 340 MOXTE,
2286 271 2346 327 S.
2385 264 2776 328 Αυουετικι-

3465 266 3614 326 ίδω

2022 381 2200 458 (latin.
2230 399 2344 450 τινι,
2377 377 2488 454 i2).
2515 381 2580 439 Et
2607 376 2878 454 apostOlus
2911 372 3144 441 Paulus:
3173 376 3297 438 Non
3332 382 3500 452 potui,
3524 382 3612 439 itt-

2017 477 2151 548 quit,
2181 476 2482 546 vobis‘loqui
2514 476 2658 546 quasi
2689 471 3056 547 spiritualibus,
3089 472 3186 530 sccl
3206 475 3357 547 quasi
3377 474 3610 530 carnali-

2019 568 2129 624 bus.
2156 565 2420 640 Tanquam
2441 568 2665 638 parvulis
2688 568 2740 621 in
2758 566 2975 635 Christo,
3003 566 3083 620 lac
3107 560 3246 621 vobis
3265 575 3444 638 potum
3463 564 3606 632 dedi,

2019 679 2120 718 non
2143 679 2341 727 escam;
2371 679 2530 733 neque
2546 661 2677 716 enim
2708 661 2947 730 pateratis
2969 673 2990 714 :
3016 657 3280 727 sedneque
3295 665 3609 727 ταιῆς-ροισ-

2019 755 2141 820 stis;
2164 754 2333 808 adhuc
2358 754 2490 808 enim
2518 753 2635 808 estis
2661 753 2889 808 carnales
2909 751 2953 822 (l
2979 748 3099 806 Cor.
3131 767 3209 815 Ill,
3235 749 3284 814 i‘,
3311 748 3395 821 2).

2089 845 2178 900 68.
2220 845 2274 899 ln
2314 837 2416 901 hoe
2448 853 2623 900 autem
2665 852 2929 913 prateepto
2966 856 3076 912 quo
3107 840 3616 911 proliibcmur'san-

2019 949 2160 994 ctum
2191 937 2321 995 dare
2361 938 2601 1004 canibus,
2640 939 2700 992 et'
2738 936 2950 992 mittere
2978 943 3101 990 ante
3129 951 3320 1006 porcos
3351 939 3616 1009 margari-

2022 1040 2102 1085 tas
2132 1037 2360 1093 nostras,
2403 1029 2686 1100 diligenter
2721 1021 3069 1098 qnzrrentlum
3107 1036 3188 1081 ρει
3215 1025 3340 1097 quid
3386 1031 3457 1082 sit
3485 1027 3616 1084 san-

2021 1132 2187 1187 ctum,
2220 1121 2344 1192 quid
2385 1121 2703 1190 margaritm,
2733 1119 2863 1189 quid
2904 1133 3083 1184 Cilllt'S,
3112 1119 3236 1189 quid
3271 1121 3437 1189 porci.
3476 1119 3616 1176 Sim-

2022 1223 2164 1268 ctnm
2191 1223 2291 1275 est,
2336 1211 2475 1282 quod
2507 1211 2705 1265 violare
2742 1218 2899 1279 atque
2929 1223 3269 1278 corrumpere
3297 1209 3445 1265 nefas
3482 1218 3570 1264 est
3595 1228 3614 1266 :

2023 1305 2176 1374 cujus
2202 1305 2379 1376 utique
2406 1303 2638 1358 sceleris
2660 1312 2883 1357 conatus
2908 1310 2961 1358 ct
2990 1302 3229 1356 voluntas
3253 1309 3467 1357 tenetur
3495 1318 3612 1371 rm,

2023 1395 2264 1465 quamvis
2285 1393 2412 1448 illud
2434 1401 2673 1448 sanetum
2706 1401 2889 1447 natura
2918 1392 3221 1446 inviolabile
3247 1395 3404 1458 atque
3427 1392 3614 1450 incor-

2025 1488 2270 1556 ruptiliile
2301 1497 2528 1542 maneat.
2572 1485 2865 1556 Margaritm
2891 1496 3088 1547 autem,
3117 1490 3467 1557 quzeclimque
3496 1489 3614 1556 Spi-

2026 1578 2232 1631 ritualia
2269 1577 2442 1648 magni
2471 1576 2778 1630 :cstimanda
2810 1584 2968 1640 sunt;
3001 1585 3054 1629 et
3077 1578 3198 1646 quia
3231 1577 3281 1629 in
3321 1575 3507 1631 abdito
3531 1579 3615 1633 la-

2027 1677 2158 1733 tent,
2189 1675 2434 1736 tauquam
2463 1667 2530 1722 de
2555 1665 2814 1735 profundo
2841 1675 3119 1731 eruuntur,
3148 1673 3202 1720 et
3234 1661 3613 1735 allegat-iurum

2027 1760 2401 1830 integumentis
2424 1758 2571 1827 quasi
2605 1757 2802 1827 apertis
2827 1755 3048 1812 conchis
3075 1757 3434 1812 inveniuntur.
3467 1758 3618 1816 Licet

2026 1853 2202 1922 itaque
2233 1851 2447 1922 intelligi
2480 1849 2618 1920 quod
2649 1866 2748 1904 una
2776 1850 3069 1919 eademque
3104 1865 3189 1905 res
3211 1861 3262 1905 ct
3289 1863 3534 1905 sanctum
3561 1861 3617 1909 et

2026 1944 2307 2013 margarita
2343 1943 2442 1996 dici
2473 1952 2678 2012 potest:
2707 1939 2800 1996 sed
2846 1953 3085 1996 sanctum
3130 1958 3197 1996 ex
3240 1959 3305 1998 eo
3337 1947 3477 2010 quod
3509 1961 3616 2003 non

2024 2031 2182 2088 debet
2225 2033 2527 2104 corrumpi,
2571 2033 2854 2101 margarita
2892 2049 2957 2087 ex
3005 2048 3072 2087 co
3114 2034 3255 2102 quod
3309 2049 3413 2089 non
3453 2036 3616 2093 debet

2025 2127 2312 2182 contemni.
2344 2125 2577 2180 Conatnr
2613 2135 2790 2180 autem
2827 2126 3050 2195 quisque
3087 2141 3433 2196 corrumpere
3471 2127 3616 2198 quin!

2028 2233 2132 2273 non
2172 2219 2282 2271 vult
2328 2232 2447 2271 esse
2495 2217 2755 2287 integrum
2786 2236 2798 2272 :
2825 2218 3116 2273 contemnit
3159 2235 3284 2274 vero
3319 2221 3458 2291 quod
3510 2222 3617 2278 vile

2025 2311 2190 2377 ducit,
2227 2318 2280 2364 et
2322 2314 2468 2380 quasi
2498 2310 2630 2365 infra
2668 2325 2727 2365 se
2767 2326 2886 2366 esse
2924 2311 3222 2374 existimat;
3255 2321 3309 2366 et
3347 2312 3466 2367 ideo
3505 2315 3618 2369 eal-

2025 2401 2132 2456 cari
2183 2401 2374 2455 dicitur
2422 2400 2675 2472 quidquid
2708 2391 3085 2456 contemnitur.
3137 2402 3472 2474 Quapropter
3519 2421 3616 2459 ca-

2027 2506 2122 2546 nes
2153 2493 2402 2562 quoniam
2433 2492 2666 2546 insiliunt
2690 2491 2756 2546 ad
2783 2491 3205 2559 dilacerandum,
3246 2495 3385 2564 quod
3431 2506 3614 2553 autent

2025 2586 2316 2641 dilacerant
2348 2586 2609 2656 integrum
2638 2600 2757 2640 esse
2799 2601 2902 2639 non
2943 2585 3159 2651 sinunt;
3192 2583 3386 2653 Nalite,
3415 2588 3613 2659 inquit,

2027 2688 2249 2730 sanctum
2271 2679 2393 2731 (lare
2411 2678 2618 2730 canibus
2643 2693 2660 2730 :
2685 2676 2803 2747 quia
2825 2675 2926 2732 etsi
2947 2677 3222 2732 dilacerari
3257 2690 3312 2734 et
3340 2681 3615 2750 corrumpi

2020 2786 2131 2849 non
2167 2779 2360 2839 potest,
2389 2778 2648 2824 ct‘manct
2678 2771 2938 2840 integrum
2965 2777 3123 2839 atque
3160 2769 3496 2837 inviolabile;
3528 2772 3608 2828 illi

2029 2871 2201 2916 tamen
2231 2860 2354 2930 quid
2395 2861 2558 2915 velint
2592 2861 2932 2930 cogitandum
2980 2872 3082 2926 est,
3113 2863 3201 2930 qui
3228 2862 3421 2916 acriter
3447 2872 3612 2932 atque

2028 2951 2392 3008 inimicissime
2421 2951 2692 3015 resistunt,
2716 2961 2770 3006 et
2794 2963 3044 3023 quantum
3071 2952 3120 3005 in
3145 2952 3271 3022 ipsis
3293 2961 3394 3018 est,
3426 2954 3469 3006 si
3495 2952 3614 3010 fieri

2031 3045 2232 3112 possit,
2282 3052 2544 3097 conantur
2594 3044 2855 3113 perimere
2915 3043 3209 3098 veritatem.
3266 3042 3440 3099 Porci
3482 3059 3616 3100 vero

2027 3135 2269 3203 quamvis
2297 3149 2401 3188 non
2431 3135 2502 3189 ita
2535 3145 2589 3190 ut
2609 3151 2764 3190 canes
2795 3151 2975 3189 morsu
3007 3144 3272 3207 appetant,
3305 3137 3504 3206 passim
3537 3148 3618 3191 ta-

2028 3241 2148 3279 men
2170 3226 2424 3280 calcando
2442 3227 2790 3296 coinquinant
2817 3245 2831 3282 :
2866 3245 2884 3280 ι
2913 3227 3027 3281 Non
3053 3245 3169 3299 ergo
3195 3209 3444 3282 miseritis
3473 3244 3617 3284 mar-

2025 3318 2225 3386 garitas
2266 3317 2472 3373 vestras
2501 3328 2622 3374 ante
2655 3334 2870 3391 parcos,
2904 3334 2971 3375 ne
2997 3317 3134 3375 forte
3170 3319 3484 3376 conculcent
3521 3336 3617 3378 eas

2028 3408 2250 3478 pedibus
2294 3410 2438 3473 suis,
2483 3419 2537 3464 et
2583 3411 2827 3464 conversi
2871 3410 3204 3479 disrumpunt
3240 3424 3356 3464 vos.
3386 3428 3405 3461 ι
3440 3409 3618 3467 Canes

2026 3516 2154 3569 ergo
2187 3515 2281 3570 pro
2299 3500 2748 3570 oppugnatorilms
2774 3499 3031 3566 veritatis,
3051 3515 3240 3569 porcos
3257 3516 3352 3571 pro
3373 3511 3617 3557 conteru-

2027 3593 2265 3661 ptoribus
2298 3593 2498 3663 positos
2526 3607 2630 3647 non
2671 3591 2959 3659 incongrue
2996 3591 3304 3660 accipimus.

2097 3686 2186 3742 69.
2227 3683 2391 3753 Quod
2412 3694 2586 3739 autem
2617 3684 2724 3750 ait,
2759 3683 2995 3737 Conversi
3019 3683 3333 3751 disrumpunt
3362 3698 3476 3749 vos,
3507 3696 3617 3738 non

2026 3777 2134 3845 ait,
2177 3779 2319 3848 ipsas
2357 3776 2668 3847 margaritas
2701 3774 3051 3843 disrumpant.
3083 3773 3202 3828 Illas
3229 3774 3369 3828 enim
3396 3774 3618 3830 concul-

2026 3868 2196 3923 cando
2219 3910 2234 3934 ,
2279 3868 2435 3922 etiam
2462 3882 2582 3921 cum
2611 3874 2994 3920 convertuntur
3020 3873 3076 3917 ut
3099 3863 3272 3919 adhuc
3297 3862 3493 3933 aliquid
3518 3878 3618 3918 auo

2025 3958 2170 4012 diaut
2190 3999 2203 4021 ,
2229 3958 2565 4028 disrumpunt
2587 3965 2761 4009 tamen
2783 3970 2904 4009 eum
2931 3969 3090 4024 aquo
3111 3954 3220 4023 jam
3250 3953 3435 4008 missas
3465 3969 3614 4007 mar-

2025 4053 2220 4123 garitas
2241 4051 2704 4109 conculczn'erunt.
2731 4047 2844 4102 Non
2870 4048 3014 4102 enim
3038 4047 3188 4101 facile
3205 4046 3468 4102 inveneris
3485 4046 3614 4118 quid

2024 4152 2231 4212 gratum
2271 4145 2318 4195 ei
2363 4157 2482 4196 esse
2524 4141 2727 4210 possit,
2756 4139 2844 4208 qui
2875 4139 3196 4209 margaritas
3213 4139 3529 4204 calcaverit,
3558 4138 3614 4194 id

2024 4242 2138 4301 est,
2181 4249 2300 4288 cum
2340 4248 2529 4302 magno
2559 4232 2742 4288 labore
2767 4231 2943 4285 divina
2972 4231 3182 4284 iuventa
3206 4232 3612 4301 contempserit.

2025 4329 2125 4398 Qui
2159 4337 2334 4382 autem
2374 4328 2502 4381 tales
2541 4327 2695 4381 docet
2722 4323 2987 4395 quomodo
3016 4340 3118 4377 non
3141 4323 3504 4392 disrumpatur
3531 4324 3617 4380 itt-

2025 4421 2289 4490 dignando
2309 4429 2361 4475 et
2381 4417 2782 4481 stomachando,
2810 4432 2911 4470 non
2936 4415 3109 4469 video.
3127 4412 3614 4484 Utrumqueautem

2024 4514 2219 4568 animal
2252 4510 2577 4565 immundum
2605 4518 2715 4570 est,
2749 4517 2800 4562 et
2824 4507 2971 4561 cauis
2997 4514 3050 4560 ct
3072 4520 3282 4575 porcos.
3305 4504 3614 4562 Cavendum

2024 4608 2106 4653 est
2141 4612 2269 4666 ergo
2302 4611 2369 4650 ne
2403 4594 2524 4666 quid
2557 4593 2830 4663 aperiatur
2862 4592 2908 4645 ci
2946 4589 3033 4660 qui
3070 4604 3172 4642 non
3202 4589 3342 4658 eapit
3373 4607 3386 4642 :
3423 4589 3616 4647 melius

2025 4689 2166 4744 enim
2191 4687 2380 4758 qurerit
2401 4685 2541 4756 quod
2571 4683 2809 4736 clausum
2831 4691 2933 4744 est,
2955 4695 3112 4750 quam
3135 4680 3185 4733 id
3207 4677 3348 4750 quod
3368 4691 3615 4750 apertum

2027 4791 2108 4836 est
2136 4791 2226 4835 aut
2250 4779 2460 4834 infestat
2481 4786 2570 4842 aut
2598 4775 2831 4846 negligit.
2853 4773 3036 4843 Neque
3057 4789 3182 4827 vero
3205 4773 3308 4828 alia
3331 4787 3495 4827 causa
3523 4787 3614 4828 re-

2029 4873 2230 4942 peritur
2254 4886 2351 4924 cur
2379 4884 2439 4924 ea
2465 4885 2582 4938 qua:
2613 4867 2889 4922 manifesta
2919 4876 2969 4920 et
3002 4861 3190 4936 magna
3215 4874 3366 4929 sunt,
3392 4880 3500 4919 non
3521 4878 3615 4919 ac-

2025 4964 2223 5033 cipiant
2249 4964 2266 4994 ¹
2298 4969 2491 5032 prarter
2521 4959 2700 5013 odium‘
2731 4967 2783 5012 et
2809 4963 3167 5026 contemptum
3189 4998 3203 5021 ,
3235 4972 3460 5026 quorum
3493 4971 3617 5026 pro-

2028 5063 2144 5126 pter
2183 5069 2343 5108 uuum
2389 5067 2584 5116 canes,
2633 5037 3113 5126 proptcr'altcrum
3157 5045 3304 5118 porci
3355 5046 3616 5102 nominati

2027 5156 2168 5204 sunt.
2208 5148 2335 5214 Qua:
2371 5154 2545 5199 tamen
2575 5141 2747 5204 omnis
2777 5121 3110 5195 imniuuditia
3121 5127 3315 5193 rerum
3342 5145 3618 5205 tempora-

2030 5243 2158 5298 lium
2197 5239 2478 5295 dilectione
2519 5235 2844 5304 concipitur,
2885 5230 2937 5286 i'd
2974 5241 3081 5295 est,
3128 5221 3410 5284 dilectibuc
3452 5227 3618 5296 hujus

2027 5333 2206 5389 smeuli
2233 5376 2246 5396 ,
2279 5331 2361 5385 cui
2385 5329 2635 5396 jubemur
2664 5325 2966 5380 renuntiare
2996 5333 3052 5377 ut
3081 5321 3261 5376 mundi
3289 5334 3407 5375 esse
3440 5319 3618 5389 possi-

2028 5443 2165 5482 mus.
2199 5425 2297 5494 Qui
2329 5437 2458 5491 ergo
2487 5419 2740 5475 mundum
2771 5428 2822 5473 et
2851 5416 3074 5485 simplex
3101 5429 3197 5470 cor
3225 5413 3422 5468 habere
3451 5427 3616 5483 appe-

2031 5523 2126 5588 tit,
2167 5536 2274 5576 non
2309 5517 2468 5573 debet
2503 5515 2602 5570 sibi
2640 5528 2764 5568 rcus
2801 5509 2996 5574 videri,
3039 5507 3086 5564 si
3120 5503 3316 5577 aliquid
3343 5504 3616 5570 occultat,

2098 5680 2115 5715 ⁸
2138 5677 2273 5738 Editt,
2290 5673 2606 5739 accipiantur.
2629 5676 2685 5722 Αι
2706 5677 2831 5730 Mss,
2853 5662 3132 5729 accipiant:
3155 5659 3462 5722 adtenditur.
3486 5657 3578 5714 illi.
