  <div class='ocr_page' id='page_1' title='image "/cluster/home/n/w/nwhite01/storage/ocr_20150623/34/uva.x000826574/672.png"; bbox 0 0 3888 6334; ppageno 0'>
   <div class='ocr_carea' id='block_1_1' title="bbox 0 1883 11 3210">
    <p class='ocr_par' dir='ltr' id='par_1_1' title="bbox 0 1975 11 3126">
     <span class='ocr_line' id='line_1_1' title="bbox 0 1975 10 2012; baseline 0 0"><span class='ocrx_word' id='word_1_1' title='bbox 0 1975 10 2012; x_wconf 86' lang='grc' dir='ltr'><strong>ι</strong></span> 
     </span>
     <span class='ocr_line' id='line_1_2' title="bbox 0 2067 10 2106; baseline 0 0"><span class='ocrx_word' id='word_1_2' title='bbox 0 2067 10 2106; x_wconf 83' lang='grc' dir='ltr'><strong>ι</strong></span> 
     </span>
     <span class='ocr_line' id='line_1_3' title="bbox 0 2145 8 2198; baseline 0 0"><span class='ocrx_word' id='word_1_3' title='bbox 0 2145 8 2198; x_wconf 77' lang='grc'><strong>1</strong></span> 
     </span>
     <span class='ocr_line' id='line_1_4' title="bbox 0 2239 11 2292; baseline 0 0"><span class='ocrx_word' id='word_1_4' title='bbox 0 2239 11 2292; x_wconf 84' lang='lat' dir='ltr'><strong>i</strong></span> 
     </span>
     <span class='ocr_line' id='line_1_5' title="bbox 0 2337 11 2384; baseline 0 -12"><span class='ocrx_word' id='word_1_5' title='bbox 0 2337 11 2384; x_wconf 50' lang='grc' dir='ltr'><strong>ι</strong></span> 
     </span>
     <span class='ocr_line' id='line_1_6' title="bbox 0 2443 9 2480; baseline 0 0"><span class='ocrx_word' id='word_1_6' title='bbox 0 2443 9 2480; x_wconf 81' lang='lat' dir='ltr'><strong>i</strong></span> 
     </span>
     <span class='ocr_line' id='line_1_7' title="bbox 0 2533 10 2570; baseline 0 0"><span class='ocrx_word' id='word_1_7' title='bbox 0 2533 10 2570; x_wconf 97' lang='lat' dir='ltr'>I</span> 
     </span>
     <span class='ocr_line' id='line_1_8' title="bbox 0 2625 10 2674; baseline 0 0"><span class='ocrx_word' id='word_1_8' title='bbox 0 2625 10 2674; x_wconf 75' lang='grc' dir='ltr'><strong>ι.</strong></span> 
     </span>
     <span class='ocr_line' id='line_1_9' title="bbox 0 2701 10 2772; baseline 0 0"><span class='ocrx_word' id='word_1_9' title='bbox 0 2701 10 2772; x_wconf 61' lang='lat' dir='ltr'><strong>t&#39;</strong></span> 
     </span>
     <span class='ocr_line' id='line_1_10' title="bbox 0 2793 8 2850; baseline 0 0"><span class='ocrx_word' id='word_1_10' title='bbox 0 2793 8 2850; x_wconf 87' lang='grc' dir='ltr'>ἱ</span> 
     </span>
     <span class='ocr_line' id='line_1_11' title="bbox 0 2903 9 2940; baseline 0 0"><span class='ocrx_word' id='word_1_11' title='bbox 0 2903 9 2940; x_wconf 89' lang='lat' dir='ltr'><strong>l</strong></span> 
     </span>
     <span class='ocr_line' id='line_1_12' title="bbox 0 2981 6 3032; baseline 0 0"><span class='ocrx_word' id='word_1_12' title='bbox 0 2981 6 3032; x_wconf 85' lang='lat' dir='ltr'><strong>i</strong></span> 
     </span>
     <span class='ocr_line' id='line_1_13' title="bbox 0 3087 8 3126; baseline 0 0"><span class='ocrx_word' id='word_1_13' title='bbox 0 3087 8 3126; x_wconf 76' lang='grc' dir='ltr'><strong>ι</strong></span> 
     </span>
    </p>
   </div>
   <div class='ocr_carea' id='block_1_2' title="bbox 295 248 1865 319">
    <p class='ocr_par' dir='ltr' id='par_1_2' title="bbox 295 250 1865 319">
     <span class='ocr_line' id='line_1_14' title="bbox 295 250 1865 319; baseline -0.008 0"><span class='ocrx_word' id='word_1_14' title='bbox 295 258 431 319; x_wconf 72' lang='grc'><strong>1301</strong></span> <span class='ocrx_word' id='word_1_15' title='bbox 1557 251 1762 310; x_wconf 80' lang='lat' dir='ltr'><strong>LIBER</strong></span> <span class='ocrx_word' id='word_1_16' title='bbox 1798 250 1865 308; x_wconf 79' lang='lat' dir='ltr'><strong>SE</strong></span> 
     </span>
    </p>
   </div>
   <div class='ocr_carea' id='block_1_3' title="bbox 1972 248 2165 319">
    <p class='ocr_par' dir='ltr' id='par_1_3' title="bbox 1972 249 2165 309">
     <span class='ocr_line' id='line_1_15' title="bbox 1972 249 2165 309; baseline 0.01 -2"><span class='ocrx_word' id='word_1_17' title='bbox 1972 249 2165 309; x_wconf 78' lang='lat' dir='ltr'><strong>NDUS.</strong></span> 
     </span>
    </p>
   </div>
   <div class='ocr_carea' id='block_1_4' title="bbox 297 365 1876 446">
    <p class='ocr_par' dir='ltr' id='par_1_4' title="bbox 297 365 1876 446">
     <span class='ocr_line' id='line_1_16' title="bbox 297 365 1876 446; baseline -0.005 -18"><span class='ocrx_word' id='word_1_18' title='bbox 297 372 437 446; x_wconf 85' lang='lat' dir='ltr'><strong>quod</strong></span> <span class='ocrx_word' id='word_1_19' title='bbox 484 371 574 428; x_wconf 91' lang='lat' dir='ltr'><strong>ille</strong></span> <span class='ocrx_word' id='word_1_20' title='bbox 609 368 698 442; x_wconf 91' lang='lat' dir='ltr'><strong>qui</strong></span> <span class='ocrx_word' id='word_1_21' title='bbox 737 367 998 435; x_wconf 72' lang='lat' dir='ltr'><strong>occultat,</strong></span> <span class='ocrx_word' id='word_1_22' title='bbox 1023 381 1215 438; x_wconf 88' lang='lat' dir='ltr'><strong>capere</strong></span> <span class='ocrx_word' id='word_1_23' title='bbox 1243 380 1348 422; x_wconf 92' lang='lat' dir='ltr'><strong>non</strong></span> <span class='ocrx_word' id='word_1_24' title='bbox 1373 373 1568 437; x_wconf 90' lang='lat' dir='ltr'><strong>potest.</strong></span> <span class='ocrx_word' id='word_1_25' title='bbox 1591 365 1699 421; x_wconf 87' lang='lat' dir='ltr'><strong>Nec</strong></span> <span class='ocrx_word' id='word_1_26' title='bbox 1720 381 1782 422; x_wconf 81' lang='lat' dir='ltr'><strong>ex</strong></span> <span class='ocrx_word' id='word_1_27' title='bbox 1808 379 1876 422; x_wconf 87' lang='lat' dir='ltr'><strong>eo</strong></span> 
     </span>
    </p>
   </div>
   <div class='ocr_carea' id='block_1_5' title="bbox 299 456 1874 518">
    <p class='ocr_par' dir='ltr' id='par_1_5' title="bbox 299 456 1874 518">
     <span class='ocr_line' id='line_1_17' title="bbox 299 456 1874 518; baseline -0.005 0"><span class='ocrx_word' id='word_1_28' title='bbox 299 461 658 518; x_wconf 85' lang='lat' dir='ltr'><strong>arhitrandum</strong></span> <span class='ocrx_word' id='word_1_29' title='bbox 695 469 777 516; x_wconf 83' lang='lat' dir='ltr'><strong>est</strong></span> <span class='ocrx_word' id='word_1_30' title='bbox 801 459 962 515; x_wconf 90' lang='lat' dir='ltr'><strong>licere</strong></span> <span class='ocrx_word' id='word_1_31' title='bbox 988 458 1196 513; x_wconf 90' lang='lat' dir='ltr'><strong>mentiri</strong></span> <span class='ocrx_word' id='word_1_32' title='bbox 1227 474 1242 510; x_wconf 90' lang='lat'><strong>:</strong></span> <span class='ocrx_word' id='word_1_33' title='bbox 1271 471 1376 513; x_wconf 91' lang='lat' dir='ltr'><strong>non</strong></span> <span class='ocrx_word' id='word_1_34' title='bbox 1405 456 1546 512; x_wconf 91' lang='lat' dir='ltr'><strong>enim</strong></span> <span class='ocrx_word' id='word_1_35' title='bbox 1575 465 1658 512; x_wconf 88' lang='lat' dir='ltr'><strong>est</strong></span> <span class='ocrx_word' id='word_1_36' title='bbox 1684 471 1874 512; x_wconf 81' lang='lat' dir='ltr'><strong>cense-</strong></span> 
     </span>
    </p>
   </div>
   <div class='ocr_carea' id='block_1_6' title="bbox 297 546 1873 626">
    <p class='ocr_par' dir='ltr' id='par_1_6' title="bbox 297 546 1873 626">
     <span class='ocr_line' id='line_1_18' title="bbox 297 546 1873 626; baseline -0.004 -17"><span class='ocrx_word' id='word_1_37' title='bbox 297 568 470 626; x_wconf 85' lang='lat' dir='ltr'><strong>quens</strong></span> <span class='ocrx_word' id='word_1_38' title='bbox 487 561 544 607; x_wconf 88' lang='lat' dir='ltr'><strong>ut</strong></span> <span class='ocrx_word' id='word_1_39' title='bbox 561 567 684 606; x_wconf 91' lang='lat' dir='ltr'><strong>eum</strong></span> <span class='ocrx_word' id='word_1_40' title='bbox 708 565 890 606; x_wconf 87' lang='lat' dir='ltr'><strong>verum</strong></span> <span class='ocrx_word' id='word_1_41' title='bbox 911 549 1227 614; x_wconf 68' lang='lat' dir='ltr'><strong>occultatur,</strong></span> <span class='ocrx_word' id='word_1_42' title='bbox 1250 546 1438 602; x_wconf 73' lang='lat' dir='ltr'><strong>falsum</strong></span> <span class='ocrx_word' id='word_1_43' title='bbox 1459 547 1682 603; x_wconf 89' lang='lat' dir='ltr'><strong>dicatur.</strong></span> <span class='ocrx_word' id='word_1_44' title='bbox 1705 549 1873 618; x_wconf 84' lang='lat' dir='ltr'><strong>Agen-</strong></span> 
     </span>
    </p>
   </div>
   <div class='ocr_carea' id='block_1_7' title="bbox 294 639 1871 716">
    <p class='ocr_par' dir='ltr' id='par_1_7' title="bbox 294 639 1871 716">
     <span class='ocr_line' id='line_1_19' title="bbox 294 639 1871 716; baseline -0.005 -14"><span class='ocrx_word' id='word_1_45' title='bbox 294 647 590 716; x_wconf 73' lang='lat' dir='ltr'><strong>diuit-ergo</strong></span> <span class='ocrx_word' id='word_1_46' title='bbox 626 644 855 714; x_wconf 89' lang='lat' dir='ltr'><strong>primum</strong></span> <span class='ocrx_word' id='word_1_47' title='bbox 894 649 1058 697; x_wconf 90' lang='lat' dir='ltr'><strong>estut</strong></span> <span class='ocrx_word' id='word_1_48' title='bbox 1088 640 1462 710; x_wconf 87' lang='lat' dir='ltr'><strong>impedimenta</strong></span> <span class='ocrx_word' id='word_1_49' title='bbox 1488 639 1871 705; x_wconf 89' lang='lat' dir='ltr'><strong>detrahantttr,</strong></span> 
     </span>
    </p>
   </div>
   <div class='ocr_carea' id='block_1_8' title="bbox 294 732 1880 808">
    <p class='ocr_par' dir='ltr' id='par_1_8' title="bbox 294 732 1880 808">
     <span class='ocr_line' id='line_1_20' title="bbox 294 732 1880 808; baseline -0.003 -18"><span class='ocrx_word' id='word_1_50' title='bbox 294 739 486 808; x_wconf 80' lang='lat' dir='ltr'><strong>quibus</strong></span> <span class='ocrx_word' id='word_1_51' title='bbox 517 735 746 792; x_wconf 70' lang='lat' dir='ltr'><strong>edicitur</strong></span> <span class='ocrx_word' id='word_1_52' title='bbox 779 740 842 788; x_wconf 92' lang='lat' dir='ltr'><strong>ut</strong></span> <span class='ocrx_word' id='word_1_53' title='bbox 879 749 984 788; x_wconf 90' lang='lat' dir='ltr'><strong>non</strong></span> <span class='ocrx_word' id='word_1_54' title='bbox 1012 733 1220 802; x_wconf 83' lang='lat' dir='ltr'><strong>capiat;</strong></span> <span class='ocrx_word' id='word_1_55' title='bbox 1252 733 1373 802; x_wconf 88' lang='lat' dir='ltr'><strong>quia</strong></span> <span class='ocrx_word' id='word_1_56' title='bbox 1395 732 1575 802; x_wconf 86' lang='lat' dir='ltr'><strong>utique</strong></span> <span class='ocrx_word' id='word_1_57' title='bbox 1594 732 1638 786; x_wconf 86' lang='lat' dir='ltr'><strong>si</strong></span> <span class='ocrx_word' id='word_1_58' title='bbox 1661 738 1880 802; x_wconf 84' lang='lat' dir='ltr'><strong>propter</strong></span> 
     </span>
    </p>
   </div>
   <div class='ocr_carea' id='block_1_9' title="bbox 293 821 1867 894">
    <p class='ocr_par' dir='ltr' id='par_1_9' title="bbox 293 821 1867 894">
     <span class='ocr_line' id='line_1_21' title="bbox 293 821 1867 894; baseline -0.004 -12"><span class='ocrx_word' id='word_1_59' title='bbox 293 827 482 883; x_wconf 77' lang='lat' dir='ltr'><strong>sordes</strong></span> <span class='ocrx_word' id='word_1_60' title='bbox 511 839 616 880; x_wconf 93' lang='lat' dir='ltr'><strong>non</strong></span> <span class='ocrx_word' id='word_1_61' title='bbox 641 825 811 894; x_wconf 87' lang='lat' dir='ltr'><strong>capit,</strong></span> <span class='ocrx_word' id='word_1_62' title='bbox 835 823 1170 878; x_wconf 82' lang='lat' dir='ltr'><strong>mundandtts</strong></span> <span class='ocrx_word' id='word_1_63' title='bbox 1187 832 1270 878; x_wconf 89' lang='lat' dir='ltr'><strong>est</strong></span> <span class='ocrx_word' id='word_1_64' title='bbox 1292 821 1382 878; x_wconf 82' lang='lat' dir='ltr'><strong>vel</strong></span> <span class='ocrx_word' id='word_1_65' title='bbox 1403 822 1567 878; x_wconf 81' lang='lat' dir='ltr'><strong>verba</strong></span> <span class='ocrx_word' id='word_1_66' title='bbox 1583 821 1670 878; x_wconf 77' lang='lat' dir='ltr'><strong>vel</strong></span> <span class='ocrx_word' id='word_1_67' title='bbox 1687 835 1867 894; x_wconf 90' lang='lat' dir='ltr'><strong>opere,</strong></span> 
     </span>
    </p>
   </div>
   <div class='ocr_carea' id='block_1_10' title="bbox 293 915 1136 988">
    <p class='ocr_par' dir='ltr' id='par_1_10' title="bbox 293 915 1136 988">
     <span class='ocr_line' id='line_1_22' title="bbox 293 915 1136 988; baseline -0.004 -17"><span class='ocrx_word' id='word_1_68' title='bbox 293 925 548 988; x_wconf 77' lang='lat' dir='ltr'><strong>quantum</strong></span> <span class='ocrx_word' id='word_1_69' title='bbox 571 916 682 972; x_wconf 86' lang='lat' dir='ltr'><strong>lleri</strong></span> <span class='ocrx_word' id='word_1_70' title='bbox 708 931 739 970; x_wconf 78' lang='grc' dir='ltr'><strong>ιι</strong></span> <span class='ocrx_word' id='word_1_71' title='bbox 765 915 922 970; x_wconf 84' lang='lat' dir='ltr'><strong>nobis</strong></span> <span class='ocrx_word' id='word_1_72' title='bbox 943 922 1136 985; x_wconf 84' lang='lat' dir='ltr'><strong>potest.</strong></span> 
     </span>
    </p>
   </div>
   <div class='ocr_carea' id='block_1_11' title="bbox 368 1002 1871 1075">
    <p class='ocr_par' dir='ltr' id='par_1_11' title="bbox 368 1002 1871 1075">
     <span class='ocr_line' id='line_1_23' title="bbox 368 1002 1871 1075; baseline -0.005 -12"><span class='ocrx_word' id='word_1_73' title='bbox 368 1007 456 1063; x_wconf 78' lang='lat'><strong>70.</strong></span> <span class='ocrx_word' id='word_1_74' title='bbox 500 1007 656 1075; x_wconf 80' lang='lat' dir='ltr'><strong>Quod</strong></span> <span class='ocrx_word' id='word_1_75' title='bbox 677 1016 862 1062; x_wconf 73' lang='lat' dir='ltr'><strong>autem</strong></span> <span class='ocrx_word' id='word_1_76' title='bbox 885 1006 1140 1059; x_wconf 84' lang='lat' dir='ltr'><strong>Dominus</strong></span> <span class='ocrx_word' id='word_1_77' title='bbox 1173 1011 1362 1058; x_wconf 83' lang='lat' dir='ltr'><strong>noster</strong></span> <span class='ocrx_word' id='word_1_78' title='bbox 1397 1003 1638 1073; x_wconf 70' lang='lat' dir='ltr'><strong>qumdam</strong></span> <span class='ocrx_word' id='word_1_79' title='bbox 1665 1002 1871 1056; x_wconf 76' lang='lat' dir='ltr'><strong>dixisse</strong></span> 
     </span>
    </p>
   </div>
   <div class='ocr_carea' id='block_1_12' title="bbox 296 1090 1866 1166">
    <p class='ocr_par' dir='ltr' id='par_1_12' title="bbox 296 1090 1866 1166">
     <span class='ocr_line' id='line_1_24' title="bbox 296 1090 1866 1166; baseline -0.004 -12"><span class='ocrx_word' id='word_1_80' title='bbox 296 1097 585 1160; x_wconf 71' lang='lat' dir='ltr'><strong>invenitur,</strong></span> <span class='ocrx_word' id='word_1_81' title='bbox 614 1111 734 1166; x_wconf 70' lang='lat' dir='ltr'><strong>qua:</strong></span> <span class='ocrx_word' id='word_1_82' title='bbox 765 1096 918 1149; x_wconf 86' lang='lat' dir='ltr'><strong>multi</strong></span> <span class='ocrx_word' id='word_1_83' title='bbox 948 1095 1037 1164; x_wconf 90' lang='lat' dir='ltr'><strong>qui</strong></span> <span class='ocrx_word' id='word_1_84' title='bbox 1063 1093 1320 1157; x_wconf 74' lang='lat' dir='ltr'><strong>aderant,</strong></span> <span class='ocrx_word' id='word_1_85' title='bbox 1347 1093 1430 1146; x_wconf 87' lang='lat' dir='ltr'><strong>vel</strong></span> <span class='ocrx_word' id='word_1_86' title='bbox 1458 1091 1755 1147; x_wconf 85' lang='lat' dir='ltr'><strong>resistendo</strong></span> <span class='ocrx_word' id='word_1_87' title='bbox 1782 1090 1866 1146; x_wconf 85' lang='lat' dir='ltr'><strong>vel</strong></span> 
     </span>
    </p>
   </div>
   <div class='ocr_carea' id='block_1_13' title="bbox 296 1181 1872 1253">
    <p class='ocr_par' dir='ltr' id='par_1_13' title="bbox 296 1181 1872 1253">
     <span class='ocr_line' id='line_1_25' title="bbox 296 1181 1872 1253; baseline -0.006 -8"><span class='ocrx_word' id='word_1_88' title='bbox 296 1186 692 1245; x_wconf 77' lang='lat' dir='ltr'><strong>contemnendo</strong></span> <span class='ocrx_word' id='word_1_89' title='bbox 730 1199 857 1239; x_wconf 70' lang='lat' dir='ltr'><strong>&#39;non</strong></span> <span class='ocrx_word' id='word_1_90' title='bbox 917 1192 1269 1253; x_wconf 83' lang='lat' dir='ltr'><strong>acceperunt;</strong></span> <span class='ocrx_word' id='word_1_91' title='bbox 1319 1197 1426 1236; x_wconf 92' lang='lat' dir='ltr'><strong>non</strong></span> <span class='ocrx_word' id='word_1_92' title='bbox 1471 1181 1738 1252; x_wconf 80' lang='lat' dir='ltr'><strong>putandus</strong></span> <span class='ocrx_word' id='word_1_93' title='bbox 1789 1188 1872 1235; x_wconf 88' lang='lat' dir='ltr'><strong>est</strong></span> 
     </span>
    </p>
   </div>
   <div class='ocr_carea' id='block_1_14' title="bbox 295 1272 1870 1342">
    <p class='ocr_par' dir='ltr' id='par_1_14' title="bbox 295 1272 1870 1342">
     <span class='ocr_line' id='line_1_26' title="bbox 295 1272 1870 1342; baseline -0.006 -6"><span class='ocrx_word' id='word_1_94' title='bbox 295 1277 778 1337; x_wconf 80' lang='lat' dir='ltr'><strong>sanetum-dedisse</strong></span> <span class='ocrx_word' id='word_1_95' title='bbox 801 1275 1036 1337; x_wconf 85' lang='lat' dir='ltr'><strong>canibus,</strong></span> <span class='ocrx_word' id='word_1_96' title='bbox 1067 1281 1158 1327; x_wconf 87' lang='lat' dir='ltr'><strong>aut</strong></span> <span class='ocrx_word' id='word_1_97' title='bbox 1179 1273 1488 1342; x_wconf 70' lang='lat' dir='ltr'><strong>margaritas</strong></span> <span class='ocrx_word' id='word_1_98' title='bbox 1515 1272 1723 1326; x_wconf 80' lang='lat' dir='ltr'><strong>misisse</strong></span> <span class='ocrx_word' id='word_1_99' title='bbox 1735 1281 1870 1326; x_wconf 74' lang='lat' dir='ltr'><strong>ante</strong></span> 
     </span>
    </p>
   </div>
   <div class='ocr_carea' id='block_1_15' title="bbox 295 1365 1867 1444">
    <p class='ocr_par' dir='ltr' id='par_1_15' title="bbox 295 1365 1867 1444">
     <span class='ocr_line' id='line_1_27' title="bbox 295 1365 1867 1444; baseline -0.006 -18"><span class='ocrx_word' id='word_1_100' title='bbox 295 1385 488 1444; x_wconf 81' lang='lat' dir='ltr'><strong>porcos</strong></span> <span class='ocrx_word' id='word_1_101' title='bbox 515 1388 528 1423; x_wconf 92' lang='lat'><strong>:</strong></span> <span class='ocrx_word' id='word_1_102' title='bbox 552 1383 656 1424; x_wconf 91' lang='lat' dir='ltr'><strong>non</strong></span> <span class='ocrx_word' id='word_1_103' title='bbox 682 1369 824 1423; x_wconf 87' lang='lat' dir='ltr'><strong>enim</strong></span> <span class='ocrx_word' id='word_1_104' title='bbox 847 1366 996 1421; x_wconf 80' lang='lat' dir='ltr'><strong>dedit</strong></span> <span class='ocrx_word' id='word_1_105' title='bbox 1020 1366 1105 1420; x_wconf 85' lang='lat' dir='ltr'><strong>eis</strong></span> <span class='ocrx_word' id='word_1_106' title='bbox 1117 1365 1209 1435; x_wconf 88' lang='lat' dir='ltr'><strong>qui</strong></span> <span class='ocrx_word' id='word_1_107' title='bbox 1230 1378 1438 1433; x_wconf 83' lang='lat' dir='ltr'><strong>capere</strong></span> <span class='ocrx_word' id='word_1_108' title='bbox 1455 1377 1562 1419; x_wconf 87' lang='lat' dir='ltr'><strong>non</strong></span> <span class='ocrx_word' id='word_1_109' title='bbox 1591 1371 1867 1434; x_wconf 82' lang='lat' dir='ltr'><strong>poterant,</strong></span> 
     </span>
    </p>
   </div>
   <div class='ocr_carea' id='block_1_16' title="bbox 295 1455 1870 1528">
    <p class='ocr_par' dir='ltr' id='par_1_16' title="bbox 295 1455 1870 1528">
     <span class='ocr_line' id='line_1_28' title="bbox 295 1455 1870 1528; baseline -0.006 -11"><span class='ocrx_word' id='word_1_110' title='bbox 295 1461 402 1517; x_wconf 77' lang='lat' dir='ltr'><strong>sed</strong></span> <span class='ocrx_word' id='word_1_111' title='bbox 421 1461 499 1513; x_wconf 88' lang='lat' dir='ltr'><strong>eis</strong></span> <span class='ocrx_word' id='word_1_112' title='bbox 520 1459 609 1528; x_wconf 86' lang='lat' dir='ltr'><strong>qui</strong></span> <span class='ocrx_word' id='word_1_113' title='bbox 637 1465 882 1526; x_wconf 82' lang='lat' dir='ltr'><strong>poterant</strong></span> <span class='ocrx_word' id='word_1_114' title='bbox 900 1495 916 1522; x_wconf 94' lang='lat'><strong>,</strong></span> <span class='ocrx_word' id='word_1_115' title='bbox 944 1463 1002 1511; x_wconf 85' lang='lat' dir='ltr'><strong>et</strong></span> <span class='ocrx_word' id='word_1_116' title='bbox 1028 1455 1458 1519; x_wconf 75' lang='lat' dir='ltr'><strong>simuladerant;</strong></span> <span class='ocrx_word' id='word_1_117' title='bbox 1487 1467 1619 1524; x_wconf 87' lang='lat' dir='ltr'><strong>quos</strong></span> <span class='ocrx_word' id='word_1_118' title='bbox 1647 1458 1870 1525; x_wconf 80' lang='lat' dir='ltr'><strong>propter</strong></span> 
     </span>
    </p>
   </div>
   <div class='ocr_carea' id='block_1_17' title="bbox 293 1544 1866 1615">
    <p class='ocr_par' dir='ltr' id='par_1_17' title="bbox 293 1544 1866 1615">
     <span class='ocr_line' id='line_1_29' title="bbox 293 1544 1866 1615; baseline -0.004 -11"><span class='ocrx_word' id='word_1_119' title='bbox 293 1550 517 1605; x_wconf 74' lang='lat' dir='ltr'><strong>alterum</strong></span> <span class='ocrx_word' id='word_1_120' title='bbox 546 1547 928 1602; x_wconf 71' lang='lat' dir='ltr'><strong>inmunditiam</strong></span> <span class='ocrx_word' id='word_1_121' title='bbox 953 1545 1144 1615; x_wconf 76' lang='lat' dir='ltr'><strong>negligi</strong></span> <span class='ocrx_word' id='word_1_122' title='bbox 1177 1544 1722 1613; x_wconf 52' lang='grc' dir='ltr'>ηοιιηοιιειυιευςιιαει-</span> <span class='ocrx_word' id='word_1_123' title='bbox 1743 1558 1866 1598; x_wconf 77' lang='lat' dir='ltr'><strong>cum</strong></span> 
     </span>
    </p>
   </div>
   <div class='ocr_carea' id='block_1_18' title="bbox 294 1633 1917 1706">
    <p class='ocr_par' dir='ltr' id='par_1_18' title="bbox 294 1633 1917 1706">
     <span class='ocr_line' id='line_1_30' title="bbox 294 1633 1917 1706; baseline -0.006 -9"><span class='ocrx_word' id='word_1_124' title='bbox 294 1647 733 1697; x_wconf 47' lang='lat' dir='ltr'><strong>eumtteutatores</strong></span> <span class='ocrx_word' id='word_1_125' title='bbox 760 1634 1676 1706; x_wconf 44' lang='lat' dir='ltr'><strong>interrogabantarespondebatque</strong></span> <span class='ocrx_word' id='word_1_126' title='bbox 1715 1633 1859 1700; x_wconf 87' lang='lat' dir='ltr'><strong>illis,</strong></span> <span class='ocrx_word' id='word_1_127' title='bbox 1914 1639 1917 1641; x_wconf 74' lang='grc'><em>’</em></span> 
     </span>
    </p>
   </div>
   <div class='ocr_carea' id='block_1_19' title="bbox 294 1724 1868 1798">
    <p class='ocr_par' dir='ltr' id='par_1_19' title="bbox 294 1724 1868 1798">
     <span class='ocr_line' id='line_1_31' title="bbox 294 1724 1868 1798; baseline -0.005 -12"><span class='ocrx_word' id='word_1_128' title='bbox 294 1730 368 1786; x_wconf 81' lang='lat' dir='ltr'><strong>Ita</strong></span> <span class='ocrx_word' id='word_1_129' title='bbox 395 1739 450 1784; x_wconf 92' lang='lat' dir='ltr'><strong>ut</strong></span> <span class='ocrx_word' id='word_1_130' title='bbox 478 1727 1054 1798; x_wconf 74' lang='lat' dir='ltr'><strong>qttid&#39;eoutradieerent</strong></span> <span class='ocrx_word' id='word_1_131' title='bbox 1081 1725 1494 1790; x_wconf 66' lang='lat' dir='ltr'><strong>non‘huberent;</strong></span> <span class='ocrx_word' id='word_1_132' title='bbox 1511 1724 1754 1794; x_wconf 82' lang='lat' dir='ltr'><strong>quamvis</strong></span> <span class='ocrx_word' id='word_1_133' title='bbox 1767 1738 1868 1778; x_wconf 73' lang='lat' dir='ltr'><strong>ve-</strong></span> 
     </span>
    </p>
   </div>
   <div class='ocr_carea' id='block_1_20' title="bbox 292 1815 1866 1886">
    <p class='ocr_par' dir='ltr' id='par_1_20' title="bbox 292 1815 1866 1886">
     <span class='ocr_line' id='line_1_32' title="bbox 292 1815 1866 1886; baseline -0.007 -8"><span class='ocrx_word' id='word_1_134' title='bbox 292 1823 448 1878; x_wconf 83' lang='lat' dir='ltr'><strong>nenis</strong></span> <span class='ocrx_word' id='word_1_135' title='bbox 494 1821 604 1876; x_wconf 87' lang='lat' dir='ltr'><strong>suis</strong></span> <span class='ocrx_word' id='word_1_136' title='bbox 625 1819 1082 1874; x_wconf 74' lang='lat' dir='ltr'><strong>:mntabescerent</strong></span> <span class='ocrx_word' id='word_1_137' title='bbox 1125 1817 1333 1886; x_wconf 75' lang='lat' dir='ltr'><strong>potius,</strong></span> <span class='ocrx_word' id='word_1_138' title='bbox 1359 1829 1520 1884; x_wconf 80' lang='lat' dir='ltr'><strong>quam</strong></span> <span class='ocrx_word' id='word_1_139' title='bbox 1568 1816 1709 1871; x_wconf 90' lang='lat' dir='ltr'><strong>illius</strong></span> <span class='ocrx_word' id='word_1_140' title='bbox 1745 1815 1866 1869; x_wconf 80' lang='lat' dir='ltr'><strong>cibo</strong></span> 
     </span>
    </p>
   </div>
   <div class='ocr_carea' id='block_1_21' title="bbox 291 1905 1866 1976">
    <p class='ocr_par' dir='ltr' id='par_1_21' title="bbox 291 1905 1866 1976">
     <span class='ocr_line' id='line_1_33' title="bbox 291 1905 1866 1976; baseline -0.004 -10"><span class='ocrx_word' id='word_1_141' title='bbox 291 1921 685 1972; x_wconf 79' lang='lat' dir='ltr'><strong>satur-arcium;</strong></span> <span class='ocrx_word' id='word_1_142' title='bbox 715 1908 806 1962; x_wconf 90' lang='lat' dir='ltr'><strong>alii</strong></span> <span class='ocrx_word' id='word_1_143' title='bbox 835 1907 1131 1976; x_wconf 79' lang='lat' dir='ltr'><strong>tamen-qui</strong></span> <span class='ocrx_word' id='word_1_144' title='bbox 1157 1915 1400 1974; x_wconf 82' lang='lat' dir='ltr'><strong>poterant</strong></span> <span class='ocrx_word' id='word_1_145' title='bbox 1421 1919 1635 1974; x_wconf 84' lang='lat' dir='ltr'><strong>capere,</strong></span> <span class='ocrx_word' id='word_1_146' title='bbox 1662 1920 1728 1960; x_wconf 75' lang='lat' dir='ltr'><strong>ex</strong></span> <span class='ocrx_word' id='word_1_147' title='bbox 1751 1905 1866 1960; x_wconf 89' lang='lat' dir='ltr'><strong>illo-</strong></span> 
     </span>
    </p>
   </div>
   <div class='ocr_carea' id='block_1_22' title="bbox 289 1997 1867 2062">
    <p class='ocr_par' dir='ltr' id='par_1_22' title="bbox 289 1997 1867 2062">
     <span class='ocr_line' id='line_1_34' title="bbox 289 1997 1867 2062; baseline -0.004 -4"><span class='ocrx_word' id='word_1_148' title='bbox 289 2016 410 2058; x_wconf 82' lang='lat' dir='ltr'><strong>rum</strong></span> <span class='ocrx_word' id='word_1_149' title='bbox 436 2001 713 2056; x_wconf 74' lang='lat' dir='ltr'><strong>occasione</strong></span> <span class='ocrx_word' id='word_1_150' title='bbox 742 2000 904 2054; x_wconf 90' lang='lat' dir='ltr'><strong>multa</strong></span> <span class='ocrx_word' id='word_1_151' title='bbox 929 1999 1132 2052; x_wconf 87' lang='lat' dir='ltr'><strong>utiliter</strong></span> <span class='ocrx_word' id='word_1_152' title='bbox 1153 1997 1601 2058; x_wconf 56' lang='lat' dir='ltr'><strong>audiebantulloc</strong></span> <span class='ocrx_word' id='word_1_153' title='bbox 1629 1997 1736 2051; x_wconf 79' lang='lat' dir='ltr'><strong>dixi</strong></span> <span class='ocrx_word' id='word_1_154' title='bbox 1755 2033 1772 2062; x_wconf 86' lang='lat'><strong>,</strong></span> <span class='ocrx_word' id='word_1_155' title='bbox 1797 2011 1867 2053; x_wconf 87' lang='lat' dir='ltr'><strong>ne</strong></span> 
     </span>
    </p>
   </div>
   <div class='ocr_carea' id='block_1_23' title="bbox 289 2087 1861 2162">
    <p class='ocr_par' dir='ltr' id='par_1_23' title="bbox 289 2087 1861 2162">
     <span class='ocr_line' id='line_1_35' title="bbox 289 2087 1861 2162; baseline -0.004 -16"><span class='ocrx_word' id='word_1_156' title='bbox 289 2093 412 2162; x_wconf 82' lang='lat' dir='ltr'><strong>quis</strong></span> <span class='ocrx_word' id='word_1_157' title='bbox 431 2092 588 2155; x_wconf 74' lang='lat' dir='ltr'><strong>forte.</strong></span> <span class='ocrx_word' id='word_1_158' title='bbox 619 2105 739 2145; x_wconf 85' lang='lat' dir='ltr'><strong>eum</strong></span> <span class='ocrx_word' id='word_1_159' title='bbox 771 2088 1111 2158; x_wconf 71' lang='lat' dir='ltr'><strong>interroganti</strong></span> <span class='ocrx_word' id='word_1_160' title='bbox 1138 2088 1588 2157; x_wconf 67' lang='lat' dir='ltr'><strong>respondere&#39;non</strong></span> <span class='ocrx_word' id='word_1_161' title='bbox 1612 2087 1861 2156; x_wconf 84' lang='lat' dir='ltr'><strong>potuerit,</strong></span> 
     </span>
    </p>
   </div>
   <div class='ocr_carea' id='block_1_24' title="bbox 290 2177 1864 2242">
    <p class='ocr_par' dir='ltr' id='par_1_24' title="bbox 290 2177 1864 2242">
     <span class='ocr_line' id='line_1_36' title="bbox 290 2177 1864 2242; baseline -0.003 -6"><span class='ocrx_word' id='word_1_162' title='bbox 290 2181 394 2236; x_wconf 88' lang='lat' dir='ltr'><strong>hae</strong></span> <span class='ocrx_word' id='word_1_163' title='bbox 415 2181 674 2236; x_wconf 81' lang='lat' dir='ltr'><strong>sententia</strong></span> <span class='ocrx_word' id='word_1_164' title='bbox 695 2180 794 2234; x_wconf 90' lang='lat' dir='ltr'><strong>sibi</strong></span> <span class='ocrx_word' id='word_1_165' title='bbox 822 2187 1103 2234; x_wconf 76' lang='lat' dir='ltr'><strong>excusatus</strong></span> <span class='ocrx_word' id='word_1_166' title='bbox 1130 2177 1388 2242; x_wconf 81' lang='lat' dir='ltr'><strong>videatur,</strong></span> <span class='ocrx_word' id='word_1_167' title='bbox 1415 2177 1460 2231; x_wconf 88' lang='lat' dir='ltr'><strong>si</strong></span> <span class='ocrx_word' id='word_1_168' title='bbox 1484 2177 1782 2232; x_wconf 76' lang='lat' dir='ltr'><strong>dicat&#39;nolle</strong></span> <span class='ocrx_word' id='word_1_169' title='bbox 1805 2191 1864 2232; x_wconf 81' lang='lat' dir='ltr'><strong>se</strong></span> 
     </span>
    </p>
   </div>
   <div class='ocr_carea' id='block_1_25' title="bbox 289 2268 1862 2336">
    <p class='ocr_par' dir='ltr' id='par_1_25' title="bbox 289 2268 1862 2336">
     <span class='ocr_line' id='line_1_37' title="bbox 289 2268 1862 2336; baseline -0.006 -8"><span class='ocrx_word' id='word_1_170' title='bbox 289 2283 538 2328; x_wconf 70' lang='lat' dir='ltr'><strong>salictum</strong></span> <span class='ocrx_word' id='word_1_171' title='bbox 557 2271 693 2325; x_wconf 86' lang='lat' dir='ltr'><strong>dare</strong></span> <span class='ocrx_word' id='word_1_172' title='bbox 710 2269 958 2334; x_wconf 85' lang='lat' dir='ltr'><strong>canibus,</strong></span> <span class='ocrx_word' id='word_1_173' title='bbox 977 2269 1072 2323; x_wconf 81' lang='lat' dir='ltr'><strong>vel</strong></span> <span class='ocrx_word' id='word_1_174' title='bbox 1107 2278 1238 2322; x_wconf 73' lang='lat' dir='ltr'><strong>ante</strong></span> <span class='ocrx_word' id='word_1_175' title='bbox 1263 2281 1456 2336; x_wconf 88' lang='lat' dir='ltr'><strong>porcos</strong></span> <span class='ocrx_word' id='word_1_176' title='bbox 1483 2268 1862 2322; x_wconf 67' lang='lat' dir='ltr'><strong>mitteremur-</strong></span> 
     </span>
    </p>
   </div>
   <div class='ocr_carea' id='block_1_26' title="bbox 288 2357 1863 2431">
    <p class='ocr_par' dir='ltr' id='par_1_26' title="bbox 288 2357 1863 2431">
     <span class='ocr_line' id='line_1_38' title="bbox 288 2357 1863 2431; baseline -0.003 -17"><span class='ocrx_word' id='word_1_177' title='bbox 288 2362 503 2431; x_wconf 74' lang='lat' dir='ltr'><strong>garitas.</strong></span> <span class='ocrx_word' id='word_1_178' title='bbox 524 2360 624 2428; x_wconf 90' lang='lat' dir='ltr'><strong>Qui</strong></span> <span class='ocrx_word' id='word_1_179' title='bbox 639 2360 782 2416; x_wconf 85' lang='lat' dir='ltr'><strong>enim</strong></span> <span class='ocrx_word' id='word_1_180' title='bbox 801 2357 1083 2428; x_wconf 85' lang='lat' dir='ltr'><strong>novitqnid</strong></span> <span class='ocrx_word' id='word_1_181' title='bbox 1108 2357 1442 2426; x_wconf 83' lang='lat' dir='ltr'><strong>respondeat,</strong></span> <span class='ocrx_word' id='word_1_182' title='bbox 1459 2357 1620 2411; x_wconf 83' lang='lat' dir='ltr'><strong>debet</strong></span> <span class='ocrx_word' id='word_1_183' title='bbox 1643 2371 1863 2425; x_wconf 61' lang='lat' dir='ltr'><strong>respon.</strong></span> 
     </span>
    </p>
   </div>
   <div class='ocr_carea' id='block_1_27' title="bbox 289 2448 1860 2522">
    <p class='ocr_par' dir='ltr' id='par_1_27' title="bbox 289 2448 1860 2522">
     <span class='ocr_line' id='line_1_39' title="bbox 289 2448 1860 2522; baseline -0.005 -14"><span class='ocrx_word' id='word_1_184' title='bbox 289 2451 449 2517; x_wconf 80' lang='lat' dir='ltr'><strong>dere,</strong></span> <span class='ocrx_word' id='word_1_185' title='bbox 480 2453 564 2506; x_wconf 89' lang='lat' dir='ltr'><strong>vel</strong></span> <span class='ocrx_word' id='word_1_186' title='bbox 595 2460 815 2522; x_wconf 79' lang='lat' dir='ltr'><strong>propter</strong></span> <span class='ocrx_word' id='word_1_187' title='bbox 839 2449 1220 2519; x_wconf 74' lang='lat' dir='ltr'><strong>aii-os,-.tpiibus</strong></span> <span class='ocrx_word' id='word_1_188' title='bbox 1246 2448 1546 2517; x_wconf 82' lang='lat' dir='ltr'><strong>desperatio</strong></span> <span class='ocrx_word' id='word_1_189' title='bbox 1571 2448 1860 2512; x_wconf 88' lang='lat' dir='ltr'><strong>snboritnr,</strong></span> 
     </span>
    </p>
   </div>
   <div class='ocr_carea' id='block_1_28' title="bbox 289 2539 1861 2614">
    <p class='ocr_par' dir='ltr' id='par_1_28' title="bbox 289 2539 1861 2614">
     <span class='ocr_line' id='line_1_40' title="bbox 289 2539 1861 2614; baseline -0.003 -15"><span class='ocrx_word' id='word_1_190' title='bbox 289 2544 336 2600; x_wconf 89' lang='lat' dir='ltr'><strong>si</strong></span> <span class='ocrx_word' id='word_1_191' title='bbox 369 2541 1065 2614; x_wconf 66' lang='lat' dir='ltr'><strong>propositamqumstioueui</strong></span> <span class='ocrx_word' id='word_1_192' title='bbox 1111 2540 1242 2594; x_wconf 85' lang='lat' dir='ltr'><strong>solvi</strong></span> <span class='ocrx_word' id='word_1_193' title='bbox 1289 2555 1396 2592; x_wconf 91' lang='lat' dir='ltr'><strong>non</strong></span> <span class='ocrx_word' id='word_1_194' title='bbox 1434 2554 1590 2608; x_wconf 89' lang='lat' dir='ltr'><strong>posse</strong></span> <span class='ocrx_word' id='word_1_195' title='bbox 1611 2539 1861 2594; x_wconf 67' lang='lat' dir='ltr'><strong>.crcdideo</strong></span> 
     </span>
    </p>
   </div>
   <div class='ocr_carea' id='block_1_29' title="bbox 289 2626 1862 2693">
    <p class='ocr_par' dir='ltr' id='par_1_29' title="bbox 289 2626 1862 2693">
     <span class='ocr_line' id='line_1_41' title="bbox 289 2626 1862 2693; baseline -0.004 -4"><span class='ocrx_word' id='word_1_196' title='bbox 289 2633 399 2689; x_wconf 82' lang='lat' dir='ltr'><strong>rint</strong></span> <span class='ocrx_word' id='word_1_197' title='bbox 428 2650 439 2685; x_wconf 96' lang='lat'>:</span> <span class='ocrx_word' id='word_1_198' title='bbox 469 2644 524 2687; x_wconf 91' lang='lat' dir='ltr'><strong>et</strong></span> <span class='ocrx_word' id='word_1_199' title='bbox 569 2632 670 2686; x_wconf 90' lang='lat' dir='ltr'><strong>hoc</strong></span> <span class='ocrx_word' id='word_1_200' title='bbox 697 2631 764 2686; x_wconf 85' lang='lat' dir='ltr'><strong>de</strong></span> <span class='ocrx_word' id='word_1_201' title='bbox 798 2632 958 2686; x_wconf 87' lang='lat' dir='ltr'><strong>rebus</strong></span> <span class='ocrx_word' id='word_1_202' title='bbox 983 2629 1225 2693; x_wconf 83' lang='lat' dir='ltr'><strong>utilibus,</strong></span> <span class='ocrx_word' id='word_1_203' title='bbox 1251 2636 1306 2682; x_wconf 91' lang='lat' dir='ltr'><strong>et</strong></span> <span class='ocrx_word' id='word_1_204' title='bbox 1349 2626 1416 2681; x_wconf 87' lang='lat' dir='ltr'><strong>ad</strong></span> <span class='ocrx_word' id='word_1_205' title='bbox 1464 2629 1862 2682; x_wconf 87' lang='lat' dir='ltr'><strong>instructionem</strong></span> 
     </span>
    </p>
   </div>
   <div class='ocr_carea' id='block_1_30' title="bbox 290 2718 1864 2792">
    <p class='ocr_par' dir='ltr' id='par_1_30' title="bbox 290 2718 1864 2792">
     <span class='ocr_line' id='line_1_42' title="bbox 290 2718 1864 2792; baseline -0.006 -10"><span class='ocrx_word' id='word_1_206' title='bbox 290 2724 481 2782; x_wconf 68' lang='lat' dir='ltr'><strong>lﬂutis</strong></span> <span class='ocrx_word' id='word_1_207' title='bbox 507 2721 904 2792; x_wconf 74' lang='lat' dir='ltr'><strong>pertinentibus.</strong></span> <span class='ocrx_word' id='word_1_208' title='bbox 932 2720 1090 2776; x_wconf 66' lang='lat' dir='ltr'><strong>Multa</strong></span> <span class='ocrx_word' id='word_1_209' title='bbox 1109 2727 1248 2773; x_wconf 85' lang='lat' dir='ltr'><strong>:sunt</strong></span> <span class='ocrx_word' id='word_1_210' title='bbox 1272 2718 1413 2772; x_wconf 85' lang='lat' dir='ltr'><strong>enim</strong></span> <span class='ocrx_word' id='word_1_211' title='bbox 1439 2733 1558 2787; x_wconf 69' lang='lat' dir='ltr'><strong>qum</strong></span> <span class='ocrx_word' id='word_1_212' title='bbox 1578 2719 1766 2788; x_wconf 79' lang='lat' dir='ltr'><strong>inquiri</strong></span> <span class='ocrx_word' id='word_1_213' title='bbox 1795 2718 1864 2773; x_wconf 81' lang='grc' dir='ltr'>ιιι)</span> 
     </span>
    </p>
   </div>
   <div class='ocr_carea' id='block_1_31' title="bbox 292 2807 1862 2882">
    <p class='ocr_par' dir='ltr' id='par_1_31' title="bbox 292 2807 1862 2882">
     <span class='ocr_line' id='line_1_43' title="bbox 292 2807 1862 2882; baseline -0.005 -12"><span class='ocrx_word' id='word_1_214' title='bbox 292 2814 753 2882; x_wconf 81' lang='lat' dir='ltr'><strong>otiosispossunt,</strong></span> <span class='ocrx_word' id='word_1_215' title='bbox 780 2824 1104 2880; x_wconf 80' lang='lat' dir='ltr'><strong>supervacua</strong></span> <span class='ocrx_word' id='word_1_216' title='bbox 1137 2817 1193 2862; x_wconf 92' lang='lat' dir='ltr'><strong>ct</strong></span> <span class='ocrx_word' id='word_1_217' title='bbox 1220 2807 1413 2871; x_wconf 85' lang='lat' dir='ltr'><strong>inania,</strong></span> <span class='ocrx_word' id='word_1_218' title='bbox 1448 2818 1500 2862; x_wconf 92' lang='lat' dir='ltr'><strong>et</strong></span> <span class='ocrx_word' id='word_1_219' title='bbox 1554 2807 1862 2878; x_wconf 83' lang='lat' dir='ltr'><strong>plerumque</strong></span> 
     </span>
    </p>
   </div>
   <div class='ocr_carea' id='block_1_32' title="bbox 290 2897 1862 2972">
    <p class='ocr_par' dir='ltr' id='par_1_32' title="bbox 290 2897 1862 2972">
     <span class='ocr_line' id='line_1_44' title="bbox 290 2897 1862 2972; baseline -0.004 -13"><span class='ocrx_word' id='word_1_220' title='bbox 290 2905 472 2966; x_wconf 68' lang='lat' dir='ltr'><strong>noxia,</strong></span> <span class='ocrx_word' id='word_1_221' title='bbox 515 2903 584 2958; x_wconf 90' lang='lat' dir='ltr'><strong>de</strong></span> <span class='ocrx_word' id='word_1_222' title='bbox 611 2903 800 2972; x_wconf 83' lang='lat' dir='ltr'><strong>quibus</strong></span> <span class='ocrx_word' id='word_1_223' title='bbox 829 2910 1006 2955; x_wconf 82' lang='lat' dir='ltr'><strong>tamen</strong></span> <span class='ocrx_word' id='word_1_224' title='bbox 1038 2897 1276 2956; x_wconf 72' lang='lat' dir='ltr'><strong>nonnihil</strong></span> <span class='ocrx_word' id='word_1_225' title='bbox 1313 2897 1597 2954; x_wconf 80' lang='lat' dir='ltr'><strong>dicendum</strong></span> <span class='ocrx_word' id='word_1_226' title='bbox 1625 2908 1707 2952; x_wconf 84' lang='lat' dir='ltr'><strong>est</strong></span> <span class='ocrx_word' id='word_1_227' title='bbox 1731 2917 1743 2951; x_wconf 85' lang='lat'><strong>:</strong></span> <span class='ocrx_word' id='word_1_228' title='bbox 1767 2897 1862 2952; x_wconf 88' lang='lat' dir='ltr'><strong>sed</strong></span> 
     </span>
    </p>
   </div>
   <div class='ocr_carea' id='block_1_33' title="bbox 292 2987 1861 3064">
    <p class='ocr_par' dir='ltr' id='par_1_33' title="bbox 292 2987 1861 3064">
     <span class='ocr_line' id='line_1_45' title="bbox 292 2987 1861 3064; baseline -0.004 -14"><span class='ocrx_word' id='word_1_229' title='bbox 292 2993 406 3050; x_wconf 77' lang='lat' dir='ltr'><strong>boc-</strong></span> <span class='ocrx_word' id='word_1_230' title='bbox 423 2994 589 3064; x_wconf 85' lang='lat' dir='ltr'><strong>ipsum</strong></span> <span class='ocrx_word' id='word_1_231' title='bbox 626 2991 973 3062; x_wconf 81' lang='lat' dir='ltr'><strong>aperiendum</strong></span> <span class='ocrx_word' id='word_1_232' title='bbox 1015 2988 1490 3057; x_wconf 69' lang='lat' dir='ltr'><strong>et-esplieaudum,</strong></span> <span class='ocrx_word' id='word_1_233' title='bbox 1535 3003 1631 3044; x_wconf 90' lang='lat' dir='ltr'><strong>cur</strong></span> <span class='ocrx_word' id='word_1_234' title='bbox 1669 2987 1861 3057; x_wconf 73' lang='lat' dir='ltr'><strong>inquiri</strong></span> 
     </span>
    </p>
   </div>
   <div class='ocr_carea' id='block_1_34' title="bbox 293 3078 1862 3150">
    <p class='ocr_par' dir='ltr' id='par_1_34' title="bbox 293 3078 1862 3150">
     <span class='ocr_line' id='line_1_46' title="bbox 293 3078 1862 3150; baseline -0.003 -14"><span class='ocrx_word' id='word_1_235' title='bbox 293 3083 419 3144; x_wconf 80' lang='lat' dir='ltr'><strong>talia</strong></span> <span class='ocrx_word' id='word_1_236' title='bbox 453 3098 556 3138; x_wconf 88' lang='lat' dir='ltr'><strong>non</strong></span> <span class='ocrx_word' id='word_1_237' title='bbox 586 3089 850 3150; x_wconf 81' lang='lat' dir='ltr'><strong>oporteat.</strong></span> <span class='ocrx_word' id='word_1_238' title='bbox 883 3081 959 3134; x_wconf 87' lang='lat' dir='ltr'><strong>De</strong></span> <span class='ocrx_word' id='word_1_239' title='bbox 978 3080 1136 3134; x_wconf 88' lang='lat' dir='ltr'><strong>rebus</strong></span> <span class='ocrx_word' id='word_1_240' title='bbox 1169 3093 1296 3146; x_wconf 84' lang='lat' dir='ltr'><strong>ergo</strong></span> <span class='ocrx_word' id='word_1_241' title='bbox 1324 3079 1544 3132; x_wconf 87' lang='lat' dir='ltr'><strong>utilibus</strong></span> <span class='ocrx_word' id='word_1_242' title='bbox 1581 3078 1862 3148; x_wconf 75' lang='lat' dir='ltr'><strong>aliquando</strong></span> 
     </span>
    </p>
   </div>
   <div class='ocr_carea' id='block_1_35' title="bbox 296 3167 1887 3237">
    <p class='ocr_par' dir='ltr' id='par_1_35' title="bbox 296 3167 1887 3237">
     <span class='ocr_line' id='line_1_47' title="bbox 296 3167 1887 3237; baseline -0.003 -9"><span class='ocrx_word' id='word_1_243' title='bbox 296 3172 367 3228; x_wconf 68' lang='lat' dir='ltr'><strong>ad</strong></span> <span class='ocrx_word' id='word_1_244' title='bbox 411 3173 460 3227; x_wconf 90' lang='lat' dir='ltr'><strong>id</strong></span> <span class='ocrx_word' id='word_1_245' title='bbox 506 3170 931 3237; x_wconf 80' lang='lat' dir='ltr'><strong>respondendum</strong></span> <span class='ocrx_word' id='word_1_246' title='bbox 969 3177 1050 3223; x_wconf 88' lang='lat' dir='ltr'><strong>est</strong></span> <span class='ocrx_word' id='word_1_247' title='bbox 1093 3167 1232 3235; x_wconf 90' lang='lat' dir='ltr'><strong>quod</strong></span> <span class='ocrx_word' id='word_1_248' title='bbox 1273 3168 1696 3236; x_wconf 79' lang='lat' dir='ltr'><strong>interrogantur:</strong></span> <span class='ocrx_word' id='word_1_249' title='bbox 1728 3169 1887 3223; x_wconf 80' lang='lat' dir='ltr'><strong>sicut</strong></span> 
     </span>
    </p>
   </div>
   <div class='ocr_carea' id='block_1_36' title="bbox 292 3257 1865 3328">
    <p class='ocr_par' dir='ltr' id='par_1_36' title="bbox 292 3257 1865 3328">
     <span class='ocr_line' id='line_1_48' title="bbox 292 3257 1865 3328; baseline -0.004 -10"><span class='ocrx_word' id='word_1_250' title='bbox 292 3262 552 3328; x_wconf 74' lang='lat' dir='ltr'><strong>nominas</strong></span> <span class='ocrx_word' id='word_1_251' title='bbox 581 3258 859 3322; x_wconf 82' lang='lat' dir='ltr'><strong>fecit,.cuin</strong></span> <span class='ocrx_word' id='word_1_252' title='bbox 887 3273 1006 3314; x_wconf 88' lang='lat' dir='ltr'><strong>eum</strong></span> <span class='ocrx_word' id='word_1_253' title='bbox 1032 3257 1304 3314; x_wconf 67' lang='lat' dir='ltr'><strong>Sadducaai</strong></span> <span class='ocrx_word' id='word_1_254' title='bbox 1331 3258 1396 3311; x_wconf 90' lang='lat' dir='ltr'><strong>de</strong></span> <span class='ocrx_word' id='word_1_255' title='bbox 1433 3258 1656 3313; x_wconf 78' lang='lat' dir='ltr'><strong>muliere</strong></span> <span class='ocrx_word' id='word_1_256' title='bbox 1699 3258 1865 3312; x_wconf 76' lang='lat' dir='ltr'><strong>inter-</strong></span> 
     </span>
    </p>
   </div>
   <div class='ocr_carea' id='block_1_37' title="bbox 293 3349 1862 3423">
    <p class='ocr_par' dir='ltr' id='par_1_37' title="bbox 293 3349 1862 3423">
     <span class='ocr_line' id='line_1_49' title="bbox 293 3349 1862 3423; baseline -0.003 -15"><span class='ocrx_word' id='word_1_257' title='bbox 293 3359 592 3423; x_wconf 73' lang='lat' dir='ltr'><strong>mgassent,</strong></span> <span class='ocrx_word' id='word_1_258' title='bbox 617 3365 736 3420; x_wconf 73' lang='lat' dir='ltr'><strong>qutc</strong></span> <span class='ocrx_word' id='word_1_259' title='bbox 766 3360 968 3417; x_wconf 79' lang='lat' dir='ltr'><strong>septem</strong></span> <span class='ocrx_word' id='word_1_260' title='bbox 1018 3349 1156 3403; x_wconf 91' lang='lat' dir='ltr'><strong>viros</strong></span> <span class='ocrx_word' id='word_1_261' title='bbox 1192 3349 1404 3412; x_wconf 64' lang='lat' dir='ltr'><strong>habuit,</strong></span> <span class='ocrx_word' id='word_1_262' title='bbox 1423 3350 1778 3417; x_wconf 76' lang='lat' dir='ltr'><strong>cujuscor-um</strong></span> <span class='ocrx_word' id='word_1_263' title='bbox 1808 3349 1862 3404; x_wconf 89' lang='lat' dir='ltr'><strong>in</strong></span> 
     </span>
    </p>
   </div>
   <div class='ocr_carea' id='block_1_38' title="bbox 291 3438 1860 3507">
    <p class='ocr_par' dir='ltr' id='par_1_38' title="bbox 291 3438 1860 3507">
     <span class='ocr_line' id='line_1_50' title="bbox 291 3438 1860 3507; baseline -0.004 -8"><span class='ocrx_word' id='word_1_264' title='bbox 291 3442 687 3499; x_wconf 80' lang='lat' dir='ltr'><strong>resurrectione</strong></span> <span class='ocrx_word' id='word_1_265' title='bbox 717 3440 888 3493; x_wconf 81' lang='lat' dir='ltr'><strong>futura</strong></span> <span class='ocrx_word' id='word_1_266' title='bbox 913 3447 1073 3493; x_wconf 85' lang='lat' dir='ltr'><strong>esset.</strong></span> <span class='ocrx_word' id='word_1_267' title='bbox 1115 3438 1409 3507; x_wconf 81' lang='lat' dir='ltr'><strong>Respondit</strong></span> <span class='ocrx_word' id='word_1_268' title='bbox 1454 3440 1595 3493; x_wconf 87' lang='lat' dir='ltr'><strong>enim</strong></span> <span class='ocrx_word' id='word_1_269' title='bbox 1640 3438 1860 3507; x_wconf 78' lang='lat' dir='ltr'><strong>quodin</strong></span> 
     </span>
    </p>
   </div>
   <div class='ocr_carea' id='block_1_39' title="bbox 291 3528 1855 3600">
    <p class='ocr_par' dir='ltr' id='par_1_39' title="bbox 291 3528 1855 3600">
     <span class='ocr_line' id='line_1_51' title="bbox 291 3528 1855 3600; baseline -0.003 -13"><span class='ocrx_word' id='word_1_270' title='bbox 291 3532 682 3600; x_wconf 66' lang='lat' dir='ltr'><strong>resurrectione</strong></span> <span class='ocrx_word' id='word_1_271' title='bbox 707 3545 878 3600; x_wconf 88' lang='lat' dir='ltr'><strong>neque</strong></span> <span class='ocrx_word' id='word_1_272' title='bbox 915 3543 1105 3582; x_wconf 76' lang='lat' dir='ltr'><strong>uxores</strong></span> <span class='ocrx_word' id='word_1_273' title='bbox 1147 3528 1376 3594; x_wconf 85' lang='lat' dir='ltr'><strong>ducent,</strong></span> <span class='ocrx_word' id='word_1_274' title='bbox 1418 3545 1592 3598; x_wconf 85' lang='lat' dir='ltr'><strong>neque</strong></span> <span class='ocrx_word' id='word_1_275' title='bbox 1621 3531 1855 3592; x_wconf 87' lang='lat' dir='ltr'><strong>nubent,</strong></span> 
     </span>
    </p>
   </div>
   <div class='ocr_carea' id='block_1_40' title="bbox 289 3618 1860 3690">
    <p class='ocr_par' dir='ltr' id='par_1_40' title="bbox 289 3618 1860 3690">
     <span class='ocr_line' id='line_1_52' title="bbox 289 3618 1860 3690; baseline -0.003 -12"><span class='ocrx_word' id='word_1_276' title='bbox 417 3630 573 3677; x_wconf 89' lang='lat' dir='ltr'><strong>erunt</strong></span> <span class='ocrx_word' id='word_1_277' title='bbox 599 3621 738 3675; x_wconf 87' lang='lat' dir='ltr'><strong>sicut</strong></span> <span class='ocrx_word' id='word_1_278' title='bbox 765 3618 1021 3688; x_wconf 81' lang='lat' dir='ltr'><strong>Angeliin</strong></span> <span class='ocrx_word' id='word_1_279' title='bbox 1049 3618 1222 3672; x_wconf 75' lang='lat' dir='ltr'><strong>cmlis.</strong></span> <span class='ocrx_word' id='word_1_280' title='bbox 1241 3619 1538 3688; x_wconf 81' lang='lat' dir='ltr'><strong>Aliquando</strong></span> <span class='ocrx_word' id='word_1_281' title='bbox 1562 3627 1738 3674; x_wconf 85' lang='lat' dir='ltr'><strong>autem</strong></span> <span class='ocrx_word' id='word_1_282' title='bbox 1770 3619 1860 3673; x_wconf 88' lang='lat' dir='ltr'><strong>ille</strong></span> 
     </span>
    </p>
   </div>
   <div class='ocr_carea' id='block_1_41' title="bbox 290 3689 1860 3783">
    <p class='ocr_par' dir='ltr' id='par_1_41' title="bbox 290 3689 1860 3783">
     <span class='ocr_line' id='line_1_53' title="bbox 290 3689 1860 3783; baseline -0.002 -17"><span class='ocrx_word' id='word_1_283' title='bbox 290 3689 385 3783; x_wconf 70' lang='lat' dir='ltr'><strong>qui</strong></span> <span class='ocrx_word' id='word_1_284' title='bbox 416 3713 732 3780; x_wconf 88' lang='lat' dir='ltr'><strong>interrogat,</strong></span> <span class='ocrx_word' id='word_1_285' title='bbox 765 3708 1166 3778; x_wconf 83' lang='lat' dir='ltr'><strong>interrogandus</strong></span> <span class='ocrx_word' id='word_1_286' title='bbox 1190 3717 1273 3762; x_wconf 90' lang='lat' dir='ltr'><strong>est</strong></span> <span class='ocrx_word' id='word_1_287' title='bbox 1293 3709 1435 3762; x_wconf 87' lang='lat' dir='ltr'><strong>aliud</strong></span> <span class='ocrx_word' id='word_1_288' title='bbox 1455 3750 1471 3775; x_wconf 88' lang='lat'><strong>,</strong></span> <span class='ocrx_word' id='word_1_289' title='bbox 1515 3709 1655 3780; x_wconf 85' lang='lat' dir='ltr'><strong>quod</strong></span> <span class='ocrx_word' id='word_1_290' title='bbox 1687 3718 1860 3764; x_wconf 86' lang='lat' dir='ltr'><strong>tamen</strong></span> 
     </span>
    </p>
   </div>
   <div class='ocr_carea' id='block_1_42' title="bbox 295 3797 1861 3869">
    <p class='ocr_par' dir='ltr' id='par_1_42' title="bbox 295 3797 1861 3869">
     <span class='ocr_line' id='line_1_54' title="bbox 295 3797 1861 3869; baseline -0.003 -12"><span class='ocrx_word' id='word_1_291' title='bbox 295 3801 349 3858; x_wconf 74' lang='lat' dir='ltr'><strong>si</strong></span> <span class='ocrx_word' id='word_1_292' title='bbox 378 3800 570 3855; x_wconf 73' lang='lat' dir='ltr'><strong>dixerit</strong></span> <span class='ocrx_word' id='word_1_293' title='bbox 591 3841 606 3865; x_wconf 95' lang='lat'><strong>,</strong></span> <span class='ocrx_word' id='word_1_294' title='bbox 637 3799 749 3868; x_wconf 88' lang='lat' dir='ltr'><strong>ipse</strong></span> <span class='ocrx_word' id='word_1_295' title='bbox 774 3798 873 3851; x_wconf 88' lang='lat' dir='ltr'><strong>sibi</strong></span> <span class='ocrx_word' id='word_1_296' title='bbox 893 3797 958 3851; x_wconf 91' lang='lat' dir='ltr'><strong>ad</strong></span> <span class='ocrx_word' id='word_1_297' title='bbox 985 3797 1034 3850; x_wconf 90' lang='lat' dir='ltr'><strong>id</strong></span> <span class='ocrx_word' id='word_1_298' title='bbox 1059 3797 1198 3867; x_wconf 85' lang='lat' dir='ltr'><strong>quod</strong></span> <span class='ocrx_word' id='word_1_299' title='bbox 1241 3799 1608 3867; x_wconf 74' lang='lat' dir='ltr'><strong>interrogavit,</strong></span> <span class='ocrx_word' id='word_1_300' title='bbox 1638 3813 1861 3869; x_wconf 83' lang='lat' dir='ltr'><strong>respon-</strong></span> 
     </span>
    </p>
   </div>
   <div class='ocr_carea' id='block_1_43' title="bbox 293 3886 1863 3960">
    <p class='ocr_par' dir='ltr' id='par_1_43' title="bbox 293 3886 1863 3960">
     <span class='ocr_line' id='line_1_55' title="bbox 293 3886 1863 3960; baseline -0.001 -14"><span class='ocrx_word' id='word_1_301' title='bbox 293 3890 454 3946; x_wconf 86' lang='lat' dir='ltr'><strong>deat:</strong></span> <span class='ocrx_word' id='word_1_302' title='bbox 485 3891 526 3944; x_wconf 90' lang='lat' dir='ltr'><strong>si</strong></span> <span class='ocrx_word' id='word_1_303' title='bbox 557 3897 731 3942; x_wconf 84' lang='lat' dir='ltr'><strong>autem</strong></span> <span class='ocrx_word' id='word_1_304' title='bbox 773 3886 953 3941; x_wconf 85' lang='lat' dir='ltr'><strong>dicere</strong></span> <span class='ocrx_word' id='word_1_305' title='bbox 979 3887 1203 3942; x_wconf 83' lang='lat' dir='ltr'><strong>noluerit</strong></span> <span class='ocrx_word' id='word_1_306' title='bbox 1223 3929 1240 3951; x_wconf 95' lang='lat'><strong>,</strong></span> <span class='ocrx_word' id='word_1_307' title='bbox 1260 3903 1365 3941; x_wconf 86' lang='lat' dir='ltr'><strong>non</strong></span> <span class='ocrx_word' id='word_1_308' title='bbox 1392 3888 1629 3943; x_wconf 89' lang='lat' dir='ltr'><strong>videatur</strong></span> <span class='ocrx_word' id='word_1_309' title='bbox 1667 3889 1730 3944; x_wconf 90' lang='lat' dir='ltr'><strong>iis</strong></span> <span class='ocrx_word' id='word_1_310' title='bbox 1753 3890 1863 3960; x_wconf 80' lang='lat' dir='ltr'><strong>qui</strong></span> 
     </span>
    </p>
   </div>
   <div class='ocr_carea' id='block_1_44' title="bbox 294 3978 1865 4050">
    <p class='ocr_par' dir='ltr' id='par_1_44' title="bbox 294 3978 1865 4050">
     <span class='ocr_line' id='line_1_56' title="bbox 294 3978 1865 4050; baseline 0 -14"><span class='ocrx_word' id='word_1_311' title='bbox 294 3980 490 4036; x_wconf 82' lang='lat' dir='ltr'><strong>adsunt</strong></span> <span class='ocrx_word' id='word_1_312' title='bbox 511 3980 784 4050; x_wconf 82' lang='lat' dir='ltr'><strong>injustnni,</strong></span> <span class='ocrx_word' id='word_1_313' title='bbox 812 3978 854 4032; x_wconf 94' lang='lat' dir='ltr'><strong>si</strong></span> <span class='ocrx_word' id='word_1_314' title='bbox 877 3987 930 4032; x_wconf 90' lang='lat' dir='ltr'><strong>et</strong></span> <span class='ocrx_word' id='word_1_315' title='bbox 950 3978 1063 4046; x_wconf 86' lang='lat' dir='ltr'><strong>ipse</strong></span> <span class='ocrx_word' id='word_1_316' title='bbox 1091 3978 1230 4048; x_wconf 90' lang='lat' dir='ltr'><strong>quod</strong></span> <span class='ocrx_word' id='word_1_317' title='bbox 1261 3979 1621 4049; x_wconf 88' lang='lat' dir='ltr'><strong>interrogavit,</strong></span> <span class='ocrx_word' id='word_1_318' title='bbox 1648 3995 1754 4036; x_wconf 86' lang='lat' dir='ltr'><strong>non</strong></span> <span class='ocrx_word' id='word_1_319' title='bbox 1768 3996 1865 4036; x_wconf 81' lang='lat' dir='ltr'><strong>au-</strong></span> 
     </span>
    </p>
   </div>
   <div class='ocr_carea' id='block_1_45' title="bbox 297 4069 1862 4141">
    <p class='ocr_par' dir='ltr' id='par_1_45' title="bbox 297 4069 1862 4141">
     <span class='ocr_line' id='line_1_57' title="bbox 297 4069 1862 4141; baseline 0.002 -15"><span class='ocrx_word' id='word_1_320' title='bbox 297 4071 434 4126; x_wconf 85' lang='lat' dir='ltr'><strong>diat.</strong></span> <span class='ocrx_word' id='word_1_321' title='bbox 451 4069 578 4124; x_wconf 84' lang='lat' dir='ltr'><strong>Nam</strong></span> <span class='ocrx_word' id='word_1_322' title='bbox 605 4069 748 4123; x_wconf 89' lang='lat' dir='ltr'><strong>etilli</strong></span> <span class='ocrx_word' id='word_1_323' title='bbox 770 4069 856 4138; x_wconf 86' lang='lat' dir='ltr'><strong>qui</strong></span> <span class='ocrx_word' id='word_1_324' title='bbox 885 4069 1337 4141; x_wconf 75' lang='lat' dir='ltr'><strong>interrogaverunt</strong></span> <span class='ocrx_word' id='word_1_325' title='bbox 1377 4078 1655 4136; x_wconf 86' lang='lat' dir='ltr'><strong>tentantes,</strong></span> <span class='ocrx_word' id='word_1_326' title='bbox 1689 4080 1862 4129; x_wconf 86' lang='lat' dir='ltr'><strong>utrum</strong></span> 
     </span>
    </p>
   </div>
   <div class='ocr_carea' id='block_1_46' title="bbox 302 4160 1864 4231">
    <p class='ocr_par' dir='ltr' id='par_1_46' title="bbox 302 4160 1864 4231">
     <span class='ocr_line' id='line_1_58' title="bbox 302 4160 1864 4231; baseline 0 -11"><span class='ocrx_word' id='word_1_327' title='bbox 302 4161 634 4220; x_wconf 81' lang='lat' dir='ltr'><strong>reddendum</strong></span> <span class='ocrx_word' id='word_1_328' title='bbox 666 4170 808 4216; x_wconf 89' lang='lat' dir='ltr'><strong>esset</strong></span> <span class='ocrx_word' id='word_1_329' title='bbox 830 4161 1080 4216; x_wconf 88' lang='lat' dir='ltr'><strong>tributum</strong></span> <span class='ocrx_word' id='word_1_330' title='bbox 1099 4201 1113 4224; x_wconf 88' lang='lat'><strong>,</strong></span> <span class='ocrx_word' id='word_1_331' title='bbox 1139 4160 1443 4231; x_wconf 81' lang='lat' dir='ltr'><strong>interrogati</strong></span> <span class='ocrx_word' id='word_1_332' title='bbox 1471 4173 1594 4218; x_wconf 91' lang='lat' dir='ltr'><strong>sunt</strong></span> <span class='ocrx_word' id='word_1_333' title='bbox 1619 4164 1791 4230; x_wconf 75' lang='lat' dir='ltr'><strong>aliud,</strong></span> <span class='ocrx_word' id='word_1_334' title='bbox 1809 4165 1864 4220; x_wconf 90' lang='lat' dir='ltr'><strong>id</strong></span> 
     </span>
    </p>
   </div>
   <div class='ocr_carea' id='block_1_47' title="bbox 299 4251 1862 4325">
    <p class='ocr_par' dir='ltr' id='par_1_47' title="bbox 299 4251 1862 4325">
     <span class='ocr_line' id='line_1_59' title="bbox 299 4251 1862 4325; baseline 0.001 -16"><span class='ocrx_word' id='word_1_335' title='bbox 299 4265 406 4320; x_wconf 73' lang='grc' dir='ltr'>εει,</span> <span class='ocrx_word' id='word_1_336' title='bbox 434 4254 583 4320; x_wconf 85' lang='lat' dir='ltr'><strong>cujus</strong></span> <span class='ocrx_word' id='word_1_337' title='bbox 610 4251 827 4306; x_wconf 89' lang='lat' dir='ltr'><strong>haberet</strong></span> <span class='ocrx_word' id='word_1_338' title='bbox 856 4266 1102 4305; x_wconf 88' lang='lat' dir='ltr'><strong>nummus</strong></span> <span class='ocrx_word' id='word_1_339' title='bbox 1132 4253 1406 4321; x_wconf 87' lang='lat' dir='ltr'><strong>imaginem</strong></span> <span class='ocrx_word' id='word_1_340' title='bbox 1432 4294 1447 4320; x_wconf 90' lang='lat'><strong>,</strong></span> <span class='ocrx_word' id='word_1_341' title='bbox 1502 4255 1589 4324; x_wconf 89' lang='lat' dir='ltr'><strong>qui</strong></span> <span class='ocrx_word' id='word_1_342' title='bbox 1632 4256 1699 4310; x_wconf 87' lang='lat' dir='ltr'><strong>ab</strong></span> <span class='ocrx_word' id='word_1_343' title='bbox 1732 4256 1862 4325; x_wconf 87' lang='lat' dir='ltr'><strong>ipsis</strong></span> 
     </span>
    </p>
   </div>
   <div class='ocr_carea' id='block_1_48' title="bbox 299 4343 1859 4418">
    <p class='ocr_par' dir='ltr' id='par_1_48' title="bbox 299 4343 1859 4418">
     <span class='ocr_line' id='line_1_60' title="bbox 299 4343 1859 4418; baseline 0.001 -17"><span class='ocrx_word' id='word_1_344' title='bbox 299 4347 537 4418; x_wconf 82' lang='lat' dir='ltr'><strong>prolatus</strong></span> <span class='ocrx_word' id='word_1_345' title='bbox 555 4353 670 4408; x_wconf 73' lang='lat' dir='ltr'><strong>est;</strong></span> <span class='ocrx_word' id='word_1_346' title='bbox 701 4351 756 4399; x_wconf 80' lang='lat' dir='ltr'><strong>rt</strong></span> <span class='ocrx_word' id='word_1_347' title='bbox 773 4344 892 4412; x_wconf 85' lang='lat' dir='ltr'><strong>quia</strong></span> <span class='ocrx_word' id='word_1_348' title='bbox 918 4343 1168 4397; x_wconf 77' lang='lat' dir='ltr'><strong>dixerunt</strong></span> <span class='ocrx_word' id='word_1_349' title='bbox 1183 4344 1332 4412; x_wconf 81' lang='lat' dir='ltr'><strong>quod</strong></span> <span class='ocrx_word' id='word_1_350' title='bbox 1351 4345 1658 4416; x_wconf 79' lang='lat' dir='ltr'><strong>interrogati</strong></span> <span class='ocrx_word' id='word_1_351' title='bbox 1688 4355 1859 4415; x_wconf 88' lang='lat' dir='ltr'><strong>erant,</strong></span> 
     </span>
    </p>
   </div>
   <div class='ocr_carea' id='block_1_49' title="bbox 298 4434 1865 4509">
    <p class='ocr_par' dir='ltr' id='par_1_49' title="bbox 298 4434 1865 4509">
     <span class='ocr_line' id='line_1_61' title="bbox 298 4434 1865 4509; baseline 0.003 -17"><span class='ocrx_word' id='word_1_352' title='bbox 298 4436 352 4492; x_wconf 88' lang='lat' dir='ltr'><strong>id</strong></span> <span class='ocrx_word' id='word_1_353' title='bbox 379 4446 479 4500; x_wconf 90' lang='lat' dir='ltr'><strong>est,</strong></span> <span class='ocrx_word' id='word_1_354' title='bbox 523 4437 748 4491; x_wconf 71' lang='lat' dir='ltr'><strong>Cazsaris</strong></span> <span class='ocrx_word' id='word_1_355' title='bbox 772 4434 1051 4505; x_wconf 87' lang='lat' dir='ltr'><strong>imaginem</strong></span> <span class='ocrx_word' id='word_1_356' title='bbox 1079 4435 1275 4491; x_wconf 86' lang='lat' dir='ltr'><strong>habere</strong></span> <span class='ocrx_word' id='word_1_357' title='bbox 1299 4452 1589 4502; x_wconf 88' lang='lat' dir='ltr'><strong>nummum,</strong></span> <span class='ocrx_word' id='word_1_358' title='bbox 1619 4439 1721 4509; x_wconf 90' lang='lat' dir='ltr'><strong>ipsi</strong></span> <span class='ocrx_word' id='word_1_359' title='bbox 1760 4440 1865 4496; x_wconf 85' lang='lat' dir='ltr'><strong>sibi</strong></span> 
     </span>
    </p>
   </div>
   <div class='ocr_carea' id='block_1_50' title="bbox 296 4527 1866 4600">
    <p class='ocr_par' dir='ltr' id='par_1_50' title="bbox 296 4527 1866 4600">
     <span class='ocr_line' id='line_1_62' title="bbox 296 4527 1866 4600; baseline 0.003 -18"><span class='ocrx_word' id='word_1_360' title='bbox 296 4527 686 4600; x_wconf 82' lang='lat' dir='ltr'><strong>quodaminodo</strong></span> <span class='ocrx_word' id='word_1_361' title='bbox 713 4527 1095 4596; x_wconf 85' lang='lat' dir='ltr'><strong>responderunt</strong></span> <span class='ocrx_word' id='word_1_362' title='bbox 1121 4528 1170 4581; x_wconf 91' lang='lat' dir='ltr'><strong>id</strong></span> <span class='ocrx_word' id='word_1_363' title='bbox 1187 4529 1326 4597; x_wconf 88' lang='lat' dir='ltr'><strong>quod</strong></span> <span class='ocrx_word' id='word_1_364' title='bbox 1345 4528 1619 4584; x_wconf 79' lang='lat' dir='ltr'><strong>Dominum</strong></span> <span class='ocrx_word' id='word_1_365' title='bbox 1646 4531 1866 4587; x_wconf 90' lang='lat' dir='ltr'><strong>interro-</strong></span> 
     </span>
    </p>
   </div>
   <div class='ocr_carea' id='block_1_51' title="bbox 294 4617 1865 4690">
    <p class='ocr_par' dir='ltr' id='par_1_51' title="bbox 294 4617 1865 4690">
     <span class='ocr_line' id='line_1_63' title="bbox 294 4617 1865 4690; baseline 0.004 -20"><span class='ocrx_word' id='word_1_366' title='bbox 294 4625 550 4690; x_wconf 69' lang='lat' dir='ltr'><strong>garet-ant</strong></span> <span class='ocrx_word' id='word_1_367' title='bbox 579 4635 590 4668; x_wconf 88' lang='lat'><strong>:</strong></span> <span class='ocrx_word' id='word_1_368' title='bbox 616 4617 792 4686; x_wconf 87' lang='lat' dir='ltr'><strong>itaque</strong></span> <span class='ocrx_word' id='word_1_369' title='bbox 831 4617 918 4671; x_wconf 89' lang='lat' dir='ltr'><strong>ille</strong></span> <span class='ocrx_word' id='word_1_370' title='bbox 955 4630 1020 4672; x_wconf 75' lang='lat' dir='ltr'><strong>ex</strong></span> <span class='ocrx_word' id='word_1_371' title='bbox 1047 4631 1231 4672; x_wconf 87' lang='lat' dir='ltr'><strong>eorum</strong></span> <span class='ocrx_word' id='word_1_372' title='bbox 1272 4619 1614 4688; x_wconf 89' lang='lat' dir='ltr'><strong>responsione</strong></span> <span class='ocrx_word' id='word_1_373' title='bbox 1644 4623 1712 4674; x_wconf 91' lang='lat' dir='ltr'><strong>ita</strong></span> <span class='ocrx_word' id='word_1_374' title='bbox 1738 4637 1865 4676; x_wconf 89' lang='lat' dir='ltr'><strong>con-</strong></span> 
     </span>
    </p>
   </div>
   <div class='ocr_carea' id='block_1_52' title="bbox 297 4703 1865 4779">
    <p class='ocr_par' dir='ltr' id='par_1_52' title="bbox 297 4703 1865 4779">
     <span class='ocr_line' id='line_1_64' title="bbox 297 4703 1865 4779; baseline 0.003 -18"><span class='ocrx_word' id='word_1_375' title='bbox 297 4706 473 4765; x_wconf 89' lang='lat' dir='ltr'><strong>clusit.</strong></span> <span class='ocrx_word' id='word_1_376' title='bbox 497 4705 708 4760; x_wconf 71' lang='lat' dir='ltr'><strong>Reddite</strong></span> <span class='ocrx_word' id='word_1_377' title='bbox 729 4722 845 4776; x_wconf 86' lang='lat' dir='ltr'><strong>ergo</strong></span> <span class='ocrx_word' id='word_1_378' title='bbox 862 4703 1050 4761; x_wconf 62' lang='grc' dir='ltr'><strong>(ἐτεθαγὶ</strong></span> <span class='ocrx_word' id='word_1_379' title='bbox 1064 4705 1195 4775; x_wconf 80' lang='lat' dir='ltr'><strong>quod</strong></span> <span class='ocrx_word' id='word_1_380' title='bbox 1215 4704 1422 4762; x_wconf 77' lang='lat' dir='ltr'><strong>thsaris</strong></span> <span class='ocrx_word' id='word_1_381' title='bbox 1436 4717 1530 4772; x_wconf 75' lang='lat' dir='ltr'><strong>est,</strong></span> <span class='ocrx_word' id='word_1_382' title='bbox 1549 4718 1594 4762; x_wconf 80' lang='lat' dir='ltr'><strong>et</strong></span> <span class='ocrx_word' id='word_1_383' title='bbox 1610 4707 1718 4764; x_wconf 87' lang='lat' dir='ltr'><strong>Deo</strong></span> <span class='ocrx_word' id='word_1_384' title='bbox 1730 4712 1865 4779; x_wconf 83' lang='lat' dir='ltr'><strong>quod</strong></span> 
     </span>
    </p>
   </div>
   <div class='ocr_carea' id='block_1_53' title="bbox 296 4796 1865 4870">
    <p class='ocr_par' dir='ltr' id='par_1_53' title="bbox 296 4796 1865 4870">
     <span class='ocr_line' id='line_1_65' title="bbox 296 4796 1865 4870; baseline 0.003 -19"><span class='ocrx_word' id='word_1_385' title='bbox 296 4797 397 4853; x_wconf 81' lang='lat' dir='ltr'><strong>Dei</strong></span> <span class='ocrx_word' id='word_1_386' title='bbox 420 4808 490 4850; x_wconf 79' lang='lat' dir='ltr'><strong>est</strong></span> <span class='ocrx_word' id='word_1_387' title='bbox 521 4797 729 4868; x_wconf 84' lang='lat' dir='ltr'><strong>(Matth.</strong></span> <span class='ocrx_word' id='word_1_388' title='bbox 787 4813 917 4868; x_wconf 74' lang='lat' dir='ltr'><strong>xxii,</strong></span> <span class='ocrx_word' id='word_1_389' title='bbox 964 4796 1170 4867; x_wconf 61' lang='lat'><strong>15-54).</strong></span> <span class='ocrx_word' id='word_1_390' title='bbox 1203 4796 1336 4852; x_wconf 91' lang='lat' dir='ltr'><strong>Cum</strong></span> <span class='ocrx_word' id='word_1_391' title='bbox 1374 4807 1546 4854; x_wconf 87' lang='lat' dir='ltr'><strong>antetn</strong></span> <span class='ocrx_word' id='word_1_392' title='bbox 1601 4801 1865 4870; x_wconf 89' lang='lat' dir='ltr'><strong>principes</strong></span> 
     </span>
    </p>
   </div>
   <div class='ocr_carea' id='block_1_54' title="bbox 295 4886 1864 4964">
    <p class='ocr_par' dir='ltr' id='par_1_54' title="bbox 295 4886 1864 4964">
     <span class='ocr_line' id='line_1_66' title="bbox 295 4886 1864 4964; baseline 0.003 -21"><span class='ocrx_word' id='word_1_393' title='bbox 295 4886 705 4943; x_wconf 85' lang='lat' dir='ltr'><strong>sacerdotnmet</strong></span> <span class='ocrx_word' id='word_1_394' title='bbox 732 4886 968 4941; x_wconf 90' lang='lat' dir='ltr'><strong>seniores</strong></span> <span class='ocrx_word' id='word_1_395' title='bbox 1014 4887 1191 4956; x_wconf 87' lang='lat' dir='ltr'><strong>pepuli</strong></span> <span class='ocrx_word' id='word_1_396' title='bbox 1245 4888 1655 4958; x_wconf 85' lang='lat' dir='ltr'><strong>interrogassent</strong></span> <span class='ocrx_word' id='word_1_397' title='bbox 1681 4892 1730 4946; x_wconf 89' lang='lat' dir='ltr'><strong>in</strong></span> <span class='ocrx_word' id='word_1_398' title='bbox 1761 4907 1864 4964; x_wconf 74' lang='lat' dir='ltr'><strong>qm</strong></span> 
     </span>
    </p>
   </div>
   <div class='ocr_carea' id='block_1_55' title="bbox 298 4975 1866 5052">
    <p class='ocr_par' dir='ltr' id='par_1_55' title="bbox 298 4975 1866 5052">
     <span class='ocr_line' id='line_1_67' title="bbox 298 4975 1866 5052; baseline 0.006 -22"><span class='ocrx_word' id='word_1_399' title='bbox 298 4985 560 5049; x_wconf 89' lang='lat' dir='ltr'><strong>potestate</strong></span> <span class='ocrx_word' id='word_1_400' title='bbox 588 4977 674 5029; x_wconf 90' lang='lat' dir='ltr'><strong>illa</strong></span> <span class='ocrx_word' id='word_1_401' title='bbox 703 4975 900 5032; x_wconf 82' lang='lat' dir='ltr'><strong>faceret</strong></span> <span class='ocrx_word' id='word_1_402' title='bbox 919 5018 933 5039; x_wconf 88' lang='lat'><strong>,</strong></span> <span class='ocrx_word' id='word_1_403' title='bbox 965 4977 1312 5048; x_wconf 70' lang='lat' dir='ltr'><strong>interrogavit</strong></span> <span class='ocrx_word' id='word_1_404' title='bbox 1335 4995 1426 5036; x_wconf 89' lang='lat' dir='ltr'><strong>eos</strong></span> <span class='ocrx_word' id='word_1_405' title='bbox 1446 4980 1512 5037; x_wconf 89' lang='lat' dir='ltr'><strong>de</strong></span> <span class='ocrx_word' id='word_1_406' title='bbox 1554 4982 1866 5052; x_wconf 87' lang='lat' dir='ltr'><strong>baptismate</strong></span> 
     </span>
    </p>
   </div>
   <div class='ocr_carea' id='block_1_56' title="bbox 295 5069 1860 5140">
    <p class='ocr_par' dir='ltr' id='par_1_56' title="bbox 295 5069 1860 5140">
     <span class='ocr_line' id='line_1_68' title="bbox 295 5069 1860 5140; baseline 0.003 -14"><span class='ocrx_word' id='word_1_407' title='bbox 295 5070 552 5132; x_wconf 74' lang='lat' dir='ltr'><strong>Joannis;</strong></span> <span class='ocrx_word' id='word_1_408' title='bbox 581 5078 769 5124; x_wconf 90' lang='lat' dir='ltr'><strong>etcum</strong></span> <span class='ocrx_word' id='word_1_409' title='bbox 801 5069 1001 5124; x_wconf 72' lang='lat' dir='ltr'><strong>nollent</strong></span> <span class='ocrx_word' id='word_1_410' title='bbox 1023 5071 1220 5134; x_wconf 85' lang='lat' dir='ltr'><strong>dicere,</strong></span> <span class='ocrx_word' id='word_1_411' title='bbox 1248 5071 1386 5140; x_wconf 88' lang='lat' dir='ltr'><strong>quod</strong></span> <span class='ocrx_word' id='word_1_412' title='bbox 1413 5081 1596 5130; x_wconf 86' lang='lat' dir='ltr'><strong>contra</strong></span> <span class='ocrx_word' id='word_1_413' title='bbox 1623 5089 1682 5132; x_wconf 89' lang='lat' dir='ltr'><strong>se</strong></span> <span class='ocrx_word' id='word_1_414' title='bbox 1713 5075 1860 5130; x_wconf 88' lang='lat' dir='ltr'><strong>vidc-</strong></span> 
     </span>
    </p>
   </div>
   <div class='ocr_carea' id='block_1_57' title="bbox 303 5150 1868 5223">
    <p class='ocr_par' dir='ltr' id='par_1_57' title="bbox 303 5150 1868 5223">
     <span class='ocr_line' id='line_1_69' title="bbox 303 5150 1868 5223; baseline 0.004 -7"><span class='ocrx_word' id='word_1_415' title='bbox 303 5161 433 5216; x_wconf 86' lang='lat' dir='ltr'><strong>bant</strong></span> <span class='ocrx_word' id='word_1_416' title='bbox 461 5160 584 5222; x_wconf 88' lang='lat' dir='ltr'><strong>diei,</strong></span> <span class='ocrx_word' id='word_1_417' title='bbox 618 5158 684 5214; x_wconf 90' lang='lat' dir='ltr'><strong>de</strong></span> <span class='ocrx_word' id='word_1_418' title='bbox 711 5150 925 5214; x_wconf 40' lang='lat' dir='ltr'><strong>&#39;Joannc</strong></span> <span class='ocrx_word' id='word_1_419' title='bbox 953 5173 1127 5216; x_wconf 87' lang='lat' dir='ltr'><strong>autem</strong></span> <span class='ocrx_word' id='word_1_420' title='bbox 1155 5161 1285 5215; x_wconf 82' lang='lat' dir='ltr'><strong>nihil</strong></span> <span class='ocrx_word' id='word_1_421' title='bbox 1316 5163 1438 5217; x_wconf 88' lang='lat' dir='ltr'><strong>mali</strong></span> <span class='ocrx_word' id='word_1_422' title='bbox 1478 5164 1657 5221; x_wconf 84' lang='lat' dir='ltr'><strong>dicere</strong></span> <span class='ocrx_word' id='word_1_423' title='bbox 1704 5167 1868 5223; x_wconf 88' lang='lat' dir='ltr'><strong>aude-</strong></span> 
     </span>
    </p>
   </div>
   <div class='ocr_carea' id='block_1_58' title="bbox 298 5249 1859 5325">
    <p class='ocr_par' dir='ltr' id='par_1_58' title="bbox 298 5249 1859 5325">
     <span class='ocr_line' id='line_1_70' title="bbox 298 5249 1859 5325; baseline 0.006 -22"><span class='ocrx_word' id='word_1_424' title='bbox 298 5259 422 5308; x_wconf 84' lang='lat' dir='ltr'><strong>rent</strong></span> <span class='ocrx_word' id='word_1_425' title='bbox 466 5257 680 5320; x_wconf 81' lang='lat' dir='ltr'><strong>propter</strong></span> <span class='ocrx_word' id='word_1_426' title='bbox 725 5250 1166 5316; x_wconf 86' lang='lat' dir='ltr'><strong>circumstantcs;</strong></span> <span class='ocrx_word' id='word_1_427' title='bbox 1207 5249 1317 5307; x_wconf 78' lang='lat' dir='ltr'><strong>Nec</strong></span> <span class='ocrx_word' id='word_1_428' title='bbox 1370 5271 1460 5324; x_wconf 80' lang='lat' dir='ltr'><strong>ego</strong></span> <span class='ocrx_word' id='word_1_429' title='bbox 1501 5253 1636 5310; x_wconf 68' lang='lat' dir='ltr'><strong>vobis</strong></span> <span class='ocrx_word' id='word_1_430' title='bbox 1677 5257 1859 5325; x_wconf 82' lang='lat' dir='ltr'><strong>dicam,</strong></span> 
     </span>
    </p>
   </div>
   <div class='ocr_carea' id='block_1_59' title="bbox 295 5335 1864 5421">
    <p class='ocr_par' dir='ltr' id='par_1_59' title="bbox 295 5335 1864 5421">
     <span class='ocr_line' id='line_1_71' title="bbox 295 5335 1864 5421; baseline 0.01 -33"><span class='ocrx_word' id='word_1_431' title='bbox 295 5339 488 5410; x_wconf 84' lang='lat' dir='ltr'><strong>inquit,</strong></span> <span class='ocrx_word' id='word_1_432' title='bbox 525 5339 576 5391; x_wconf 80' lang='lat' dir='ltr'><strong>in</strong></span> <span class='ocrx_word' id='word_1_433' title='bbox 604 5355 702 5403; x_wconf 85' lang='lat' dir='ltr'><strong>qua</strong></span> <span class='ocrx_word' id='word_1_434' title='bbox 741 5347 984 5410; x_wconf 80' lang='lat' dir='ltr'><strong>potestate</strong></span> <span class='ocrx_word' id='word_1_435' title='bbox 1011 5335 1291 5410; x_wconf 50' lang='grc' dir='ltr'><strong>Ιιωσίίατὶο</strong></span> <span class='ocrx_word' id='word_1_436' title='bbox 1335 5342 1441 5415; x_wconf 85' lang='lat' dir='ltr'><strong>(Id.</strong></span> <span class='ocrx_word' id='word_1_437' title='bbox 1490 5361 1598 5412; x_wconf 74' lang='lat' dir='ltr'><strong>xxi,</strong></span> <span class='ocrx_word' id='word_1_438' title='bbox 1641 5348 1864 5421; x_wconf 72' lang='lat'><strong>25-27):</strong></span> 
     </span>
    </p>
   </div>
   <div class='ocr_carea' id='block_1_60' title="bbox 299 5428 1864 5503">
    <p class='ocr_par' dir='ltr' id='par_1_60' title="bbox 299 5428 1864 5503">
     <span class='ocr_line' id='line_1_72' title="bbox 299 5428 1864 5503; baseline 0.007 -18"><span class='ocrx_word' id='word_1_439' title='bbox 299 5428 801 5503; x_wconf 82' lang='lat' dir='ltr'><strong>quedjustissimum</strong></span> <span class='ocrx_word' id='word_1_440' title='bbox 823 5432 1063 5500; x_wconf 85' lang='lat' dir='ltr'><strong>apparuit</strong></span> <span class='ocrx_word' id='word_1_441' title='bbox 1092 5434 1569 5491; x_wconf 88' lang='lat' dir='ltr'><strong>circumstantibus.</strong></span> <span class='ocrx_word' id='word_1_442' title='bbox 1597 5439 1707 5494; x_wconf 84' lang='lat' dir='ltr'><strong>Hoc</strong></span> <span class='ocrx_word' id='word_1_443' title='bbox 1725 5443 1864 5496; x_wconf 92' lang='lat' dir='ltr'><strong>enim</strong></span> 
     </span>
    </p>
   </div>
   <div class='ocr_carea' id='block_1_61' title="bbox 297 5520 1868 5594">
    <p class='ocr_par' dir='ltr' id='par_1_61' title="bbox 297 5520 1868 5594">
     <span class='ocr_line' id='line_1_73' title="bbox 297 5520 1868 5594; baseline 0.007 -16"><span class='ocrx_word' id='word_1_444' title='bbox 297 5536 362 5578; x_wconf 71' lang='lat' dir='ltr'><strong>se</strong></span> <span class='ocrx_word' id='word_1_445' title='bbox 383 5520 638 5576; x_wconf 67' lang='lat' dir='ltr'><strong>dixerunt</strong></span> <span class='ocrx_word' id='word_1_446' title='bbox 659 5520 1179 5593; x_wconf 68' lang='lat' dir='ltr'><strong>nescire-quadrien-</strong></span> <span class='ocrx_word' id='word_1_447' title='bbox 1201 5526 1529 5594; x_wconf 80' lang='lat' dir='ltr'><strong>nesciebant,</strong></span> <span class='ocrx_word' id='word_1_448' title='bbox 1556 5529 1650 5585; x_wconf 84' lang='lat' dir='ltr'><strong>sed</strong></span> <span class='ocrx_word' id='word_1_449' title='bbox 1690 5532 1868 5589; x_wconf 83' lang='lat' dir='ltr'><strong>dicere</strong></span> 
     </span>
    </p>
   </div>
   <div class='ocr_carea' id='block_1_62' title="bbox 302 5609 1874 5688">
    <p class='ocr_par' dir='ltr' id='par_1_62' title="bbox 302 5609 1874 5688">
     <span class='ocr_line' id='line_1_74' title="bbox 302 5609 1874 5688; baseline 0.017 -33"><span class='ocrx_word' id='word_1_450' title='bbox 302 5609 575 5668; x_wconf 55' lang='lat' dir='ltr'><strong>uolebant.</strong></span> <span class='ocrx_word' id='word_1_451' title='bbox 603 5609 671 5666; x_wconf 84' lang='lat' dir='ltr'><strong>Et</strong></span> <span class='ocrx_word' id='word_1_452' title='bbox 701 5625 889 5667; x_wconf 89' lang='lat' dir='ltr'><strong>revera</strong></span> <span class='ocrx_word' id='word_1_453' title='bbox 919 5610 1123 5683; x_wconf 76' lang='lat' dir='ltr'><strong>iustum</strong></span> <span class='ocrx_word' id='word_1_454' title='bbox 1159 5625 1274 5671; x_wconf 87' lang='lat' dir='ltr'><strong>erat</strong></span> <span class='ocrx_word' id='word_1_455' title='bbox 1302 5623 1362 5672; x_wconf 89' lang='lat' dir='ltr'><strong>ut</strong></span> <span class='ocrx_word' id='word_1_456' title='bbox 1385 5617 1477 5688; x_wconf 87' lang='lat' dir='ltr'><strong>qui</strong></span> <span class='ocrx_word' id='word_1_457' title='bbox 1496 5618 1601 5675; x_wconf 86' lang='lat' dir='ltr'><strong>sibi</strong></span> <span class='ocrx_word' id='word_1_458' title='bbox 1621 5620 1874 5682; x_wconf 80' lang='lat' dir='ltr'><strong>volebant</strong></span> 
     </span>
    </p>
   </div>
   <div class='ocr_carea' id='block_1_63' title="bbox 3417 265 3556 325">
    <p class='ocr_par' dir='ltr' id='par_1_63' title="bbox 3417 265 3556 325">
     <span class='ocr_line' id='line_1_75' title="bbox 3417 265 3556 325; baseline 0.022 -3"><span class='ocrx_word' id='word_1_459' title='bbox 3417 265 3556 325; x_wconf 69' lang='lat' dir='ltr'><strong>i503</strong></span> 
     </span>
    </p>
   </div>
   <div class='ocr_carea' id='block_1_64' title="bbox 1979 363 3550 445">
    <p class='ocr_par' dir='ltr' id='par_1_64' title="bbox 1979 363 3550 445">
     <span class='ocr_line' id='line_1_76' title="bbox 1979 363 3550 445; baseline 0.01 -25"><span class='ocrx_word' id='word_1_460' title='bbox 1979 363 2288 435; x_wconf 90' lang='lat' dir='ltr'><strong>responderi</strong></span> <span class='ocrx_word' id='word_1_461' title='bbox 2331 365 2471 437; x_wconf 89' lang='lat' dir='ltr'><strong>quod</strong></span> <span class='ocrx_word' id='word_1_462' title='bbox 2498 367 2984 440; x_wconf 81' lang='lat' dir='ltr'><strong>interrogaveram,</strong></span> <span class='ocrx_word' id='word_1_463' title='bbox 3015 373 3162 443; x_wconf 87' lang='lat' dir='ltr'><strong>prius</strong></span> <span class='ocrx_word' id='word_1_464' title='bbox 3185 373 3287 445; x_wconf 83' lang='lat' dir='ltr'><strong>ipsi</strong></span> <span class='ocrx_word' id='word_1_465' title='bbox 3314 375 3550 435; x_wconf 80' lang='lat' dir='ltr'><strong>facerent</strong></span> 
     </span>
    </p>
   </div>
   <div class='ocr_carea' id='block_1_65' title="bbox 1978 458 3548 538">
    <p class='ocr_par' dir='ltr' id='par_1_65' title="bbox 1978 458 3548 538">
     <span class='ocr_line' id='line_1_77' title="bbox 1978 458 3548 538; baseline 0.009 -25"><span class='ocrx_word' id='word_1_466' title='bbox 1978 458 2119 528; x_wconf 88' lang='lat' dir='ltr'><strong>quod</strong></span> <span class='ocrx_word' id='word_1_467' title='bbox 2161 473 2286 529; x_wconf 87' lang='lat' dir='ltr'><strong>erga</strong></span> <span class='ocrx_word' id='word_1_468' title='bbox 2334 472 2395 514; x_wconf 86' lang='lat' dir='ltr'><strong>se</strong></span> <span class='ocrx_word' id='word_1_469' title='bbox 2445 460 2557 515; x_wconf 84' lang='lat' dir='ltr'><strong>ticri</strong></span> <span class='ocrx_word' id='word_1_470' title='bbox 2601 461 2981 532; x_wconf 88' lang='lat' dir='ltr'><strong>postulabant:</strong></span> <span class='ocrx_word' id='word_1_471' title='bbox 3012 466 3152 536; x_wconf 88' lang='lat' dir='ltr'><strong>quod</strong></span> <span class='ocrx_word' id='word_1_472' title='bbox 3191 467 3236 522; x_wconf 87' lang='lat' dir='ltr'><strong>si</strong></span> <span class='ocrx_word' id='word_1_473' title='bbox 3278 465 3548 538; x_wconf 83' lang='lat' dir='ltr'><strong>fecissent,</strong></span> 
     </span>
    </p>
   </div>
   <div class='ocr_carea' id='block_1_66' title="bbox 1979 549 3548 626">
    <p class='ocr_par' dir='ltr' id='par_1_66' title="bbox 1979 549 3548 626">
     <span class='ocr_line' id='line_1_78' title="bbox 1979 549 3548 626; baseline 0.008 -21"><span class='ocrx_word' id='word_1_474' title='bbox 1979 550 2078 620; x_wconf 85' lang='lat' dir='ltr'><strong>ipsi</strong></span> <span class='ocrx_word' id='word_1_475' title='bbox 2104 549 2204 605; x_wconf 86' lang='lat' dir='ltr'><strong>sibi</strong></span> <span class='ocrx_word' id='word_1_476' title='bbox 2231 550 2418 620; x_wconf 86' lang='lat' dir='ltr'><strong>utique</strong></span> <span class='ocrx_word' id='word_1_477' title='bbox 2445 553 2863 622; x_wconf 88' lang='lat' dir='ltr'><strong>respondissent.</strong></span> <span class='ocrx_word' id='word_1_478' title='bbox 2907 556 3008 626; x_wconf 90' lang='lat' dir='ltr'><strong>Ipsi</strong></span> <span class='ocrx_word' id='word_1_479' title='bbox 3035 558 3178 613; x_wconf 90' lang='lat' dir='ltr'><strong>enim</strong></span> <span class='ocrx_word' id='word_1_480' title='bbox 3206 561 3458 616; x_wconf 87' lang='lat' dir='ltr'><strong>miserant</strong></span> <span class='ocrx_word' id='word_1_481' title='bbox 3479 562 3548 618; x_wconf 83' lang='lat' dir='ltr'><strong>ad</strong></span> 
     </span>
    </p>
   </div>
   <div class='ocr_carea' id='block_1_67' title="bbox 1978 638 3545 721">
    <p class='ocr_par' dir='ltr' id='par_1_67' title="bbox 1978 638 3545 721">
     <span class='ocr_line' id='line_1_79' title="bbox 1978 638 3545 721; baseline 0.008 -26"><span class='ocrx_word' id='word_1_482' title='bbox 1978 638 2238 696; x_wconf 80' lang='lat' dir='ltr'><strong>Joannem</strong></span> <span class='ocrx_word' id='word_1_483' title='bbox 2263 651 2566 710; x_wconf 79' lang='lat' dir='ltr'><strong>qua-rentes</strong></span> <span class='ocrx_word' id='word_1_484' title='bbox 2588 643 2708 713; x_wconf 88' lang='lat' dir='ltr'><strong>quis</strong></span> <span class='ocrx_word' id='word_1_485' title='bbox 2745 654 2918 711; x_wconf 89' lang='lat' dir='ltr'><strong>esset;</strong></span> <span class='ocrx_word' id='word_1_486' title='bbox 2949 649 3033 703; x_wconf 89' lang='lat' dir='ltr'><strong>vel</strong></span> <span class='ocrx_word' id='word_1_487' title='bbox 3059 649 3233 719; x_wconf 86' lang='lat' dir='ltr'><strong>potius</strong></span> <span class='ocrx_word' id='word_1_488' title='bbox 3254 649 3357 721; x_wconf 87' lang='lat' dir='ltr'><strong>ipsi</strong></span> <span class='ocrx_word' id='word_1_489' title='bbox 3395 652 3545 709; x_wconf 87' lang='lat' dir='ltr'><strong>missi</strong></span> 
     </span>
    </p>
   </div>
   <div class='ocr_carea' id='block_1_68' title="bbox 1979 731 3552 810">
    <p class='ocr_par' dir='ltr' id='par_1_68' title="bbox 1979 731 3552 810">
     <span class='ocr_line' id='line_1_80' title="bbox 1979 731 3552 810; baseline 0.01 -28"><span class='ocrx_word' id='word_1_490' title='bbox 1979 738 2130 784; x_wconf 89' lang='lat' dir='ltr'><strong>erant</strong></span> <span class='ocrx_word' id='word_1_491' title='bbox 2149 731 2456 787; x_wconf 88' lang='lat' dir='ltr'><strong>sacerdotes</strong></span> <span class='ocrx_word' id='word_1_492' title='bbox 2479 742 2534 788; x_wconf 92' lang='grc' dir='ltr'><strong>ει</strong></span> <span class='ocrx_word' id='word_1_493' title='bbox 2564 733 2759 802; x_wconf 68' lang='lat' dir='ltr'><strong>levitas,</strong></span> <span class='ocrx_word' id='word_1_494' title='bbox 2790 745 3038 805; x_wconf 87' lang='lat' dir='ltr'><strong>putantes</strong></span> <span class='ocrx_word' id='word_1_495' title='bbox 3068 739 3207 809; x_wconf 89' lang='lat' dir='ltr'><strong>quod</strong></span> <span class='ocrx_word' id='word_1_496' title='bbox 3251 738 3366 810; x_wconf 89' lang='lat' dir='ltr'><strong>ipse</strong></span> <span class='ocrx_word' id='word_1_497' title='bbox 3405 753 3552 798; x_wconf 87' lang='lat' dir='ltr'><strong>esset</strong></span> 
     </span>
    </p>
   </div>
   <div class='ocr_carea' id='block_1_69' title="bbox 1981 817 3552 895">
    <p class='ocr_par' dir='ltr' id='par_1_69' title="bbox 1981 817 3552 895">
     <span class='ocr_line' id='line_1_81' title="bbox 1981 817 3552 895; baseline 0.01 -23"><span class='ocrx_word' id='word_1_498' title='bbox 1981 817 2245 884; x_wconf 72' lang='lat' dir='ltr'><strong>Christus,</strong></span> <span class='ocrx_word' id='word_1_499' title='bbox 2273 821 2415 890; x_wconf 85' lang='lat' dir='ltr'><strong>quod</strong></span> <span class='ocrx_word' id='word_1_500' title='bbox 2441 822 2531 877; x_wconf 88' lang='lat' dir='ltr'><strong>ille</strong></span> <span class='ocrx_word' id='word_1_501' title='bbox 2575 838 2634 878; x_wconf 88' lang='lat' dir='ltr'><strong>se</strong></span> <span class='ocrx_word' id='word_1_502' title='bbox 2681 827 2891 895; x_wconf 84' lang='lat' dir='ltr'><strong>negavit</strong></span> <span class='ocrx_word' id='word_1_503' title='bbox 2937 843 3079 895; x_wconf 86' lang='lat' dir='ltr'><strong>esse,</strong></span> <span class='ocrx_word' id='word_1_504' title='bbox 3121 839 3178 886; x_wconf 90' lang='lat' dir='ltr'><strong>et</strong></span> <span class='ocrx_word' id='word_1_505' title='bbox 3221 830 3290 887; x_wconf 90' lang='lat' dir='ltr'><strong>de</strong></span> <span class='ocrx_word' id='word_1_506' title='bbox 3328 832 3552 888; x_wconf 89' lang='lat' dir='ltr'><strong>Domine</strong></span> 
     </span>
    </p>
   </div>
   <div class='ocr_carea' id='block_1_70' title="bbox 1976 908 3549 992">
    <p class='ocr_par' dir='ltr' id='par_1_70' title="bbox 1976 908 3549 992">
     <span class='ocr_line' id='line_1_82' title="bbox 1976 908 3549 992; baseline 0.01 -30"><span class='ocrx_word' id='word_1_507' title='bbox 1976 908 2334 964; x_wconf 80' lang='lat' dir='ltr'><strong>testimonium</strong></span> <span class='ocrx_word' id='word_1_508' title='bbox 2349 911 2627 979; x_wconf 78' lang='lat' dir='ltr'><strong>perhibuit</strong></span> <span class='ocrx_word' id='word_1_509' title='bbox 2665 913 3262 989; x_wconf 48' lang='lat' dir='ltr'><strong>(lenaeum-27):“</strong></span> <span class='ocrx_word' id='word_1_510' title='bbox 3293 936 3414 992; x_wconf 83' lang='lat' dir='ltr'><strong>quo</strong></span> <span class='ocrx_word' id='word_1_511' title='bbox 3451 930 3549 977; x_wconf 33' lang='lat' dir='ltr'><strong>ite-</strong></span> 
     </span>
    </p>
   </div>
   <div class='ocr_carea' id='block_1_71' title="bbox 1975 998 3550 1085">
    <p class='ocr_par' dir='ltr' id='par_1_71' title="bbox 1975 998 3550 1085">
     <span class='ocr_line' id='line_1_83' title="bbox 1975 998 3550 1085; baseline 0.01 -33"><span class='ocrx_word' id='word_1_512' title='bbox 1975 998 2242 1052; x_wconf 76' lang='lat' dir='ltr'><strong>stimvonio</strong></span> <span class='ocrx_word' id='word_1_513' title='bbox 2257 999 2568 1056; x_wconf 79' lang='lat' dir='ltr'><strong>si-eoutiteri</strong></span> <span class='ocrx_word' id='word_1_514' title='bbox 2593 1004 2822 1070; x_wconf 65' lang='lat' dir='ltr'><strong>vellent,</strong></span> <span class='ocrx_word' id='word_1_515' title='bbox 2852 1006 2952 1076; x_wconf 87' lang='lat' dir='ltr'><strong>ipsi</strong></span> <span class='ocrx_word' id='word_1_516' title='bbox 2981 1021 3056 1062; x_wconf 77' lang='lat' dir='ltr'><strong>se</strong></span> <span class='ocrx_word' id='word_1_517' title='bbox 3077 1007 3333 1066; x_wconf 73' lang='lat' dir='ltr'><strong>docerent</strong></span> <span class='ocrx_word' id='word_1_518' title='bbox 3368 1013 3420 1067; x_wconf 92' lang='lat' dir='ltr'><strong>in</strong></span> <span class='ocrx_word' id='word_1_519' title='bbox 3447 1026 3550 1085; x_wconf 85' lang='lat' dir='ltr'><strong>qua</strong></span> 
     </span>
    </p>
   </div>
   <div class='ocr_carea' id='block_1_72' title="bbox 1974 1089 3551 1168">
    <p class='ocr_par' dir='ltr' id='par_1_72' title="bbox 1974 1089 3551 1168">
     <span class='ocr_line' id='line_1_84' title="bbox 1974 1089 3551 1168; baseline 0.012 -29"><span class='ocrx_word' id='word_1_520' title='bbox 1974 1095 2244 1158; x_wconf 77' lang='lat' dir='ltr'><strong>potestate</strong></span> <span class='ocrx_word' id='word_1_521' title='bbox 2263 1089 2354 1144; x_wconf 73' lang='lat' dir='ltr'><strong>illa</strong></span> <span class='ocrx_word' id='word_1_522' title='bbox 2369 1089 2578 1146; x_wconf 57' lang='lat' dir='ltr'><strong>iaceret</strong></span> <span class='ocrx_word' id='word_1_523' title='bbox 2605 1091 2886 1161; x_wconf 76' lang='lat' dir='ltr'><strong>Christus;</strong></span> <span class='ocrx_word' id='word_1_524' title='bbox 2905 1097 3054 1166; x_wconf 73' lang='lat' dir='ltr'><strong>quod</strong></span> <span class='ocrx_word' id='word_1_525' title='bbox 3079 1100 3228 1168; x_wconf 86' lang='lat' dir='ltr'><strong>quasi</strong></span> <span class='ocrx_word' id='word_1_526' title='bbox 3247 1103 3551 1158; x_wconf 78' lang='lat' dir='ltr'><strong>nescientes</strong></span> 
     </span>
    </p>
   </div>
   <div class='ocr_carea' id='block_1_73' title="bbox 1975 1179 3486 1260">
    <p class='ocr_par' dir='ltr' id='par_1_73' title="bbox 1975 1179 3486 1260">
     <span class='ocr_line' id='line_1_85' title="bbox 1975 1179 3486 1260; baseline 0.008 -27"><span class='ocrx_word' id='word_1_527' title='bbox 1975 1179 2452 1250; x_wconf 60' lang='lat' dir='ltr'><strong>interrogaverunt;</strong></span> <span class='ocrx_word' id='word_1_528' title='bbox 2473 1191 2534 1237; x_wconf 86' lang='lat' dir='ltr'><strong>ut</strong></span> <span class='ocrx_word' id='word_1_529' title='bbox 2558 1186 2924 1241; x_wconf 73' lang='lat' dir='ltr'><strong>calumniandi</strong></span> <span class='ocrx_word' id='word_1_530' title='bbox 2941 1189 3138 1244; x_wconf 75' lang='lat' dir='ltr'><strong>aditum</strong></span> <span class='ocrx_word' id='word_1_531' title='bbox 3165 1191 3486 1260; x_wconf 73' lang='lat' dir='ltr'><strong>reperirent.</strong></span> 
     </span>
    </p>
   </div>
   <div class='ocr_carea' id='block_1_74' title="bbox 2020 1270 3550 1349">
    <p class='ocr_par' dir='ltr' id='par_1_74' title="bbox 2020 1270 3550 1349">
     <span class='ocr_line' id='line_1_86' title="bbox 2020 1270 3550 1349; baseline 0.009 -26"><span class='ocrx_word' id='word_1_532' title='bbox 2020 1270 2436 1327; x_wconf 63' lang='lat' dir='ltr'><strong>«CAPUT-XXI.</strong></span> <span class='ocrx_word' id='word_1_533' title='bbox 2466 1301 2538 1316; x_wconf 88' lang='lat'><strong>--</strong></span> <span class='ocrx_word' id='word_1_534' title='bbox 2563 1273 2820 1329; x_wconf 58' lang='lat' dir='ltr'><strong>7i.‘Cum</strong></span> <span class='ocrx_word' id='word_1_535' title='bbox 2866 1277 3025 1348; x_wconf 73' lang='lat' dir='ltr'><strong>igitur</strong></span> <span class='ocrx_word' id='word_1_536' title='bbox 3062 1281 3550 1349; x_wconf 68' lang='lat' dir='ltr'><strong>prmc&#39;eptnmeeut</strong></span> 
     </span>
    </p>
   </div>
   <div class='ocr_carea' id='block_1_75' title="bbox 1973 1364 3548 1443">
    <p class='ocr_par' dir='ltr' id='par_1_75' title="bbox 1973 1364 3548 1443">
     <span class='ocr_line' id='line_1_87' title="bbox 1973 1364 3548 1443; baseline 0.01 -30"><span class='ocrx_word' id='word_1_537' title='bbox 1973 1364 2490 1419; x_wconf 52' lang='lat' dir='ltr'><strong>neisanetum-detur</strong></span> <span class='ocrx_word' id='word_1_538' title='bbox 2505 1367 2748 1432; x_wconf 77' lang='lat' dir='ltr'><strong>canibus,</strong></span> <span class='ocrx_word' id='word_1_539' title='bbox 2765 1370 3152 1440; x_wconf 65' lang='lat' dir='ltr'><strong>.etmargaﬁtte</strong></span> <span class='ocrx_word' id='word_1_540' title='bbox 3203 1381 3328 1427; x_wconf 91' lang='lat' dir='ltr'><strong>ante</strong></span> <span class='ocrx_word' id='word_1_541' title='bbox 3351 1385 3548 1443; x_wconf 71' lang='lat' dir='ltr'><strong>mrces</strong></span> 
     </span>
    </p>
   </div>
   <div class='ocr_carea' id='block_1_76' title="bbox 1973 1451 3545 1525">
    <p class='ocr_par' dir='ltr' id='par_1_76' title="bbox 1973 1451 3545 1525">
     <span class='ocr_line' id='line_1_88' title="bbox 1973 1451 3545 1525; baseline 0.01 -21"><span class='ocrx_word' id='word_1_542' title='bbox 1973 1451 2462 1522; x_wconf 71' lang='lat' dir='ltr'><strong>mittantur,potuit</strong></span> <span class='ocrx_word' id='word_1_543' title='bbox 2482 1456 2693 1510; x_wconf 67' lang='lat' dir='ltr'><strong>auditor</strong></span> <span class='ocrx_word' id='word_1_544' title='bbox 2704 1472 2996 1514; x_wconf 79' lang='lat' dir='ltr'><strong>occurrere</strong></span> <span class='ocrx_word' id='word_1_545' title='bbox 3011 1461 3545 1525; x_wconf 60' lang='lat' dir='ltr'><strong>sitdicerem-emissio:</strong></span> 
     </span>
    </p>
   </div>
   <div class='ocr_carea' id='block_1_77' title="bbox 1972 1539 3544 1623">
    <p class='ocr_par' dir='ltr' id='par_1_77' title="bbox 1972 1539 3544 1623">
     <span class='ocr_line' id='line_1_89' title="bbox 1972 1539 3544 1623; baseline 0.01 -30"><span class='ocrx_word' id='word_1_546' title='bbox 1972 1539 2470 1613; x_wconf 72' lang='lat' dir='ltr'><strong>ignorantize-atquo</strong></span> <span class='ocrx_word' id='word_1_547' title='bbox 2501 1546 2821 1602; x_wconf 71' lang='lat' dir='ltr'><strong>inﬁrmitatis</strong></span> <span class='ocrx_word' id='word_1_548' title='bbox 2837 1563 2967 1612; x_wconf 67' lang='lat' dir='ltr'><strong>sum,</strong></span> <span class='ocrx_word' id='word_1_549' title='bbox 3000 1561 3058 1604; x_wconf 87' lang='lat' dir='ltr'><strong>et</strong></span> <span class='ocrx_word' id='word_1_550' title='bbox 3073 1552 3301 1606; x_wconf 74' lang='lat' dir='ltr'><strong>audiens</strong></span> <span class='ocrx_word' id='word_1_551' title='bbox 3330 1554 3544 1623; x_wconf 69' lang='grc' dir='ltr'>ρι’ωεὶνί</span> 
     </span>
    </p>
   </div>
   <div class='ocr_carea' id='block_1_78' title="bbox 1973 1631 3548 1712">
    <p class='ocr_par' dir='ltr' id='par_1_78' title="bbox 1973 1631 3548 1712">
     <span class='ocr_line' id='line_1_90' title="bbox 1973 1631 3548 1712; baseline 0.009 -28"><span class='ocrx_word' id='word_1_552' title='bbox 1973 1631 2073 1685; x_wconf 85' lang='lat' dir='ltr'><strong>sibi</strong></span> <span class='ocrx_word' id='word_1_553' title='bbox 2099 1646 2188 1686; x_wconf 83' lang='lat' dir='ltr'><strong>ne</strong></span> <span class='ocrx_word' id='word_1_554' title='bbox 2215 1633 2394 1699; x_wconf 75' lang='lat' dir='ltr'><strong>daret,</strong></span> <span class='ocrx_word' id='word_1_555' title='bbox 2413 1635 2556 1704; x_wconf 78' lang='lat' dir='ltr'><strong>quod</strong></span> <span class='ocrx_word' id='word_1_556' title='bbox 2577 1636 2833 1707; x_wconf 69' lang='grc' dir='ltr'><strong>-εείρςιιιη</strong></span> <span class='ocrx_word' id='word_1_557' title='bbox 2867 1639 3105 1695; x_wconf 76' lang='lat' dir='ltr'><strong>nondum</strong></span> <span class='ocrx_word' id='word_1_558' title='bbox 3133 1643 3406 1712; x_wconf 75' lang='lat' dir='ltr'><strong>accepisse</strong></span> <span class='ocrx_word' id='word_1_559' title='bbox 3419 1655 3548 1698; x_wconf 77' lang='lat' dir='ltr'><strong>ecu-</strong></span> 
     </span>
    </p>
   </div>
   <div class='ocr_carea' id='block_1_79' title="bbox 1971 1719 3544 1797">
    <p class='ocr_par' dir='ltr' id='par_1_79' title="bbox 1971 1719 3544 1797">
     <span class='ocr_line' id='line_1_91' title="bbox 1971 1719 3544 1797; baseline 0.011 -25"><span class='ocrx_word' id='word_1_560' title='bbox 1971 1719 2136 1774; x_wconf 86' lang='lat' dir='ltr'><strong>tiebat</strong></span> <span class='ocrx_word' id='word_1_561' title='bbox 2151 1725 2368 1789; x_wconf 72' lang='lat' dir='ltr'><strong>:potuit&#39;</strong></span> <span class='ocrx_word' id='word_1_562' title='bbox 2382 1739 2516 1794; x_wconf 70' lang='lat' dir='ltr'><strong>ergo</strong></span> <span class='ocrx_word' id='word_1_563' title='bbox 2531 1739 2817 1783; x_wconf 74' lang='lat' dir='ltr'><strong>occurrere</strong></span> <span class='ocrx_word' id='word_1_564' title='bbox 2839 1743 2910 1784; x_wconf 79' lang='lat' dir='ltr'><strong>ac</strong></span> <span class='ocrx_word' id='word_1_565' title='bbox 2924 1729 3124 1796; x_wconf 87' lang='lat' dir='ltr'><strong>dicere,</strong></span> <span class='ocrx_word' id='word_1_566' title='bbox 3139 1731 3290 1797; x_wconf 87' lang='lat' dir='ltr'><strong>Quod</strong></span> <span class='ocrx_word' id='word_1_567' title='bbox 3302 1741 3544 1788; x_wconf 78' lang='lat' dir='ltr'><strong>sanetum</strong></span> 
     </span>
    </p>
   </div>
   <div class='ocr_carea' id='block_1_80' title="bbox 1971 1813 3550 1891">
    <p class='ocr_par' dir='ltr' id='par_1_80' title="bbox 1971 1813 3550 1891">
     <span class='ocr_line' id='line_1_92' title="bbox 1971 1813 3550 1891; baseline 0.009 -25"><span class='ocrx_word' id='word_1_568' title='bbox 1971 1828 2059 1867; x_wconf 88' lang='lat' dir='ltr'><strong>me</strong></span> <span class='ocrx_word' id='word_1_569' title='bbox 2081 1813 2218 1869; x_wconf 84' lang='lat' dir='ltr'><strong>dare</strong></span> <span class='ocrx_word' id='word_1_570' title='bbox 2231 1817 2478 1880; x_wconf 66' lang='lat' dir='ltr'><strong>mnibus,</strong></span> <span class='ocrx_word' id='word_1_571' title='bbox 2509 1827 2572 1871; x_wconf 67' lang='lat' dir='ltr'><strong>et.</strong></span> <span class='ocrx_word' id='word_1_572' title='bbox 2587 1833 2726 1888; x_wconf 77' lang='lat' dir='ltr'><strong>quas</strong></span> <span class='ocrx_word' id='word_1_573' title='bbox 2742 1822 3054 1891; x_wconf 77' lang='lat' dir='ltr'><strong>margaritas</strong></span> <span class='ocrx_word' id='word_1_574' title='bbox 3073 1839 3164 1876; x_wconf 75' lang='lat' dir='ltr'><strong>me</strong></span> <span class='ocrx_word' id='word_1_575' title='bbox 3187 1824 3400 1880; x_wconf 84' lang='lat' dir='ltr'><strong>mittere</strong></span> <span class='ocrx_word' id='word_1_576' title='bbox 3419 1833 3550 1880; x_wconf 76' lang='lat' dir='ltr'><strong>ante</strong></span> 
     </span>
    </p>
   </div>
   <div class='ocr_carea' id='block_1_81' title="bbox 1969 1909 3547 1976">
    <p class='ocr_par' dir='ltr' id='par_1_81' title="bbox 1969 1909 3547 1976">
     <span class='ocr_line' id='line_1_93' title="bbox 1969 1909 3547 1976; baseline 0.006 -16"><span class='ocrx_word' id='word_1_577' title='bbox 1969 1920 2161 1976; x_wconf 90' lang='lat' dir='ltr'><strong>porcos</strong></span> <span class='ocrx_word' id='word_1_578' title='bbox 2189 1919 2391 1972; x_wconf 53' lang='lat' dir='ltr'><strong>vetas,</strong></span> <span class='ocrx_word' id='word_1_579' title='bbox 2425 1924 2568 1963; x_wconf 81' lang='lat' dir='ltr'><strong>-entn</strong></span> <span class='ocrx_word' id='word_1_580' title='bbox 2619 1909 2795 1966; x_wconf 89' lang='lat' dir='ltr'><strong>adhuc</strong></span> <span class='ocrx_word' id='word_1_581' title='bbox 2834 1926 2896 1966; x_wconf 80' lang='lat' dir='ltr'><strong>ea</strong></span> <span class='ocrx_word' id='word_1_582' title='bbox 2931 1927 3017 1969; x_wconf 85' lang='lat' dir='ltr'><strong>me</strong></span> <span class='ocrx_word' id='word_1_583' title='bbox 3070 1913 3267 1970; x_wconf 84' lang='lat' dir='ltr'><strong>habere</strong></span> <span class='ocrx_word' id='word_1_584' title='bbox 3311 1929 3417 1969; x_wconf 91' lang='lat' dir='ltr'><strong>non</strong></span> <span class='ocrx_word' id='word_1_585' title='bbox 3447 1913 3547 1970; x_wconf 61' lang='lat' dir='ltr'><strong>vvi-</strong></span> 
     </span>
    </p>
   </div>
   <div class='ocr_carea' id='block_1_82' title="bbox 1966 1995 3544 2072">
    <p class='ocr_par' dir='ltr' id='par_1_82' title="bbox 1966 1995 3544 2072">
     <span class='ocr_line' id='line_1_94' title="bbox 1966 1995 3544 2072; baseline 0.007 -22"><span class='ocrx_word' id='word_1_586' title='bbox 1966 1995 2162 2054; x_wconf 72' lang='lat' dir='ltr'><strong>dcam?</strong></span> <span class='ocrx_word' id='word_1_587' title='bbox 2213 1999 2965 2070; x_wconf 69' lang='lat' dir='ltr'><strong>opportunissime&#39;subiecit,</strong></span> <span class='ocrx_word' id='word_1_588' title='bbox 3010 2001 3235 2070; x_wconf 83' lang='lat' dir='ltr'><strong>dicens,</strong></span> <span class='ocrx_word' id='word_1_589' title='bbox 3295 2005 3544 2072; x_wconf 70' lang='lat' dir='ltr'><strong>«Petito,</strong></span> 
     </span>
    </p>
   </div>
   <div class='ocr_carea' id='block_1_83' title="bbox 1966 2086 3547 2164">
    <p class='ocr_par' dir='ltr' id='par_1_83' title="bbox 1966 2086 3547 2164">
     <span class='ocr_line' id='line_1_95' title="bbox 1966 2086 3547 2164; baseline 0.007 -25"><span class='ocrx_word' id='word_1_590' title='bbox 1966 2094 2040 2140; x_wconf 85' lang='lat' dir='ltr'><strong>et</strong></span> <span class='ocrx_word' id='word_1_591' title='bbox 2063 2086 2277 2142; x_wconf 85' lang='lat' dir='ltr'><strong>dabitur</strong></span> <span class='ocrx_word' id='word_1_592' title='bbox 2303 2087 2486 2152; x_wconf 84' lang='lat' dir='ltr'><strong>vobis;</strong></span> <span class='ocrx_word' id='word_1_593' title='bbox 2510 2091 2732 2158; x_wconf 57' lang='lat' dir='ltr'><strong>quaet-iu</strong></span> <span class='ocrx_word' id='word_1_594' title='bbox 2751 2131 2766 2154; x_wconf 86' lang='lat'><strong>,</strong></span> <span class='ocrx_word' id='word_1_595' title='bbox 2789 2101 2847 2146; x_wconf 91' lang='lat' dir='ltr'><strong>ct</strong></span> <span class='ocrx_word' id='word_1_596' title='bbox 2866 2093 3203 2157; x_wconf 49' lang='lat' dir='ltr'><strong>invenietis;</strong></span> <span class='ocrx_word' id='word_1_597' title='bbox 3225 2095 3431 2164; x_wconf 81' lang='lat' dir='ltr'><strong>pulsate</strong></span> <span class='ocrx_word' id='word_1_598' title='bbox 3448 2135 3462 2160; x_wconf 85' lang='lat'><strong>,</strong></span> <span class='ocrx_word' id='word_1_599' title='bbox 3489 2103 3547 2150; x_wconf 84' lang='lat' dir='ltr'><strong>et</strong></span> 
     </span>
    </p>
   </div>
   <div class='ocr_carea' id='block_1_84' title="bbox 1964 2177 3543 2258">
    <p class='ocr_par' dir='ltr' id='par_1_84' title="bbox 1964 2177 3543 2258">
     <span class='ocr_line' id='line_1_96' title="bbox 1964 2177 3543 2258; baseline 0.008 -28"><span class='ocrx_word' id='word_1_600' title='bbox 1964 2177 2233 2245; x_wconf 80' lang='lat' dir='ltr'><strong>aperietur</strong></span> <span class='ocrx_word' id='word_1_601' title='bbox 2251 2179 2796 2242; x_wconf 83' lang='lat' dir='ltr'><strong>vobis.-0nmis.eniut</strong></span> <span class='ocrx_word' id='word_1_602' title='bbox 2817 2184 3095 2253; x_wconf 69' lang='lat' dir='ltr'><strong>quipetit,</strong></span> <span class='ocrx_word' id='word_1_603' title='bbox 3124 2187 3346 2256; x_wconf 88' lang='lat' dir='ltr'><strong>accipit;</strong></span> <span class='ocrx_word' id='word_1_604' title='bbox 3377 2196 3430 2243; x_wconf 90' lang='lat' dir='ltr'><strong>et</strong></span> <span class='ocrx_word' id='word_1_605' title='bbox 3453 2187 3543 2258; x_wconf 88' lang='lat' dir='ltr'><strong>qui</strong></span> 
     </span>
    </p>
   </div>
   <div class='ocr_carea' id='block_1_85' title="bbox 1965 2267 3545 2345">
    <p class='ocr_par' dir='ltr' id='par_1_85' title="bbox 1965 2267 3545 2345">
     <span class='ocr_line' id='line_1_97' title="bbox 1965 2267 3545 2345; baseline 0.009 -27"><span class='ocrx_word' id='word_1_606' title='bbox 1965 2267 2174 2335; x_wconf 82' lang='lat' dir='ltr'><strong>qu:erit,</strong></span> <span class='ocrx_word' id='word_1_607' title='bbox 2194 2269 2424 2332; x_wconf 82' lang='lat' dir='ltr'><strong>invenit;</strong></span> <span class='ocrx_word' id='word_1_608' title='bbox 2437 2277 2491 2323; x_wconf 89' lang='lat' dir='ltr'><strong>et</strong></span> <span class='ocrx_word' id='word_1_609' title='bbox 2512 2270 2779 2338; x_wconf 72' lang='lat' dir='ltr'><strong>pulsantia</strong></span> <span class='ocrx_word' id='word_1_610' title='bbox 2788 2274 3047 2342; x_wconf 65' lang='lat' dir='ltr'><strong>perietur;</strong></span> <span class='ocrx_word' id='word_1_611' title='bbox 3063 2292 3094 2326; x_wconf 76' lang='grc' dir='ltr'>ι-</span> <span class='ocrx_word' id='word_1_612' title='bbox 3109 2275 3298 2330; x_wconf 81' lang='lat' dir='ltr'><strong>Petitio</strong></span> <span class='ocrx_word' id='word_1_613' title='bbox 3320 2278 3545 2345; x_wconf 86' lang='lat' dir='ltr'><strong>pertinet</strong></span> 
     </span>
    </p>
   </div>
   <div class='ocr_carea' id='block_1_86' title="bbox 1965 2357 3542 2437">
    <p class='ocr_par' dir='ltr' id='par_1_86' title="bbox 1965 2357 3542 2437">
     <span class='ocr_line' id='line_1_98' title="bbox 1965 2357 3542 2437; baseline 0.009 -26"><span class='ocrx_word' id='word_1_614' title='bbox 1965 2357 2031 2411; x_wconf 88' lang='lat' dir='ltr'><strong>ad</strong></span> <span class='ocrx_word' id='word_1_615' title='bbox 2058 2359 2446 2426; x_wconf 81' lang='lat' dir='ltr'><strong>impetrandam</strong></span> <span class='ocrx_word' id='word_1_616' title='bbox 2465 2363 2754 2417; x_wconf 76' lang='lat' dir='ltr'><strong>sanitatem</strong></span> <span class='ocrx_word' id='word_1_617' title='bbox 2768 2365 3180 2437; x_wconf 80' lang='lat' dir='ltr'><strong>timiitatcmquo</strong></span> <span class='ocrx_word' id='word_1_618' title='bbox 3194 2367 3378 2430; x_wconf 86' lang='lat' dir='ltr'><strong>animi,</strong></span> <span class='ocrx_word' id='word_1_619' title='bbox 3400 2378 3458 2422; x_wconf 92' lang='lat' dir='ltr'><strong>ut</strong></span> <span class='ocrx_word' id='word_1_620' title='bbox 3480 2381 3542 2425; x_wconf 80' lang='lat' dir='ltr'><strong>ea</strong></span> 
     </span>
    </p>
   </div>
   <div class='ocr_carea' id='block_1_87' title="bbox 1965 2450 3543 2527">
    <p class='ocr_par' dir='ltr' id='par_1_87' title="bbox 1965 2450 3543 2527">
     <span class='ocr_line' id='line_1_99' title="bbox 1965 2450 3543 2527; baseline 0.008 -25"><span class='ocrx_word' id='word_1_621' title='bbox 1965 2463 2083 2517; x_wconf 81' lang='lat' dir='ltr'><strong>qua:</strong></span> <span class='ocrx_word' id='word_1_622' title='bbox 2134 2450 2529 2521; x_wconf 65' lang='lat' dir='ltr'><strong>praecipiuntur,</strong></span> <span class='ocrx_word' id='word_1_623' title='bbox 2559 2453 2781 2522; x_wconf 74' lang='lat' dir='ltr'><strong>implere</strong></span> <span class='ocrx_word' id='word_1_624' title='bbox 2827 2457 3124 2526; x_wconf 79' lang='lat' dir='ltr'><strong>possimus:</strong></span> <span class='ocrx_word' id='word_1_625' title='bbox 3153 2457 3543 2527; x_wconf 57' lang='lat' dir='ltr'><strong>inquisitionu-</strong></span> 
     </span>
    </p>
   </div>
   <div class='ocr_carea' id='block_1_88' title="bbox 1965 2539 3539 2605">
    <p class='ocr_par' dir='ltr' id='par_1_88' title="bbox 1965 2539 3539 2605">
     <span class='ocr_line' id='line_1_100' title="bbox 1965 2539 3539 2605; baseline 0.008 -14"><span class='ocrx_word' id='word_1_626' title='bbox 1965 2545 2074 2592; x_wconf 91' lang='lat' dir='ltr'><strong>tcm</strong></span> <span class='ocrx_word' id='word_1_627' title='bbox 2094 2578 2108 2602; x_wconf 92' lang='lat'><strong>,</strong></span> <span class='ocrx_word' id='word_1_628' title='bbox 2136 2539 2202 2594; x_wconf 90' lang='lat' dir='ltr'><strong>ad</strong></span> <span class='ocrx_word' id='word_1_629' title='bbox 2233 2542 2606 2597; x_wconf 79' lang='lat' dir='ltr'><strong>inveniendam</strong></span> <span class='ocrx_word' id='word_1_630' title='bbox 2619 2544 2916 2600; x_wconf 80' lang='lat' dir='ltr'><strong>veritatem.</strong></span> <span class='ocrx_word' id='word_1_631' title='bbox 2938 2545 3234 2603; x_wconf 81' lang='lat' dir='ltr'><strong>Cumcnim</strong></span> <span class='ocrx_word' id='word_1_632' title='bbox 3253 2548 3407 2603; x_wconf 81' lang='lat' dir='ltr'><strong>beata</strong></span> <span class='ocrx_word' id='word_1_633' title='bbox 3429 2547 3539 2605; x_wconf 81' lang='lat' dir='ltr'><strong>vita</strong></span> 
     </span>
    </p>
   </div>
   <div class='ocr_carea' id='block_1_89' title="bbox 1963 2629 3542 2703">
    <p class='ocr_par' dir='ltr' id='par_1_89' title="bbox 1963 2629 3542 2703">
     <span class='ocr_line' id='line_1_101' title="bbox 1963 2629 3542 2703; baseline 0.008 -22"><span class='ocrx_word' id='word_1_634' title='bbox 1963 2629 2171 2684; x_wconf 89' lang='lat' dir='ltr'><strong>actione</strong></span> <span class='ocrx_word' id='word_1_635' title='bbox 2214 2640 2269 2685; x_wconf 92' lang='grc' dir='ltr'><strong>ει</strong></span> <span class='ocrx_word' id='word_1_636' title='bbox 2299 2632 2609 2701; x_wconf 77' lang='lat' dir='ltr'><strong>cognitione</strong></span> <span class='ocrx_word' id='word_1_637' title='bbox 2631 2634 3004 2703; x_wconf 73' lang='lat' dir='ltr'><strong>compleatur,</strong></span> <span class='ocrx_word' id='word_1_638' title='bbox 3035 2637 3185 2692; x_wconf 46' lang='lat' dir='ltr'><strong>tactio</strong></span> <span class='ocrx_word' id='word_1_639' title='bbox 3236 2637 3542 2694; x_wconf 65' lang='lat' dir='ltr'><strong>facultatem</strong></span> 
     </span>
    </p>
   </div>
   <div class='ocr_carea' id='block_1_90' title="bbox 1963 2717 3541 2790">
    <p class='ocr_par' dir='ltr' id='par_1_90' title="bbox 1963 2717 3541 2790">
     <span class='ocr_line' id='line_1_102' title="bbox 1963 2717 3541 2790; baseline 0.008 -20"><span class='ocrx_word' id='word_1_640' title='bbox 1963 2717 2154 2772; x_wconf 91' lang='lat' dir='ltr'><strong>virium</strong></span> <span class='ocrx_word' id='word_1_641' title='bbox 2178 2761 2192 2782; x_wconf 90' lang='lat'><strong>,</strong></span> <span class='ocrx_word' id='word_1_642' title='bbox 2222 2721 2602 2790; x_wconf 87' lang='lat' dir='ltr'><strong>contemplatio</strong></span> <span class='ocrx_word' id='word_1_643' title='bbox 2617 2722 3096 2782; x_wconf 69' lang='lat' dir='ltr'><strong>manitcstationem</strong></span> <span class='ocrx_word' id='word_1_644' title='bbox 3122 2741 3301 2781; x_wconf 88' lang='lat' dir='ltr'><strong>rerum</strong></span> <span class='ocrx_word' id='word_1_645' title='bbox 3325 2725 3541 2782; x_wconf 81' lang='lat' dir='ltr'><strong>deside-</strong></span> 
     </span>
    </p>
   </div>
   <div class='ocr_carea' id='block_1_91' title="bbox 1963 2807 3541 2886">
    <p class='ocr_par' dir='ltr' id='par_1_91' title="bbox 1963 2807 3541 2886">
     <span class='ocr_line' id='line_1_103' title="bbox 1963 2807 3541 2886; baseline 0.006 -24"><span class='ocrx_word' id='word_1_646' title='bbox 1963 2814 2047 2862; x_wconf 83' lang='lat' dir='ltr'><strong>rat</strong></span> <span class='ocrx_word' id='word_1_647' title='bbox 2076 2823 2088 2859; x_wconf 89' lang='lat'><strong>:</strong></span> <span class='ocrx_word' id='word_1_648' title='bbox 2124 2807 2311 2864; x_wconf 86' lang='lat' dir='ltr'><strong>herum</strong></span> <span class='ocrx_word' id='word_1_649' title='bbox 2341 2824 2469 2878; x_wconf 69' lang='lat' dir='ltr'><strong>ergo</strong></span> <span class='ocrx_word' id='word_1_650' title='bbox 2499 2813 2723 2878; x_wconf 82' lang='lat' dir='ltr'><strong>primum</strong></span> <span class='ocrx_word' id='word_1_651' title='bbox 2749 2813 3052 2882; x_wconf 82' lang='lat' dir='ltr'><strong>petendum,</strong></span> <span class='ocrx_word' id='word_1_652' title='bbox 3083 2816 3371 2874; x_wconf 69' lang='lat' dir='ltr'><strong>semiudum</strong></span> <span class='ocrx_word' id='word_1_653' title='bbox 3391 2831 3541 2886; x_wconf 72' lang='lat' dir='ltr'><strong>qum-</strong></span> 
     </span>
    </p>
   </div>
   <div class='ocr_carea' id='block_1_92' title="bbox 1963 2895 3537 2966">
    <p class='ocr_par' dir='ltr' id='par_1_92' title="bbox 1963 2895 3537 2966">
     <span class='ocr_line' id='line_1_104' title="bbox 1963 2895 3537 2966; baseline 0.008 -18"><span class='ocrx_word' id='word_1_654' title='bbox 1963 2895 2186 2950; x_wconf 83' lang='lat' dir='ltr'><strong>rcnduin</strong></span> <span class='ocrx_word' id='word_1_655' title='bbox 2211 2907 2326 2962; x_wconf 86' lang='lat' dir='ltr'><strong>est;</strong></span> <span class='ocrx_word' id='word_1_656' title='bbox 2360 2909 2416 2953; x_wconf 91' lang='lat' dir='ltr'><strong>ut</strong></span> <span class='ocrx_word' id='word_1_657' title='bbox 2460 2899 2585 2954; x_wconf 84' lang='lat' dir='ltr'><strong>illud</strong></span> <span class='ocrx_word' id='word_1_658' title='bbox 2615 2900 2790 2966; x_wconf 88' lang='lat' dir='ltr'><strong>detur,</strong></span> <span class='ocrx_word' id='word_1_659' title='bbox 2820 2901 2921 2960; x_wconf 90' lang='lat' dir='ltr'><strong>hoc</strong></span> <span class='ocrx_word' id='word_1_660' title='bbox 2943 2903 3266 2964; x_wconf 77' lang='lat' dir='ltr'><strong>inveniatur.</strong></span> <span class='ocrx_word' id='word_1_661' title='bbox 3297 2905 3400 2960; x_wconf 88' lang='lat' dir='ltr'><strong>Sed</strong></span> <span class='ocrx_word' id='word_1_662' title='bbox 3443 2919 3537 2960; x_wconf 81' lang='lat' dir='ltr'><strong>co-</strong></span> 
     </span>
    </p>
   </div>
   <div class='ocr_carea' id='block_1_93' title="bbox 1962 2986 3539 3066">
    <p class='ocr_par' dir='ltr' id='par_1_93' title="bbox 1962 2986 3539 3066">
     <span class='ocr_line' id='line_1_105' title="bbox 1962 2986 3539 3066; baseline 0.01 -29"><span class='ocrx_word' id='word_1_663' title='bbox 1962 2986 2126 3055; x_wconf 85' lang='lat' dir='ltr'><strong>gnitio</strong></span> <span class='ocrx_word' id='word_1_664' title='bbox 2152 2987 2201 3041; x_wconf 90' lang='lat' dir='ltr'><strong>in</strong></span> <span class='ocrx_word' id='word_1_665' title='bbox 2233 2989 2588 3054; x_wconf 46' lang='grc' dir='ltr'><strong>Μεγαρική</strong></span> <span class='ocrx_word' id='word_1_666' title='bbox 2618 2993 2934 3063; x_wconf 70' lang='lat' dir='ltr'><strong>priusquam</strong></span> <span class='ocrx_word' id='word_1_667' title='bbox 2957 2995 3128 3064; x_wconf 83' lang='lat' dir='ltr'><strong>ipsius</strong></span> <span class='ocrx_word' id='word_1_668' title='bbox 3153 2997 3539 3066; x_wconf 76' lang='lat' dir='ltr'><strong>possessionis‘</strong></span> 
     </span>
    </p>
   </div>
   <div class='ocr_carea' id='block_1_94' title="bbox 1963 3077 3534 3154">
    <p class='ocr_par' dir='ltr' id='par_1_94' title="bbox 1963 3077 3534 3154">
     <span class='ocr_line' id='line_1_106' title="bbox 1963 3077 3534 3154; baseline 0.008 -25"><span class='ocrx_word' id='word_1_669' title='bbox 1963 3083 2047 3129; x_wconf 89' lang='lat' dir='ltr'><strong>est</strong></span> <span class='ocrx_word' id='word_1_670' title='bbox 2071 3093 2095 3139; x_wconf 69' lang='grc' dir='ltr'><strong>,ς</strong></span> <span class='ocrx_word' id='word_1_671' title='bbox 2121 3077 2212 3130; x_wconf 87' lang='lat' dir='ltr'><strong>sed</strong></span> <span class='ocrx_word' id='word_1_672' title='bbox 2237 3093 2356 3132; x_wconf 87' lang='lat' dir='ltr'><strong>cum</strong></span> <span class='ocrx_word' id='word_1_673' title='bbox 2382 3080 2807 3150; x_wconf 74' lang='lat' dir='ltr'><strong>quisqueveram</strong></span> <span class='ocrx_word' id='word_1_674' title='bbox 2853 3082 2992 3138; x_wconf 87' lang='lat' dir='ltr'><strong>viam</strong></span> <span class='ocrx_word' id='word_1_675' title='bbox 3037 3085 3322 3150; x_wconf 81' lang='lat' dir='ltr'><strong>invenerit,</strong></span> <span class='ocrx_word' id='word_1_676' title='bbox 3345 3099 3534 3154; x_wconf 78' lang='lat' dir='ltr'><strong>perve-</strong></span> 
     </span>
    </p>
   </div>
   <div class='ocr_carea' id='block_1_95' title="bbox 1965 3167 3544 3246">
    <p class='ocr_par' dir='ltr' id='par_1_95' title="bbox 1965 3167 3544 3246">
     <span class='ocr_line' id='line_1_107' title="bbox 1965 3167 3544 3246; baseline 0.01 -27"><span class='ocrx_word' id='word_1_677' title='bbox 1965 3167 2078 3221; x_wconf 90' lang='lat' dir='ltr'><strong>niet</strong></span> <span class='ocrx_word' id='word_1_678' title='bbox 2100 3170 2166 3224; x_wconf 85' lang='lat' dir='ltr'><strong>ad</strong></span> <span class='ocrx_word' id='word_1_679' title='bbox 2188 3171 2354 3238; x_wconf 83' lang='lat' dir='ltr'><strong>ipsam</strong></span> <span class='ocrx_word' id='word_1_680' title='bbox 2382 3173 2802 3240; x_wconf 78' lang='lat' dir='ltr'><strong>possessionem;</strong></span> <span class='ocrx_word' id='word_1_681' title='bbox 2826 3189 2944 3244; x_wconf 73' lang='lat' dir='ltr'><strong>qua:</strong></span> <span class='ocrx_word' id='word_1_682' title='bbox 2965 3183 3139 3238; x_wconf 81' lang='lat' dir='ltr'><strong>tamen</strong></span> <span class='ocrx_word' id='word_1_683' title='bbox 3166 3175 3544 3246; x_wconf 70' lang='lat' dir='ltr'><strong>pulsantiape-</strong></span> 
     </span>
    </p>
   </div>
   <div class='ocr_carea' id='block_1_96' title="bbox 1963 3255 2116 3309">
    <p class='ocr_par' dir='ltr' id='par_1_96' title="bbox 1963 3255 2116 3309">
     <span class='ocr_line' id='line_1_108' title="bbox 1963 3255 2116 3309; baseline 0.013 -3"><span class='ocrx_word' id='word_1_684' title='bbox 1963 3255 2116 3309; x_wconf 89' lang='lat' dir='ltr'><strong>ritur.</strong></span> 
     </span>
    </p>
   </div>
   <div class='ocr_carea' id='block_1_97' title="bbox 2036 3335 3534 3423">
    <p class='ocr_par' dir='ltr' id='par_1_97' title="bbox 2036 3335 3534 3423">
     <span class='ocr_line' id='line_1_109' title="bbox 2036 3335 3534 3423; baseline 0.008 -26"><span class='ocrx_word' id='word_1_685' title='bbox 2036 3344 2121 3398; x_wconf 80' lang='lat'><strong>72.</strong></span> <span class='ocrx_word' id='word_1_686' title='bbox 2157 3345 2219 3401; x_wconf 88' lang='lat' dir='ltr'><strong>Ut</strong></span> <span class='ocrx_word' id='word_1_687' title='bbox 2248 3359 2375 3415; x_wconf 72' lang='lat' dir='ltr'><strong>ergo</strong></span> <span class='ocrx_word' id='word_1_688' title='bbox 2403 3335 2502 3402; x_wconf 83' lang='lat' dir='ltr'><strong>tria</strong></span> <span class='ocrx_word' id='word_1_689' title='bbox 2540 3346 2657 3414; x_wconf 85' lang='lat' dir='ltr'><strong>ista,</strong></span> <span class='ocrx_word' id='word_1_690' title='bbox 2711 3347 2764 3404; x_wconf 88' lang='lat' dir='ltr'><strong>id</strong></span> <span class='ocrx_word' id='word_1_691' title='bbox 2814 3358 2916 3414; x_wconf 87' lang='lat' dir='ltr'><strong>est,</strong></span> <span class='ocrx_word' id='word_1_692' title='bbox 2969 3349 3176 3418; x_wconf 88' lang='lat' dir='ltr'><strong>petitio,</strong></span> <span class='ocrx_word' id='word_1_693' title='bbox 3231 3351 3534 3423; x_wconf 75' lang='lat' dir='ltr'><strong>inquisitio,</strong></span> 
     </span>
    </p>
   </div>
   <div class='ocr_carea' id='block_1_98' title="bbox 1963 3437 3536 3514">
    <p class='ocr_par' dir='ltr' id='par_1_98' title="bbox 1963 3437 3536 3514">
     <span class='ocr_line' id='line_1_110' title="bbox 1963 3437 3536 3514; baseline 0.005 -24"><span class='ocrx_word' id='word_1_694' title='bbox 1963 3437 2212 3507; x_wconf 88' lang='lat' dir='ltr'><strong>pulsatio,</strong></span> <span class='ocrx_word' id='word_1_695' title='bbox 2241 3437 2518 3492; x_wconf 79' lang='lat' dir='ltr'><strong>manifesta</strong></span> <span class='ocrx_word' id='word_1_696' title='bbox 2541 3437 2702 3502; x_wconf 79' lang='lat' dir='ltr'><strong>fiant,</strong></span> <span class='ocrx_word' id='word_1_697' title='bbox 2733 3437 2834 3492; x_wconf 91' lang='lat' dir='ltr'><strong>sub</strong></span> <span class='ocrx_word' id='word_1_698' title='bbox 2859 3439 3037 3509; x_wconf 87' lang='lat' dir='ltr'><strong>alique</strong></span> <span class='ocrx_word' id='word_1_699' title='bbox 3071 3442 3318 3510; x_wconf 60' lang='lat' dir='ltr'><strong>exemplo</strong></span> <span class='ocrx_word' id='word_1_700' title='bbox 3351 3457 3536 3514; x_wconf 85' lang='lat' dir='ltr'><strong>.pona-</strong></span> 
     </span>
    </p>
   </div>
   <div class='ocr_carea' id='block_1_99' title="bbox 1963 3527 3534 3600">
    <p class='ocr_par' dir='ltr' id='par_1_99' title="bbox 1963 3527 3534 3600">
     <span class='ocr_line' id='line_1_111' title="bbox 1963 3527 3534 3600; baseline 0.004 -19"><span class='ocrx_word' id='word_1_701' title='bbox 1963 3541 2082 3582; x_wconf 89' lang='lat' dir='ltr'><strong>mus</strong></span> <span class='ocrx_word' id='word_1_702' title='bbox 2107 3528 2337 3596; x_wconf 84' lang='lat' dir='ltr'><strong>aliquem</strong></span> <span class='ocrx_word' id='word_1_703' title='bbox 2366 3527 2590 3581; x_wconf 78' lang='lat' dir='ltr'><strong>intirniis</strong></span> <span class='ocrx_word' id='word_1_704' title='bbox 2635 3527 2854 3597; x_wconf 87' lang='lat' dir='ltr'><strong>pedibus</strong></span> <span class='ocrx_word' id='word_1_705' title='bbox 2896 3530 3168 3586; x_wconf 87' lang='lat' dir='ltr'><strong>ambulare</strong></span> <span class='ocrx_word' id='word_1_706' title='bbox 3194 3546 3298 3586; x_wconf 90' lang='lat' dir='ltr'><strong>non</strong></span> <span class='ocrx_word' id='word_1_707' title='bbox 3331 3545 3489 3600; x_wconf 85' lang='lat' dir='ltr'><strong>posse</strong></span> <span class='ocrx_word' id='word_1_708' title='bbox 3519 3550 3534 3588; x_wconf 89' lang='lat'><strong>:</strong></span> 
     </span>
    </p>
   </div>
   <div class='ocr_carea' id='block_1_100' title="bbox 1963 3611 3536 3696">
    <p class='ocr_par' dir='ltr' id='par_1_100' title="bbox 1963 3611 3536 3696">
     <span class='ocr_line' id='line_1_112' title="bbox 1963 3611 3536 3696; baseline 0.006 -25"><span class='ocrx_word' id='word_1_709' title='bbox 1963 3617 2109 3687; x_wconf 89' lang='lat' dir='ltr'><strong>prius</strong></span> <span class='ocrx_word' id='word_1_710' title='bbox 2135 3632 2262 3686; x_wconf 80' lang='lat' dir='ltr'><strong>ergo</strong></span> <span class='ocrx_word' id='word_1_711' title='bbox 2287 3616 2555 3672; x_wconf 83' lang='lat' dir='ltr'><strong>sanandus</strong></span> <span class='ocrx_word' id='word_1_712' title='bbox 2603 3627 2656 3672; x_wconf 91' lang='lat' dir='ltr'><strong>et</strong></span> <span class='ocrx_word' id='word_1_713' title='bbox 2703 3618 2997 3676; x_wconf 80' lang='lat' dir='ltr'><strong>ﬁrmandus</strong></span> <span class='ocrx_word' id='word_1_714' title='bbox 3035 3611 3536 3696; x_wconf 75' lang='lat' dir='ltr'><strong>estadambulan-</strong></span> 
     </span>
    </p>
   </div>
   <div class='ocr_carea' id='block_1_101' title="bbox 1961 3707 3539 3788">
    <p class='ocr_par' dir='ltr' id='par_1_101' title="bbox 1961 3707 3539 3788">
     <span class='ocr_line' id='line_1_113' title="bbox 1961 3707 3539 3788; baseline 0.004 -27"><span class='ocrx_word' id='word_1_715' title='bbox 1961 3707 2121 3773; x_wconf 89' lang='lat' dir='ltr'><strong>dum;</strong></span> <span class='ocrx_word' id='word_1_716' title='bbox 2161 3718 2215 3762; x_wconf 92' lang='lat' dir='ltr'><strong>et</strong></span> <span class='ocrx_word' id='word_1_717' title='bbox 2237 3708 2304 3761; x_wconf 90' lang='lat' dir='ltr'><strong>ad</strong></span> <span class='ocrx_word' id='word_1_718' title='bbox 2347 3707 2448 3764; x_wconf 86' lang='lat' dir='ltr'><strong>hoc</strong></span> <span class='ocrx_word' id='word_1_719' title='bbox 2481 3710 2723 3778; x_wconf 89' lang='lat' dir='ltr'><strong>pertinet,</strong></span> <span class='ocrx_word' id='word_1_720' title='bbox 2777 3711 2922 3788; x_wconf 87' lang='lat' dir='ltr'><strong>quod</strong></span> <span class='ocrx_word' id='word_1_721' title='bbox 2967 3711 3122 3778; x_wconf 77' lang='lat' dir='ltr'><strong>dixit,</strong></span> <span class='ocrx_word' id='word_1_722' title='bbox 3157 3711 3354 3768; x_wconf 79' lang='lat' dir='ltr'><strong>,Pctite.</strong></span> <span class='ocrx_word' id='word_1_723' title='bbox 3404 3712 3539 3780; x_wconf 86' lang='lat' dir='ltr'><strong>Quid</strong></span> 
     </span>
    </p>
   </div>
   <div class='ocr_carea' id='block_1_102' title="bbox 1961 3798 3540 3870">
    <p class='ocr_par' dir='ltr' id='par_1_102' title="bbox 1961 3798 3540 3870">
     <span class='ocr_line' id='line_1_114' title="bbox 1961 3798 3540 3870; baseline 0.004 -17"><span class='ocrx_word' id='word_1_724' title='bbox 1961 3808 2139 3853; x_wconf 88' lang='lat' dir='ltr'><strong>autem</strong></span> <span class='ocrx_word' id='word_1_725' title='bbox 2163 3798 2380 3868; x_wconf 86' lang='lat' dir='ltr'><strong>prodest</strong></span> <span class='ocrx_word' id='word_1_726' title='bbox 2403 3799 2540 3868; x_wconf 88' lang='lat' dir='ltr'><strong>quod</strong></span> <span class='ocrx_word' id='word_1_727' title='bbox 2568 3799 2842 3855; x_wconf 84' lang='lat' dir='ltr'><strong>ambulare</strong></span> <span class='ocrx_word' id='word_1_728' title='bbox 2861 3800 2970 3870; x_wconf 87' lang='lat' dir='ltr'><strong>jam</strong></span> <span class='ocrx_word' id='word_1_729' title='bbox 2996 3842 3011 3866; x_wconf 91' lang='lat'><strong>,</strong></span> <span class='ocrx_word' id='word_1_730' title='bbox 3034 3801 3116 3858; x_wconf 87' lang='lat' dir='ltr'><strong>vel</strong></span> <span class='ocrx_word' id='word_1_731' title='bbox 3143 3803 3302 3858; x_wconf 87' lang='lat' dir='ltr'><strong>etiam</strong></span> <span class='ocrx_word' id='word_1_732' title='bbox 3324 3816 3540 3861; x_wconf 83' lang='lat' dir='ltr'><strong>currere</strong></span> 
     </span>
    </p>
   </div>
   <div class='ocr_carea' id='block_1_103' title="bbox 1963 3887 3541 3958">
    <p class='ocr_par' dir='ltr' id='par_1_103' title="bbox 1963 3887 3541 3958">
     <span class='ocr_line' id='line_1_115' title="bbox 1963 3887 3541 3958; baseline 0.004 -17"><span class='ocrx_word' id='word_1_733' title='bbox 1963 3897 2164 3958; x_wconf 83' lang='lat' dir='ltr'><strong>potest,</strong></span> <span class='ocrx_word' id='word_1_734' title='bbox 2193 3889 2235 3942; x_wconf 92' lang='lat' dir='ltr'><strong>si</strong></span> <span class='ocrx_word' id='word_1_735' title='bbox 2267 3902 2360 3956; x_wconf 89' lang='lat' dir='ltr'><strong>per</strong></span> <span class='ocrx_word' id='word_1_736' title='bbox 2396 3887 2547 3944; x_wconf 88' lang='lat' dir='ltr'><strong>devia</strong></span> <span class='ocrx_word' id='word_1_737' title='bbox 2589 3890 2773 3944; x_wconf 88' lang='lat' dir='ltr'><strong>itinera</strong></span> <span class='ocrx_word' id='word_1_738' title='bbox 2799 3890 3093 3946; x_wconf 83' lang='lat' dir='ltr'><strong>erraverit?</strong></span> <span class='ocrx_word' id='word_1_739' title='bbox 3121 3890 3412 3952; x_wconf 86' lang='lat' dir='ltr'><strong>secundum</strong></span> <span class='ocrx_word' id='word_1_740' title='bbox 3458 3899 3541 3948; x_wconf 86' lang='lat' dir='ltr'><strong>est</strong></span> 
     </span>
    </p>
   </div>
   <div class='ocr_carea' id='block_1_104' title="bbox 1963 3978 3542 4054">
    <p class='ocr_par' dir='ltr' id='par_1_104' title="bbox 1963 3978 3542 4054">
     <span class='ocr_line' id='line_1_116' title="bbox 1963 3978 3542 4054; baseline 0.004 -22"><span class='ocrx_word' id='word_1_741' title='bbox 1963 3992 2110 4050; x_wconf 88' lang='lat' dir='ltr'><strong>ergo,</strong></span> <span class='ocrx_word' id='word_1_742' title='bbox 2145 3987 2201 4032; x_wconf 92' lang='lat' dir='ltr'><strong>ut</strong></span> <span class='ocrx_word' id='word_1_743' title='bbox 2227 3978 2456 4033; x_wconf 88' lang='lat' dir='ltr'><strong>inveniat</strong></span> <span class='ocrx_word' id='word_1_744' title='bbox 2485 3979 2622 4032; x_wconf 87' lang='lat' dir='ltr'><strong>viam</strong></span> <span class='ocrx_word' id='word_1_745' title='bbox 2663 3995 2784 4049; x_wconf 72' lang='lat' dir='ltr'><strong>qurc</strong></span> <span class='ocrx_word' id='word_1_746' title='bbox 2813 3980 2956 4036; x_wconf 90' lang='lat' dir='ltr'><strong>ducit</strong></span> <span class='ocrx_word' id='word_1_747' title='bbox 2979 3997 3176 4053; x_wconf 75' lang='lat' dir='ltr'><strong>eoque</strong></span> <span class='ocrx_word' id='word_1_748' title='bbox 3206 3983 3314 4040; x_wconf 92' lang='lat' dir='ltr'><strong>vult</strong></span> <span class='ocrx_word' id='word_1_749' title='bbox 3356 3998 3542 4054; x_wconf 83' lang='lat' dir='ltr'><strong>perve-</strong></span> 
     </span>
    </p>
   </div>
   <div class='ocr_carea' id='block_1_105' title="bbox 1964 4069 3542 4145">
    <p class='ocr_par' dir='ltr' id='par_1_105' title="bbox 1964 4069 3542 4145">
     <span class='ocr_line' id='line_1_117' title="bbox 1964 4069 3542 4145; baseline 0.003 -22"><span class='ocrx_word' id='word_1_750' title='bbox 1964 4069 2078 4130; x_wconf 86' lang='lat' dir='ltr'><strong>nirc</strong></span> <span class='ocrx_word' id='word_1_751' title='bbox 2107 4086 2296 4139; x_wconf 85' lang='lat' dir='ltr'><strong>:quam</strong></span> <span class='ocrx_word' id='word_1_752' title='bbox 2328 4084 2448 4125; x_wconf 90' lang='lat' dir='ltr'><strong>cum</strong></span> <span class='ocrx_word' id='word_1_753' title='bbox 2483 4071 2726 4137; x_wconf 87' lang='lat' dir='ltr'><strong>tennerit,</strong></span> <span class='ocrx_word' id='word_1_754' title='bbox 2769 4080 2824 4127; x_wconf 88' lang='lat' dir='ltr'><strong>et</strong></span> <span class='ocrx_word' id='word_1_755' title='bbox 2873 4073 3170 4142; x_wconf 88' lang='lat' dir='ltr'><strong>pervenerit</strong></span> <span class='ocrx_word' id='word_1_756' title='bbox 3198 4073 3263 4128; x_wconf 89' lang='lat' dir='ltr'><strong>ad</strong></span> <span class='ocrx_word' id='word_1_757' title='bbox 3291 4089 3410 4129; x_wconf 90' lang='lat' dir='ltr'><strong>cum</strong></span> <span class='ocrx_word' id='word_1_758' title='bbox 3459 4073 3542 4145; x_wconf 89' lang='lat' dir='ltr'><strong>ip-</strong></span> 
     </span>
    </p>
   </div>
   <div class='ocr_carea' id='block_1_106' title="bbox 1964 4162 3529 4230">
    <p class='ocr_par' dir='ltr' id='par_1_106' title="bbox 1964 4162 3529 4230">
     <span class='ocr_line' id='line_1_118' title="bbox 1964 4162 3529 4230; baseline 0.001 -14"><span class='ocrx_word' id='word_1_759' title='bbox 1964 4175 2079 4216; x_wconf 88' lang='lat' dir='ltr'><strong>sum</strong></span> <span class='ocrx_word' id='word_1_760' title='bbox 2111 4162 2283 4216; x_wconf 89' lang='lat' dir='ltr'><strong>locum</strong></span> <span class='ocrx_word' id='word_1_761' title='bbox 2305 4164 2326 4193; x_wconf 81' lang='grc'>²</span> <span class='ocrx_word' id='word_1_762' title='bbox 2357 4163 2444 4218; x_wconf 92' lang='lat' dir='ltr'><strong>ubi</strong></span> <span class='ocrx_word' id='word_1_763' title='bbox 2474 4164 2708 4218; x_wconf 88' lang='lat' dir='ltr'><strong>habitare</strong></span> <span class='ocrx_word' id='word_1_764' title='bbox 2737 4164 2844 4218; x_wconf 88' lang='lat' dir='ltr'><strong>vult</strong></span> <span class='ocrx_word' id='word_1_765' title='bbox 2871 4205 2885 4229; x_wconf 92' lang='lat'><strong>,</strong></span> <span class='ocrx_word' id='word_1_766' title='bbox 2918 4166 2960 4218; x_wconf 91' lang='lat' dir='ltr'><strong>si</strong></span> <span class='ocrx_word' id='word_1_767' title='bbox 2980 4166 3212 4218; x_wconf 70' lang='lat' dir='ltr'><strong>Clausum</strong></span> <span class='ocrx_word' id='word_1_768' title='bbox 3239 4163 3529 4230; x_wconf 86' lang='lat' dir='ltr'><strong>invenerit;</strong></span> 
     </span>
    </p>
   </div>
   <div class='ocr_carea' id='block_1_107' title="bbox 1965 4251 3540 4324">
    <p class='ocr_par' dir='ltr' id='par_1_107' title="bbox 1965 4251 3540 4324">
     <span class='ocr_line' id='line_1_119' title="bbox 1965 4251 3540 4324; baseline 0.001 -17"><span class='ocrx_word' id='word_1_769' title='bbox 1965 4267 2137 4322; x_wconf 88' lang='lat' dir='ltr'><strong>neque</strong></span> <span class='ocrx_word' id='word_1_770' title='bbox 2167 4251 2436 4306; x_wconf 88' lang='lat' dir='ltr'><strong>ambulare</strong></span> <span class='ocrx_word' id='word_1_771' title='bbox 2468 4253 2728 4321; x_wconf 84' lang='lat' dir='ltr'><strong>potuisse,</strong></span> <span class='ocrx_word' id='word_1_772' title='bbox 2771 4269 2941 4324; x_wconf 83' lang='lat' dir='ltr'><strong>neque</strong></span> <span class='ocrx_word' id='word_1_773' title='bbox 2968 4253 3265 4308; x_wconf 85' lang='lat' dir='ltr'><strong>ambulasse</strong></span> <span class='ocrx_word' id='word_1_774' title='bbox 3305 4269 3367 4308; x_wconf 91' lang='lat' dir='ltr'><strong>ac</strong></span> <span class='ocrx_word' id='word_1_775' title='bbox 3418 4268 3540 4324; x_wconf 89' lang='lat' dir='ltr'><strong>per-</strong></span> 
     </span>
    </p>
   </div>
   <div class='ocr_carea' id='block_1_108' title="bbox 1963 4334 3535 4416">
    <p class='ocr_par' dir='ltr' id='par_1_108' title="bbox 1963 4334 3535 4416">
     <span class='ocr_line' id='line_1_120' title="bbox 1963 4334 3535 4416; baseline 0.002 -21"><span class='ocrx_word' id='word_1_776' title='bbox 1963 4343 2172 4396; x_wconf 88' lang='lat' dir='ltr'><strong>venisse</strong></span> <span class='ocrx_word' id='word_1_777' title='bbox 2201 4339 2480 4412; x_wconf 79' lang='lat' dir='ltr'><strong>profucrit,</strong></span> <span class='ocrx_word' id='word_1_778' title='bbox 2519 4341 2618 4396; x_wconf 90' lang='lat' dir='ltr'><strong>nisi</strong></span> <span class='ocrx_word' id='word_1_779' title='bbox 2647 4341 2914 4412; x_wconf 88' lang='lat' dir='ltr'><strong>aperiatur</strong></span> <span class='ocrx_word' id='word_1_780' title='bbox 2944 4359 2958 4395; x_wconf 94' lang='lat'><strong>:</strong></span> <span class='ocrx_word' id='word_1_781' title='bbox 2987 4334 3055 4396; x_wconf 88' lang='lat' dir='ltr'><strong>ad</strong></span> <span class='ocrx_word' id='word_1_782' title='bbox 3085 4339 3189 4398; x_wconf 86' lang='lat' dir='ltr'><strong>hoc</strong></span> <span class='ocrx_word' id='word_1_783' title='bbox 3216 4343 3535 4416; x_wconf 84' lang='lat' dir='ltr'><strong>ergopcrti-</strong></span> 
     </span>
    </p>
   </div>
   <div class='ocr_carea' id='block_1_109' title="bbox 1965 4425 3492 4512">
    <p class='ocr_par' dir='ltr' id='par_1_109' title="bbox 1965 4425 3492 4512">
     <span class='ocr_line' id='line_1_121' title="bbox 1965 4425 3492 4512; baseline 0 -25"><span class='ocrx_word' id='word_1_784' title='bbox 1965 4442 2055 4487; x_wconf 89' lang='lat' dir='ltr'><strong>net</strong></span> <span class='ocrx_word' id='word_1_785' title='bbox 2081 4432 2220 4503; x_wconf 89' lang='lat' dir='ltr'><strong>quod</strong></span> <span class='ocrx_word' id='word_1_786' title='bbox 2250 4433 2446 4487; x_wconf 89' lang='lat' dir='ltr'><strong>dictum</strong></span> <span class='ocrx_word' id='word_1_787' title='bbox 2472 4442 2585 4500; x_wconf 83' lang='lat' dir='ltr'><strong>est,</strong></span> <span class='ocrx_word' id='word_1_788' title='bbox 2605 4425 2830 4489; x_wconf 44' lang='lat' dir='ltr'><strong>&#39;Pulsale</strong></span> <span class='ocrx_word' id='word_1_789' title='bbox 2855 4431 2952 4506; x_wconf 82' lang='grc' dir='ltr'><strong>(α).</strong></span> <span class='ocrx_word' id='word_1_790' title='bbox 3489 4509 3492 4512; x_wconf 13' lang='grc' dir='ltr'><strong>Α</strong></span> 
     </span>
    </p>
   </div>
   <div class='ocr_carea' id='block_1_110' title="bbox 2036 4519 3530 4599">
    <p class='ocr_par' dir='ltr' id='par_1_110' title="bbox 2036 4519 3530 4599">
     <span class='ocr_line' id='line_1_122' title="bbox 2036 4519 3530 4599; baseline 0.004 -21"><span class='ocrx_word' id='word_1_791' title='bbox 2036 4521 2122 4578; x_wconf 83' lang='lat'><strong>7&#39;5.</strong></span> <span class='ocrx_word' id='word_1_792' title='bbox 2163 4521 2398 4594; x_wconf 81' lang='lat' dir='ltr'><strong>Magnam</strong></span> <span class='ocrx_word' id='word_1_793' title='bbox 2429 4535 2602 4579; x_wconf 87' lang='lat' dir='ltr'><strong>autem</strong></span> <span class='ocrx_word' id='word_1_794' title='bbox 2632 4540 2779 4594; x_wconf 86' lang='lat' dir='ltr'><strong>spem</strong></span> <span class='ocrx_word' id='word_1_795' title='bbox 2809 4525 2954 4580; x_wconf 87' lang='lat' dir='ltr'><strong>dedit</strong></span> <span class='ocrx_word' id='word_1_796' title='bbox 2977 4535 3031 4580; x_wconf 93' lang='lat' dir='ltr'><strong>et</strong></span> <span class='ocrx_word' id='word_1_797' title='bbox 3055 4525 3144 4580; x_wconf 85' lang='lat' dir='ltr'><strong>dat</strong></span> <span class='ocrx_word' id='word_1_798' title='bbox 3174 4519 3260 4582; x_wconf 88' lang='lat' dir='ltr'><strong>ille</strong></span> <span class='ocrx_word' id='word_1_799' title='bbox 3286 4528 3373 4598; x_wconf 87' lang='lat' dir='ltr'><strong>qui</strong></span> <span class='ocrx_word' id='word_1_800' title='bbox 3403 4543 3530 4599; x_wconf 88' lang='lat' dir='ltr'><strong>pro-</strong></span> 
     </span>
    </p>
   </div>
   <div class='ocr_carea' id='block_1_111' title="bbox 1965 4609 3537 4686">
    <p class='ocr_par' dir='ltr' id='par_1_111' title="bbox 1965 4609 3537 4686">
     <span class='ocr_line' id='line_1_123' title="bbox 1965 4609 3537 4686; baseline 0.002 -18"><span class='ocrx_word' id='word_1_801' title='bbox 1965 4613 2222 4670; x_wconf 88' lang='lat' dir='ltr'><strong>mittendo</strong></span> <span class='ocrx_word' id='word_1_802' title='bbox 2246 4629 2348 4668; x_wconf 92' lang='lat' dir='ltr'><strong>non</strong></span> <span class='ocrx_word' id='word_1_803' title='bbox 2365 4609 2566 4682; x_wconf 53' lang='lat' dir='ltr'><strong>&#39;dccipit</strong></span> <span class='ocrx_word' id='word_1_804' title='bbox 2599 4631 2613 4668; x_wconf 88' lang='lat'><strong>:</strong></span> <span class='ocrx_word' id='word_1_805' title='bbox 2639 4615 2714 4669; x_wconf 87' lang='lat' dir='ltr'><strong>ait</strong></span> <span class='ocrx_word' id='word_1_806' title='bbox 2733 4614 2894 4681; x_wconf 85' lang='lat' dir='ltr'><strong>enim,</strong></span> <span class='ocrx_word' id='word_1_807' title='bbox 2928 4615 3102 4670; x_wconf 78' lang='lat' dir='ltr'><strong>Omnis</strong></span> <span class='ocrx_word' id='word_1_808' title='bbox 3126 4615 3209 4686; x_wconf 82' lang='lat' dir='ltr'><strong>qui</strong></span> <span class='ocrx_word' id='word_1_809' title='bbox 3237 4616 3379 4686; x_wconf 79' lang='lat' dir='ltr'><strong>petit,</strong></span> <span class='ocrx_word' id='word_1_810' title='bbox 3403 4619 3537 4672; x_wconf 77' lang='lat' dir='ltr'><strong>acti-</strong></span> 
     </span>
    </p>
   </div>
   <div class='ocr_carea' id='block_1_112' title="bbox 1967 4702 3535 4776">
    <p class='ocr_par' dir='ltr' id='par_1_112' title="bbox 1967 4702 3535 4776">
     <span class='ocr_line' id='line_1_124' title="bbox 1967 4702 3535 4776; baseline 0.004 -22"><span class='ocrx_word' id='word_1_811' title='bbox 1967 4703 2074 4772; x_wconf 81' lang='lat' dir='ltr'><strong>pt&#39;t;</strong></span> <span class='ocrx_word' id='word_1_812' title='bbox 2101 4711 2145 4755; x_wconf 84' lang='lat' dir='ltr'><strong>et</strong></span> <span class='ocrx_word' id='word_1_813' title='bbox 2179 4703 2264 4771; x_wconf 85' lang='lat' dir='ltr'><strong>qui</strong></span> <span class='ocrx_word' id='word_1_814' title='bbox 2287 4703 2482 4770; x_wconf 76' lang='lat' dir='ltr'><strong>quwrit,</strong></span> <span class='ocrx_word' id='word_1_815' title='bbox 2511 4702 2732 4766; x_wconf 76' lang='lat' dir='ltr'><strong>invenit;</strong></span> <span class='ocrx_word' id='word_1_816' title='bbox 2765 4714 2814 4756; x_wconf 82' lang='lat' dir='ltr'><strong>ct</strong></span> <span class='ocrx_word' id='word_1_817' title='bbox 2838 4703 3351 4774; x_wconf 74' lang='lat' dir='ltr'><strong>pulsanti&#39;aperietur.</strong></span> <span class='ocrx_word' id='word_1_818' title='bbox 3373 4704 3535 4776; x_wconf 75' lang='lat' dir='ltr'><strong>‘Ergo</strong></span> 
     </span>
    </p>
   </div>
   <div class='ocr_carea' id='block_1_113' title="bbox 1967 4791 3533 4864">
    <p class='ocr_par' dir='ltr' id='par_1_113' title="bbox 1967 4791 3533 4864">
     <span class='ocr_line' id='line_1_125' title="bbox 1967 4791 3533 4864; baseline 0.003 -20"><span class='ocrx_word' id='word_1_819' title='bbox 1967 4794 2354 4860; x_wconf 88' lang='lat' dir='ltr'><strong>perseverantia</strong></span> <span class='ocrx_word' id='word_1_820' title='bbox 2403 4805 2536 4860; x_wconf 89' lang='lat' dir='ltr'><strong>opus</strong></span> <span class='ocrx_word' id='word_1_821' title='bbox 2586 4799 2700 4854; x_wconf 68' lang='grc' dir='ltr'>εει,</span> <span class='ocrx_word' id='word_1_822' title='bbox 2745 4791 2805 4846; x_wconf 86' lang='lat' dir='ltr'><strong>ut</strong></span> <span class='ocrx_word' id='word_1_823' title='bbox 2851 4794 3358 4864; x_wconf 71' lang='lat' dir='ltr'><strong>accipiamttsquo‘d</strong></span> <span class='ocrx_word' id='word_1_824' title='bbox 3389 4795 3533 4862; x_wconf 87' lang='lat' dir='ltr'><strong>peti-</strong></span> 
     </span>
    </p>
   </div>
   <div class='ocr_carea' id='block_1_114' title="bbox 1967 4879 3534 4953">
    <p class='ocr_par' dir='ltr' id='par_1_114' title="bbox 1967 4879 3534 4953">
     <span class='ocr_line' id='line_1_126' title="bbox 1967 4879 3534 4953; baseline 0.004 -21"><span class='ocrx_word' id='word_1_825' title='bbox 1967 4887 2113 4945; x_wconf 82' lang='lat' dir='ltr'><strong>mus,</strong></span> <span class='ocrx_word' id='word_1_826' title='bbox 2151 4889 2203 4933; x_wconf 92' lang='lat' dir='ltr'><strong>et</strong></span> <span class='ocrx_word' id='word_1_827' title='bbox 2241 4880 2566 4935; x_wconf 84' lang='lat' dir='ltr'><strong>inveniamus</strong></span> <span class='ocrx_word' id='word_1_828' title='bbox 2591 4879 2731 4951; x_wconf 86' lang='lat' dir='ltr'><strong>quod</strong></span> <span class='ocrx_word' id='word_1_829' title='bbox 2757 4884 3041 4952; x_wconf 66' lang='lat' dir='ltr'><strong>quaerimus</strong></span> <span class='ocrx_word' id='word_1_830' title='bbox 3061 4925 3076 4949; x_wconf 90' lang='lat'><strong>,</strong></span> <span class='ocrx_word' id='word_1_831' title='bbox 3107 4883 3324 4952; x_wconf 69' lang='lat' dir='ltr'><strong>et&#39;Qued</strong></span> <span class='ocrx_word' id='word_1_832' title='bbox 3361 4885 3534 4953; x_wconf 80' lang='lat' dir='ltr'><strong>pulsa-</strong></span> 
     </span>
    </p>
   </div>
   <div class='ocr_carea' id='block_1_115' title="bbox 1967 4968 3533 5040">
    <p class='ocr_par' dir='ltr' id='par_1_115' title="bbox 1967 4968 3533 5040">
     <span class='ocr_line' id='line_1_127' title="bbox 1967 4968 3533 5040; baseline 0.004 -17"><span class='ocrx_word' id='word_1_833' title='bbox 1967 4975 2085 5023; x_wconf 86' lang='lat' dir='ltr'><strong>mus</strong></span> <span class='ocrx_word' id='word_1_834' title='bbox 2113 4968 2395 5037; x_wconf 80' lang='lat' dir='ltr'><strong>aperiatur.</strong></span> <span class='ocrx_word' id='word_1_835' title='bbox 2421 4969 2888 5038; x_wconf 77' lang='lat' dir='ltr'><strong>Quemadmodum</strong></span> <span class='ocrx_word' id='word_1_836' title='bbox 2903 4973 3219 5040; x_wconf 74' lang='lat' dir='ltr'><strong>autetn“t&#39;glt</strong></span> <span class='ocrx_word' id='word_1_837' title='bbox 3239 4973 3533 5028; x_wconf 51' lang='lat' dir='ltr'><strong>‘de‘volati-</strong></span> 
     </span>
    </p>
   </div>
   <div class='ocr_carea' id='block_1_116' title="bbox 1966 5061 3533 5135">
    <p class='ocr_par' dir='ltr' id='par_1_116' title="bbox 1966 5061 3533 5135">
     <span class='ocr_line' id='line_1_128' title="bbox 1966 5061 3533 5135; baseline 0.004 -19"><span class='ocrx_word' id='word_1_838' title='bbox 1966 5061 2101 5116; x_wconf 88' lang='lat' dir='ltr'><strong>libus</strong></span> <span class='ocrx_word' id='word_1_839' title='bbox 2121 5062 2238 5116; x_wconf 79' lang='grc' dir='ltr'>εωιί</span> <span class='ocrx_word' id='word_1_840' title='bbox 2268 5072 2322 5117; x_wconf 90' lang='grc' dir='ltr'><strong>ει</strong></span> <span class='ocrx_word' id='word_1_841' title='bbox 2349 5063 2414 5118; x_wconf 87' lang='lat' dir='ltr'><strong>de</strong></span> <span class='ocrx_word' id='word_1_842' title='bbox 2434 5063 2558 5120; x_wconf 89' lang='lat' dir='ltr'><strong>liliis</strong></span> <span class='ocrx_word' id='word_1_843' title='bbox 2586 5066 2718 5135; x_wconf 84' lang='lat' dir='ltr'><strong>agri,</strong></span> <span class='ocrx_word' id='word_1_844' title='bbox 2752 5079 2817 5118; x_wconf 90' lang='lat' dir='ltr'><strong>ne</strong></span> <span class='ocrx_word' id='word_1_845' title='bbox 2836 5065 3028 5119; x_wconf 88' lang='lat' dir='ltr'><strong>victum</strong></span> <span class='ocrx_word' id='word_1_846' title='bbox 3067 5066 3217 5120; x_wconf 79' lang='lat' dir='ltr'><strong>nobis</strong></span> <span class='ocrx_word' id='word_1_847' title='bbox 3255 5069 3533 5123; x_wconf 84' lang='lat' dir='ltr'><strong>vestitum-</strong></span> 
     </span>
    </p>
   </div>
   <div class='ocr_carea' id='block_1_117' title="bbox 1965 5150 3534 5225">
    <p class='ocr_par' dir='ltr' id='par_1_117' title="bbox 1965 5150 3534 5225">
     <span class='ocr_line' id='line_1_129' title="bbox 1965 5150 3534 5225; baseline 0.008 -20"><span class='ocrx_word' id='word_1_848' title='bbox 1965 5165 2068 5222; x_wconf 90' lang='lat' dir='ltr'><strong>que</strong></span> <span class='ocrx_word' id='word_1_849' title='bbox 2087 5150 2498 5222; x_wconf 76' lang='lat' dir='ltr'><strong>&#39;dcs_pcmremus</strong></span> <span class='ocrx_word' id='word_1_850' title='bbox 2519 5151 2926 5222; x_wconf 77' lang='lat' dir='ltr'><strong>a‘dfmumni,&#39;ut</strong></span> <span class='ocrx_word' id='word_1_851' title='bbox 2948 5161 3132 5225; x_wconf 79' lang='lat' dir='ltr'><strong>s&#39;pcs&#39;a&#39;</strong></span> <span class='ocrx_word' id='word_1_852' title='bbox 3149 5155 3442 5213; x_wconf 83' lang='lat' dir='ltr'><strong>minoribus</strong></span> <span class='ocrx_word' id='word_1_853' title='bbox 3469 5161 3534 5217; x_wconf 81' lang='lat' dir='ltr'><strong>ad</strong></span> 
     </span>
    </p>
   </div>
   <div class='ocr_carea' id='block_1_118' title="bbox 2030 5327 3536 5402">
    <p class='ocr_par' dir='ltr' id='par_1_118' title="bbox 2030 5327 3536 5402">
     <span class='ocr_line' id='line_1_130' title="bbox 2030 5327 3536 5402; baseline 0.005 -21"><span class='ocrx_word' id='word_1_854' title='bbox 2030 5329 2140 5402; x_wconf 60' lang='lat' dir='ltr'><strong>fta.</strong></span> <span class='ocrx_word' id='word_1_855' title='bbox 2183 5337 2235 5381; x_wconf 86' lang='lat' dir='ltr'><strong>et</strong></span> <span class='ocrx_word' id='word_1_856' title='bbox 2274 5327 2691 5402; x_wconf 44' lang='lat' dir='ltr'><strong>temperante.</strong></span> <span class='ocrx_word' id='word_1_857' title='bbox 2722 5329 2827 5382; x_wconf 74' lang='lat' dir='ltr'><strong>sed</strong></span> <span class='ocrx_word' id='word_1_858' title='bbox 2849 5328 3536 5398; x_wconf 53' lang='lat' dir='ltr'><strong>mebasmteranttqim</strong></span> 
     </span>
    </p>
   </div>
   <div class='ocr_carea' id='block_1_119' title="bbox 1967 5390 3532 5519">
    <p class='ocr_par' dir='ltr' id='par_1_119' title="bbox 1967 5390 3532 5519">
     <span class='ocr_line' id='line_1_131' title="bbox 1967 5390 3372 5464; baseline -0.003 -22"><span class='ocrx_word' id='word_1_859' title='bbox 1967 5390 2103 5448; x_wconf 85' lang='lat' dir='ltr'><strong>editi,</strong></span> <span class='ocrx_word' id='word_1_860' title='bbox 2128 5390 2428 5450; x_wconf 65' lang='lat' dir='ltr'><strong>possessionis</strong></span> <span class='ocrx_word' id='word_1_861' title='bbox 2443 5390 2527 5444; x_wconf 67' lang='lat' dir='ltr'><strong>est.</strong></span> <span class='ocrx_word' id='word_1_862' title='bbox 3170 5451 3182 5464; x_wconf 42' lang='grc' dir='ltr'><strong>ο</strong></span> <span class='ocrx_word' id='word_1_863' title='bbox 3358 5390 3372 5398; x_wconf 92' lang='grc'><strong><em>“</em></strong></span> 
     </span>
     <span class='ocr_line' id='line_1_132' title="bbox 2028 5449 3532 5519; baseline 0.009 -21"><span class='ocrx_word' id='word_1_864' title='bbox 2028 5453 2049 5483; x_wconf 72' lang='grc'>³</span> <span class='ocrx_word' id='word_1_865' title='bbox 2067 5453 2179 5501; x_wconf 81' lang='lat' dir='ltr'><strong>Editi</strong></span> <span class='ocrx_word' id='word_1_866' title='bbox 2207 5462 2416 5519; x_wconf 61' lang='lat' dir='ltr'><strong>eiusa,</strong></span> <span class='ocrx_word' id='word_1_867' title='bbox 2435 5449 2635 5519; x_wconf 80' lang='lat' dir='ltr'><strong>tenuerit</strong></span> <span class='ocrx_word' id='word_1_868' title='bbox 2655 5459 2701 5504; x_wconf 79' lang='lat' dir='ltr'><strong>et</strong></span> <span class='ocrx_word' id='word_1_869' title='bbox 2739 5451 2989 5519; x_wconf 74' lang='lat' dir='ltr'><strong>peregerit,</strong></span> <span class='ocrx_word' id='word_1_870' title='bbox 3031 5466 3142 5504; x_wconf 85' lang='lat' dir='ltr'><strong>eum</strong></span> <span class='ocrx_word' id='word_1_871' title='bbox 3162 5468 3316 5517; x_wconf 75' lang='lat' dir='ltr'><strong>ipsum</strong></span> <span class='ocrx_word' id='word_1_872' title='bbox 3337 5454 3492 5509; x_wconf 69' lang='lat' dir='ltr'><strong>(enim</strong></span> <span class='ocrx_word' id='word_1_873' title='bbox 3511 5471 3532 5511; x_wconf 89' lang='lat'><strong><em>:</em></strong></span> 
     </span>
    </p>
   </div>
   <div class='ocr_carea' id='block_1_120' title="bbox 1967 5487 3533 5585">
    <p class='ocr_par' dir='ltr' id='par_1_120' title="bbox 1967 5487 3533 5585">
     <span class='ocr_line' id='line_1_133' title="bbox 2067 5487 3526 5519; baseline 0.009 -21"><span class='ocrx_word' id='word_1_874' title='bbox 2067 5487 2179 5501; x_wconf 71' lang='grc' dir='ltr'><strong>μυη-</strong></span> <span class='ocrx_word' id='word_1_875' title='bbox 2207 5487 2256 5502; x_wconf 69' lang='grc' dir='ltr'>υι</span> <span class='ocrx_word' id='word_1_876' title='bbox 2275 5487 2397 5511; x_wconf 52' lang='lat' dir='ltr'><strong>&quot;mw,</strong></span> <span class='ocrx_word' id='word_1_877' title='bbox 2435 5487 2584 5504; x_wconf 75' lang='grc' dir='ltr'><strong>,ιι-..ω</strong></span> <span class='ocrx_word' id='word_1_878' title='bbox 2599 5487 2633 5502; x_wconf 76' lang='grc' dir='ltr'>ι.</span> <span class='ocrx_word' id='word_1_879' title='bbox 2655 5487 2700 5504; x_wconf 74' lang='grc' dir='ltr'><strong>ιο</strong></span> <span class='ocrx_word' id='word_1_880' title='bbox 2739 5487 2922 5519; x_wconf 54' lang='lat' dir='ltr'><strong>plu-cum</strong></span> <span class='ocrx_word' id='word_1_881' title='bbox 2937 5487 2989 5512; x_wconf 73' lang='grc' dir='ltr'>μ,</span> <span class='ocrx_word' id='word_1_882' title='bbox 3031 5487 3142 5504; x_wconf 70' lang='grc' dir='ltr'>ιιυη</span> <span class='ocrx_word' id='word_1_883' title='bbox 3163 5487 3316 5517; x_wconf 68' lang='lat' dir='ltr'><strong>spot-lu</strong></span> <span class='ocrx_word' id='word_1_884' title='bbox 3337 5487 3395 5507; x_wconf 83' lang='lat' dir='ltr'><strong>un</strong></span> <span class='ocrx_word' id='word_1_885' title='bbox 3414 5487 3492 5509; x_wconf 66' lang='lat' dir='ltr'><strong>um</strong></span> <span class='ocrx_word' id='word_1_886' title='bbox 3511 5496 3526 5511; x_wconf 77' lang='grc' dir='ltr'><strong>ι</strong></span> 
     </span>
     <span class='ocr_line' id='line_1_134' title="bbox 1967 5514 3533 5585; baseline 0.008 -23"><span class='ocrx_word' id='word_1_887' title='bbox 1967 5522 2172 5582; x_wconf 72' lang='lat' dir='ltr'><strong>excepta</strong></span> <span class='ocrx_word' id='word_1_888' title='bbox 2208 5514 2309 5585; x_wconf 49' lang='lat' dir='ltr'><strong>sio-la</strong></span> <span class='ocrx_word' id='word_1_889' title='bbox 2341 5515 2552 5566; x_wconf 86' lang='lat' dir='ltr'><strong>editione</strong></span> <span class='ocrx_word' id='word_1_890' title='bbox 2584 5521 2842 5580; x_wconf 75' lang='lat' dir='ltr'><strong>Lov.,qute</strong></span> <span class='ocrx_word' id='word_1_891' title='bbox 2869 5518 3037 5580; x_wconf 79' lang='lat' dir='ltr'><strong>habet,</strong></span> <span class='ocrx_word' id='word_1_892' title='bbox 3076 5523 3126 5569; x_wconf 69' lang='grc' dir='ltr'><em>α</em></span> <span class='ocrx_word' id='word_1_893' title='bbox 3161 5519 3430 5585; x_wconf 67' lang='lat' dir='ltr'><strong>perculerit</strong></span> <span class='ocrx_word' id='word_1_894' title='bbox 3464 5520 3533 5576; x_wconf 79' lang='lat' dir='ltr'><strong>ad</strong></span> 
     </span>
    </p>
   </div>
   <div class='ocr_carea' id='block_1_121' title="bbox 1965 5575 2745 5702">
    <p class='ocr_par' dir='ltr' id='par_1_121' title="bbox 1965 5575 2745 5702">
     <span class='ocr_line' id='line_1_135' title="bbox 1965 5575 2708 5632; baseline 0.003 -7"><span class='ocrx_word' id='word_1_895' title='bbox 1965 5586 2076 5625; x_wconf 79' lang='lat' dir='ltr'><strong>eum</strong></span> <span class='ocrx_word' id='word_1_896' title='bbox 2097 5575 2253 5632; x_wconf 78' lang='lat' dir='ltr'><strong>ipsum</strong></span> <span class='ocrx_word' id='word_1_897' title='bbox 2275 5575 2445 5628; x_wconf 69' lang='lat' dir='ltr'><strong>laetati.</strong></span> <span class='ocrx_word' id='word_1_898' title='bbox 2700 5575 2708 5577; x_wconf 56' lang='grc'><strong><em>⁷</em></strong></span> 
     </span>
     <span class='ocr_line' id='line_1_136' title="bbox 2027 5632 2745 5702; baseline 0.001 -17"><span class='ocrx_word' id='word_1_899' title='bbox 2027 5635 2102 5700; x_wconf 81' lang='lat' dir='ltr'><strong>(tt)</strong></span> <span class='ocrx_word' id='word_1_900' title='bbox 2124 5643 2143 5686; x_wconf 86' lang='grc' dir='ltr'><strong>ι</strong></span> <span class='ocrx_word' id='word_1_901' title='bbox 2163 5644 2363 5689; x_wconf 77' lang='lat' dir='ltr'><strong>ttetraet.</strong></span> <span class='ocrx_word' id='word_1_902' title='bbox 2386 5652 2493 5702; x_wconf 85' lang='lat' dir='ltr'><strong>cap.</strong></span> <span class='ocrx_word' id='word_1_903' title='bbox 2519 5636 2597 5699; x_wconf 81' lang='lat' dir='ltr'><strong>l9.</strong></span> <span class='ocrx_word' id='word_1_904' title='bbox 2617 5650 2668 5687; x_wconf 82' lang='grc' dir='ltr'>ιι.</span> <span class='ocrx_word' id='word_1_905' title='bbox 2692 5632 2745 5687; x_wconf 83' lang='grc'><strong>9.</strong></span> 
     </span>
    </p>
   </div>
  </div>
