3888 6216
372 297 394 354 1
407 289 510 353 503

373 409 572 479 majora
592 413 964 475 consurgeret;
993 402 1064 457 ita
1088 407 1142 456 et
1169 398 1271 455 hoc
1297 398 1418 453 loco
1437 439 1452 464 ,
1483 415 1503 449 ι
1539 395 1645 450 Aut
1669 393 1788 462 quis
1814 391 1917 447 erit
1935 431 1951 457 ,

370 516 437 556 ex
468 499 641 566 vobis,
674 498 862 570 inquit,
899 497 1080 562 homo,
1109 507 1267 565 quem
1311 490 1359 546 si
1407 489 1616 560 petierit
1659 485 1798 539 illius
1839 484 1956 554 ejus

370 607 581 663 panem,
623 588 878 660 numquid
914 586 1142 658 lapidem
1169 582 1402 653 porriget
1437 579 1520 634 ei?
1547 587 1638 632 aut
1681 578 1724 630 si
1761 575 1956 645 piscem

371 683 601 755 petierit,
620 681 876 751 numquid
897 685 1199 747 serpentem
1232 673 1465 744 porriget
1492 670 1579 724 ei?
1599 669 1655 723 Si
1684 683 1811 737 ergo
1841 681 1955 730 vos,

371 790 491 830 cum
539 775 655 830 sitis
692 771 816 827 mali
841 811 857 838 ,
886 768 1054 824 nostis
1087 767 1225 822 bona
1264 764 1386 818 data
1427 761 1556 815 dare
1589 759 1709 812 [iliis
1733 757 1955 821 vestris;

371 877 569 937 quanto
585 864 753 934 magis
778 863 935 917 Pater
960 867 1137 915 vester
1164 857 1252 928 qui
1281 857 1332 909 in
1349 854 1501 909 caelis
1529 860 1630 917 est,
1653 850 1799 904 dabit
1823 848 1958 902 bona

372 957 672 1029 petentibus
697 954 789 1009 se?
817 971 837 1006 ι
865 950 1144 1020 Quomodo
1169 948 1296 1003 mali
1319 947 1447 1000 dant
1463 942 1638 999 bona?
1659 941 1765 996 Sed
1795 939 1962 994 malos

373 1047 658 1118 appellavit
679 1045 963 1100 dilectores
989 1041 1164 1096 adhuc
1187 1039 1366 1095 sa'culi
1391 1036 1546 1105 hujus
1563 1043 1618 1089 et
1635 1039 1959 1102 peccatores.

373 1140 521 1196 Bona
548 1153 678 1196 vero
703 1153 822 1206 quae
847 1137 1007 1202 dant,
1039 1133 1332 1190 secundum
1368 1143 1554 1184 eorum
1582 1140 1796 1182 sensum
1824 1124 1963 1179 bona

375 1231 598 1289 dicenda
627 1239 772 1297 sunt,
798 1229 920 1300 quia
953 1227 1067 1282 haec
1094 1241 1192 1297 pro
1214 1223 1368 1280 bonis
1395 1221 1609 1276 habent.
1650 1217 1963 1285 Quanquam

375 1336 429 1381 et
473 1327 524 1381 iu
555 1339 734 1381 rerum
777 1331 963 1376 natura
994 1321 1091 1375 ista
1130 1319 1266 1374 bona
1293 1315 1418 1378 sint,
1457 1312 1551 1368 sed
1579 1309 1887 1380 temporalia
1913 1317 1967 1362 et

375 1417 444 1473 ad
483 1417 639 1472 istam
680 1415 844 1469 vitam
875 1412 1136 1468 inlirmam
1172 1406 1489 1478 pertinentia
1520 1422 1531 1456 :
1563 1411 1617 1458 et
1638 1400 1875 1472 quisquis
1903 1413 1965 1454 ea

376 1509 550 1565 malus
581 1507 690 1569 dat,
731 1521 836 1559 non
860 1503 928 1559 de
955 1515 1052 1556 suo
1089 1500 1207 1564 dat;
1239 1497 1446 1552 Domini
1480 1505 1561 1550 est
1580 1494 1719 1549 enim
1749 1501 1888 1546 terra
1914 1497 1969 1544 et

378 1598 655 1671 plenitudo
669 1596 786 1666 ejus
801 1593 968 1668 (Psal.
989 1608 1141 1654 χχιιι,
1167 1589 1217 1661 l)
1237 1588 1324 1660 qui
1340 1585 1666 1644 lecitcmlum
1685 1593 1739 1638 et
1749 1593 1964 1646 terram,

379 1705 530 1745 mare
555 1698 609 1742 et
631 1687 808 1742 omnia
835 1700 953 1753 qua:
979 1685 1031 1738 in
1067 1684 1146 1738 eis
1173 1690 1297 1735 sunt
1321 1678 1478 1750 (Prol
1503 1693 1661 1741 εχιτ,
1689 1676 1769 1746 6).
1791 1675 1970 1742 Quan-

381 1789 494 1836 tum
533 1793 659 1846 ergo
704 1773 1022 1846 sperandum
1061 1781 1144 1826 est
1171 1772 1416 1826 daturum
1448 1769 1614 1822 Deum
1650 1766 1803 1820 nobis
1833 1765 1968 1819 bona

381 1871 704 1942 petentibus,
736 1883 834 1923 nec
864 1879 962 1921 nos
987 1877 1145 1934 posse
1173 1861 1364 1931 decipi,
1396 1868 1456 1914 ut
1481 1857 1801 1928 accipiamus
1830 1855 1972 1909 aliud

381 1977 482 2034 pro
508 1961 632 2025 alio,
683 1974 802 2014 cum
856 1956 923 2011 ab
961 1957 1077 2025 ipso
1117 1954 1377 2024 petimus;
1423 1949 1635 2021 quando
1662 1948 1821 2004 etiam
1852 1960 1969 2012 nos,

383 2069 506 2109 cum
535 2053 703 2106 simus
730 2048 878 2113 mali,
907 2047 1150 2102 novimus
1179 2044 1232 2100 id
1255 2043 1386 2099 dare
1403 2042 1542 2113 quod
1569 2037 1842 2112 petimur?
1867 2051 1974 2092 non

385 2145 530 2200 enim
555 2141 852 2211 decipimus
878 2139 1016 2193 lilios
1047 2146 1295 2201 nostros;
1325 2142 1380 2190 et
1403 2133 1810 2204 qualiacumque
1836 2130 1973 2185 bona

387 2235 598 2298 damus,
634 2247 738 2287 non
766 2230 832 2285 de
863 2239 1069 2291 nostro,
1093 2227 1188 2283 sed
1213 2227 1280 2282 de
1306 2225 1472 2296 ipsius
1500 2224 1708 2279 damus.

449 2324 676 2384 CAPUT
699 2322 1031 2379 XXll.—7L.
1052 2320 1303 2375 Firmitas
1323 2329 1499 2373 autem
1517 2326 1570 2372 et
1583 2314 1810 2370 valentia
1827 2327 1976 2382 qua:-

390 2423 514 2479 dam
544 2418 848 2476 ambulandi
881 2433 974 2487 per
992 2416 1269 2486 sapientia:
1289 2414 1451 2477 viam,
1478 2411 1532 2465 in
1561 2409 1714 2464 bonis
1739 2405 1978 2462 moribus

391 2511 680 2568 constituta
707 2519 809 2575 est,
839 2509 928 2578 qui
956 2506 1316 2577 perducuntur
1355 2518 1524 2572 usque
1573 2500 1638 2555 ad
1675 2496 1976 2554 mundatio-

392 2621 514 2660 nem
543 2601 1042 2672 sitnplicitatemque
1067 2596 1264 2660 cordis,
1287 2594 1356 2650 de
1375 2608 1478 2665 qua
1501 2593 1611 2660 jam
1640 2590 1730 2644 diu
1760 2588 1980 2657 loquens

393 2696 464 2750 ita
493 2693 767 2749 concludit
795 2709 808 2744 :
845 2690 1029 2744 Omnia
1058 2704 1176 2758 ergo
1198 2699 1521 2758 qmecamque
1540 2681 1688 2737 vultis
1715 2689 1766 2733 ut
1794 2679 1982 2746 faciant

391 2785 530 2842 vobis
560 2784 786 2838 homines
810 2783 959 2838 bona.
992 2780 1063 2832 ita
1091 2788 1136 2831 et
1163 2793 1246 2831 vos
1267 2776 1418 2848 facile
1443 2775 1546 2828 illis
1576 2789 1588 2824 :
1617 2771 1723 2826 lucc
1743 2778 1816 2823 est
1853 2768 1984 2822 enim

394 2878 504 2934 Lex
525 2888 570 2932 et
600 2875 871 2947 Propheta:
914 2870 1128 2944 (Matth.
1171 2885 1270 2934 vn,
1323 2867 1436 2937 12).
1483 2865 1538 2919 ln
1593 2860 1985 2932 exemplaribus

394 2970 584 3043 graecis
612 2971 688 3023 sic
717 2965 1035 3028 invenimus,
1072 2961 1257 3017 Omnia
1283 2975 1401 3030 ergo
1424 2972 1746 3028 quacumque
1765 2955 1913 3008 vultis
1933 2967 1986 3008 ut

396 3062 584 3134 faciant
605 3058 742 3111 vobis
767 3055 1014 3117 homines,
1045 3054 1117 3104 ita
1145 3062 1190 3105 et
1215 3066 1298 3102 vos
1319 3050 1473 3119 facite
1492 3047 1616 3100 illis.
1635 3045 1740 3101 Sed
1780 3045 1846 3100 ad
1871 3061 1985 3098 ma-

397 3149 792 3208 nilestatiOnem
821 3143 1099 3200 sententia:
1125 3151 1254 3212 puto
1274 3155 1306 3194 a
1337 3139 1515 3194 latinis
1549 3138 1786 3192 additum
1833 3137 1983 3190 bona.

395 3237 724 3298 Occurrebat
751 3235 892 3291 enim
922 3233 1062 3305 quod
1091 3233 1135 3288 si
1161 3232 1442 3303 quisquam
1484 3230 1744 3300 llagitiose
1788 3226 1987 3298 aliquid

396 3348 526 3405 erga
555 3347 614 3388 se
654 3330 767 3386 lieri
811 3328 969 3392 velit,
1001 3337 1055 3382 et
1096 3325 1162 3381 ad
1202 3325 1305 3380 hoc
1331 3323 1529 3380 referat
1575 3323 1729 3376 istam
1775 3331 1992 3376 sentcn-

399 3427 550 3491 t-iam,
575 3423 738 3478 veluti
767 3421 814 3476 si
843 3420 967 3476 velit
996 3419 1187 3489 aliquis
1214 3419 1491 3487 provocari
1537 3424 1594 3469 ut
1637 3413 1989 3468 inn‘uoderate

401 3517 550 3576 bibat
580 3525 634 3572 et
658 3530 718 3571 se
744 3515 1029 3585 ingurgitet
1054 3511 1277 3583 poculis,
1310 3519 1364 3565 et
1390 3509 1492 3563 hoc
1515 3507 1748 3578 priorilli
1773 3507 1928 3561 faciat
1957 3521 1986 3558 a

399 3623 507 3682 quo
533 3607 632 3663 sibi
662 3605 780 3662 ﬁeri
814 3605 983 3675 cupit,
1015 3602 1296 3659 ridiculum
1325 3609 1408 3656 est
1428 3600 1570 3654 hunc
1598 3607 1785 3668 putare
1835 3597 1989 3651 istam

401 3701 709 3773 implevisse
745 3699 1087 3756 sententiam.
1133 3697 1266 3752 Cum
1299 3709 1428 3764 ergo
1477 3693 1576 3747 hoc
1614 3699 1886 3756 moveret,
1933 3699 1992 3743 ut

400 3797 653 3860 arbitror,
694 3793 931 3849 additum
958 3800 1037 3848 est
1073 3789 1139 3844 ad
1169 3786 1655 3843 manifestationem
1701 3784 1778 3838 rei
1829 3798 1990 3836 unum

401 3889 647 3950 verbum,
674 3896 731 3941 ut
762 3894 1105 3956 posteaquam
1136 3882 1334 3938 dictum
1362 3889 1463 3944 est,
1500 3878 1684 3932 Omnia
1717 3894 1835 3948 ergo
1857 3892 1995 3947 qute-

402 3995 617 4048 cumqae
630 3978 780 4032 vultis
809 3985 864 4030 ut
893 3976 1080 4046 faciant
1102 3974 1237 4027 vobis
1257 3973 1501 4036 homines,
1532 3969 1818 4025 adderetur
1838 3967 1989 4021 bona.

403 4067 561 4146 Quod
588 4073 632 4128 si
653 4071 806 4127 deest
832 4066 1226 4137 exemplaribus
1246 4065 1434 4136 grai-cis
1456 4105 1472 4130 ,
1501 4063 1659 4118 etiam
1700 4061 1786 4115 illa
1815 4074 1998 4115 emen-

403 4167 580 4226 danda
615 4174 738 4221 sunt
767 4181 781 4218 :
809 4160 904 4219 sed
933 4160 1056 4231 quis
1082 4158 1185 4214 boc
1210 4156 1434 4212 audeat?
1469 4154 1869 4225 Intelligendum
1917 4160 1999 4206 est

408 4274 537 4328 ergo
563 4257 774 4327 plenam
803 4266 924 4308 esse
958 4250 1273 4307 sententiam
1315 4255 1370 4302 et
1412 4247 1630 4301 omnino
1675 4244 1994 4314 perlectam,

407 4353 574 4410 etiam
603 4350 648 4406 si
679 4349 780 4403 hoe
806 4345 1024 4402 verbum
1055 4359 1158 4398 non
1180 4340 1423 4397 addatur.
1453 4338 1510 4393 id
1549 4339 1689 4394 enim
1740 4336 1880 4406 quod
1912 4335 1997 4390 di-

407 4453 552 4501 ctum
565 4449 667 4506 est,
687 4453 1012 4513 quacumque
1037 4435 1205 4497 vultis,
1233 4448 1340 4488 non
1365 4431 1556 4487 usitate
1580 4444 1645 4484 ac
1669 4428 1886 4499 passim,
1905 4427 2000 4482 sed

409 4535 626 4607 proprie
651 4533 850 4588 dictum
879 4527 1049 4598 accipi
1072 4532 1302 4597 oportet.
1333 4522 1585 4578 Voluntas
1619 4534 1846 4590 namque
1895 4532 2000 4572 non

412 4614 498 4690 est
525 4631 627 4686 nisi
656 4630 710 4684 in
736 4628 890 4683 bonis
920 4643 934 4679 :
976 4640 1097 4680 nam
1126 4623 1182 4678 in
1226 4619 1380 4676 malis
1427 4616 1808 4688 ﬂagitiosisque
1850 4613 2002 4668 lactis

412 4709 676 4797 cupiditas
693 4720 905 4792 proprie
929 4717 1146 4783 dicitur,
1173 4730 1280 4770 non
1297 4713 1558 4768 voluntas.
1587 4709 1703 4764 Non
1721 4708 1842 4778 quia
1863 4721 2004 4761 sem-

413 4832 513 4890 per
540 4813 752 4886 proprie
780 4811 1064 4880 l0quuntur
1090 4804 1408 4876 Scriptum,
1439 4800 1533 4857 sed
1564 4800 1653 4856 ubi
1692 4806 1904 4890 oportet
1929 4798 2000 4852 ita

416 4889 637 4966 omnino
658 4902 936 4978 proprium
953 4896 1174 4957 verbum
1197 4903 1382 4951 tenent
1403 4935 1418 4960 ,
1449 4902 1505 4948 ut
1531 4906 1639 4948 non
1666 4889 1809 4946 aliud
1829 4889 2006 4944 sinant

415 4999 659 5071 intelligi.

492 5092 583 5148 75.
624 5086 848 5144 Videtur
860 5093 1041 5141 autem
1070 5081 1175 5137 hoc
1201 5084 1530 5151 pmoeptum
1558 5075 1625 5130 ad
1664 5074 2003 5130 dilectionem

422 5183 652 5258 proximi
693 5173 1128 5253 pertinere,'non
1160 5162 1320 5230 etiam
1347 5169 1416 5226 ad
1451 5168 1575 5233 Dei,
1608 5182 1731 5222 cum
1760 5166 1866 5220 alio
1890 5167 2006 5220 loco

418 5257 526 5335 duo
548 5281 814 5346 praecepta
843 5285 964 5326 esse
990 5267 1154 5334 dicat,
1187 5266 1238 5321 in
1264 5264 1458 5336 quibus
1477 5271 1582 5316 tota
1609 5258 1718 5315 Lex
1745 5257 1924 5329 pendet
1961 5264 2007 5312 et

422 5367 754 5431 Pronhette‘.
787 5364 918 5420 Nam
947 5363 994 5417 si
1020 5360 1262 5424 dixisset,
1291 5356 1481 5413 Omnia
1508 5367 1858 5426 quaacumque
1896 5351 2011 5407 vul-

423 5465 495 5521 tis
520 5461 635 5520 ﬁeri
654 5458 841 5524 vobis,
869 5456 984 5512 haec
1011 5462 1067 5510 et
1088 5467 1181 5507 vos
1217 5450 1407 5515 facite;
1456 5446 1557 5502 hac
1596 5460 1701 5501 una
1747 5444 2008 5500 sententia

426 5565 708 5622 utrumque
728 5547 857 5603 illud
880 5551 1200 5618 praeceptum
1215 5539 1526 5611 complexus
1541 5545 1686 5593 esset
1708 5552 1723 5589 :
1745 5534 1853 5592 cito
1867 5534 2010 5591 enim

482 5723 513 5785 ,⁸
536 5729 589 5774 In
612 5719 828 5771 editione
845 5727 953 5769 star.
979 5725 1032 5768 et
1047 5717 1223 5768 decem
1245 5723 1375 5778 nam,
1393 5720 1442 5767 et
1461 5725 1625 5767 anates
1643 5711 1911 5779 Propheta.

1215 283 1303 340 DE
1341 277 1664 339 SEllMONE
1703 271 1934 332 DOMINI
1972 269 2037 327 IN
2076 270 2327 341 MONTE,
2367 272 2424 330 S.
2473 272 2834 331 AUGUSTINI

3502 281 3628 342 13οι

2063 385 2348 452 diceretur,
2381 386 2525 458 diligi
2550 401 2609 442 se
2633 387 2768 442 velle
2797 402 3225 459 unumquemque
3243 428 3258 454 ,
3290 397 3342 444 et
3360 404 3389 444 a
3419 390 3547 457 Deo,
3577 403 3628 449 et

2063 478 2130 532 ab
2147 477 2450 533 hominibus
2470 498 2482 533 :
2502 478 2677 549 itaque
2696 494 2816 534 cum
2837 481 2936 534 hoc
2947 481 2997 535 ei
3019 469 3415 550 prmciperetur,
3434 485 3631 554 utquod

2065 567 2166 622 sibi
2196 567 2308 622 ﬁeri
2335 569 2511 632 vellet,
2533 571 2633 622 hoc
2658 568 2872 635 laceret;
2898 570 2948 623 id
2970 571 3150 640 utique
3174 573 3635 642 prmciperetur,ut

2067 659 2310 730 diligeret
2342 661 2505 716 Deum
2529 671 2581 716 ct
2601 662 2864 716 homines.
2905 662 3034 716 Cum
3072 679 3201 719 vero
3227 667 3530 734 expressius
3575 666 3635 723 de

2068 750 2375 806 hominibus
2403 751 2603 807 dictum
2624 761 2703 807 est
2721 794 2735 818 ,
2767 752 2952 806 Omnia
2980 770 3097 824 ergo
3134 770 3457 826 quaecumque
3501 759 3637 812 vultis

2067 851 2121 894 ut
2143 842 2334 910 faciant
2362 844 2499 896 vobis
2527 844 2770 909 homines,
2807 844 2879 897 ita
2920 853 2966 898 et
3005 863 3092 899 vos
3129 847 3281 916 facile
3331 850 3464 914 illis;
3516 850 3637 905 nihil

2067 933 2208 987 aliud
2230 934 2427 989 dictum
2453 935 2679 1000 videtur,
2705 951 2894 1006 quam,
2944 937 3135 1008 Diliges
3182 941 3470 1009 proximum
3512 952 3640 995 (nam

2070 1030 2306 1093 tanquam
2335 1025 2571 1092 teipsum.
2613 1026 2719 1080 Sed
2750 1043 2856 1080 non
2886 1036 2969 1082 est
3008 1029 3337 1098 negligenter
3377 1031 3642 1087 attenden-

2070 1115 2195 1170 dum
2222 1115 2365 1186 quod
2388 1116 2474 1171 hic
2499 1117 2745 1186 subjecit,
2771 1117 2896 1172 Hice
2916 1128 2987 1173 est
3006 1121 3136 1172 enim
3152 1118 3261 1174 Lex
3280 1131 3326 1175 et
3361 1119 3636 1190 Propheta.

2072 1207 2130 1262 ln
2161 1207 2244 1262 his
2262 1217 2439 1262 autem
2469 1207 2676 1264 duobus
2705 1211 2984 1279 praeceptis
3005 1253 3019 1276 ,
3047 1226 3150 1267 non
3177 1222 3380 1268 tantum
3407 1216 3516 1278 ait,
3542 1214 3643 1270 Lex

2072 1298 2271 1370 pendet
2290 1307 2344 1354 et
2372 1299 2684 1368 Pr0phetae;
2729 1301 2822 1356 sed
2848 1301 3009 1356 etiam
3049 1302 3290 1367 addidit,
3341 1313 3446 1358 tota
3476 1304 3573 1358 Lex
3601 1315 3644 1359 et

2075 1387 2347 1458 PrOpheta:
2369 1390 2386 1420 ί
2417 1387 2628 1460 (Matth.
2661 1405 2790 1453 χιιι,
2820 1391 3038 1462 57-40);
3064 1408 3240 1462 proco
3281 1393 3424 1463 quod
3451 1406 3530 1449 εει
3549 1405 3647 1452 tota

2073 1478 2353 1550 prophetia
2385 1496 2398 1532 :
2429 1479 2706 1548 quodcum
2733 1480 2820 1535 hic
2845 1497 2948 1535 non
2971 1483 3198 1549 addidit,
3231 1485 3463 1539 servavit
3485 1486 3647 1541 locum

2075 1572 2228 1627 alteri
2261 1581 2560 1643 praecepto,
2587 1573 2728 1644 quod
2765 1573 2831 1629 ad
2865 1575 3208 1631 dilectionem
3263 1577 3355 1632 Dei
3410 1580 3647 1647 pertinet.

2075 1663 2174 1719 llic
2201 1677 2378 1720 autem
2409 1666 2662 1736 quoniam
2694 1677 2954 1737 prmeepta
2986 1669 3243 1737 simplicis
3281 1669 3460 1724 cordis
3506 1686 3650 1726 exse«

2075 1757 2274 1826 quitur,
2303 1766 2356 1811 et
2381 1772 2506 1827 erga
2531 1773 2624 1812 eos
2650 1759 2990 1814 metuendum
3019 1769 3101 1815 est
3128 1776 3194 1816 ne
3223 1761 3417 1816 habeat
3441 1763 3655 1832 quisque

2077 1846 2268 1916 duplex
2295 1862 2418 1914 cor,
2442 1848 2633 1918 quibus
2654 1849 2908 1904 occultari
2950 1865 3046 1905 cor
3070 1861 3277 1920 potest,
3312 1851 3366 1906 id
3403 1863 3482 1906 est
3531 1867 3648 1922 erga

2079 1936 2351 2004 homines;
2403 1939 2631 2008 idipsum
2672 1941 3086 2009 praecipiendum
3145 1943 3260 1997 l'uit.
3316 1941 3486 1997 Nemo
3518 1944 3654 1996 enim

2079 2030 2190 2086 fere
2229 2041 2312 2085 est
2355 2033 2445 2102 qui
2496 2031 2624 2087 velit
2671 2048 2994 2103 quemquam
3037 2033 3233 2104 duplici
3280 2035 3445 2088 corde
3488 2050 3659 2090 secum

2081 2136 2260 2191 agere.
2292 2121 2348 2177 Id
2386 2132 2563 2178 autem
2594 2123 2710 2178 lieri
2741 2141 2845 2180 non
2880 2134 3084 2196 potest,
3118 2126 3169 2180 id
3194 2135 3309 2188 est,
3355 2138 3411 2182 ut
3449 2128 3661 2197 simplici

2081 2215 2244 2270 corde
2272 2213 2434 2269 homo
2464 2215 2667 2270 homini
2700 2217 2899 2286 aliquid
2926 2219 3158 2285 tribuat,
3201 2220 3302 2274 nisi
3345 2220 3414 2273 ita
3448 2220 3659 2286 tribuat,

2084 2317 2142 2362 ut
2165 2308 2368 2362 nullum
2393 2309 2461 2362 ab
2480 2323 2546 2363 eo
2583 2311 2878 2379 temporale
2905 2309 3244 2364 commodum
3277 2320 3585 2381 exspectet,
3615 2319 3665 2364 et

2084 2413 2144 2452 ea
2173 2397 2469 2454 intentione
2507 2399 2695 2467 faciat,
2720 2399 2788 2454 de
2830 2417 2932 2470 qua
2963 2402 3210 2470 superius
3253 2407 3387 2457 Satis
3433 2402 3667 2457 tractavi-

2084 2503 2224 2555 mus,
2255 2505 2376 2545 cum
2408 2489 2474 2544 de
2501 2491 2656 2546 oculo
2685 2490 2914 2560 simplici
2942 2491 3308 2561 loqueremur.

2158 2580 2244 2635 76.
2286 2580 2566 2635 Mundatus
2609 2596 2736 2651 ergo
2788 2582 2974 2636 oculus
3027 2583 3360 2653 simplexque
3408 2583 3662 2649 redditus,

2086 2681 2241 2740 aptus
2264 2681 2319 2727 et
2347 2671 2567 2727 idoneus
2594 2672 2694 2727 erit
2718 2671 2781 2725 ad
2809 2671 3113 2726 intuendam
3141 2685 3193 2728 et
3218 2675 3672 2740 contemplandam

2090 2763 2398 2818 interiorem
2434 2763 2604 2818 lucem
2632 2779 2801 2818 suam.
2836 2763 2941 2819 Iste
2980 2765 3122 2819 enim
3151 2767 3337 2821 oculus
3371 2766 3551 2821 cordis
3578 2775 3672 2821 est.

2090 2855 2242 2911 Ilunc
2267 2867 2443 2910 autem
2473 2856 2682 2912 oculum
2712 2856 2873 2910 talem
2903 2856 3063 2913 habet
3092 2857 3180 2912 ille
3208 2858 3294 2927 qui
3325 2860 3486 2913 linem
3516 2858 3676 2913 bono-

2091 2964 2208 3003 rum
2239 2963 2460 3018 operum
2503 2962 2719 3003 suorum
2746 2991 2762 3016 ,
2808 2959 2866 3004 ut
2893 2964 3018 3005 vere
3046 2950 3186 3004 bona
3214 2965 3378 3020 opera
3408 2952 3546 3014 sint,
3579 2965 3676 3004 non

2092 3040 2145 3094 in
2189 3055 2255 3093 eo
2283 3039 2554 3093 constituit
2596 3048 2654 3093 ut
2693 3039 2996 3094 hominibus
3024 3041 3263 3109 placeat.
3295 3041 3393 3096 sed
3437 3042 3595 3095 etiam
3638 3040 3679 3094 si

2093 3132 2395 3200 provenerit
2424 3140 2480 3184 ut
2521 3131 2598 3185 eis
2626 3132 2863 3200 placeat,
2903 3131 2968 3184 ad
3009 3146 3197 3185 eorum
3237 3131 3462 3186 salutem
3515 3131 3682 3200 potius

2093 3221 2195 3276 hoc
2217 3222 2376 3277 refert
2401 3230 2457 3276 et
2496 3221 2563 3276 ad
2599 3223 2819 3292 gloriam
2851 3222 2983 3288 Dei,
3014 3238 3121 3276 non
3153 3223 3216 3276 ad
3247 3223 3460 3276 inanem
3481 3223 3684 3292 jactan-

2094 3313 2222 3367 tiam
2265 3328 2445 3377 suam;
2475 3327 2646 3382 neque
2685 3321 2963 3382 pr0pterea
2993 3313 3116 3367 boni
3144 3313 3338 3383 aliquid
3369 3315 3436 3366 ad
3469 3315 3684 3367 salutem

2096 3403 2322 3474 proximi
2350 3412 2618 3472 operatur,
2644 3411 2701 3456 ut
2721 3419 2784 3457 ex
2812 3417 2877 3457 eo
2900 3413 3170 3472 comparet
3193 3419 3255 3458 ea
3282 3419 3401 3473 qum
3423 3404 3552 3457 huic
3575 3402 3689 3458 vita:

2097 3496 2455 3567 transigenda:
2495 3502 2621 3550 sunt
2655 3495 2990 3560 necessaria;
3022 3511 3193 3566 neque
3225 3505 3427 3549 temere
3459 3499 3692 3549 animum

2096 3588 2330 3643 hominis
2361 3588 2790 3658 voluntatemque
2818 3588 3144 3643 condemnat
3171 3589 3222 3642 in
3249 3603 3313 3642 eo
3341 3587 3487 3642 facto
3515 3589 3567 3642 in
3594 3601 3694 3658 quo

2097 3693 2202 3733 non
2232 3688 2452 3748 apparet
2485 3695 2590 3748 quo
2636 3679 2816 3733 animo
2853 3679 3207 3734 et~.voluntate
3251 3681 3320 3733 sit
3364 3679 3606 3745 factum;
3648 3685 3698 3734 et

2097 3768 2352 3839 quidquid
2390 3767 2686 3823 ciliciorum
2732 3769 2947 3823 exhibet
2991 3770 3225 3834 homini,
3258 3769 3356 3824 hac
3397 3771 3698 3825 intentione

2097 3860 2315 3916 exhibet
2355 3875 2457 3930 qua
2487 3860 2585 3915 sibi
2611 3860 2850 3915 exhiberi
2883 3862 3029 3926 vult,
3061 3861 3113 3915 id
3152 3872 3234 3916 est
3256 3903 3270 3927 ,
3302 3871 3358 3916 ut
3397 3878 3513 3916 non
3543 3863 3612 3916 ah
3640 3878 3702 3916 eo

2101 3951 2298 4022 aliquid
2345 3950 2610 4008 commodi
2657 3951 2964 4020 temporalis
3008 3961 3322 4021 exspectet:
3353 3953 3423 4006 ita
3475 3954 3583 4008 erit.
3616 3969 3704 4008 cor

2101 4046 2324 4116 simplex
2358 4055 2411 4100 et
2452 4044 2706 4099 mundum
2750 4045 2801 4098 in
2849 4059 2956 4114 quo
2998 4046 3254 4114 quaeritur
3294 4044 3463 4100 Deus.
3503 4064 3524 4097 ‹
3562 4044 3706 4099 Beati

2103 4151 2229 4208 ergo
2270 4135 2448 4191 mundi
2477 4135 2637 4191 corde
2664 4137 2721 4201 ¹;
2767 4136 3018 4205 quoniam
3049 4135 3147 4204 ipsi
3178 4134 3344 4190 Deum
3374 4135 3645 4191 videbunt
3680 4155 3697 4188 ι

2105 4227 2215 4302 (Id.
2248 4245 2301 4293 v,
2327 4227 2401 4298 8).

2175 4321 2334 4377 CAP.
2357 4319 2711 4376 XXlll.—77.
2730 4318 2834 4374 Sed
2863 4320 2965 4373 hoc
2988 4319 3107 4387 quia
3140 4333 3429 4387 paucorum
3465 4331 3576 4386 est,
3604 4319 3714 4389 jam

2105 4412 2288 4481 incipit
2316 4411 2383 4466 de
2410 4409 2774 4480 investiganda
2803 4417 2858 4463 et
2885 4407 3204 4477 possidenda
3229 4410 3493 4478 sapientia
3546 4411 3710 4481 loqui,

2105 4505 2244 4578 quod
2280 4515 2360 4559 est
2400 4505 2598 4575 lignum
2641 4503 2765 4557 vita:
2795 4521 2806 4555 :
2835 4501 2962 4556 cui’
3002 4502 3182 4570 utique
3225 4501 3621 4571 investiganda:
3657 4519 3719 4558 ac

2107 4596 2463 4670 possidendm,
2515 4595 2568 4650 id
2616 4602 2698 4649 est
2744 4591 3203 4661 contemplandas,
3235 4593 3352 4646 talis
3390 4593 3593 4648 oculus
3628 4608 3726 4662 per

2110 4691 2288 4745 omnia
2321 4689 2596 4757 superiora
2627 4685 2916 4757 perductus
2938 4692 3040 4744 est.
3071 4699 3179 4755 quo
3208 4683 3372 4739 videri
3394 4685 3508 4754 jam
3545 4689 3726 4756 possit

2107 4790 2254 4837 arcta
2274 4781 2356 4835 via
2384 4789 2439 4836 et
2463 4788 2683 4849 angusta
2711 4788 2881 4848 porta.
2907 4777 3060 4843 Quod
3091 4792 3220 4846 ergo
3258 4777 3518 4846 deinceps
3559 4777 3722 4842 dicit,

2115 4891 2133 4925 ι
2155 4871 2375 4927 lntroite
2415 4885 2508 4940 per
2544 4879 2821 4940 augustam
2849 4877 3091 4938 portam;
3119 4868 3242 4937 quia
3287 4867 3389 4921 lata
3431 4877 3592 4937 porta
3616 4869 3639 4900 ⁸
3669 4880 3727 4923 ει

2110 4967 2341 5038 spatiosa
2370 4964 2455 5019 via
2483 4978 2600 5033 qua:
2633 4962 2778 5016 ducit
2816 4961 2882 5016 ad
2912 4961 3296 5031 perditionem;
3324 4970 3378 5015 et
3404 4960 3563 5014 multi
3593 4973 3727 5016 sunt

2111 5057 2199 5127 qui
2243 5055 2512 5109 introeunt
2552 5068 2648 5121 per
2692 5067 2809 5107 eam
2837 5069 2851 5103 :
2881 5065 3039 5122 quam
3070 5060 3292 5121 angusta
3318 5061 3398 5106 est
3436 5060 3597 5119 porta
3619 5093 3634 5114 ,
3668 5063 3727 5107 et

2113 5159 2256 5206 arcta
2282 5150 2364 5203 via
2394 5162 2513 5218 quae
2540 5145 2687 5202 ducit
2711 5145 2777 5202 ad
2809 5145 2999 5210 vitam;
3030 5154 3084 5199 et
3125 5146 3281 5214 pauci
3311 5153 3424 5196 sunt
3465 5143 3563 5210 qui
3596 5159 3723 5198 eam

2114 5240 2417 5299 inveniunt!
2449 5258 2468 5291 ι
2504 5253 2609 5294 ιιοιι
2635 5237 2757 5292 ideo
2778 5237 2926 5300 dicit,
2953 5237 3075 5306 quia
3102 5235 3286 5306 jngum
3321 5231 3530 5288 Domini
3555 5249 3725 5302 aspe-

2115 5349 2232 5391 rum
2260 5341 2361 5400 est,
2393 5343 2484 5387 aut
2523 5331 2730 5386 sarcina
2763 5330 2971 5401 gravis;
3014 5327 3110 5384 sed
3154 5328 3275 5399 quia
3315 5326 3528 5382 labores
3563 5327 3724 5382 linire

2181 5465 2197 5494 ⁸
2217 5470 2314 5511 Hoc
2329 5459 2432 5509 loco
2445 5470 2638 5508 rursum
2653 5457 2861 5516 additur,
2877 5465 3054 5516 anates,
3084 5455 3134 5503 in
3147 5453 3339 5504 duobus
3347 5452 3587 5502 vaticanis
3608 5460 3717 5516 Mss.

2181 5526 2201 5556 ²
2226 5532 2330 5572 Mss.
2363 5521 2530 5584 plures
2549 5521 2627 5570 hic
2649 5526 2703 5570 et
2736 5513 2874 5578 alibi,
2913 5517 3004 5567 sed
3040 5513 3145 5566 non
3179 5523 3486 5575 constanter,
3520 5513 3722 5566 mundi-

2118 5585 2350 5707 “iiiis,
2376 5643 2533 5708 cujus.
2551 5645 2626 5693 sic
2641 5643 2787 5693 etiam
2804 5646 2918 5689 nar.
2943 5645 2998 5689 et
3019 5646 3122 5688 Am.

2187 5709 2210 5740 ⁸
2365 5697 2561 5770 «ius,
2580 5709 2882 5757 unotantum
2899 5709 3126 5766 excepto,
3145 5711 3292 5764 quam
3312 5697 3579 5764 (dapem.
