4172 6196
107 2560 115 2725 ἓ

101 2802 113 2851 3

102 2896 111 2927 ε

238 5896 373 5986 ο)

370 314 685 325 ~________
1429 314 1432 317 .
1480 312 1505 317 ν-
1565 308 2731 320 ιηαηωψρημωηη-ῄηηη-ψ,
3659 312 3669 321 ,,
3748 318 3753 323 λ

356 312 3759 368 mﬂw

1223 510 1387 617 ΙΝ
1466 505 2221 617 TERTIUM
2293 505 2891 619 TOMUM

1578 749 2526 874 PRfEFATIO.

422 1114 576 1172 Cum
609 1110 935 1182 scientiam
968 1112 1326 1194 sanctarum
1360 1107 1851 1194 Scripturarum,
1874 1126 1997 1194 _ceu
2030 1112 2232 1194 castas
2264 1106 2492 1165 animm
2522 1126 2651 1166 suae
2682 1106 2938 1194 delicias
2968 1106 3257 1188 (Con/ess.
3440 1114 3537 1185 il,
3570 1132 3620 1173 c.
3657 1114 3743 1194 2),

349 1191 422 1249 ab
454 1191 613 1250 inito
647 1191 918 1249 maxime
968 1189 1319 1248 sacerdotio
1350 1206 1540 1246 unam
1574 1188 1918 1247 excoluerit.
1964 1188 2388 1264 Augustinus;
2423 1206 2630 1264 operae
2670 1188 2937 1265 pretium
2971 1195 3126 1261 erat,
3161 1197 3231 1250 ut
3260 1190 3338 1250 ab
3370 1192 3503 1268 ipso
3535 1188 3745 1253 statim

345 1272 563 1331 limine
594 1271 813 1349 primis
840 1271 977 1347 ejus
1006 1267 1252 1350 scriptis
1283 1273 1345 1327 et
1372 1268 1652 1350 epistolis
1681 1268 2087 1350 succederent
2115 1286 2308 1350 sacrae
2335 1268 2528 1345 ipsius
2563 1269 3146 1350 commentationes,
3178 1277 3239 1330 et
3270 1267 3439 1330 recto
3488 1273 3744 1350 quidem

341 1369 411 1410 ac
447 1347 721 1411 naturali
752 1350 972 1410 ordine
1002 1349 1508 1427 disponerentur.
1544 1349 1724 1419 Nam,
1757 1348 1807 1406 si
1837 1347 2031 1407 libros
2061 1348 2423 1425 polemicos,
2460 1350 2563 1424 qui
2601 1350 2899 1407 adversus
2931 1349 3331 1422 Manichaeos,
3366 1347 3743 1425 Donatistas,

340 1433 733 1509 Pelagianos,
770 1430 1051 1511 aliosque
1076 1428 1405 1511 haereticos
1433 1427 1614 1511 abeo
1647 1427 1981 1511 conscripti
2010 1428 2246 1499 sunt,in
2272 1445 2466 1511 unam
2495 1432 2760 1511 classem
2791 1428 3059 1511 editores
3088 1431 3511 1491 studiosorum
3544 1435 3749 1511 gratia

342 1508 768 1589 digesserunt;
802 1510 969 1570 idem
1001 1526 1150 1568 sane
1180 1509 1242 1567 in
1274 1508 1624 1585 Exegeticis
1654 1508 2082 1587 praestandum
2116 1515 2268 1581 erat,
2305 1509 2475 1585 quod
2505 1508 2565 1567 in
2616 1508 3007 1569 recensendis
3040 1511 3350 1583 Patribus,
3383 1508 3738 1587 Ambrosio,

347 1588 668 1670 Gregorio,
698 1591 965 1668 aliisque
995 1607 1195 1667 nuper
1216 1590 1459 1670 factum
1483 1589 1671 1647 est.Id
1702 1588 1867 1670 enim
1902 1606 2025 1670 non
2060 1588 2246 1670 modo
2277 1590 2633 1664 argumenti
2663 1589 2957 1670 dignitas,
2993 1591 3101 1649 sed
3125 1590 3312 1650 etiam
3345 1592 3592 1670 piorum
3626 1594 3746 1654 lec-

347 1668 547 1731 torum
580 1689 793 1743 causa,
825 1670 934 1747 qui
964 1669 1381 1746 Augustinum
1415 1668 1491 1727 de
1519 1670 1751 1727 sanctis
1787 1668 2029 1728 Litteris
2049 1668 2455 1727 disserentem
2490 1669 2843 1729 auscultare
2875 1678 3115 1743 amant,
3136 1668 3456 1748 postulare
3486 1675 3742 1735 videba-

343 1757 476 1821 tur;
518 1758 585 1811 ut
604 1751 923 1829 dispositis
954 1768 1029 1810 ex
1053 1749 1271 1809 ordine
1303 1749 2233 1829 Scripturis,continuassancti
2262 1748 2541 1829 Doctoris
2561 1749 2981 1826 expositiones
3010 1750 3072 1809 in
3096 1758 3392 1829 promptu
3411 1752 3739 1816 haberent.

338 1832 493 1891 Hinc
521 1838 614 1891 est
646 1827 815 1909 quod
847 1848 987 1890 cum
1017 1831 1153 1889 istae
1189 1829 1459 1889 antehac
1487 1829 1551 1888 in
1582 1830 1888 1910 quasdam
1937 1827 2130 1910 veluti
2162 1828 2421 1910 lacinias
2448 1828 2822 1889 inconcinne
2872 1827 3153 1900 divulsae,
3189 1850 3261 1891 ac
3284 1827 3602 1910 disparem
3631 1853 3739 1895 ex-

338 1917 543 1971 tarent
575 1930 687 1990 per
714 1912 921 1971 varios
955 1910 1099 1992 hinc
1128 1910 1273 1968 inde
1305 1915 1549 1992 tomos;
1575 1927 1688 1992 eas
1716 1909 1779 1967 in
1808 1926 1999 1992 unum
2031 1908 2283 1992 demum
2317 1909 2628 1992 adducere
2651 1910 2867 1992 visum
2887 1916 3002 1979 est,
3036 1927 3114 1969 ne
3143 1912 3252 1992 illa
3283 1908 3426 1989 pars
3456 1933 3596 1992 quae
3630 1934 3744 1992 po-

336 1992 528 2051 tiores
557 1988 675 2051 sibi
706 2010 909 2058 curas.
950 1991 1381 2068 majoremque
1411 1989 1778 2067 religionem
1814 1990 2033 2048 merito
2065 1988 2757 2067 vindicabat,tanquam
2790 1990 2994 2049 minus
3025 2008 3063 2050 a
3092 1988 3523 2054 nobis’curat'a
3552 1988 3741 2056 habe-

338 2077 532 2144 retur,
567 2072 617 2131 si
650 2072 1081 2149 perturbatum
1114 2077 1176 2130 et
1205 2070 1534 2130 confusum
1563 2068 1957 2148 superiorum
1989 2068 2333 2149 editionum
2365 2068 2648 2129 ordinem
2680 2069 3112 2131 retineremus.

418 2148 836 2231 Quaprcipter,
872 2168 1012 2229 quae
1043 2149 1373 2231 Augustini
1403 2150 1465 2209 in
1499 2168 1707 2211 sacras
1737 2149 1999 2231 Litteras
2029 2148 2495 2231 lucubrationes
2524 2149 2587 2208 in
2619 2150 3070 2229 tertio,quarto
3102 2169 3175 2211 ac
3209 2170 3375 2213 nono
3405 2157 3577 2213 tomo
3609 2154 3734 2214 dis-

339 2230 789 2303 tractee’erant,
823 2250 927 2312 eas
956 2231 1021 2312 in
1043 2230 1172 2312 hoc
1204 2230 1496 2312 volumen
1529 2249 1643 2312 pro
1670 2230 1827 2312 serie
1858 2230 2099 2292 Veteris
2129 2231 2793 2312 ac_Novi_Te_stamenti
2822 2231 3109 2292 ordinate
3138 2232 3521 2311 conjecimus
3546 2252 3737 2312 ;prae-

337 2312 633 2393 missisiin
681 2312 885 2372 fronte
912 2311 1089 2393 libris
1120 2311 1196 2393 de
1224 2310 1525 2393 Doctrina
1552 2310 1928 2382 Christiana,
1959 2328 2101 2388 quae
2132 2310 2325 2393 veluti
2355 2310 2545 2393 clavis
2592 2316 2781 2389 atque
2811 2329 2912 2371 ars
2943 2318 3033 2373 est
3068 2319 3234 2373 recte
3259 2310 3737 2393 interpretandi

334 2392 617 2466 rationis,
651 2411 843 2471 quam
876 2390 1164 2452 adhibuit
1190 2391 1594 2469 Augustinus,
1629 2397 1691 2451 et
1723 2397 1859 2468 post
1888 2408 2031 2449 eum
2081 2390 2374 2471 catholici
2403 2396 2951 2451 commentatores.
2985 2394 3166 2453 Hunc
3206 2399 3416 2454 autem
3447 2390 3734 2455 erdinem

331 2473 507 2553 nulia
537 2470 685 2534 sane
715 2471 1169 2553 singularitatis
1200 2472 1599 2532 affectatione
1644 2471 2051 2553 instituimus,
2085 2470 2192 2530 sed
2220 2470 2495 2531 virorum
2546 2472 2934 2532 eruditorum
2983 2472 3269 2549 consilio,
3301 2480 3492 2553 atque
3522 2476 3734 2535 animo

318 2551 589 2630 juvandi
618 2553 882 2613 lectores
911 2552 1307 2625 christianos,
1340 2553 1449 2630 qui
1478 2551 1834 2630 reconditos
1863 2551 2328 2629 Scripturarum
2357 2570 2573 2611 sensus
2601 2571 2678 2611 ex
2706 2553 2962 2613 Patrum
2997 2552 3333 2614 traditione
3362 2551 3732 2630 depromere

324 2627 398 2720 ac
420 2632 954 2720 disceremalunt,
989 2651 1180 2720 quam
1229 2651 1312 2720 _ex_
1336 2627 1957 2720 libris‘receanruin
2003 2627 2358 2720 auctorum,
2391 2632 2511 2691 rati
2542 2631 2683 2720 plus
2712 2632 2964 2720 latentis
3012 2634 3308 2720 efficaciae
3339 2627 3729 2720 ccpiestisque

321 2713 572 2774 virtutis
618 2713 743 2775 illis
772 2711 1140 2791 inesse,’qui
1170 2713 1250 2773 ad
1296 2712 1467 2792 ipsos
1495 2713 1698 2773 fontes
1732 2711 1989 2791 pfopius
2038 2711 2365 2785 accedunt,
2399 2730 2526 2773 non
2574 2713 2779 2773 solum
2826 2719 3130 2792 tempore,
3164 2715 3275 2776 sed
3324 2716 3513 2776 etiam
3543 2711 3723 2778 sanc-

317 2794 519 2854 titate.

400 2875 555 2933 Cum
585 2872 752 2933 enim
784 2873 1125 2951 Scriptura;
1173 2890 1366 2931 sacrae
1398 2871 1705 2949 expositio
1731 2871 1793 2929 in
1826 2871 2069 2931 duabus
2120 2871 2390 2930 maxime
2438 2870 2722 2948 partibus
2766 2873 3088 2945 consistat,
3130 2873 3425 2934 nimirum
3477 2875 3540 2934 in
3573 2894 3722 2936 vero

324 2972 754 3031 germanoque
801 2971 983 3013 sensu
1013 2952 1338 3033 eliciendo,
1375 2958 1436 3012 et
1464 2952 1526 3033 in
1557 2951 1901 3033 excitandis
1931 2951 2009 3011 ad
2062 2952 2357 3033 pietatem
2392 2952 2695 3033 lectorum
2729 2952 3002 3033 animis;
3044 2954 3134 3013 ita
3182 2956 3531 3033 comparati
3578 2961 3725 3016 sunt

326 3034 577 3112 piorum
608 3034 1065 3110 doctorumque
1095 3032 1281 3092 simul
1311 3032 1639 3112 hominum
1670 3031 2054 3110 plerique,ut
2084 3050 2206 3090 non
2240 3032 2440 3091 solum
2473 3032 2615 3108 plus
2644 3031 2852 3092 valeat
2882 3032 3050 3109 apud
3081 3052 3187 3094 eos
3218 3031 3497 3095 veterum
3531 3052 3719 3111 quam

335 3111 750 3173 recentiorum
785 3114 1148 3184 auctoritas,
1182 3113 1289 3171 sed
1321 3112 1507 3172 etiam
1562 3111 1747 3190 longe
1778 3112 2050 3189 amplius
2096 3113 2157 3171 in
2189 3112 2299 3171 Dei
2347 3112 2583 3169 cultum
2617 3117 2678 3170 et
2724 3129 3002 3171 amorem
3034 3130 3108 3172 ex
3156 3114 3411 3174 illorum
3459 3115 3727 3176 lectione

328 3194 753 3253 accendantur
784 3210 798 3251 :
833 3194 961 3253 sive
990 3192 1053 3251 id
1101 3194 1341 3253 oriatur
1369 3210 1447 3252 ex
1475 3191 1663 3251 insita
1693 3192 2093 3251 veneratione
2126 3191 2462 3267 majorum,
2499 3191 2626 3250 sive
2656 3209 2732 3250 ex
2763 3191 3003 3252 scelesti
3036 3195 3312 3269 quadam
3362 3194 3591 3255 virtute
3622 3215 3727 3256 eo-

328 3274 677 3354 rumlibris
722 3273 951 3346 infusa,
988 3278 1177 3350 atque
1209 3291 1284 3332 ex
1317 3272 1589 3354 quodam
1634 3273 1924 3354 genuinae
1975 3272 2321 3354 sanctitatis
2368 3289 2552 3331 succo
2601 3278 2663 3354 et
2710 3278 2917 3354 gustu,
2954 3273 3075 3354 qui
3095 3291 3171 3332 ex
3215 3292 3433 3334 eorum
3483 3276 3732 3354 scriptis

329 3353 697 3432 percipitur.
729 3354 859 3413 Etsi
894 3371 1081 3432 porro
1126 3371 1189 3411 in
1223 3350 1596 3429 explicando
1626 3370 1809 3412 sensu
1862 3352 2121 3410 litterali
2151 3370 2281 3432 seu,
2309 3351 2771 3429 grammaticali
2817 3352 3124 3411 nonnulla
3168 3354 3410 3414 felicius
3460 3350 3727 3417 assecuti

326 3434 455 3515 sint
484 3431 858 3515 recentiores
886 3431 1167 3515 quidam,
1201 3450 1391 3515 quam
1425 3438 1662 3515 veteres
1689 3449 1701 3501 ;
1741 3432 1937 3515 magis
1969 3437 2177 3490 tamen
2210 3431 2290 3491 ad
2338 3431 2762 3515 roborandam
2793 3432 2980 3491 ﬁdem
3030 3434 3392 3515 conducunt
3424 3434 3489 3493 hi
3536 3454 3726 3515 quam

323 3513 419 3573 illi
454 3531 467 3572 :
502 3520 566 3573 at
594 3514 644 3573 si
692 3516 1028 3573 recondita:
1060 3513 1307 3594 pietatis
1354 3530 1602 3594 sensum
1636 3512 1697 3571 in
1731 3512 2011 3590 utrisque
2057 3528 2406 3594 compares,
2440 3511 2501 3594 in
2551 3511 2729 3594 novis
2759 3530 2917 3589 pene
2964 3514 3283 3574 emarcida
3332 3521 3393 3575 et
3423 3511 3728 3594 languens

314 3595 494 3669 jacet
520 3593 935 3670 intelligentia
985 3593 1492 3670 Scripturarum;
1549 3593 1610 3650 in
1644 3593 1920 3669 antiquis
1968 3610 2145 3652 sacro
2177 3591 2693 3672 charitatisiigne
2741 3610 3041 3652 succensa
3085 3594 3331 3655 animos
3382 3591 3722 3672 legentium

319 3675 495 3734 fovet
523 3692 596 3733 ac
626 3679 886 3733 recreat.
921 3673 988 3733 ld
1020 3692 1168 3754 sane
1199 3673 1472 3754 experiri
1499 3673 1640 3731 licet
1671 3672 1985 3751 praecipue
2014 3672 2076 3730 in
2112 3673 2485 3754 Augustino,
2517 3670 2645 3754 imo
2676 3672 2917 3754 experti
2944 3678 3091 3754 sunt
3118 3670 3498 3754 quicumque
3538 3676 3722 3737 sedu-

318 3754 451 3813 lam
484 3754 618 3831 ejus
648 3753 1114 3814 commentariis
1161 3770 1235 3812 ac
1265 3752 1511 3830 scriptis
1541 3759 1855 3811 novarunt
1901 3769 2182 3830 operam.
2217 3754 2396 3817 Nam.
2431 3752 2482 3810 si
2531 3751 2809 3831 docendi
2845 3759 2991 3812 sunt
3038 3752 3319 3828 lectores,
3352 3751 3504 3815 sicut
3548 3755 3637 3816 sol
3664 3755 3727 3815 in

325 3830 549 3893 lumine
574 3832 801 3894 excedit
829 3853 1022 3893 omnes
1044 3831 1334 3914 planetas,
1359 3832 1456 3914 ita
1486 3832 1869 3914 Augustinus
1904 3851 2099 3914 omnes
2126 3834 2365 3914 excessit
2395 3832 2453 3888 in
2502 3830 2843 3914 exponendo
2870 3851 3071 3892 sacras
3112 3834 3483 3914 Scripturas.
3521 3835 3726 3913 inquit

324 3914 649 3991 Remigius
707 3913 1261 3973 Antissiodorensis
1305 3912 1657 3991 (Comment.
1711 3916 1773 3971 in
1805 3912 1870 3972 ll
1904 3912 2091 3991 Cain).
2127 3913 2191 3971 Sl
2237 3912 2673 3971 commovendi
2721 3918 2783 3971 et
2834 3914 3147 3972 excitandi
3198 3912 3343 3975 sunt
3385 3912 3727 3992 legentium

329 3994 612 4065 affectus,
647 3994 858 4053 nullus
887 3994 945 4053 id
978 3992 1231 4053 suavius
1254 3998 1324 4073 et
1352 3993 1667 4073 efficacius
1698 3998 1955 4071 praestat
1986 3992 2622 4073 quamiAugustinus,
2644 3992 2939 4051 Probavit
2970 3993 3087 4053 hoc
3112 3993 3243 4071 jam
3281 3995 3430 4053 olim
3466 3996 3729 4073 Fulgen-

332 4073 462 4133 tius
493 4074 646 4154 tanti
693 4074 969 4150 Magistri
1004 4072 1368 4154 discipulus,
1421 4072 1529 4149 qui
1573 4072 1682 4131 ubi
1705 4069 1912 4154 omnia
1959 4091 2088 4150 quae
2116 4071 2238 4154 sibi
2275 4072 2432 4154 itura
2464 4069 2818 4154 videbantur
2844 4069 3140 4152 expertus,
3179 4074 3487 4153 adjutorio
3516 4069 3733 4154 gratiae

324 4152 660 4233 spiritualis
687 4154 985 4233 voluntati
1022 4172 1141 4212 suae
1169 4153 1345 4212 sensit
1372 4162 1693 4233 suppetere
1719 4150 2065 4233 facultatem
2088 4170 2115 4233 ,ζ
2140 4150 2301 4233 acati
2347 4151 2667 4228 Augustini
2709 4150 3054 4233 exponentis
3103 4150 3466 4232 trzgesimum
3509 4150 3736 4216 sextum

324 4174 357 4213 s
404 4174 660 4213 zrzmaus
687 4174 977 4214 vommau
1022 4174 1141 4212 suae
1169 4174 1344 4212 sensu
1388 4174 1693 4231 suppetere
1719 4174 2112 4233 (acutiorem;
2143 4174 2293 4210 oeau
2347 4174 2662 4228 augusunl
2709 4174 3054 4230 exponentis
3103 4174 3466 4232 mgeszmum
3509 4174 3735 4216 sextum

323 4174 633 4317 ﬁsalmum
664 4232 1056 4317 disputatione
1085 4232 1468 4317 commonitus
1493 4241 1551 4292 et
1576 4241 1969 4312 compunctus,
2002 4229 2313 4313 publicare
2339 4250 2508 4291 suum
2536 4231 2741 4291 statuit
2761 4244 2953 4291 votum
3001 4232 3095 4313 (In
3125 4234 3249 4295 vita
3281 4234 3352 4295 S.
3386 4234 3568 4315 Fulg.
3601 4254 3735 4317 cap.

321 4312 414 4393 3),
449 4313 620 4392 quod
649 4312 725 4373 de
754 4312 1103 4373 monastico
1126 4313 1413 4393 instituto
1444 4318 1840 4393 conceperat.

412 4390 537 4454 Has
566 4401 774 4455 autem
807 4393 1009 4454 sancti
1036 4393 1319 4453 Doctoris
1347 4392 1412 4452 in
1462 4392 1846 4471 exponendis
1876 4390 2212 4469 Scripturis
2241 4391 2418 4451 dotes
2446 4390 2544 4471 ita,
2606 4408 2940 4469 suspexere
2972 4410 3098 4451 non
3128 4393 3316 4454 modo
3390 4394 3601 4468 osteri,
3635 4413 3743 4455 ve-

328 4492 470 4533 rum
506 4476 690 4534 etiam
724 4474 860 4550 ejus
892 4473 1189 4551 aequales,
1226 4479 1294 4533 ut
1322 4473 1401 4533 ad
1432 4472 1637 4551 ipsum
1681 4473 1745 4531 in
1777 4471 2057 4531 obscuris
2086 4488 2158 4530 ac
2189 4471 2395 4551 dubiis
2429 4470 2607 4539 locis,
2647 4478 2949 4547 tanquam
2980 4474 3057 4531 ad
3103 4475 3353 4533 caeleste
3384 4476 3735 4548 oraculum,

326 4553 537 4613 missis
593 4554 872 4633 epistolis
929 4550 1328 4631 confugerint
1375 4550 1819 4631 Simplicianus
1878 4550 2382 4633 Mediolanensis,
2407 4551 2715 4633 Paulinus
2774 4552 3076 4633 Nolensis,
3112 4554 3384 4613 Evodius
3423 4556 3743 4617 Uzalensis

324 4631 689 4693 antistites:
723 4635 851 4694 imo
881 4635 961 4693 ad
994 4635 1281 4694 eumdem
1319 4633 1571 4713 Orosius
1603 4633 1946 4711 presbyter,
1978 4632 2057 4690 ab
2088 4632 2312 4691 ultima
2345 4632 2673 4709 Hispania,
2706 4631 2840 4713 sola
2871 4640 3226 4692 sanctarum
3264 4635 3737 4713 Scripturarum

328 4714 564 4773 ardore
591 4715 1021 4774 inﬂammatus
1038 4715 1373 4774 advenerat
1403 4712 1679 4792 (August,
1709 4718 1875 4792 epist.
1914 4714 2049 4794 169,
2076 4730 2133 4770 n.
2173 4713 2459 4794 i3).Hinc
2493 4711 2915 4794 Augustinum
2947 4713 3172 4794 Audax
3206 4711 3542 4775 Oracu‘lum
3580 4717 3734 4794 legis

329 4794 620 4872 appellat
648 4794 875 4871 (Epist.
910 4794 1066 4853 inter
1112 4796 1358 4874 August.
1393 4790 1571 4874 260);
1607 4790 1950 4869 asse—ritque
1981 4792 2358 4874 Volusianus
2387 4790 2507 4867 legi
2540 4791 2778 4874 deesse,
2814 4791 3118 4874 quidquid
3171 4796 3505 4871 contigerit
3535 4797 3613 4855 ab
3645 4790 3738 4856 'eo

324 4871 611 4951 ignorari
642 4874 821 4949 (Ibid.
857 4876 994 4936 135.
1031 4893 1091 4931 n.
1123 4871 1365 4953 2).'Sed
1410 4872 1568 4954 illud
1599 4874 1662 4932 in
1694 4874 1912 4954 primis
1942 4871 2495 4954 commendatione
2517 4871 2776 4954 dignum
2814 4871 3189 4954 :_quod_non
3221 4881 3464 4934 tantum
3508 4876 3739 4954 privati

326 4954 677 5013 doctissimi
705 4955 937 5032 quique
972 4950 1277 5021 homines,
1322 4953 1429 5013 sed
1460 4952 1596 5031 ipsa
1646 4950 1944 5024 Cencilia,
1983 4952 2220 5011 scilicet
2250 4950 2563 5032 Numidiae
2592 4956 2651 5009 et
2698 4950 3115 5023 Carthaginis,
3155 4950 3546 5016 sanctissimo
3577 4960 3737 5016 Doc-

327 5034 481 5103 tori,
517 5031 818 5112 tanquam
855 5035 1156 5093 canonico
1207 5034 1555 5111 interpreti,
1591 5052 1801 5093 sacras
1849 5033 2212 5107 Scripturas
2240 5031 2594 5112 exponendi
2637 5048 2851 5091 curam
2884 5037 2945 5090 et
2994 5033 3379 5110 provinciam
3411 5038 3745 5097 commise-

325 5114 459 5173 rint
492 5110 714 5193 (Epist.
748 5116 885 5186 213,
916 5134 976 5173 n.
1011 5113 1095 5193 4),
1131 5120 1199 5174 ut
1227 5110 1392 5193 quod
1412 5113 1545 5191 jam
1577 5113 1787 5175 divina
1817 5112 2234 5192 providentia
2277 5112 2399 5191 ipsi
2428 5110 2731 5171 creditum
2764 5112 2988 5184 fuerat,
3022 5114 3213 5174 etiam
3260 5116 3643 5193 suffragante
3673 5136 3748 5179 ac

322 5194 691 5273 postulante
722 5194 999 5254 Ecclesia
1028 5200 1493 5272 exsequeretur.

413 5274 504 5332 Ad
539 5292 675 5333 eam
706 5293 854 5335 vero
903 5270 1225 5336 sacrorum
1281 5275 1609 5334 Librorum
1658 5273 1980 5352 intelligen
2003 5273 2159 5333 itam
2211 5276 2585 5353 pervenerat
2616 5270 2736 5353 _Vir
2783 5270 3210 5353 sanctissimus
3255 5273 3565 5353 imprimis
3607 5276 3751 5337 vitae

318 5354 690 5436 integritate
720 5373 793 5415 ac
822 5353 1640 5436 puritate.Unde__Paulinus
1671 5354 1749 5414 ad
1778 5348 1995 5436 ipsum
2031 5371 2044 5412 :
2082 5348 2445 5436 Lucerenon
2476 5348 2677 5409 dubito
2706 5359 2924 5410 sanctae
2944 5352 3155 5436 animas
3188 5362 3315 5423 tuae,
3351 5348 3480 5436 'quae
3509 5355 3580 5417 de
3611 5358 3757 5419 inte-

438 5434 708 5518 τίς-ρειαί
729 5430 999 5518 puritate
1027 5436 1244 5496 meruit
1272 5433 1769 5518 illuminationem
1807 5430 2087 5518 Spiritus
2133 5433 2346 5503 sancti,
2367 5450 2484 5518 per
2513 5449 2679 5511 quem
2721 5430 2981 5518 scrutari
3012 5442 3067 5491 et
3097 5430 3384 5518 inspicere
3429 5438 3608 5518 possit
3634 5437 3759 5499 alta

320 5514 453 5576 llei
480 5512 707 5595 (Epist.
729 5512 897 5577 inter
930 5516 1086 5595 Aug.
1120 5518 1255 5585 121,
1289 5534 1351 5575 n.
1388 5515 1508 5595 18).
1536 5515 1771 5575 Deinde
1796 5512 1939 5593 quae
1967 5514 2166 5593 ipsius
2199 5519 2333 5572 erat
2363 5512 2425 5570 in
2459 5528 2701 5595 sacram
2736 5512 3458 5595 Scripturarumreligio
3489 5526 3550 5578 ct
3581 5537 3762 5579 reve-

322 5591 581 5669 rentia,
597 5602 843 5657 tantum
876 5591 1254 5675 ejus'animo
1286 5591 1708 5658 venerationis
1736 5591 2109 5673 incusserat,
2146 5598 2212 5654 ut
2244 5596 2549 5673 perpetuo
2584 5591 2916 5653 miraretur
2945 5591 3445 5672 profunditatem
3478 5598 3762 5676 eloquio-

375 5804 537 5923 ΞΟ
663 5733 927 5796 ΡΑτιιοι.
974 5731 1239 5796 XXXIV.

3399 5733 3426 5792 1
