4172 6196
391 255 462 314 11
1868 258 2311 318 PRAEFA'I‘IU.
3722 266 3796 325 i2

390 410 529 476 rum
563 386 939 476 divinorum,
974 393 1037 476 et
1082 388 1202 476 ipsi
1230 388 1455 450 horror
1484 396 1643 448 esset
1672 389 1995 476 intendere
2026 392 2090 476 in
2125 410 2262 450 eam
2297 390 2592 476 ((τόηἶεεξεἔ
2627 392 2727 454 lib.
2767 397 2864 469 12,
2897 415 2949 457 c.
2984 400 3105 475 14).
3146 398 3341 470 Unde,
3376 397 3793 476 quemadmo—

390 470 539 558 du_m
569 469 938 558 temerarius
968 470 1434 558 Scripturarum
1467 476 1779 531 scrutator
1806 472 2186 558 opprimitur
2213 491 2251 532 a
2293 469 2491 558 gipria
2521 473 2732 558 (Prov.
2768 494 2916 558 xxv,
2950 469 3092 558 2'7);
3127 477 3215 537 sic
3244 496 3279 537 e
3308 469 3626 538 contrario
3657 477 3791 554 ejus

390 550 722 635 splendore
750 550 883 635 ipse
912 548 1240 635 religiosus
1271 552 1614 635 admirator
1644 558 1811 635 totus
1839 548 2437 635 illustrabat_ur.’His
2467 548 2726 615 accessit
2756 548 3000 617 fervens
3030 548 3091 617 et
3133 558 3509 619 indefessum
3544 548 3789 635 Augus-

390 632 507 717 tiui
629 631 1339 717 easdem‘Scripturaras
1369 633 1669 717 studium,
1704 633 1860 717 adeo
1893 642 1960 717 ut
1991 640 2158 717 totus
2186 632 2607 717 inardesceret
2642 637 2931 698 meditari
2959 639 3025 697 in
3056 639 3190 717 lege
3221 640 3352 711 Dei,
3387 631 3708 717 nolletqde
3731 638 3794 697 in

391 712 565 798 aliud
593 712 782 772 horas
810 712 1118 798 diffiuere,
1153 732 1309 798 quas
1338 732 1375 773 a
1405 714 1548 772 vitae
1578 714 2050 798 necessitatibus
2080 714 2309 774 liberas
2328 714 2694 798 inveniebat
2725 718 3011 797 (Confess.
3047 712 3151 778 lib:
3185 722 3245 794 2,
3270 738 3322 778 ο.
3354 719 3436 798 2).
3472 712 3624 779 Ideo
3649 736 3791 777 cum

392 792 473 878 ad
504 799 849 878 extremam
882 795 1023 854 vita:
1055 794 1382 878 periodum
1412 794 1815 878 pervenisset,
1841 812 2262 878 successorem
2291 796 2410 878 sibi
2441 792 2744 878 substitui
2767 792 3031 873 curavit,
3065 818 3191 878 quo
3229 792 3656 877 pastoralibus
3688 817 3794 857 cu-

390 873 869 959 ris_expedit_us,_
890 879 1057 959 totus
1086 874 1151 933 in
1180 893 1320 959 eam
1351 875 1836 959 meditationem
1854 875 2208 936 intenderet
2236 877 2516 936 animum
2549 876 2772 958 (Epist.
2810 883 2950 956 213,
2981 899 3043 940 η.
3077 873 3174 959 Ᾰ);
3211 873 3395 958 quasi
3426 898 3552 940 non
3580 879 3800 951 aliam,

394 953 702 1016 universa:
730 954 1020 1015 Ecclesiae
1053 955 1253 1033 magis
1282 955 1501 1015 utilem
1531 955 2074 1035 necessariamqne
2105 974 2364 1035 operam
2397 953 2895 1037 navare—posset.

476 1061 601 1145 sed
619 1060 779 1145 huic
806 1061 1587 1145 intelligentiascumulum
1617 1062 1987 1145 imposuisse
2018 1061 2318 1145 videntur
2338 1062 2473 1141 ejus
2502 1063 2777 1125 charitas
2807 1070 2869 1126 et
2901 1064 3538 1127 modestia.Modestia
3569 1066 3803 1145 quippe

394 1140 585 1203 modo
615 1142 996 1225 imperitiam
1010 1146 1211 1225 atque
1238 1140 1760 1225 inscitiamsuam
1788 1143 2142 1225 proﬁtetur,
2179 1140 2819 1223 modo’expositiones
2848 1165 2992 1207 suas
3021 1146 3242 1206 timide
3272 1165 3387 1225 pro
3418 1140 3798 1223 conjecturis

394 1224 697 1306 proponit
730 1240 743 1282 :
777 1228 911 1306 tum
942 1222 1098 1306 alios
1128 1223 1208 1283 ad
1240 1223 1528 1306 meliores
1558 1222 1963 1306 inveniendas
1991 1223 2319 1306 hortatur;
2354 1230 2415 1285 et
2444 1222 2499 1285 si
2525 1226 2675 1303 quid
2703 1227 2856 1306 ipse
2886 1226 3243 1305 profecerit,
3272 1222 3406 1288 non
3452 1222 3579 1287 sum
3610 1227 3805 1306 ipsius

393 1304 739 1375 industrim,
772 1305 881 1363 sed
910 1302 1178 1362 aliorum
1228 1303 1464 1364 meritis
1494 1309 1555 1363 et
1601 1304 1987 1365 orationibus
2018 1304 2293 1364 ascribit.
2328 1302 2609 1383 Denique
2659 1302 2934 1367 charitas
2965 1307 3176 1381 efﬁcit,
3213 1312 3283 1367 ut
3327 1307 3391 1367 in
3436 1302 3653 1368 varias'
3668 1325 3801 1367 sese

395 1386 631 1467 formas
681 1389 1041 1467 componat,
1085 1390 1147 1443 et
1174 1385 1255 1444 ad
1282 1403 1378 1444 res
1407 1384 1855 1467 minutissimas
1875 1384 2185 1457 demittat,
2219 1385 2422 1467 qualis
2451 1393 2544 1446 est
2563 1405 2968 1448 numerorum
3000 1386 3330 1467 expositio,
3366 1393 3434 1447 ut
3470 1388 3682 1448 saeculi
3709 1388 3806 1448 sui

396 1465 579 1548 genio
610 1481 683 1523 ac
714 1464 934 1524 studiis
963 1482 1095 1524 sese
1125 1466 1580 1548 accommodet.
1615 1466 1763 1548 Quae
1812 1483 1910 1524 res
1940 1470 2185 1548 tantum
2219 1465 2396 1548 abest
2428 1473 2495 1526 ut
2546 1466 2851 1527 minorem
2884 1470 2959 1528 de
2990 1464 3127 1548 ejus
3168 1468 3635 1529 commentariis
3660 1469 3798 1546 opi-

398 1544 651 1627 nionem
683 1563 1020 1627 generare,
1043 1544 1195 1623 quin
1225 1563 1302 1605 ex
1350 1547 1611 1605 adverso
1642 1545 1947 1627 majorem
1979 1546 2065 1605 eis
2094 1546 2363 1627 gratiam
2392 1548 2727 1609 conciliare
2769 1548 2993 1609 debeat
3017 1544 3040 1622 ξ
3067 1567 3192 1627 quo
3224 1549 3424 1627 magis
3455 1544 3804 1609 accedit—ad

400 1626 577 1686 illam
610 1625 1191 1708 sapientieedivinaa
1234 1627 1525 1699 formam,
1558 1644 1699 1708 quae
1732 1626 1981 1708 rudium
2013 1630 2083 1708 et
2103 1626 2540 1708 imperitorum
2565 1627 2897 1688 hominum
2935 1625 3120 1689 causa
3149 1625 3620 1707 quodammodo
3653 1647 3804 1708 pue-

398 1724 645 1787 rascere
678 1724 806 1766 non
832 1705 1112 1787 erubuit.
1132 1708 1273 1787 Non
1302 1724 1450 1784 ergo
1482 1705 1780 1767 audiendi
1808 1712 1954 1787 sunt
1982 1704 2239 1784 quidam
2271 1707 2480 1767 minus
2510 1707 2787 1786 religiosi
2821 1727 3131 1783 censores,
3159 1704 3265 1787 qui
3295 1709 3361 1769 in
3390 1710 3582 1770 sacris
3611 1704 3812 1769 Libris

399 1786 651 1848 nonnisi
681 1785 1185 1864 grammaticalia
1214 1787 1340 1847 fere
1371 1787 1682 1848 elementa
1712 1786 2121 1867 pensitantes,
2152 1788 2217 1847 in
2247 1785 2647 1849 sanctissimo
2668 1792 2937 1850 Doctore
2967 1785 3225 1867 carpere
3254 1788 3392 1849 ausi
3420 1796 3566 1851 sunt
3599 1788 3806 1848 humi-

400 1868 522 1928 lem
570 1867 1026 1949 interpretandi
1071 1866 1349 1949 modum,
1385 1867 1495 1945 qui
1541 1867 1621 1927 ad
1651 1865 1898 1944 regulas
1929 1865 2080 1949 artis
2123 1867 2351 1936 divinae
2396 1873 2564 1928 totus
2612 1870 2995 1949 compositus
3043 1865 3159 1943 est,
3199 1888 3327 1931 non
3376 1870 3457 1931 ad
3506 1870 3801 1930 humana:

399 1949 591 2021 illius,
625 1966 817 2025 quam
862 1948 963 2007 isti
994 1954 1123 2007 tam
1153 1948 1429 2009 studiose
1460 1953 1918 2019 consectantur,
1958 1947 2250 2009 humana:
2282 1948 2659 2027 eloquentiae
2689 1947 3012 2030 pompam.

481 2048 696 2123 Neque
727 2062 1109 2126 quemquam
1144 2044 1461 2105 offendere
1490 2044 1720 2105 debent
1749 2044 2088 2126 allegoriae,
2124 2045 2351 2124 quibus
2383 2046 2724 2125 aliquando
2758 2048 2865 2111 Vir
2895 2053 3150 2108 sanctus
3170 2066 3319 2108 usus
3366 2054 3460 2108 est
3489 2048 3551 2107 in
3581 2046 3799 2126 expla—

399 2126 610 2186 nando
642 2124 956 2207 praecipue
985 2126 1191 2185 Veteri
1215 2128 1639 2207 Testamento.
1671 2128 1801 2207 Hac
1832 2124 1996 2186 enim
2028 2126 2329 2207 religione
2358 2127 2421 2186 in
2452 2124 2761 2205 ejusmodi
2789 2128 2975 2189 rebus
3005 2146 3192 2207 agere
3220 2128 3484 2203 solebat,
3520 2134 3589 2188 ut
3617 2124 3795 2188 illum

400 2206 638 2267 caeteris
669 2206 1102 2288 expositorem
1118 2208 1464 2288 praeferret,
1489 2206 1599 2288 qui
1628 2206 1841 2288 omnia
1871 2226 2010 2284 quae
2042 2205 2211 2267 dicta
2239 2208 2758 2277 sunt,secundum
2789 2205 3070 2269 litteram
3094 2208 3427 2288 acciperet,
3455 2208 3798 2269 dummodo

397 2293 621 2369 posset
643 2286 876 2369 evitare
905 2285 1327 2369 blasphemias
1371 2285 1485 2364 (De
1545 2285 1760 2369 Genesi
1782 2302 1988 2369 contra
2022 2288 2292 2350 Manicb.
2330 2288 2451 2369 lib.
2473 2291 2535 2361 2,
2566 2308 2617 2349 c.
2652 2288 2710 2369 2)
2738 2307 2751 2359 ;
2785 2289 2848 2349 id
2871 2295 2966 2350 est
2991 2285 3321 2369 indignum
3351 2291 3479 2350 Deo
3523 2307 3797 2349 sensum.

401 2368 511 2429 Sin
545 2366 860 2449 minus,ad
892 2366 1299 2449 allegoricum
1330 2385 1581 2449 sensum
1612 2366 2103 2449 confugiendum
2126 2386 2257 2428 esse
2287 2368 2555 2429 docebat
2576 2366 2865 2448 exemplo
2896 2366 3365 2448 Apostolorum,
3387 2371 3495 2449 qui
3523 2388 3595 2430 eo
3618 2387 3801 2428 sensu

399 2467 526 2509 non
558 2447 750 2529 semel
766 2448 863 2529 usi
890 2448 1142 2529 sunt.fEt
1162 2452 1327 2529 certe
1341 2447 1637 2529 quoniam
1654 2447 1976 2526 Scriptura
1995 2456 2173 2509 vetus
2189 2449 2496 2509 rationem
2515 2449 2707 2510 habet
2739 2447 3396 2529 historiaeprophetim
3409 2447 3597 2529 atque
3612 2449 3797 2526 legis;

401 2547 516 2607 pro
546 2527 777 2609 triplici
806 2528 927 2609 ista
955 2528 1197 2609 ratione
1224 2527 1454 2609 triplex
1483 2546 1700 2609 sensus
1718 2547 1765 2609 ra
1795 2529 1986 2589 sacris
2000 2529 2446 2608 interpretibus
2482 2530 2703 2591 merito
2720 2527 3513 2609 usurpatusest‘;litterulis?
3533 2530 3641 2608 qui
3674 2529 3801 2589 his-

400 2606 983 2689 toria),allegoricus
998 2608 1104 2689 qui
1125 2606 1761 2689 prophetiae,moralis
1783 2606 3108 2689 quilegirespondechtaque,etsisensusille
3127 2611 3420 2689 mysticus
3433 2611 3511 2669 ad
3529 2606 3802 2669 finienda

398 2689 773 2749 stabilienda
792 2687 1081 2748 Ecclesiae
1103 2688 1402 2765 dogmata
1430 2689 1599 2749 solus
1620 2706 1745 2749 non
1767 2687 2184 2763 sufﬁciat,ni$i
2204 2690 2268 2749 in
2298 2687 2489 2749 sacris
2505 2690 2752 2750 Litteris
2774 2687 3483 2760 contineatur;’utilissim
3496 2710 3563 2750 us
3592 2697 3801 2765 tamen

401 2770 633 2844 est,ubi
658 2770 1100 2847 promovenda
1120 2768 1276 2847 legis
1306 2769 2226 2847 perfectioniinservit,scilicet
2257 2769 2589 2843 charitati;
2626 2776 2689 2831 et
2720 2772 2822 2831 ubi
2846 2771 3016 2831 ducit
3046 2772 3123 2830 ad
3147 2771 3486 2841 Christum,
3520 2771 3627 2848 qui
3661 2770 3801 2829 finis

402 2856 495 2911 est
524 2850 677 2928 legis
708 2868 780 2909 ac
829 2848 1174 2909 cbaritatis.
1210 2850 1533 2927 Duplicem
1566 2848 1735 2910 hunc
1765 2869 2049 2930 scopum,
2086 2870 2198 2912 ceu
2248 2850 2561 2930 duplicem
2594 2852 2900 2929 regulam,
2935 2851 3051 2911 sibi
3084 2851 3376 2929 proponit
3413 2852 3800 2928 Augustinus

400 2931 465 2991 in
515 2929 982 2990 commentariis
1018 2931 1200 3009 suis:
1236 2930 1402 2989 unde
1448 2930 1518 2988 ﬁt
1548 2935 1617 2989 ut
1664 2931 1821 2990 nihil
1869 2932 2107 3009 spirare
2154 2932 2508 3003 videantur,
2541 2931 2660 2991 nisi
2707 2932 3059 3003 Christum;
3098 2932 3251 2990 nihil
3299 2931 3628 3009 inspirare,
3683 2930 3800 2989 nisi

399 3010 795 3091 charitatem.
830 3008 1088 3091 Accedit
1118 3008 2031 3091 quodprudenter‘admodum
2065 3011 2233 3071 hunc
2264 3030 2515 3071 sensum
2546 3011 2807 3081 inducit,
2843 3031 3110 3089 eumque
3144 3008 3486 3091 plurimum
3529 3011 3695 3091 elicit
3724 3029 3801 3069 ex

398 3090 695 3163 litterali;
731 3106 844 3150 nec
874 3089 954 3149 ad
985 3107 1128 3150 eum
1160 3088 1404 3148 facilius
1436 3088 1742 3167 confugit,
1775 3091 1964 3150 etiam
1996 3091 2060 3149 in
2108 3091 2230 3150 illis
2260 3092 2435 3150 libris
2464 3108 2622 3169 quos
2652 3092 2848 3151 edidit
2879 3088 3178 3152 adversus
3208 3091 3581 3152 Manichaeos
3612 3090 3798 3169 (pra:-

399 3178 686 3249 terquam
719 3170 783 3229 in
814 3169 1020 3247 primo
1069 3187 1181 3250 suo
1215 3188 1404 3247 super
1430 3172 1716 3231 Genesim
1745 3168 1981 3250 opere),
2014 3171 2265 3230 tametsi
2311 3177 2670 3250 opportuna
2700 3170 2834 3247 ejus
2883 3190 3074 3249 scopo
3127 3172 3262 3231 haec
3294 3174 3454 3231 ratio
3487 3168 3801 3230 videretur

399 3254 480 3313 ad
511 3250 885 3329 explicanda
915 3249 1206 3327 quaedam
1237 3256 1519 3309 veterum
1551 3249 1808 3310 Patrum
1840 3252 2028 3323 facta,
2062 3250 2290 3328 quibus
2321 3249 2598 3310 haeretici
2626 3250 2720 3310 illi
2749 3251 3193 3310 abutebantur.
3230 3251 3440 3310 Sicubi
3472 3268 3619 3309 vero
3652 3254 3798 3309 Doc-

397 3339 499 3394 tor
527 3330 1022 3411 sapientissimus
1053 3330 1305 3411 unicum
1337 3331 1575 3408 profert
1604 3330 2010 3408 allegoricum
2041 3350 2291 3391 sensum
2318 3348 2332 3402 ;
2366 3330 2431 3390 id
2462 3331 2606 3390 facit
2624 3330 2739 3411 vel
2766 3331 2915 3408 quia
2946 3331 3277 3391 litteralem
3308 3330 3425 3389 sibi
3452 3329 3793 3390 obscurum

399 3410 767 3491 ignotumve
797 3410 1170 3491 conﬁtetur;
1207 3410 1309 3491 vel,
1332 3410 1482 3488 quia
1512 3411 1798 3471 litteralis
1824 3411 1955 3490 ipse
1988 3429 2099 3490 per
2128 3429 2261 3471 sese
2289 3411 2378 3471 ita
2406 3410 2717 3471 dilucidus
2747 3420 2859 3484 est,
2884 3417 2951 3471 ut
2980 3410 3400 3489 explicatione
3418 3428 3553 3491 non
3587 3416 3798 3491 egeat;

399 3490 500 3553 vel
531 3492 799 3570 denique
830 3490 1002 3570 quod
1031 3490 1174 3550 aliis
1205 3490 1268 3549 in
1299 3490 1451 3551 locis
1481 3509 1623 3552 eum
1654 3490 2034 3571 exposuerit.
2070 3492 2199 3552 Hoc
2228 3491 2393 3552 enim
2428 3491 2698 3570 pertinet
2744 3491 2822 3551 ad
2858 3491 3255 3569 prudentiam
3306 3490 3602 3552 catholici
3632 3492 3791 3550 Doc-

401 3573 578 3645 toris,
614 3578 682 3632 ut
711 3590 837 3633 non
868 3571 1087 3650 quavis
1116 3572 1441 3632 occasione
1472 3572 1832 3644 litteralem,
1867 3591 1943 3631 ne
1971 3571 2245 3646 vilescat,
2290 3572 2598 3644 inculcet;
2631 3572 2738 3631 sed
2771 3571 3112 3650 aliquando
3145 3571 3435 3650 praeferat
3465 3571 3799 3650 mysticum

404 3672 477 3715 ac
520 3652 935 3732 spiritualem,
972 3651 1092 3732 ubi
1128 3652 1487 3713 auditorum
1536 3653 1745 3713 studia
1773 3658 1836 3714 et
1864 3652 2124 3713 affectus
2152 3652 2216 3713 id
2261 3653 2582 3731 postulare
2630 3652 3043 3725 videbuntur;
3080 3653 3207 3713 imo
3257 3652 3448 3713 etiam
3496 3670 3620 3726 res,
3655 3668 3797 3711 cum

407 3731 625 3795 sensus
655 3733 1027 3811 allegoricus
1054 3731 1343 3793 litteralis
1372 3733 1533 3811 gerit
1562 3734 1782 3794 vicem.

486 3832 597 3892 Hic
626 3831 890 3891 fortasse
918 3830 1375 3890 occurrendum
1420 3835 1582 3890 esset
1629 3848 1907 3891 censurae
1947 3828 2367 3909 quorumdam
2416 3828 2743 3889 hominum
2792 3828 2946 3890 levis
2997 3829 3411 3902 auctoritatis,
3446 3829 3554 3907 qui
3604 3828 3808 3890 verbis

402 3911 836 3974 inverecundis
864 3910 1213 3988 Augustino
1244 3911 1626 3989 exprobrare
1655 3912 1790 3972 ausi
1820 3915 1965 3971 sunt
1993 3910 2371 3989 imperitiam
2402 3910 2786 3987 linguarum,
2819 3929 2897 3971 ex
2925 3928 3196 3988 quarum
3228 3910 3625 3987 ignoratione
3657 3909 3797 3988 lap-

405 4012 509 4054 sus
538 3993 618 4052 sit
646 3991 1087 4071 aliquando,ut
1120 3991 1368 4051 mollius
1398 3992 1736 4053 reddamus
1766 3991 2097 4069 cujusdam
2126 3991 2425 4051 neoterici
2454 3990 2895 4071 dictum,quod
2926 3991 3123 4050 atroci
3154 3996 3215 4050 et
3243 3990 3596 4068 impudenti
3627 4008 3807 4050 voca-

403 4074 554 4134 bulo
586 4070 914 4151 expressit.
948 4071 1073 4133 Sed
1102 4072 1413 4149 ejusmodi
1441 4071 1723 4132 convicia
1751 4072 1816 4131 in
1846 4078 2166 4132 auctorem
2198 4072 2400 4149 ipsum
2434 4070 3119 4148 recidunt,constatque
3150 4071 3319 4148 apud
3352 4090 3566 4148 aequos
3594 4089 3803 4130 rerum

406 4155 840 4228 aestimatores,
873 4152 1291 4228 Augustinum
1324 4152 1405 4212 ad
1453 4152 1935 4230 intelligentiam
1965 4152 2122 4212 Novi
2168 4152 2553 4212 Testamenti
2601 4151 2879 4212 subsidio
2932 4170 3153 4229 graecae
3201 4152 3454 4229 linguae,
3488 4152 3567 4210 ad
3616 4168 3805 4227 quam

404 4253 623 4295 omnes
652 4232 864 4293 latinae
891 4231 1196 4291 editiones
1226 4233 1497 4291 conditas
1528 4240 1695 4304 sunt,
1729 4232 1878 4292 satis
1908 4233 2282 4293 instructum
2316 4233 2525 4304 fuisse,
2559 4237 2627 4290 ut
2656 4232 2929 4309 probant
2956 4233 3146 4291 variae
3190 4231 3510 4291 Lectiones
3540 4248 3613 4289 ex
3646 4248 3806 4306 grae-

405 4316 492 4375 cis
524 4314 799 4374 fontibus
830 4313 1132 4381 deductae,
1170 4330 1328 4389 quas
1375 4312 1482 4373 Vir
1514 4320 1765 4371 sanctus
1794 4312 1858 4371 in
1905 4312 2055 4372 locis
2085 4312 2291 4372 dubiis
2320 4319 2431 4372 aut
2462 4311 2775 4373 mendosis
2823 4311 3132 4372 adhibuit.
3169 4314 3427 4372 Fatetur
3456 4309 3708 4389 quidem
3736 4309 3807 4369 in

406 4392 911 4456 Confessionibus
956 4391 1083 4450 suis
1112 4391 1220 4450 Vir
1248 4392 1743 4453 modestissimus
1773 4410 1858 4465 se,
1895 4410 2036 4452 cum
2086 4393 2388 4471 puerulus
2420 4392 2643 4452 latinas
2672 4392 2912 4453 litteras
2956 4392 3305 4463 adamaret,
3341 4410 3579 4471 graecas
3609 4390 3812 4451 odisse

408 4475 702 4616 SCon/ess.
738 4473 840 4533 lib.
878 4477 934 4546 1,
968 4490 1019 4532 c.
1058 4471 1198 4548 43);
1233 4474 1338 4532 sed
1357 4473 1495 4552 jam
1544 4474 1859 4553 episcopus,
1884 4472 2021 4551 jam
2044 4470 2241 4543 senex,
2292 4474 2380 4531 ait
2410 4475 2728 4549 Erasmus,
2762 4474 2846 4534 ad
2880 4491 3068 4553 puero
3096 4471 3213 4530 sibi
3257 4470 3559 4551 fastiditos
3586 4488 3814 4550 graecas

434 4557 638 4616 itteras
666 4572 928 4614 reversus
956 4562 1059 4612 est.
1092 4552 1226 4616 Qua
1254 4553 1317 4612 in
1350 4571 1416 4613 re
1445 4554 1769 4616 egregium
1799 4553 1971 4612 dedit
2001 4552 2318 4616 specimen
2348 4571 2475 4612 sua:
2505 4553 2569 4611 in
2600 4570 2810 4613 sacras
2840 4553 3196 4616 Scrinturas
3226 4552 3575 4612 sedulitatis
3616 4558 3679 4611 et
3708 4570 3807 4611 re-

434 4552 638 4617 itteras
666 4572 928 4614 reversus
956 4562 1059 4612 est.
1092 4552 1226 4622 Qua
1254 4553 1317 4612 in
1350 4571 1416 4613 re
1445 4552 1769 4630 egregium
1799 4553 1971 4612 dedit
2001 4552 2318 4630 specimen
2348 4571 2475 4612 sua:
2505 4553 2569 4611 in
2600 4570 2810 4613 sacras
2840 4552 3196 4631 scripturas
3226 4552 3575 4612 sedulitatis
3616 4558 3679 4611 et
3708 4570 3807 4611 re-

406 4636 728 4706 verentiae,
762 4635 866 4713 qui
891 4634 1023 4710 jam
1058 4651 1268 4705 senex,
1305 4640 1397 4693 tot
1430 4634 1694 4710 negotiis
1724 4634 2079 4705 distractus,
2110 4633 2187 4691 ad
2222 4633 2533 4693 elementa
2563 4652 2768 4710 graeca
2798 4634 3173 4694 descendere
3205 4651 3330 4693 non
3362 4638 3657 4711 gravatus
3689 4636 3802 4705 est,

407 4724 477 4779 ut
503 4717 583 4778 ad
614 4733 933 4777 sacrarum
967 4714 1339 4773 Litterarum
1372 4714 1847 4791 intelligendum
1881 4718 2124 4773 textum
2154 4719 2316 4773 esset
2344 4713 2728 4773 instructior.

488 4815 665 4888 Quod
697 4814 921 4874 attinet
951 4813 1031 4872 ad
1061 4814 1253 4872 Vetus
1281 4816 1776 4889 Testamentum,
1801 4814 1862 4872 in
1896 4832 1969 4874 eo
1999 4813 2371 4891 exponendo
2404 4813 2513 4873 Vir
2541 4819 2793 4872 sanctus
2824 4831 2953 4891 pra
2980 4812 3176 4874 oculis
3209 4811 3430 4872 habuit
3459 4810 3807 4871 versionem

409 4896 824 4976 Septuaginta
872 4894 1307 4971 interpretum,
1343 4914 1482 4972 quae
1514 4896 1649 4955 sola
1701 4901 1850 4976 tunc
1880 4894 1941 4953 in
1974 4894 2349 4976 auctoritate
2399 4899 2531 4953 erat
2555 4892 2688 4971 jam
2722 4893 2867 4953 inde
2913 4895 2991 4952 ab
3021 4894 3464 4976 Apostolorum
3515 4892 3812 4971 tempori-

405 4973 523 5037 bus
557 4994 570 5036 :
608 4978 715 5037 sed
745 4993 882 5036 eam
915 4976 1002 5034 ita
1032 4981 1280 5033 secutus
1310 4982 1423 5047 est,
1458 4982 1527 5035 ut
1555 4976 1617 5034 in
1649 4975 1893 5033 nullum
1923 4975 2214 5033 inductus
2244 4975 2323 5033 sit
2353 4992 2541 5051 grave
2571 4981 2849 5033 erratum
2878 4992 2891 5044 ;
2919 4973 3167 5033 tametsi
3199 4973 3517 5032 uberiores
3549 4976 3812 5032 fortasse

407 5064 469 5119 et
499 5057 937 5135 locupletiores
983 5055 1243 5114 fuissent
1274 5055 1468 5132 ipsius
1516 5056 1976 5126 commentarii,
2008 5054 2060 5114 si
2103 5055 2165 5113 in
2215 5054 2541 5114 hebraicas
2590 5055 2830 5114 litteras
2880 5060 3291 5135 penetrasset.
3326 5055 3519 5135 Porro
3570 5070 3812 5131 graecus

404 5133 739 5199 contextus
785 5136 1198 5214 Septuaginta
1224 5135 1303 5194 ab
1336 5154 1409 5195 eo
1442 5142 1750 5214 receptus,
1787 5136 1889 5195 ille
1919 5136 2052 5214 ipse
2083 5141 2177 5195 est
2207 5154 2393 5212 quem
2443 5137 2751 5195 recensuit
2783 5133 3102 5214 Nobilius;
3139 5133 3319 5209 cujus
3352 5133 3667 5211 pleraeque
3699 5150 3808 5214 va-

406 5220 640 5280 riantes
661 5237 736 5277 ex
766 5212 1115 5294 Augustino
1162 5215 1459 5275 lectiones
1488 5212 1776 5276 oriuntur
1821 5235 1896 5275 ex
1946 5212 2289 5276 editionum
2323 5215 2510 5285 vitiis,
2545 5234 2684 5293 quae
2734 5213 3011 5273 subsidio
3063 5220 3344 5273 veterum
3396 5214 3699 5294 librorum
3749 5212 3813 5271 in

407 5299 528 5360 hac
558 5298 830 5359 editione
860 5292 1246 5356 sustulimus.
1286 5298 1436 5356 Eam
1468 5304 1678 5357 autem
1726 5296 2309 5376 interpretationem
2341 5292 2651 5356 credimus
2695 5294 2870 5355 illam
2903 5312 3058 5365 esse,
3093 5312 3295 5376 quam
3333 5294 3497 5376 ipse_
3519 5292 3813 5376 Usilatam

407 5380 689 5459 appellat
716 5377 830 5457 (De
863 5376 1161 5459 Consense
1187 5377 1425 5459 Eevang.
1455 5376 1560 5436 lib.
1596 5381 1654 5449 2,
1688 5395 1739 5436 c.
1774 5372 1913 5459 66);
1935 5378 2352 5456 Hieronymus
2384 5379 2671 5437 Veterem
2704 5381 2766 5459 et
2803 5377 3139 5459 Vulgatam
3174 5372 3325 5454 (Lib.
3360 5373 3429 5459 de
3458 5373 3691 5455 Optimo
3719 5391 3818 5450 ge-

404 5456 542 5520 nere
570 5462 874 5538 interpret.
924 5467 978 5518 et
1008 5477 1069 5517 ιη
1099 5457 1301 5518 Ecclc.
1332 5475 1375 5529 1,
1409 5460 1468 5531 7,
1502 5459 1670 5538 seq.),
1707 5456 1991 5538 eamdem
2040 5458 2301 5518 fortasse
2333 5476 2524 5538 quam
2557 5456 2795 5517 caeteris
2844 5457 3098 5535 praefert
3121 5456 3553 5538 ‘Augustinus,
3586 5471 3815 5533 nempe

404 5480 542 5520 nere
570 5480 723 5521 mter
768 5480 874 5518 ret.
924 5480 978 5518 et
1008 5480 1069 5517 ιη
1099 5480 1301 5518 uccw.
1332 5480 1375 5529 1,
1421 5480 1468 5531 ι,
1502 5480 1670 5538 seq.),
1707 5480 1991 5517 eamdem
2040 5480 2301 5518 [ortasse
2333 5480 2524 5535 quam
2557 5480 2795 5517 caneris
2845 5480 3098 5535 praeiere
3145 5480 3553 5534 augustlnus,
3588 5480 3815 5533 nempe

401 5541 654 5614 ltalam,
687 5480 765 5632 ag
796 5540 932 5619 ipso
980 5538 1301 5632 laudatam
1334 5537 1399 5597 in
1430 5538 1589 5600 libro
1638 5537 1913 5632 secundo
1962 5538 2039 5632 de
2085 5538 2382 5632 Doctrina
2420 5537 3063 5632 Christianancapite
3103 5535 3644 5632 decimo‘quinto‘,
3680 5542 3821 5632 tan-

406 5640 597 5705 quam
630 5616 960 5683 verboi‘um
992 5619 1371 5681 tenaciorem
1406 5636 1548 5680 cum
1581 5618 2024 5701 perspicuitate
2071 5617 2393 5680 sententiae
2428 5636 2442 5678 :
2476 5618 2527 5679 si
2557 5625 2770 5682 tamen
2801 5616 3020 5681 Italica
3047 5617 3183 5679 haec
3214 5616 3389 5679 aliud
3430 5616 3815 5697 complecte-
