2037 3093
186 175 223 204 15
524 175 576 205 DE
600 171 794 204 DOCTRINA
816 172 1064 208 CHRISTIANA,
1087 172 1118 202 S.
1142 171 1355 203 AUGUSTINI
1378 171 1482 202 LIBRI
1506 171 1556 203 IV.

1856 174 1891 203 16

186 242 311 272 dicendi
326 251 438 281 genere
461 242 639 281 subjiciens.
658 243 818 271 Postremo
842 241 944 279 ipsum
960 240 1159 270 ecclesiasten
1186 240 1341 281 hortatur,
1357 240 1439 270 utin
1454 239 1563 279 primis
1584 239 1719 271 orationi
1743 241 1795 271 det
1809 251 1882 280 ope-

187 292 254 313 ram
272 292 278 318 ;
296 280 423 322 et’quod
440 280 543 313 verbis
559 283 650 313 docet
665 282 754 316 alios,
771 281 803 311 id
819 281 950 322 omnino,
963 281 1072 322 vitaet
1087 280 1228 322 moribus
1242 280 1400 322 exhibeat.

229 324 293 353 Hoc
307 320 411 362 ipsum
427 332 506 362 opus
521 323 595 353 olim
618 321 819 361 Angilbertus
843 320 981 350 Corbeias
1004 321 1109 351 Abbas
1123 321 1155 350 in
1172 330 1262 362 usum
1279 320 1429 362 Ludovici
1453 322 1645 362 Francorum
1664 321 1763 360 Regis,
1783 322 1888 352 fratris

188 360 399 400 Carolomani,
423 360 556 393 describi
579 360 711 397 curavit,
734 362 780 391 uti
807 363 1024 391 contestantur
1037 370 1144 391 versus
1172 360 1206 390 in
1230 361 1425 391 Corbeiensis
1448 360 1565 391 codicis
1580 361 1682 391 fronte
1704 361 1838 401 praefixi,
1856 363 1887 392 in

188 402 301 442 quibus
316 403 349 433 hi
363 405 478 443 prater
494 403 572 434 alios
586 403 734 442 leguntur
750 410 758 431 :

719 462 788 484 Hunc
802 462 886 484 Abbas
902 461 999 484 humilis
1007 461 1081 490 jussit
1095 461 1212 484 fabricare
1228 461 1334 484 libellum

744 498 897 526 Angilbertua
910 497 974 519 enim
988 497 1043 519 vilis
1057 499 1080 519 et
1093 497 1195 525 exiguus
1210 505 1215 519 :

717 533 792 560 Quem
807 533 875 555 daret
891 533 931 555 ille
946 532 986 561 pio
997 532 1092 555 caelesti
1106 533 1201 555 numine
1216 533 1275 555 fulto

744 569 861 592 Hlodoico
874 568 943 596 Regi,
958 568 999 596 qui
1013 571 1051 590 est
1065 568 1117 596 pius
1133 570 1203 597 atque
1218 568 1324 591 humilis.

224 619 301 650 Vide
315 619 369 650 lib.
386 621 405 650 2
420 619 700 657 Betractationum,
717 627 786 659 cap.
803 621 833 657 4,
847 618 908 648 col.
926 618 1069 654 631-632,
1086 627 1105 648 a
1119 617 1234 654 verbis,
1252 617 1357 648 Libros
1372 617 1409 648 de
1421 617 1569 648 Doctrina
1585 617 1770 655 Christiana,
1788 629 1888 659 usque

184 659 225 690 ad
240 659 346 698 verba,
363 658 520 698 Praecpta
534 658 680 700 quaedam.
725 658 767 689 M.

183 723 1886 745 m__—_
1757 741 1863 745 ___
1877 741 1881 745 .

548 787 610 839 ε.
653 787 1007 838 Δυιιειιι

1057 784 1278 837 AUGU
1290 786 1527 838 STINI

806 876 1063 908 HIPPONENSIS
1092 876 1269 908 EPISCOPI

355 951 482 1013 DE
541 949 1047 1015 DOCTRINA
1107 948 1718 1014 CHRIS'I‘IANA

758 1048 911 1092 LIBBI
941 1046 1225 1104 QUATUOB
1242 1042 1306 1088 (αλ.

918 1173 1136 1204 PROLOGUS.

655 1225 792 1249 Doctrinam
805 1225 835 1248 de
849 1225 973 1253 Scriptura
985 1224 1109 1247 tractanda
1125 1224 1189 1246 haud
1204 1225 1323 1253 superﬂuo
1339 1224 1409 1248 tradi.

215 1283 240 1310 1.
257 1282 333 1310 Sunt
346 1282 490 1318 prmcepta
499 1280 632 1316 quadam
644 1280 864 1307 tractandarum
881 1279 1007 1315 Scriptu-

180 1334 362 1362 rarum,qu:e
378 1325 519 1354 studiosis
534 1332 634 1352 earum
651 1324 732 1352 video
749 1332 806 1352 non
822 1323 1006 1351 incommode

181 1378 267 1407 posse
282 1370 357 1398 tradi
371 1379 377 1404 ;
397 1372 428 1398 ut
442 1377 501 1397 non
517 1368 613 1396 solum
630 1367 752 1404 legendo
767 1367 840 1396 alios
865 1367 913 1403 qui
930 1367 1006 1394 divi-

182 1423 287 1442 narum
313 1414 487 1442 Litterarum
503 1415 602 1450 operta
624 1415 810 1449 aperuerunt,
828 1412 877 1440 sed
894 1414 921 1439 et
940 1411 1006 1439 aliis

182 1458 238 1495 ipsi
254 1459 410 1495 aperiendo
433 1458 595 1493 proficiant.
611 1459 676 1484 Haac
692 1457 805 1484 tradere
830 1456 944 1484 institui
958 1464 1004 1484 vo-

180 1502 309 1531 lentibus
324 1505 353 1530 et
369 1501 533 1529 valentibus
549 1501 705 1533 discere,si
724 1502 798 1528 Deus
813 1509 845 1528 ac
861 1500 1004 1527 Dominus

180 1550 281 1575 noster
294 1555 328 1574 ea
343 1554 406 1581 quae
422 1546 457 1573 de
474 1546 527 1573 hac
543 1553 573 1573 re
588 1545 726 1580 cogitanti
742 1544 816 1572 solet
837 1552 1003 1580 suggerere,

180 1591 267 1619 etiam
285 1590 423 1618 scribenti
439 1590 512 1617 mihi
528 1597 585 1617 non
601 1589 732 1625 deneget.
749 1589 828 1621 Quod
846 1591 1003 1623 antequam

180 1635 324 1667 exordiar,
340 1635 457 1662 videtur
472 1633 543 1661 mihi
560 1633 797 1669 respondendum
813 1640 878 1661 esse
894 1633 938 1660 his
954 1633 1004 1668 qui

181 1680 242 1708 haec
258 1678 461 1715 reprehensuri
477 1680 556 1710 sunt,
572 1679 622 1705 aut
637 1677 840 1713 reprehensuri
856 1679 965 1711 essent,
979 1676 1004 1704 si

181 1732 231 1752 eos
246 1731 304 1751 non
320 1725 387 1751 ante
402 1722 596 1758 placaremus.
620 1722 701 1755 Quod
719 1721 741 1749 si
759 1721 893 1749 nonnulli
917 1721 1004 1749 etiam

182 1770 249 1805 post
263 1768 321 1796 ista
343 1766 593 1804 reprehenderint,
610 1766 713 1794 saltem
738 1766 811 1794 alios
827 1774 884 1794 non
909 1774 1005 1793 move-

182 1813 323 1848 bunt,nec
338 1812 374 1840 ab
391 1811 455 1840 utili
469 1810 565 1839 studio
581 1811 617 1839 ad
633 1810 786 1846 imperitiae
802 1810 950 1846 pigritiam
961 1819 1005 1838 re-

185 1858 341 1891 vocabunt,
358 1865 433 1892 quos
457 1864 571 1883 movere
586 1858 716 1891 possent,
734 1855 789 1883 nisi
815 1856 1006 1890 praemunitos

181 1904 419 1938 praeparatosque
434 1900 605 1928 invenirent.

217 1947 244 1974 2.
261 1945 384 1978 Quidam
399 1944 477 1973 enim
491 1943 696 1980 reprehensuri
712 1946 782 1972 sunt
798 1944 853 1972 hoc
867 1952 941 1980 opus
954 1952 1005 1971 nu-

183 1993 288 2026 strum,
305 1998 372 2018 cum
401 1997 435 2017 ea
450 1997 513 2025 quas
530 1989 701 2025 praecepturi
717 1997 822 2016 sumus
847 1997 903 2016 non
919 1988 1005 2016 intel-

181 2035 446 2068 lexerint.Quidsm
461 2042 527 2061 vero
543 2042 609 2061 cum
626 2033 781 2061 intellectis
796 2034 837 2060 uti
851 2033 1004 2066 voluerint,

183 2080 337 2115 conatique
368 2078 476 2106 fuerint
504 2078 670 2113 Seripturas
699 2077 814 2105 divinas
843 2078 1005 2105 secundum

182 2125 243 2152 hac
273 2125 415 2160 praaoepta
443 2124 580 2155 tractare,
598 2129 692 2156 neque
720 2121 866 2148 valuerint
894 2122 1007 2157 aperire

181 2171 270 2204 atque
285 2167 428 2204 explicare
452 2166 529 2202 quod
556 2166 687 2201 cupiunt,
706 2166 831 2193 inaniter
854 2174 900 2193 me
926 2165 1006 2193 labo-

182 2221 263 2242 rasse
286 2211 525 2245 arbitrabuntur;
543 2212 571 2238 et
586 2209 656 2246 quia
671 2209 727 2245 ipsi
750 2218 807 2237 non
824 2210 1006 2245 adjuvabun-

1061 1280 1110 1306 tur
1125 1278 1179 1306 hoc
1204 1286 1301 1315 opere,
1318 1279 1432 1306 nullum
1459 1279 1589 1315 adjuvari
1606 1288 1690 1316 posse
1714 1282 1883 1311 censebunt.

1060 1323 1187 1351 Tertium
1214 1331 1306 1359 genus
1334 1326 1379 1351 est
1407 1324 1662 1360 reprehensorum,
1692 1326 1741 1361 qui
1772 1326 1884 1355 divinas

1061 1367 1227 1403 Scripturas
1241 1368 1285 1395 vel
1302 1376 1400 1395 revera
1423 1368 1495 1396 bene
1510 1370 1646 1401 tractant.
1662 1370 1705 1398 vel
1720 1371 1793 1398 bene
1808 1374 1883 1400 trac-

1060 1413 1120 1439 tare
1137 1411 1193 1439 sibi
1209 1411 1342 1440 videntur
1359 1421 1366 1440 :
1384 1412 1432 1447 qui
1449 1413 1588 1448 quoniam
1607 1414 1697 1441 nullis
1713 1414 1882 1450 hujusmodi

1059 1455 1310 1484 observationibus
1325 1456 1418 1491 lectis,
1444 1456 1545 1492 quales
1566 1466 1644 1486 nunc
1668 1459 1782 1487 tradere
1798 1458 1881 1487 insti-

1058 1500 1111 1534 tui,
1129 1500 1295 1528 fscultatem
1324 1502 1558 1536 exponendorum
1589 1505 1755 1531 sanctorum
1782 1504 1882 1532 Libro-

1059 1553 1125 1571 rum
1151 1553 1182 1571 se
1206 1547 1356 1573 assecutus
1381 1545 1423 1572 vel
1450 1546 1558 1581 vident,
1575 1546 1618 1574 vel
1644 1551 1758 1582 putant,
1775 1548 1885 1576 nemini

1059 1596 1124 1616 esse
1147 1588 1204 1616 ista
1226 1593 1368 1625 praecepta
1393 1591 1567 1623 necessaria,
1593 1592 1642 1618 sed
1668 1592 1765 1626 potius
1790 1595 1883 1620 totum

1061 1633 1139 1668 quod
1155 1633 1190 1660 de
1206 1633 1323 1660 illarum
1340 1633 1514 1662 Litterarum
1536 1635 1765 1663 obscuritatibus
1781 1635 1885 1664 lauda-

1060 1677 1159 1705 biliter
1183 1677 1323 1713 aperitur,
1341 1678 1438 1706 divino
1462 1687 1581 1707 munere
1596 1679 1657 1707 fieri
1682 1688 1768 1716 posse
1783 1680 1885 1708 clami-

1059 1721 1175 1749 tabunt.

1096 1766 1121 1793 3.
1138 1766 1250 1798 Quibus
1266 1766 1404 1794 omnibus
1418 1767 1543 1795 breviter
1557 1768 1749 1804 respondens,
1762 1769 1820 1797 illis
1837 1770 1887 1806 qui

1060 1810 1121 1838 haec
1132 1819 1194 1846 quas
1206 1811 1363 1839 scribimus
1377 1820 1434 1839 non
1449 1811 1684 1848 intelligunt,hoc
1695 1812 1774 1842 dico:
1786 1822 1832 1842 me
1845 1815 1885 1842 ita

1061 1863 1118 1883 non
1131 1863 1194 1883 esse
1206 1855 1629 1891 reprehendendumguiahac
1638 1865 1693 1885 non
1703 1857 1883 1895 intelligunt:

1059 1901 1198 1936 tanquam
1205 1899 1228 1927 si
1236 1899 1336 1928 lunam
1343 1900 1513 1928 veteremvel
1521 1902 1722 1935 novam,sidus
1729 1911 1761 1930 ve
1768 1903 1885 1939 aliquod

1061 1945 1182 1972 minime
1194 1944 1305 1972 clarum
1312 1944 1610 1981 vellentvidere,quod
1618 1954 1670 1982 ego
1677 1947 1787 1975 intento
1794 1948 1885 1984 digito

1061 1989 1312 2023 demonstrarem;
1329 1989 1388 2017 illis
1403 1992 1500 2017 autem
1519 1998 1571 2017 nec
1594 1991 1630 2018 ad
1646 1991 1742 2026 ipsum
1759 1992 1884 2028 digitum

1062 2041 1159 2060 meum
1167 2034 1326 2061 videndum
1336 2034 1487 2061 sufﬁciens
1494 2037 1571 2062 esset
1577 2035 1653 2063 acies
1660 2036 1885 2071 oculorum,non

1061 2080 1214 2113 propterea
1239 2078 1310 2105 mihi
1328 2086 1500 2106 succensere
1522 2079 1670 2107 deberent.
1686 2080 1729 2107 Illi
1754 2089 1820 2109 vero
1836 2082 1887 2117 qui

1060 2121 1147 2149 etiam
1156 2122 1220 2149 istis
1232 2122 1383 2157 praeceptis
1394 2123 1518 2158 cognitis
1527 2128 1611 2158 alque
1618 2124 1771 2159 perceptis,
1784 2133 1816 2152 es
1824 2134 1888 2161 qua:

1061 2165 1091 2193 in
1098 2165 1573 2201 divinisSeripturisobscurasunt
1580 2167 1685 2195 intueri
1693 2169 1888 2206 nequiverint,

1062 2210 1243 2237 arbitrentur
1258 2218 1288 2238 se
1303 2210 1428 2246 digitum
1440 2210 1557 2245 quidem
1574 2219 1671 2239 meum
1688 2213 1784 2241 videre
1793 2222 1889 2250 posse,

813 2272 953 2289 ADMONITIO
968 2273 1005 2288 PP.
1021 2272 1248 2290 BINBDICTMORUM.

207 2310 242 2333 De
257 2308 370 2332 Doctrina
383 2306 519 2330 Christiana
534 2306 598 2329 Libri
613 2308 716 2340 quatuor
727 2306 855 2340 _recogniti
869 2308 924 2328 sunt
938 2306 968 2328 de
982 2313 1044 2328 novo
1060 2306 1091 2329 ad
1106 2306 1204 2340 codices
1227 2306 1403 2340 manuscriptos
1414 2306 1519 2340 triginta,
1533 2307 1625 2340 scilicet
1637 2308 1668 2330 ad
1684 2309 1813 2333 Vaticanus
1827 2314 1887 2340 tres,

181 2341 212 2363 ad
226 2340 385 2363 Corbeienses
400 2339 469 2362 duos,
485 2344 585 2366 quorum
609 2337 669 2359 alter
683 2337 779 2365 optimm
801 2339 863 2359 notae
883 2340 907 2359 et
927 2341 980 2359 ante
1004 2343 1080 2359 annos
1103 2337 1197 2359 circiter
1219 2337 1283 2359 mille
1303 2337 1438 2366 descriptus
1461 2338 1570 2364 videtur;
1585 2339 1614 2361 ad
1630 2345 1701 2362 unum
1715 2347 1729 2362 θ
1743 2337 1888 2366 Bibliotheca

181 2373 263 2400 Regia,
277 2377 348 2393 unum
362 2377 375 2392 θ
389 2370 502 2392 Τξιυαηθδ
516 2372 539 2391 ει
553 2375 624 2390 unum
639 2375 652 2390 e
667 2368 824 2400 Germanensi
838 2371 928 2400 nostra.
946 2368 1015 2400 Alios
1029 2368 1210 2400 suppeditarunt
1223 2368 1354 2396 Collegium
1370 2369 1529 2392 Navarricum
1544 2372 1567 2391 et
1582 2370 1745 2397 Sorbonicum,
1760 2372 1803 2395 PP.
1812 2373 1887 2396 Fran-

180 2399 270 2426 ciscani
284 2402 385 2430 majoris
399 2402 530 2422 conventus
545 2399 693 2423 Parisiensis.
711 2400 752 2421 PP.
774 2399 920 2421 Dominicani
935 2399 973 2421 via
991 2399 1103 2424 Jacobea,
1118 2400 1161 2421 PP.
1189 2400 1356 2427 Augustiniani
1378 2400 1410 2422 ad
1426 2402 1540 2429 Sequanae
1557 2401 1639 2429 ripam,
1656 2401 1683 2423 D.
1699 2403 1724 2424 de
1752 2403 1806 2425 Vion
1820 2405 1887 2427 δεο-

180 2434 265 2457 νουυαι,
280 2434 307 2456 D.
322 2432 396 2459 Bigol,
413 2431 580 2454 Cisterciensis
603 2430 713 2457 Abbatis,
729 2431 783 2452 item
799 2430 903 2452 Abbatis
928 2430 1096 2455 Floriacensis,
1120 2430 1311 2457 Vindocinensis,
1337 2431 1547 2458 Gemmetieensis,
1569 2432 1706 2459 Beccenais,
1724 2434 1885 2462 Pratellensis,

181 2465 306 2493 Lyrensis,
319 2466 339 2485 5.
351 2463 447 2486 Arnulﬂ
461 2462 583 2486 Metensis.
600 2462 621 2484 S.
636 2461 717 2483 Albini
731 2461 927 2489 Andegavensis,
943 2463 965 2482 S.
976 2461 1086 2483 Audoeni
1101 2462 1296 2489 Rotomagensis,
1313 2464 1336 2485 S.
1351 2463 1470 2485 Martialis
1485 2463 1671 2485 Lemovicensis.
1687 2465 1709 2486 S.
1725 2465 1849 2489 Michaelis
1864 2468 1888 2490 in

179 2492 289 2519 Pericula
303 2495 384 2520 maris,
401 2496 423 2517 5.
446 2493 546 2520 Remigii
562 2493 695 2518 Remensis,
712 2494 734 2513 ς.
751 2492 892 2514 Theoderici
915 2499 988 2521 prope
1003 2493 1094 2514 Remos
1109 2495 1131 2514 et
1155 2493 1248 2515 Casalis
1264 2494 1392 2516 Benedicti.
1407 2495 1535 2517 Praeterea,
1552 2493 1618 2516 libris
1631 2494 1715 2516 iisdem
1730 2498 1889 2521 emendandis

180 2528 293 2550 adhibitus
308 2529 362 2548 sunt
374 2525 493 2547 variantes
509 2524 630 2548 lectiones,
646 2529 706 2550 quas
720 2523 776 2545 olim
792 2530 822 2545 ex
838 2524 943 2551 Belgicis
957 2530 1001 2546 sex
1016 2524 1074 2545 Mss.
1092 2524 1241 2551 collegerunt
1265 2525 1428 2547 Lovanienses
1447 2524 1563 2552 Theologi
1577 2532 1582 2546 τ
1598 2525 1688 2547 collatae
1702 2527 1773 2549 etiam
1795 2528 1891 2551 fuerunt

179 2558 323 2586 antiquiores
337 2559 360 2578 et
372 2556 478 2584 potiores
492 2554 616 2578 editiones,
632 2554 690 2586 Had:
706 2554 728 2575 id
744 2556 781 2576 est
800 2560 852 2582 quae
867 2554 949 2577 Jedoci
973 2554 1041 2576 Badii
1056 2555 1168 2577 Asuensii
1183 2555 1262 2578 studio
1286 2556 1415 2583 recognita,
1431 2558 1500 2583 atque
1513 2555 1612 2577 Joannis
1637 2557 1705 2584 parvi
1718 2559 1783 2586 typis
1797 2566 1890 2583 excusa

179 2593 217 2613 est
233 2585 338 2614 Parisiis,
351 2594 388 2610 an.
408 2586 475 2613 1502;
493 2586 547 2607 Arn.
564 2591 617 2613 qurc
632 2591 662 2606 ex
677 2585 775 2607 Joannis
792 2586 947 2607 Amerlachii
961 2586 1055 2608 ofﬁcina
1071 2586 1156 2614 prodiit
1173 2587 1286 2612 Basilem.
1303 2593 1340 2609 an.
1358 2587 1410 2609 1506
1424 2594 1429 2613 ;
1444 2587 1556 2614 Er.quam
1571 2587 1664 2609 scilicet
1679 2585 1816 2613 Desiderius
1828 2591 1892 2614 Era-

180 2626 249 2643 smus
259 2626 272 2641 a
287 2626 313 2641 se
327 2618 470 2640 recensitam
486 2620 509 2638 et
523 2616 674 2638 emendatam
689 2617 782 2638 curavit
795 2616 943 2639 Frobeniano
959 2617 1025 2645 prelo
1039 2617 1125 2639 excudi
1150 2618 1260 2642 Basileaz,
1275 2624 1313 2640 an.
1332 2618 1397 2642 1528;
1414 2620 1437 2639 et
1452 2617 1511 2639 Lov.
1524 2617 1549 2638 id
1564 2620 1608 2643 est,
1620 2624 1690 2645 quam
1706 2619 1890 2644 ιοναηὶθηεὶυτη

180 2651 360 2678 Theologorum
372 2655 449 2677 opera
462 2647 642 2675 castigatiorem
655 2647 751 2669 caeteris
770 2647 885 2669 hactenus
901 2648 1056 2674 habebamus,
1071 2654 1102 2670 ex
1120 2648 1265 2670 Flaminiana
1277 2648 1437 2676 typographia
1451 2648 1581 2676 profectam
1597 2654 1635 2671 an.
1652 2650 1711 2673 1576.

224 2699 468 2744 Coongl'aeiptus
490 2701 631 2744 praelecta
645 2705 692 2744 eas
716 2696 964 2744 omnes-editiones
987 2697 1072 2744 1'7:in
1088 2698 1172 2743 Itetr.
1190 2700 1219 2727 et
1244 2699 1396 2744 Confess,
1415 2701 1435 2727 t.
1454 2698 1481 2733 1,
1508 2703 1741 2744 mezto_ralas_,_et
1765 2701 1887 2743 insuper

182 2741 256 2784 ζου.
275 2736 369 2784 b586,
431 2743 473 2768 est
491 2736 618 2784 alterum
637 2736 880 2784 ,ρρᾳαῃὶεξηιεξιμζῃ
905 2738 1003 2784 datori?
1029 2737 1269 2784 Ρανιέξξξῌαηηο
1288 2739 1380 2784 1⁵586,
1407 2747 1518 2768 necnon
1542 2737 1655 2775 Helm,
1672 2738 1704 2769 id
1724 2745 1777 2778 est,
1793 2736 1882 2782 gu'am

185 2781 329 2821 Georgius
345 2778 484 2812 Calixtus
492 2777 575 2818 juris
587 2776 706 2817 publici
715 2776 788 2816 fecit
802 2776 1006 2816 Helmesladiz',
1022 2787 1100 2808 anno
1116 2778 1204 2808 I655.
1288 2777 1330 2808 Μ.

208 2844 240 2873 (a)
255 2843 359 2866 lnchoati
373 2843 469 2866 circiter
480 2839 570 2864 Christi
584 2846 671 2863 annum
684 2840 724 2864 397
738 2839 840 2863 absoluti
855 2838 899 2862 sub
914 2845 950 2862 an.
965 2840 1013 2864 426.
