4074 6186
300 393 362 449 ει
1687 379 1922 437 uena
1965 379 2285 441 PRIMUS.

293 524 343 576 in
374 519 615 592 patriam
637 515 828 573 redire
847 513 1153 582 vellemus,
1178 527 1326 583 opus
1349 512 1505 566 esset
1532 508 1617 564 vel
1645 507 1933 563 terrestri-

294 612 390 665 bus
406 608 488 664 vel
509 602 1053 662 marinisvehiculis
1070 602 1283 673 quibus
1305 600 1589 655 utendum
1614 601 1768 654 esset
1785 602 1849 652 ut
1861 598 1932 652 ad

295 699 548 772 patriam,
572 713 687 763 qua
710 695 1023 750 lruendum
1049 695 1173 747 erat
1200 708 1213 757 ;
1238 689 1536 760 pervenire
1565 686 1930 753 valeremus;

3613 389 3695 447 22

2047 508 2277 565 CAPUT
2305 510 2427 566 VII.
2461 542 2530 551 —
2555 516 2740 569 Deum
2766 530 2950 641 ογὲῗξεε
2980 515 3303 583 intelligunt
3336 516 3395 572 in
3416 531 3519 587 quo
3550 518 3696 574 nihil

2756 602 2809 640 m
2867 602 2972 641 ius.

2756 602 2972 641 melius.

2113 688 2167 741 7.
2201 689 2345 744 Nam
2380 706 2512 745 eum
2546 690 2641 746 ille
2671 709 2825 749 unus
2848 694 3142 765 cogitatur
3170 696 3408 751 deorum
3435 696 3688 765 Deus,ab

293 788 431 860 quod
454 786 501 841 si
525 786 897 840 amoenitates
918 782 1166 845 itineris,
1190 783 1247 833 et
1268 779 1394 844 ipsa
1419 776 1666 849 gestatio
1690 776 1929 829 vehicu-

290 879 465 933 lorum
508 892 619 930 nos
648 875 987 936 delectaret,
1013 876 1067 925 et
1090 868 1353 925 conversi
1385 867 1455 921 ad
1488 865 1798 919 fruendum
1834 862 1927 917 his

288 966 486 1038 quibus
518 964 602 1017 uti
634 962 971 1029 debuimus,
1006 958 1295 1014 nollemus
1327 956 1439 1011 cito
1470 955 1625 1009 viam
1659 953 1844 1017 linire,
1869 955 1926 1007 et

284 1070 542 1129 perversa
571 1052 861 1108 suavitate
892 1048 1177 1120 implicati
1221 1046 1615 1101 alienaremur
1647 1060 1678 1096 a
1710 1042 1920 1113 patria,

280 1147 434 1215 cujus
462 1142 729 1198 suavitas
760 1141 976 1195 faceret
1000 1140 1196 1193 beatos
1223 1152 1235 1191 :
1265 1135 1347 1190 sic
1374 1135 1431 1188 in
1456 1134 1635 1203 hujus
1653 1131 1919 1186 mortali-

279 1233 400 1288 tatis
430 1234 551 1287 vita
578 1229 1025 1303 peregrinantes
1066 1244 1098 1281 a
1126 1225 1373 1280 Domino
1404 1223 1475 1293 (Il
1509 1224 1638 1277 Cor.
1670 1240 1723 1288 v,
1756 1222 1833 1290 6),
1868 1219 1918 1274 si

269 1323 439 1379 redire
465 1322 524 1376 in
550 1321 809 1393 patriam
832 1318 1132 1385 volumus,
1158 1315 1255 1369 ubi
1277 1314 1425 1369 beat)
1451 1328 1579 1367 esse
1595 1310 1913 1383 possimus,

268 1413 535 1468 utendum
562 1409 787 1465 esthoc
805 1408 1171 1470 mundo,non
1192 1403 1503 1458 fruendum
1529 1417 1542 1455 :
1565 1405 1629 1453 ut
1646 1398 1911 1453 invisibi-

265 1501 332 1555 lia
358 1498 473 1564 Dei,
498 1514 612 1570 per
631 1513 701 1551 ea
719 1513 844 1567 quae
868 1496 1022 1549 facta
1046 1496 1205 1557 sunt,
1233 1489 1530 1544 intellecta
1551 1486 1914 1557 conspician-

265 1590 539 1659 tur-(Rom.
565 1604 612 1651 1,
640 1587 756 1655 20),
780 1585 888 1640 hoc
919 1587 1028 1652 est,
1049 1585 1114 1636 ut
1144 1580 1214 1634 de
1246 1577 1649 1649 corporalibus
1677 1580 1904 1647 tempo-

268 1677 599 1748 ralibusque
629 1676 802 1732 rebus
834 1678 1052 1729 aeterna
1071 1676 1128 1727 et
1160 1666 1495 1740 spiritualia
1519 1665 1838 1738 capiamus.

328 1819 548 1876 CAPUT
581 1818 651 1873 V.
686 1848 753 1858 —
784 1818 923 1872 Deus
969 1815 1233 1883 Trinitas,
1262 1827 1352 1866 res
1382 1828 1487 1882 qua
1515 1808 1834 1881 fruendum.

322 1948 371 2001 5.
396 1947 502 2000 Res
524 1944 716 2016 igitur
740 1942 958 2015 quibus
983 1939 1297 1995 fruendum
1322 1940 1432 2003 est,
1457 1936 1626 1990 Pater
1647 1937 1704 1990 et
1726 1933 1908 1989 Filius

259 2035 572 2107 etSpiritus
596 2030 1190 2100 sanctus,eademque
1211 2025 1615 2092 Trinitas,una
1638 2024 1905 2095 quaedam

196 2160 207 2173 ι
258 2140 478 2180 summa
495 2119 1077 2190 res,communisque
1095 2116 1369 2172 omnibus
1391 2114 1720 2169 fruentibus
1737 2130 1831 2179 ea;
1857 2112 1907 2169 si

257 2218 437 2269 tamen
465 2229 567 2268 res
586 2216 645 2267 et
667 2226 784 2266 non
811 2225 1005 2264 rerum
1030 2205 1295 2263 omnium
1328 2221 1506 2260 causa
1527 2203 1623 2272 sit,
1642 2204 1690 2258 si
1710 2206 1906 2260 tamen

259 2308 312 2357 et
330 2318 518 2357 causa.
550 2301 681 2359 Non
703 2298 860 2354 enim
902 2295 1070 2352 facile
1093 2310 1307 2350 nomen
1332 2294 1489 2363 quod
1518 2296 1697 2347 tanta:
1720 2292 1908 2348 excel-

260 2390 438 2446 lentia:
457 2388 772 2445 conveniat
789 2390 983 2459 potest
1004 2382 1395 2450 inveniri,nisi
1420 2383 1574 2453 quod
1594 2381 1807 2436 melius
1829 2380 1911 2435 ita

263 2480 465 2535 dicitur
486 2477 748 2535 Trinitas
767 2477 910 2541 haec,
939 2491 1092 2530 unus
1136 2478 1286 2528 Deus
1317 2488 1385 2527 ex
1423 2488 1537 2542 quo
1559 2471 1776 2541 omnia,
1808 2485 1912 2540 per

265 2585 429 2639 quem
458 2569 685 2634 omnia,
712 2567 773 2621 in
799 2582 911 2636 quo
934 2562 1135 2620 omnia
1159 2561 1550 2632 (Rom.x1,36).
1567 2561 1649 2615 Ita
1670 2564 1837 2614 Pater
1854 2561 1912 2613 et

271 2658 431 2714 Filius
452 2655 785 2729 etSpiritus
803 2650 1413 2723 sanctus,etsingulus
1430 2650 1681 2721 quisque
1700 2649 1910 2704 horum

269 2748 491 2816 Deus,et
504 2746 690 2803 simul
705 2761 912 2800 omnes
930 2760 1085 2798 unus
1099 2742 1253 2797 Deus
1271 2765 1284 2805 ;
1299 2738 1640 2811 etsingulus
1660 2739 1913 2810 quisque

267 2836 456 2893 horum
473 2836 655 2908 plena
668 2833 1084 2898 substantia,et
1099 2830 1280 2887 simul
1298 2845 1503 2884 omnes
1516 2845 1633 2883 una
1644 2828 1916 2883 substan-

266 2926 357 2981 tia.
384 2928 547 2981 Pater
570 2941 682 2980 nec
706 2924 889 2979 Filius
911 2927 1003 2978 est
1026 2938 1128 2976 nec
1162 2919 1420 2991 Spiritus
1442 2921 1704 2981 sanctus,
1731 2915 1913 2970 Filius

271 3030 365 3069 nec
392 3015 562 3070 Pater
584 3019 679 3069 est
701 3030 806 3068 nec
823 3012 1079 3084 Spiritus
1103 3013 1365 3079 sanctus,
1388 3007 1644 3079 Spiritus
1675 3009 1913 3061 sanctus

262 3121 355 3159 nec
386 3109 557 3159 Pater
586 3106 681 3159 est
700 3119 809 3157 nec
833 3101 1041 3167 Filius;
1084 3100 1185 3154 sed
1213 3102 1380 3153 Pater
1400 3101 1630 3151 tantum
1654 3096 1836 3161 Pater,
1860 3097 1918 3149 et

268 3193 430 3249 Filius
449 3197 687 3248 tantum
706 3190 974 3255 Filius,et
998 3189 1251 3261 Spiritus
1273 3190 1514 3242 sanctus
1536 3188 1766 3240 tantum
1788 3182 1913 3254 Spi-

267 3281 400 3337 ritus
417 3281 915 3338 sanctus.Eadem
940 3278 1127 3333 tribus
1141 3275 1668 3343 zeternitas,eadem
1693 3273 1914 3328 incom-

273 3370 863 3439 mutabilitas,eadem
898 3366 1410 3437 majestas,eadem
1442 3363 1791 3435 potestas.ln
1810 3363 1917 3417 Pa-

270 3465 347 3515 tre
376 3463 601 3527 unitas,
634 3459 692 3513 in
729 3456 873 3513 Filio
903 3454 1292 3527 mqualitasjn
1314 3452 1535 3525 Spiritu
1562 3456 1762 3508 sancto
1786 3451 1916 3506 uni-

272 3550 399 3604 tatis
429 3546 910 3620 equalitatisque
935 3543 1246 3600 concordia
1276 3560 1288 3597 :
1326 3546 1385 3598 et
1420 3543 1534 3596 tria
1582 3541 1701 3595 haec
1732 3555 1918 3596 unum

277 3638 464 3692 omnia
496 3641 742 3709 propter
771 3635 1025 3702 Patrem,
1059 3631 1301 3704 zequalis
1331 3630 1531 3687 omnia
1561 3634 1797 3703 propter
1827 3630 1919 3684 Fi—

274 3725 427 3793 lium,
458 3742 731 3783 connexa
760 3724 960 3779 omnia
989 3726 1226 3795 propter
1250 3720 1530 3793 Spiritum
1562 3724 1853 3776 sanetum.

426 3870 671 3926 CAPUT
704 3869 798 3923 VI.
831 3899 899 3909 —
932 3872 1075 3923 Deus
1101 3864 1435 3937 ineﬂabilis,
1467 3863 1754 3937 quomodo.

333 3998 381 4050 6.
405 3995 754 4051 Diximusne
774 3991 998 4063 aliquid
1021 3996 1077 4046 et
1101 3989 1411 4046 eonuimus
1437 3988 1657 4061 aliquid
1680 3988 1922 4060 dignum

280 4085 421 4141 Deo?
451 4086 581 4141 Imo
616 4099 749 4137 vero
771 4081 917 4136 nihil
945 4096 1038 4135 me
1062 4079 1220 4135 aliud
1252 4095 1433 4150 quam
1465 4077 1653 4133 dicere
1670 4077 1924 4132 voluisse

278 4172 478 4228 sentio:
499 4172 553 4228 si
577 4176 777 4226 autem
801 4168 944 4238 dixi,
971 4184 1087 4224 non
1118 4167 1229 4223 hoc
1250 4171 1338 4222 est
1360 4166 1514 4239 quod
1539 4165 1729 4221 dicere
1748 4163 1922 4220 volui.

279 4262 379 4317 Hoc
408 4262 571 4318 unde
606 4260 747 4326 scio,
778 4258 895 4315 nisi
926 4258 1067 4329 quia
1094 4262 1245 4313 Deus
1274 4254 1591 4312 ineﬂ'ahilis
1621 4258 1736 4323 est;
1770 4253 1925 4325 quod

276 4355 457 4406 autem
474 4367 508 4405 a
526 4364 626 4405 me
644 4348 868 4403 dictum
891 4347 1059 4411 est,si
1077 4344 1371 4401 ineffabile
1383 4344 1785 4414 esset,dictum
1809 4358 1924 4397 non

274 4440 460 4495 esset?
478 4443 565 4495 Ae
591 4454 695 4510 per
715 4436 823 4493 hoc
842 4454 913 4492 ne
934 4434 1248 4492 ineliabilis
1271 4434 1508 4505 quidem
1535 4432 1818 4487 dicendus
1838 4433 1929 4486 est

280 4527 448 4599 Deus,
474 4528 623 4600 quia
645 4530 701 4582 et
732 4525 844 4581 hoc
876 4541 1009 4580 cum
1040 4524 1275 4593 dicitur,
1301 4522 1520 4593 aliquid
1546 4520 1850 4577 diciturzEt
1864 4520 1929 4575 ﬁt

278 4618 464 4674 nescio
497 4634 636 4690 qua:
668 4632 868 4687 pugna
894 4614 1226 4683 verborum,
1261 4610 1541 4683 quoniam
1582 4610 1631 4666 si
1668 4608 1815 4664 illud
1840 4612 1929 4664 est

277 4707 596 4774 ineffabile,
640 4705 797 4776 quod
834 4702 948 4758 diei
980 4719 1092 4757 non
1126 4706 1338 4774 potest,
1363 4717 1478 4756 non
1516 4704 1605 4755 est
1637 4698 1930 4755 ineffabile

276 4798 421 4867 quod
441 4798 526 4853 vel
555 4793 854 4851 ineffabile
877 4792 991 4847 dici
1015 4796 1226 4864 potest.
1247 4792 1383 4857 Quae
1407 4806 1604 4862 pugna
1619 4789 1928 4844 verborum

277 4886 506 4941 silentio
534 4884 795 4941 cavenda
832 4884 1026 4954 potius
1057 4897 1234 4953 quam
1267 4895 1405 4936 voce
1436 4878 1701 4952 pacanda
1732 4882 1839 4933 est.
1863 4877 1933 4933 Et

270 4979 471 5032 "tamen
499 4976 837 5038 Dens,cum
861 4969 1047 5027 deillo
1077 4968 1226 5026 nihil
1257 4969 1433 5042 digne
1462 4968 1577 5024 dici
1601 4967 1807 5040 possit,
1828 4968 1930 5023 ad-

288 5065 441 5121 misit
485 5066 767 5120 humanaa
798 5060 955 5117 vocis
1003 5058 1376 5132 obsequium,
1407 5062 1462 5115 et
1492 5057 1685 5115 verbis
1716 5056 1933 5113 nostris

282 5154 337 5209 in
367 5154 541 5210 laude
572 5170 687 5209 sua
731 5152 987 5224 gaudere
1016 5166 1124 5207 nos
1171 5148 1377 5205 voluit.
1415 5149 1561 5205 Nam
1591 5149 1728 5204 inde
1758 5151 1848 5204 est
1879 5150 1936 5202 et

283 5246 427 5313 quod
458 5244 680 5299 dicitur
719 5242 893 5297 Deus.
920 5244 1045 5295 Non
1075 5238 1232 5294 enim
1265 5253 1463 5294 revera
1490 5237 1549 5292 in
1582 5236 1832 5309 strepitu
1855 5236 1935 5292 is-

281 5339 467 5388 tarum
492 5334 752 5388 duarum
778 5328 1135 5403 syllabarum
1155 5328 1279 5399 ipse
1301 5327 1702 5399 cognoscitur;
1726 5327 1826 5381 sed
1852 5331 1936 5380 ta-

284 5439 405 5477 men
426 5438 638 5479 omues
662 5419 854 5476 latinae
878 5417 1089 5489 lingua:
1123 5417 1276 5471 scios
1311 5420 1352 5481 ί,
1381 5431 1516 5470 cum
1541 5432 1711 5470 aures
1735 5430 1936 5470 eorum

286 5528 457 5567 sonus
490 5512 601 5567 iste
626 5508 908 5581 tetigerit,
937 5510 1127 5561 movet
1156 5506 1227 5560 ad
1264 5504 1634 5577 cogitandam
1665 5503 1941 5559 excellen-

286 5602 571 5657 tissimam
602 5600 937 5673 quamdam.
958 5593 1471 5666 immortalemque
1502 5599 1797 5650 naturam.

351 5793 367 5826 ⁸
400 5788 563 5854 Apud
591 5788 707 5845 Am,
738 5786 826 5837 Er.
859 5793 912 5836 et
938 5783 1062 5835 Mes.
1096 5779 1497 5846 septemdecim,
1526 5782 1705 5830 socios.

2040 775 2134 830 his
2156 778 2330 833 etiam
2356 780 2455 850 qui
2479 780 2623 836 alios
2645 786 2701 837 et
2721 784 3101 855 suspicantur
3116 789 3173 839 et
3193 789 3465 841 vocantet
3486 786 3686 842 colunt

2039 866 2177 921 deos
2212 868 2331 922 sive
2355 870 2411 922 in
2438 871 2579 924 cmlo
2612 871 2729 925 sive
2758 871 2815 926 in
2848 878 3022 941 terra,
3048 874 3130 928 ita
3160 875 3466 945 cogitatur,
3492 879 3557 929 ut
3578 876 3683 931 ali-

2037 954 2175 1025 quid
2202 972 2316 1026 quo
2340 957 2483 1011 nihil
2510 959 2721 1014 melius
2743 961 2820 1015 sit
2854 966 3028 1031 atque
3051 962 3364 1019 sublimius
3398 963 3500 1017 illa
3520 964 3684 1036 cogi-
3716 978 3737 990 ‘

2034 1043 2176 1098 tatio
2220 1052 2464 1100 conetur
2487 1048 2791 1119 attingere.
2814 1050 2963 1103 Sane
2989 1051 3265 1121 quoniam
3290 1052 3532 1106 diversis
3556 1070 3678 1107 mo-

2030 1137 2239 1186 ventur
2280 1134 2469 1201 bonis,
2514 1135 2725 1206 partim
2758 1138 2844 1191 eis
2885 1155 3010 1208 quae
3033 1139 3104 1192 ad
3130 1139 3388 1209 corporis
3409 1157 3673 1211 sensum,

2029 1220 2241 1287 partim
2267 1221 2350 1275 eis
2376 1238 2501 1291 quae
2525 1223 2595 1276 ad
2636 1223 2817 1277 animi
2855 1224 3299 1295 intelligentiam
3327 1228 3618 1297 pertinent
3658 1246 3671 1297 ;

2027 1305 2113 1361 illi
2144 1309 2246 1379 qui
2276 1310 2456 1363 dediti
2480 1317 2619 1365 sunt
2640 1313 2898 1384 corporis
2922 1314 3324 1384 sensibus,aut
3345 1316 3537 1386 ipsum
3561 1333 3671 1372 cm-

2025 1394 2279 1463 lum,aut
2296 1399 2448 1469 quod
2470 1399 2528 1454 in
2552 1400 2695 1456 cmlo
2720 1402 3219 1473 fulgentissimum
3242 1405 3566 1473 vident,aut
3588 1406 3672 1478 ip-

2026 1501 2159 1539 sum
2185 1488 2685 1556 mundum,Deum
2710 1491 2952 1545 deorum
2976 1507 3104 1547 esse
3124 1494 3485 1548 arbitrantur
3505 1511 3520 1551 :
3544 1500 3669 1560 aut,

2024 1573 2073 1629 si
2095 1580 2258 1629 extra
2281 1577 2566 1632 mundum
2609 1578 2689 1632 ire
2729 1581 3109 1647 contendunt,
3143 1580 3368 1651 aliquid
3407 1582 3668 1640 lucidum

2020 1662 2439 1734 imaginantur,
2472 1665 2649 1737 idque
2680 1666 2765 1722 vel
2788 1667 3107 1737 infinitum,
3131 1670 3219 1725 vel
3243 1687 3309 1725 ea
3332 1671 3516 1727 forma
3539 1690 3667 1743 quae

2021 1752 2670 1824 optimavidetur,inani
2688 1757 3024 1828 suspicione
3045 1758 3547 1823 constituunt,aut
3564 1761 3641 1816 hu
3666 1806 3669 1807 ν

2021 1841 2180 1897 mani
2202 1842 2460 1913 corporis
2478 1844 2727 1915 ﬁguram
2750 1846 3027 1918 cogitant,
3043 1847 3091 1901 si
3113 1864 3240 1903 eam
3269 1853 3283 1885 ί
3309 1850 3531 1905 caeteris
3555 1868 3663 1906 an-

2018 1933 2490 2003 teponunt.Quod
2515 1933 2565 1986 si
2596 1950 2780 1989 unum
2797 1935 2981 1991 Deum
3003 1938 3245 1992 deorum
3266 1954 3393 1994 esse
3416 1956 3530 1995 non
3551 1956 3661 2011 pu-

2017 2025 2165 2090 tant,
2196 2025 2254 2076 et
2285 2022 2477 2092 potius
2509 2022 2727 2080 multos
2759 2030 2861 2080 aut
2902 2026 3363 2082 innumerabiles
3413 2030 3658 2099 aequalis

2018 2110 2239 2166 ordinis
2262 2111 2400 2167 deos
2424 2128 2438 2179 ;
2472 2112 2647 2168 etiam
2671 2128 2769 2169 eos
2790 2119 2984 2170 tamen
3013 2120 3186 2187 prout
3208 2116 3417 2188 cuique
3448 2116 3663 2188 aliquid

2019 2203 2277 2273 corporis
2323 2203 2551 2258 videtur
2597 2204 2900 2276 excellere,
2930 2206 3012 2261 ita
3043 2207 3323 2277 ﬁguratos
3355 2207 3551 2264 animo
3584 2214 3667 2265 te-

2020 2299 2180 2350 nent.
2206 2294 2311 2349 Illa
2341 2300 2535 2351 autem
2567 2297 2669 2368 qui
2700 2315 2804 2370 per
2827 2297 3278 2371 intelligentiam
3310 2304 3564 2371 pergunt
3592 2303 3669 2356 vi-

2023 2384 2157 2439 dere
2180 2385 2335 2455 quod
2366 2385 2522 2441 Deus
2551 2390 2659 2454 est,
2693 2388 2969 2444 omnibus
3001 2404 3136 2443 eum
3169 2389 3396 2445 naturis
3427 2390 3672 2446 visibili-

2022 2476 2134 2530 bus
2150 2479 2206 2530 et
2223 2475 3122 2549 corporalibus,intelligibilibus
3135 2478 3311 2534 etiam
3324 2482 3381 2534 et
3399 2480 3673 2551 spiritua-

2022 2563 2483 2630 libus,omnibus
2498 2566 2883 2622 mutabilibus
2905 2568 3460 2638 praeieruntﬂmnes
3476 2572 3674 2624 tamen

2024 2653 2288 2709 certatim
2306 2670 2406 2725 pro
2429 2654 2770 2710 excellentia
2794 2656 2889 2710 Dei
2908 2656 3223 2727 dimicant;
3241 2672 3345 2712 nec
3367 2657 3676 2729 quisquam

2024 2742 2270 2797 inveniri
2294 2747 2485 2813 potest
2504 2744 2603 2815 qui
2625 2744 2731 2799 hoc
2750 2746 2930 2799 Deum
2953 2746 3291 2802 credatesse
3315 2763 3429 2818 quo
3458 2747 3671 2802 melius

2026 2830 2249 2903 aliquid
2274 2835 2380 2887 est.
2410 2832 2607 2903 Itaque
2629 2832 2737 2887 hoc
2760 2849 2955 2888 omnes
2978 2838 3157 2889 Deum
3181 2836 3559 2891 consentiunt
3579 2852 3670 2892 es-

2026 2937 2107 2988 se,
2143 2922 2299 2992 quod
2332 2921 2555 2976 caeteris
2588 2922 2762 2978 rebus
2794 2923 3073 2978 omnibus
3104 2929 3486 2996 anteponunt.

2025 3027 2261 3084 CAPUT
2293 3028 2444 3101 VIII.
2479 3059 2545 3069 —
2588 3030 2729 3084 Deus
2756 3045 2880 3084 cum
2908 3032 2982 3085 sit
3010 3032 3283 3101 sapientia
3312 3033 3677 3088 incommuta-

2301 3098 2451 3165 bilis,
2482 3101 2646 3155 rebus
2676 3102 2931 3157 omnibus
2964 3098 3389 3174 anteponendas.

2096 3189 2150 3243 8.
2184 3189 2253 3243 Et
2284 3189 2561 3260 quoniam
2593 3206 2792 3245 omnes
2825 3192 2925 3262 qui
2957 3192 3026 3246 de
3048 3192 3163 3247 Deo
3193 3192 3672 3263 cogitant,vivum

2027 3276 2249 3349 aliquid
2273 3277 2638 3349 cogitant,illi
2662 3279 2770 3334 soli
2804 3284 3052 3352 possunt
3080 3298 3194 3337 non
3226 3282 3484 3337 absurda
3514 3286 3570 3337 et
3592 3281 3678 3336 in-

2028 3367 2207 3438 digna
2222 3366 2554 3423 existimare
2572 3369 2641 3423 de
2656 3370 2897 3439 Deo,qui
2921 3369 3100 3425 vitam
3118 3371 3308 3442 ipsam
3327 3371 3603 3442 cogitant,
3619 3376 3679 3427 et

2030 3473 2412 3529 quaecumque
2434 3457 2552 3513 illis
2578 3458 2763 3514 forma
2784 3460 3103 3515 occurrerit
3126 3460 3537 3533 corporis,eam
3562 3462 3680 3518 vita

2029 3546 2217 3601 vivere
2246 3546 2335 3602 vel
2369 3564 2484 3602 non
2514 3546 2703 3603 vivere
2735 3553 3027 3619 statuunt,
3057 3554 3113 3604 et
3138 3550 3425 3605 viventem
3459 3568 3571 3606 non
3596 3551 3678 3605 vi-

2031 3635 2185 3692 venti
2210 3640 2574 3709 anteponunt
2598 3655 2610 3705 ;
2635 3654 2881 3709 eamque
2902 3640 3089 3710 ipsam
3110 3638 3399 3695 viventem
3420 3639 3680 3711 corporis

2032 3724 3681 3800 formam,quantalibetluceprzefulgeat,quantalibctma-

2032 3813 2237 3885 gnitud
2249 3813 3348 3889 inepraeemineat,quantalibetpulchri
3362 3819 3561 3873 tudine
3592 3835 3683 3873 or-

2034 3908 2229 3970 netur,
2254 3904 2414 3959 aliud
2437 3922 2565 3960 esse
2607 3906 2820 3977 ipsam,
2858 3906 3015 3961 aliud
3039 3907 3214 3961 vitam
3238 3924 3353 3978 qua
3372 3912 3678 3979 vegetatur

2033 3991 2391 4064 intelligunt,
2426 4010 2671 4065 eamque
2700 3994 2785 4049 illi
2816 3996 2955 4050 moli
2987 4012 3110 4066 qua;
3141 3996 3212 4051 ab
3242 3996 3341 4049 illa
3382 4001 3682 4067 vegetatur

2034 4086 2090 4137 et
2139 4083 2456 4150 animatur,
2510 4084 2794 4155 dignitate
2843 4084 3287 4156 incomparabili
3341 4086 3673 4155 praeferunt.

2035 4173 2260 4232 Deinde
2289 4173 2480 4243 ipsam
2511 4171 2688 4227 vitam
2740 4176 2992 4243 pergunt
3039 4172 3346 4245 inspicere,
3381 4178 3437 4229 et
3468 4174 3517 4229 si
3549 4189 3677 4229 earn

2036 4264 2163 4320 sine
2194 4278 2370 4318 sensu
2402 4264 2766 4333 vegetantem
2796 4261 3141 4330 invenerint,
3174 4263 3365 4333 qualis
3392 4267 3481 4317 est
3513 4264 3679 4318 arbo-

2038 4370 2189 4423 rum,
2222 4354 2568 4423 praeponth
2614 4350 2698 4405 eis
2739 4351 3108 4417 sentientem,
3153 4351 3343 4423 qualis
3390 4357 3479 4407 est
3512 4367 3681 4423 peco-

2038 4458 2167 4497 rum
2194 4459 2207 4509 ;
2235 4444 2291 4496 et
2312 4440 2451 4495 huic
2472 4456 2678 4495 rursus
2702 4439 3143 4511 intelligentem.
3171 4440 3361 4512 qualis
3383 4446 3471 4496 est
3492 4440 3684 4495 homi-

2039 4547 2199 4587 num.
2232 4532 2417 4595 Quam
2449 4545 2582 4585 cum
2608 4529 2799 4584 adhuc
2831 4528 3177 4584 mutabilem
3212 4528 3479 4591 viderint,
3504 4528 3684 4585 etiam

2038 4620 2176 4676 huic
2207 4618 2465 4691 aliquam
2496 4617 3041 4673 incommutabilem
3074 4623 3363 4689 coguntur
3386 4635 3685 4689 praepone-

2040 4727 2119 4778 re,
2154 4708 2315 4765 illam
2347 4709 2567 4764 scilicet
2594 4709 2771 4764 vitam
2804 4725 2933 4779 quae
2962 4724 3077 4762 non
3101 4706 3414 4778 aliquando
3447 4707 3681 4779 desipit,

2040 4799 2360 4871 aliquando
2393 4799 2566 4869 sapit,
2601 4798 2701 4853 sed
2734 4801 2823 4853 est
2854 4797 3047 4868 potius
3077 4796 3205 4867 ipsa
3238 4796 3553 4867 Sapientia.
3576 4797 3685 4851 Sa-

2043 4890 2209 4963 piens
2240 4888 2396 4943 enim
2428 4904 2615 4953 mens,
2642 4887 2699 4941 id
2727 4891 2836 4953 est,
2870 4887 3080 4958 adepta
3119 4886 3489 4957 sapientiam,
3523 4891 3682 4941 ante-

2043 4994 2221 5051 quam
2253 4976 2673 5048 adipisceretur
2711 4991 2822 5031 non
2856 4978 2979 5029 erat
3007 4974 3275 5045 sapiens;
3310 4980 3368 5028 at
3398 4990 3529 5030 vero
3562 4974 3691 5046 ipsa

2045 5067 2344 5139 Sapientia
2374 5083 2477 5123 nec
2509 5065 2618 5120 fuit
2647 5082 2909 5137 unquam
2940 5064 3247 5136 insipiens,
3282 5081 3388 5119 nec
3418 5081 3546 5120 esse
3576 5082 3690 5119 un-

2047 5173 2224 5229 quam
2244 5155 2643 5228 potest.Quam
2669 5154 2717 5209 si
2741 5170 2855 5209 non
2879 5153 3161 5223 viderent,
3188 5153 3347 5208 nullo
3374 5155 3543 5209 modo
3570 5153 3692 5224 ple-

2046 5264 2123 5303 na
2144 5247 2359 5303 ﬁducia
2380 5246 2557 5301 vitam
2589 5243 3149 5301 incommutabiliter
3178 5242 3500 5313 sapientem
3543 5258 3695 5298 com-

2048 5336 2317 5392 mutabili
2340 5336 2467 5391 vitae
2487 5334 3122 5406 anteponerent.lpsam
3149 5331 3365 5403 quippe
3388 5332 3409 5365 ²
3435 5331 3696 5402 regulam

2049 5429 2331 5495 veritatis,
2359 5444 2474 5498 qua
2506 5427 2665 5481 illam
2698 5425 2953 5480 clamant
2985 5441 3112 5479 esse
3145 5423 3696 5488 meliorem,incom-

2052 5517 2394 5572 mutabilem
2429 5516 2665 5580 vident;
2698 5530 2804 5569 nec
2853 5513 3081 5584 uspiam
3130 5511 3244 5568 nisi
3293 5529 3472 5583 supra
3527 5527 3697 5567 suam

2121 5673 2133 5705 ¹
2168 5670 2322 5729 Editi,
2354 5669 2427 5716 sic
2454 5682 2586 5716 eam.
2618 5667 2683 5717 At
2716 5667 2837 5716 Mss.
2870 5678 3031 5727 prope
3067 5677 3271 5729 omnes,
3300 5663 3372 5729 sic
3398 5677 3529 5712 eam.

2119 5736 2141 5767 ¹
2166 5734 2244 5783 Ita
2273 5726 2330 5782 in
2378 5734 2503 5783 Mss.
2550 5731 2837 5795 plerisque,
2871 5726 2957 5777 ubi
2981 5730 3033 5776 in
3065 5728 3219 5777 editis
3252 5726 3496 5787 habetur,
3527 5726 3695 5788 Ipsam

2056 5811 2269 5863 quoque.
