4172 6196
352 362 432 423 23
1214 365 1314 422 DE
1359 362 1743 422 DOC’l‘lthA
1788 358 2286 430 CHRISTIANA,
2338 362 2402 419 S.
2454 358 2903 422 AUGUSTINI.
3681 360 3758 421 24

358 500 629 552 naturam
644 496 1350 569 vident,quandoquidem
1371 513 1432 552 se
1447 496 1647 551 vident
1670 494 2003 549 mutabiles.

432 600 664 657 CAPUT
697 602 792 655 IX.
827 634 893 643 —
935 602 1277 673 Sapientiam
1324 601 1725 656 immutabilem
1753 602 1934 654 muta-

609 674 711 728 bili
738 675 1149 745 praeferendam
1177 690 1287 729 esse
1319 688 1503 728 omnes
1532 676 1756 728 norunt.

430 780 483 832 9.
518 779 697 835 Nemo
721 783 811 834 est
840 781 997 834 enim
1032 785 1151 835 tam
1185 780 1559 851 impudenter
1580 782 1596 814 ¹
1622 778 1886 834 insulsus
1908 778 2004 848 qui

364 869 522 922 dicat
546 886 558 923 :
587 868 748 923 Unde
769 870 884 925 scis
905 867 1468 924 incommutabiliter
1487 868 1806 939 sapientem
1827 868 2005 922 vitam

364 956 631 1011 mutabili
648 973 776 1012 esse
795 957 1254 1029 praeferendam?
1272 957 1329 1011 Id
1352 957 1547 1029 ipsum
1572 956 1723 1011 enim
1750 956 1900 1025 quod
1926 956 2008 1009 in-

362 1048 639 1115 terrogat,
673 1047 828 1100 unde
858 1046 1064 1113 sciam,
1088 1046 1361 1100 omnibus
1392 1047 1460 1100 ad
1492 1044 2007 1115 contemplandum

366 1134 760 1189 communiter
785 1139 964 1207 atque
994 1133 1559 1189 incommutabiliter
1587 1137 1798 1204 praesto
1829 1134 2011 1189 est.Et

366 1223 475 1277 hoc
506 1223 605 1294 qui
640 1240 753 1278 non
778 1224 953 1288 videt,
985 1224 1064 1277 ita
1094 1226 1182 1277 est
1214 1221 1381 1292 quasi
1413 1238 1599 1277 caecus
1648 1222 1707 1276 in
1741 1221 1883 1291 sole,
1915 1220 2006 1276 cui

366 1311 512 1366 nihil
553 1313 790 1382 prodest
813 1312 958 1382 ipsis
980 1311 1123 1366 locis
1144 1311 1445 1365 oculorum
1469 1311 1598 1381 eius
1615 1315 1735 1366 tam
1758 1310 1924 1366 claras
1946 1326 2012 1365 ac

368 1402 673 1472 praesentis
693 1400 838 1454 lucis
862 1399 1050 1471 fulgor
1071 1399 1439 1466 infusus.Qui
1464 1404 1659 1455 autem
1681 1400 1836 1455 videt
1856 1404 1913 1455 et
1932 1416 2017 1454 re-

371 1489 966 1559 fugit,consuetudine
979 1489 1323 1545 umbrarum
1346 1489 1671 1545 carnalium
1696 1489 2013 1545 invalidam

376 1577 593 1633 mentis
626 1577 807 1634 aciem
838 1578 1006 1650 gerit.
1031 1582 1349 1633 Pravorum
1379 1577 1560 1650 igitur
1589 1594 1819 1633 morum
1847 1578 2015 1650 quasi

374 1666 687 1723 contrariis
706 1667 947 1723 ﬂatibus
965 1667 1038 1722 ab
1058 1667 1188 1739 ipsa
1203 1666 1394 1739 patria
1414 1668 1887 1738 repercutiuntur
1908 1667 2017 1722 bo-

379 1755 569 1811 mines
596 1772 609 1811 :
642 1756 963 1827 posteriora
986 1760 1162 1827 atque
1191 1755 1467 1811 inferiora
1492 1758 1804 1825 sectantes,
1838 1770 2015 1827 quam

374 1844 517 1899 illud
534 1846 689 1916 quod
704 1845 1631 1916 essemeliusatque‘praastantius
1644 1845 2015 1900 conﬁtentur.

377 1933 606 1989 CAPUT
637 1934 701 1988 X.
732 1965 801 1973 —
823 1934 901 1988 Ad
921 1933 1216 1989 videndum
1239 1939 1411 1989 Deum
1439 1932 1761 2005 purgandus
1799 1934 2019 1989 animus

453 2023 539 2077 10.
573 2023 957 2093 Quapropter,
988 2039 1124 2077 cum
1165 2021 1267 2077 illa
1313 2022 1557 2078 veritate
1599 2023 2017 2093 perfruendum

383 2111 479 2183 sit,
514 2127 638 2183 qua
668 2109 1230 2167 incommutabiliter
1268 2110 1426 2178 vivit,
1468 2114 1524 2165 et
1576 2110 1635 2165 in
1665 2124 1732 2165 eo
1762 2110 2018 2167 Trinitas

381 2201 556 2271 Deus,
589 2205 791 2256 auctor
818 2204 876 2256 et
906 2199 1170 2257 conditor
1199 2199 1620 2268 universitatis,
1655 2198 1830 2257 rebus
1870 2217 2017 2272 quas

377 2289 639 2345 condidit
659 2289 925 2346 consulat
947 2306 959 2343 :
984 2290 1325 2362 purgandus
1355 2293 1444 2345 est
1462 2289 1791 2359 animus,ut
1811 2294 1867 2345 et
1886 2306 2017 2362 per-

374 2380 596 2447 spicere
626 2378 784 2434 illam
817 2378 1004 2435 lucem
1026 2379 1295 2447 valeat,et
1325 2378 1606 2433 inhaerere
1636 2383 1948 2451 perspectis
1971 2381 2014 2435 ³.

369 2468 551 2532 Quam
572 2468 979 2540 purgationem
999 2468 1167 2539 quasi
1189 2467 1646 2523 ambulationem
1673 2469 2013 2539 quamdam,

367 2561 424 2612 et
446 2558 614 2627 quasi
639 2556 1068 2629 navigationem
1088 2558 1161 2613 ad
1186 2557 1435 2630 patriam
1467 2572 1596 2613 esse
1640 2558 2012 2615 arbitremur.

364 2647 487 2702 Non
529 2647 686 2702 enim
737 2648 809 2702 ad
860 2662 992 2701 eum
1052 2647 1152 2719 qui
1198 2647 1410 2717 ubique
1441 2661 1698 2718 praesens
1730 2649 1837 2714 est,
1871 2646 2016 2704 locis

366 2751 690 2804 movemur,
726 2736 826 2791 sed
859 2735 1008 2791 bono
1042 2736 1237 2791 studio
1267 2735 1558 2807 bonisque
1591 2736 1870 2791 moribus.

364 2850 589 2906 CAPUT
614 2851 706 2906 XI.
737 2882 806 2892 -—-
834 2852 1123 2923 Purgandi
1169 2854 1357 2906 animi
1394 2852 1710 2920 exemplum
1740 2852 2015 2921 sapientia

1030 2926 1343 2979 incuruata.

446 3029 527 3083 11.
549 3030 711 3094 Quod
736 3046 851 3085 non
875 3044 1206 3101 possemus,
1224 3028 1338 3085 nisi
1368 3029 1497 3100 ipsa
1523 3030 1820 3101 Sapientia
1840 3035 2014 3087 tantas

368 3118 545 3173 etiam
572 3124 781 3174 nostra:
805 3118 1134 3173 inﬁrmitati
1157 3134 1478 3189 congruere
1499 3119 1923 3189 dignaretur,et
1938 3121 2016 3175 vi-

369 3208 539 3261 vendi
565 3207 735 3263 nobis
753 3209 1035 3279 przsberet
1054 3208 1410 3279 exemplum,
1436 3224 1549 3262 non
1570 3207 1739 3263 aliter
1758 3226 1931 3278 quam
1954 3210 2014 3265 in

369 3296 627 3363 homine,
662 3296 937 3366 quoniam
970 3299 1026 3351 et
1057 3313 1164 3351 nos
1195 3296 1463 3351 homines
1485 3297 1852 3368 sumus.Sed,
1878 3299 2017 3370 quia

369 3401 476 3440 nos
497 3402 631 3440 cum
650 3386 721 3439 ad
746 3383 906 3439 illam
929 3384 1218 3453 venimus,
1242 3384 1538 3456 sapienter
1569 3384 1818 3441 facimus
1843 3405 1857 3456 ;
1888 3387 2017 3458 ipsa

369 3490 502 3529 cum
524 3474 593 3528 ad
612 3491 715 3528 nos
731 3474 990 3539 venit,ab
1005 3472 1345 3529 hominibus
1361 3474 1812 3545 superbisquasi
1837 3475 2016 3531 stulte

369 3562 612 3618 fecissse
636 3566 835 3632 putata
852 3564 1037 3617 eat.Et
1058 3562 1332 3632 quoniam
1356 3579 1463 3618 nos
1485 3579 1620 3618 cum
1644 3564 1712 3617 ad
1737 3563 1897 3618 illam
1920 3581 2015 3619 ve-

369 3650 1092 3717 nimus,convalescimus;
1124 3650 1253 3722 ipsa
1273 3667 1408 3706 cum
1434 3652 1505 3706 ad
1531 3668 1638 3706 nos
1658 3652 2017 3723 venit,quasi

369 3739 605 3794 inﬁrma
636 3738 967 3794 existimata
984 3739 1211 3795 est.Sed
1234 3741 1386 3809 quod
1415 3739 1659 3795 stultum
1687 3746 1776 3796 est
1797 3742 2014 3807 Dei,sa-

373 3827 630 3899 pientius
654 3834 741 3883 est
764 3828 1107 3884 hominibus
1131 3844 1145 3884 :
1171 3833 1229 3884 et
1259 3830 1414 3899 quod
1447 3829 1747 3884 inﬁrmum
1778 3835 1866 3885 est
1890 3831 2013 3901 Dei,

374 3917 584 3972 fortius
611 3923 699 3971 est
730 3917 1069 3972 hominibus
1099 3916 1144 3986 (Ι
1175 3917 1293 3973 Cor.
1332 3934 1371 3984 ι,
1400 3917 1512 3987 25).
1546 3917 1691 3972 Cum
1720 3934 1856 3988 ergo
1889 3920 2018 3990 ipsa

332 4018 341 4051 ε
375 4006 453 4061 sit
485 4006 696 4078 patria,
723 4006 876 4060 viam
907 4022 969 4061 se
1000 4022 1233 4078 quoque
1263 4005 1433 4061 nobis
1474 4006 1608 4061 fecit
1638 4008 1708 4061 ad
1742 4007 2011 4077 patriam.

374 4121 609 4178 CAPUT
642 4121 759 4176 XII.
790 4152 852 4162 —
888 4121 1158 4189 Quomodo
1186 4122 1473 4192 Sapientia
1505 4122 1603 4177 Dei
1621 4121 1693 4177 ad
1720 4139 1819 4178 nos
1850 4126 2012 4180 venit.

447 4229 514 4283 Et
546 4245 679 4283 cum
704 4243 845 4281 sano
866 4230 923 4281 et
942 4243 1090 4298 puro
1122 4225 1476 4281 interioriori
1500 4227 1665 4281 oculo
1699 4228 1915 4300 ubique
1944 4230 2019 4286 sit

376 4334 657 4390 praesens,
691 4332 891 4371 eorum
925 4314 1023 4385 qui
1057 4313 1293 4369 oculum
1346 4314 1510 4369 illum
1560 4314 1862 4371 inﬁrmum
1902 4317 2018 4371 im-

377 4407 783 4476 munduinque
806 4403 1044 4470 babenl,
1070 4402 1252 4459 oculis
1275 4403 1449 4458 etiam
1484 4402 1711 4459 carneis
1742 4421 2020 4476 apparere

374 4496 610 4567 dignata
639 4497 746 4549 est.
780 4493 925 4557 Quia
954 4493 1111 4548 enim
1141 4492 1201 4547 in
1233 4492 1532 4565 Sapientia
1579 4491 1673 4548 Dei
1709 4510 1823 4549 non
1856 4498 2018 4566 pote-

377 4588 467 4639 rat
493 4583 749 4639 mundus
782 4599 881 4654 per
911 4581 1271 4654 Sapientiam
1301 4597 1648 4653 cognoscere
1669 4585 1869 4650 Deum,
1896 4582 2017 4654 pla-

378 4671 497 4729 cuit
532 4677 642 4727 Deo
675 4687 776 4743 per
805 4670 1116 4726 stultitiam
1150 4669 1577 4742 praedicationis
1612 4669 1801 4726 salvos
1832 4671 2020 4727 facere

378 4762 678 4818 credentes
709 4761 751 4831 (ι
786 4761 905 4814 Cor.
940 4778 979 4828 1,
1003 4761 1111 4829 21).

449 4852 536 4906 12.
571 4850 692 4905 Non
728 4849 907 4921 igitur
934 4865 1034 4919 per
1064 4849 1324 4904 locorum
1360 4847 1549 4919 spatia
1578 4847 1881 4919 veniendo,
1916 4850 2018 4906 sed

379 4941 439 4995 in
467 4957 639 4995 carne
672 4937 899 4992 mortali
932 4937 1278 4993 mortalibus
1306 4937 1661 5010 apparando,
1691 4937 1918 4994 venisse
1946 4939 2018 4994 ad

378 5047 486 5084 nos
516 5029 748 5083 dicitur.
786 5027 927 5080 Illuc
958 5042 1093 5097 ergo
1122 5025 1279 5079 venit
1309 5026 1409 5079 ubi
1441 5030 1582 5094 erat,
1617 5026 1754 5098 quia
1800 5027 1860 5081 in
1910 5026 2020 5083 hoc

377 5118 597 5173 mundo
619 5121 762 5185 erat,
782 5121 838 5171 et
864 5116 1119 5170 mundus
1145 5129 1247 5186 per
1268 5131 1396 5169 eam
1419 5115 1607 5169 factus
1628 5115 1854 5171 est.Sed
1881 5132 2021 5189 quo-

376 5208 535 5262 niam
567 5205 882 5276 cupiditate
915 5204 1141 5259 fruendi
1166 5220 1266 5275 pro
1284 5202 1411 5275 ipso
1435 5203 1700 5259 Creatore
1731 5210 2019 5274 creatura,

374 5295 643 5350 homines
672 5293 1015 5365 conﬁgurati
1042 5292 1177 5347 huic
1208 5293 1522 5359 mundo,et
1555 5293 1760 5347 mundi
1785 5294 2021 5351 nomine

375 5384 903 5456 congruentissima
936 5383 1274 5450 vocati,non
1299 5399 1426 5438 eam
1461 5386 2020 5455 cognoverunt,pro-

379 5478 575 5546 pterea
605 5471 750 5528 dixit
772 5471 1164 5542 Evangelista:
1192 5474 1255 5527 Et
1278 5472 1509 5526 mundus
1534 5488 1657 5527 eum
1693 5487 1799 5525 non
1820 5487 2021 5544 cogno-

447 5626 462 5660 ⁸
501 5624 561 5672 In
592 5624 820 5680 excusis,
855 5625 959 5670 tam
992 5621 1361 5685 imprudenter.
1396 5622 1450 5669 ln
1482 5621 1602 5670 Mss.
1635 5620 2022 5681 trodecim,tam

382 5686 725 5746 impudenter.

446 5751 465 5784 ³
492 5748 645 5809 Editi,
678 5748 927 5800 inhaerere
953 5750 1197 5813 perfecte.
1232 5746 1539 5811 Elegantius
1560 5747 1705 5809 Mss.,
1728 5751 2019 5811 perspecte.

2114 495 2195 547 vit
2226 493 2400 563 (Joan.
2434 510 2473 561 ι,
2510 494 2829 565 10).ltaque
2860 494 2916 548 in
2949 493 3248 565 Sapientia
3268 492 3366 549 Dei
3390 509 3503 547 non
3535 495 3763 564 poterat

2116 583 2374 637 mundus
2400 599 2502 654 per
2527 583 2885 653 Sapientiam
2913 598 3264 655 cognoscere
3288 584 3609 639 Deum.Cur
3624 598 3760 653 ergo

2116 669 2275 725 venit
2305 688 2439 726 cum
2464 670 2559 725 hic
2590 676 2765 737 esset,
2792 671 2907 726 nisi
2939 671 3077 741 quia
3111 671 3332 742 placuit
3361 676 3474 726 Deo
3499 687 3601 741 per
3623 670 3765 725 stul-

2118 758 2308 814 titiam
2341 759 2770 831 prtedicationis
2802 759 2993 815 salvos
3025 760 3213 815 facere
3244 760 3544 814 credentes
3573 758 3600 813 ‘I

2287 848 2513 903 CAPUT
2543 848 2688 903 XIII.
2722 879 2788 888 —
2825 849 3056 904 Verbum
3085 864 3219 903 caro
3249 848 3463 919 factum
3494 850 3590 902 est.

2192 938 2490 1001 Quomodo
2516 936 2695 1003 venit,
2728 936 2841 992 nisi
2874 938 3026 1008 quod
3064 937 3316 992 Verbum
3370 952 3502 991 caro
3547 935 3767 991 factum

2123 1030 2233 1093 est,
2266 1031 2322 1080 et
2352 1025 2635 1081 habitavit
2679 1025 2738 1080 in
2795 1024 2963 1081 nobis
3004 1028 3178 1095 (Joan.
3212 1043 3251 1091 1,
3286 1026 3418 1096 14)?
3448 1024 3612 1080 Sicut
3636 1040 3769 1078 cum

2123 1113 2445 1185 loquimur,
2480 1119 2545 1169 ut
2574 1114 2631 1169 id
2666 1116 2818 1185 quod
2851 1116 3046 1170 animo
3076 1115 3356 1186 gerimus,
3389 1114 3449 1168 in
3480 1112 3772 1168 audientis

2124 1203 2387 1259 animum
2414 1220 2519 1275 per
2541 1220 2711 1259 aures
2741 1218 2984 1259 carneas
3016 1202 3311 1272 illabatur,
3347 1203 3413 1257 ﬁt
3444 1218 3627 1257 sonus
3649 1218 3773 1255 ver-
3876 1211 3886 1219 '

2125 1292 2266 1347 bum
2300 1294 2457 1363 quod
2480 1294 2652 1348 corde
2682 1297 3006 1365 gestamus,
3030 1297 3087 1347 et
3109 1291 3321 1347 locutio
3352 1296 3590 1346 vocatur
3616 1306 3631 1357 ;
3666 1306 3771 1345 nec

2122 1383 2321 1435 tamen
2352 1382 2411 1435 in
2443 1382 2715 1436 eumdem
2758 1396 2970 1436 sonum
3003 1380 3278 1452 cogitatio
3309 1386 3505 1434 nostra
3536 1395 3772 1434 conver-

2123 1468 2287 1534 titur,
2311 1470 2412 1524 sed
2446 1470 2600 1542 apud
2625 1486 2685 1525 se
2710 1486 2954 1526 manens
2984 1469 3234 1541 integra,
3257 1468 3444 1525 forma
3470 1468 3631 1523 vocis
3657 1484 3774 1539 qua

2126 1574 2188 1613 se
2208 1557 2469 1615 insinuet
2483 1559 2885 1629 auribus,sine
2902 1557 3099 1629 aliqua
3118 1557 3247 1613 labe
3260 1575 3378 1614 sum
3393 1558 3735 1614 mutationis
3753 1561 3770 1595 ί

2128 1648 2378 1704 assumit
2412 1665 2424 1703 :
2458 1648 2542 1705 ita
2570 1648 2827 1705 Verbum
2857 1648 2961 1705 Dei
2999 1666 3116 1705 non
3155 1652 3607 1715 commutatum,
3639 1665 3772 1704 caro

2126 1739 2324 1794 tamen
2356 1738 2573 1793 factum
2605 1742 2712 1807 est,
2748 1742 2811 1793 ut
2832 1737 3121 1795 habitaret
3154 1738 3211 1793 in
3245 1738 3432 1795 nobis.

2200 1843 2429 1899 CAPUT
2467 1844 2612 1899 XIV.
2634 1875 2706 1885 —
2740 1847 3031 1901 Hominem
3062 1846 3333 1915 quomodo
3358 1846 3574 1900 sonarii
3606 1846 3703 1900 Dei

2797 1916 3103 1987 Sapientia.

2203 2004 2287 2060 13.
2321 2004 2484 2061 Sicut
2512 2008 2707 2063 autem
2737 2005 2959 2062 curatio
2989 2005 3083 2061 via
3111 2008 3200 2061 est
3228 2005 3298 2061 ad
3334 2004 3769 2073 sanitatem,sic

2128 2093 2245 2149 ista
2263 2094 2486 2149 curatio
2500 2099 2831 2166 peccatores
2853 2095 3147 2150 sanandos
3168 2094 3632 2164 reﬁciendosque
3648 2111 3775 2149 sus-

2130 2182 3237 2254 cepit.Etquemadmodummedicicum
3251 2181 3769 2254 alligantvulnora,

2130 2288 2245 2328 non
2270 2271 2784 2344 incomposite,sed
2807 2276 2938 2344 apte
2955 2272 3011 2327 id
3042 2271 3359 2338 faciunt,ut
3378 2270 3600 2327 vinculi
3621 2270 3778 2326 utili-

2127 2364 2306 2417 tatem
2339 2361 2602 2433 quaedam
2638 2360 3015 2433 pulchritudo
3036 2362 3214 2417 etiam
3236 2366 3665 2432 consequatur:
3693 2360 3777 2415 sic

2129 2450 2420 2504 medicina
2442 2450 2749 2521 Sapientiae
2774 2466 2874 2521 per
2894 2449 3151 2504 hominis
3177 2450 3606 2521 susceptionem
3642 2465 3779 2505 nos-

2127 2538 2237 2593 tris
2267 2543 2358 2593 est
2388 2539 2827 2594 accommodata
2872 2537 3215 2595 vulneribus
3254 2555 3267 2606 ;
3311 2539 3383 2593 de
3421 2538 3777 2609 quibusdam

2126 2628 2437 2684 contrariis
2469 2632 2777 2695 eurans,et
2809 2628 2879 2684 de
2909 2628 3262 2700 quibusdam
3293 2626 3781 2684 similibus.Sicut

2126 2716 2305 2771 etiam
2324 2716 2422 2772 ille
2440 2717 2535 2788 qui
2559 2718 2826 2772 medetur
2838 2716 3066 2772 vulneri
3089 2715 3614 2789 oorporis,adhibet
3628 2734 3776 2787 quaa-

2128 2806 2261 2860 dam
2290 2805 2602 2870 contraria,
2624 2805 2779 2860 sicut
2804 2805 3078 2877 frigidum
3113 2805 3323 2870 calido,
3345 2805 3433 2860 vel
3466 2805 3775 2861 humidum

2127 2894 2302 2961 sicco,
2326 2894 2415 2949 vel
2456 2895 2503 2949 si
2546 2894 2687 2965 quid
2730 2893 2889 2949 aliud
2921 2894 3299 2966 bujusmodi;
3333 2894 3571 2949 adhibet
3598 2895 3772 2949 etiam

2126 2983 2396 3053 quaedam
2420 2982 2824 3048 similia,sicut
2843 2982 3147 3039 linteolum
3168 2982 3255 3038 vel
3280 2984 3528 3038 rotundo
3548 2983 3776 3039 vulneri

2125 3071 2566 3135 rotundum,vel
2588 3071 2905 3145 oblongum
2932 3071 3202 3143 oblongo,
3220 3071 3658 3144 ligaturamque
3682 3072 3779 3143 ip-

2124 3176 2250 3215 sam
2269 3176 2382 3214 non
2401 3161 2667 3214 eamdem
2693 3160 2972 3215 membris
2992 3160 3397 3227 omnibus,sed
3418 3160 3670 3215 similem
3696 3160 3774 3216 si-

2126 3247 2369 3304 milibus
2391 3252 2657 3319 coaptat:
2683 3249 2765 3304 sic
2788 3248 3075 3319 sapientia
3100 3249 3197 3304 Dei
3217 3249 3511 3304 hominem
3538 3267 3772 3317 curans,

2128 3337 2389 3409 seipsum
2424 3336 2688 3393 exhibuit
2713 3338 2783 3391 ad
2812 3338 3165 3404 sanandum,
3189 3338 3319 3409 ipsa
3351 3339 3781 3411 medicus,ipsa

2126 3426 2434 3483 medicina.
2470 3425 2615 3491 Quia
2644 3441 2779 3497 ergo
2811 3442 2912 3497 per
2963 3427 3301 3497 superbiam
3352 3427 3524 3481 homo
3571 3427 3774 3499 lapsus

2124 3520 2236 3583 est,
2271 3514 2666 3570 humilitatem
2717 3514 2989 3570 adhibuit
3038 3515 3108 3569 ad
3141 3515 3491 3571 sanandum.
3525 3518 3772 3587 Serpen-

2122 3604 2200 3659 tis
2233 3603 2521 3676 sapientia
2550 3604 2775 3676 decepti
2799 3603 3137 3671 sumus,Dei
3162 3603 3413 3659 stultitia
3434 3603 3772 3660 liberamur.

2126 3693 2628 3759 Quemadmodum
2653 3697 2845 3747 autem
2871 3691 2971 3746 illa
2999 3691 3293 3763 Sapientia
3308 3693 3777 3761 vocabatur,erat

2126 3786 2318 3838 autem
2379 3781 2631 3837 stultitia
2689 3782 3202 3837 contemnentibus
3247 3781 3477 3847 Deum;
3529 3781 3612 3837 sic
3663 3782 3777 3838 ista

2124 3887 2247 3941 quae
2276 3875 2514 3925 vocatur
2536 3869 2806 3939 stultitia,
2829 3870 3125 3941 Sapientia
3145 3874 3235 3927 est
3255 3870 3623 3926 vincentibus
3650 3871 3775 3926 dia-

2124 3958 2350 4015 bolum.
2374 3959 2492 4014 Nos
2526 3958 2970 4015 immortalitate
3002 3959 3153 4015 male
3183 3960 3274 4016 usi
3307 3977 3537 4032 sumus,
3558 3964 3623 4015 ut
3654 3976 3775 4016 mo-

2128 4065 2425 4116 reremur;
2471 4048 2742 4104 Christus
2786 4047 3141 4105 mortalitate
3186 4050 3335 4105 bene
3379 4067 3522 4105 usus
3571 4054 3680 4115 est,
3713 4054 3779 4105 ut

2126 4138 2475 4194 viveremus.
2509 4137 2797 4209 Corrupto
2829 4137 3025 4193 animo
3069 4137 3305 4194 feminas
3355 4138 3660 4211 ingressus
3690 4143 3780 4195 est

2129 4228 2401 4293 morbus;
2436 4226 2664 4298 integro
2697 4241 2938 4298 corpore
2980 4226 3208 4281 feminae
3261 4226 3544 4298 processit
3589 4226 3773 4281 salus.

2128 4316 2211 4369 Ad
2245 4315 2448 4369 eadem
2480 4313 2774 4369 contraria
2806 4313 3080 4384 pertinet,
3110 4314 3263 4384 quod
3302 4315 3477 4368 etiam
3511 4314 3777 4385 exemplo

2128 4403 2411 4458 virtutum
2427 4402 2557 4473 ejus
2576 4402 2719 4457 vitia
2739 4406 2941 4457 nostra
2962 4406 3538 4458 curantur.Jamvero
3556 4402 3777 4458 similia

2130 4492 2300 4563 quasi
2328 4491 2649 4563 ligamenta
2674 4490 2957 4547 membris
2989 4495 3045 4546 et
3076 4491 3413 4547 vulneribus
3437 4492 3651 4547 nostris
3676 4491 3776 4548 ad-

2131 4581 2334 4650 hibita,
2368 4580 2467 4635 illa
2495 4585 2654 4648 sunt,
2688 4580 2844 4651 quod
2877 4596 2979 4651 per
3026 4579 3307 4635 feminam
3357 4581 3626 4653 deceptos
3679 4598 3781 4654 per

2131 4672 2409 4727 feminam
2435 4674 2628 4736 natus,
2654 4669 2828 4725 homo
2871 4669 3158 4739 homines,
3185 4669 3451 4726 mortalis
3478 4671 3777 4739 mortales,

2130 4764 2316 4817 morte
2348 4763 2609 4815 mortuos
2631 4757 2914 4813 liberavit.
2933 4758 3117 4815 Multa
3136 4776 3369 4831 quoque
3391 4758 3503 4815 alia
3535 4760 3773 4832 diligen-

2129 4849 2248 4906 tius
2271 4847 2779 4905 considerantibus
2802 4863 2949 4925 quos
2969 4847 3220 4903 instituti
3251 4847 3443 4919 operis
3466 4846 3784 4919 peragendi

2128 4938 2444 4995 necessitas
2475 4953 2589 4992 non
2622 4936 2889 5008 rapit,vel
2914 4954 2947 4992 a
2976 4936 3398 5003 contrariis,vel
3423 4954 3454 4990 a
3482 4937 3780 4993 similibus

2130 5027 2428 5083 medicina
2463 5026 2794 5082 christiana:
2825 5029 3069 5098 apparet
3094 5026 3424 5081 instructio.

2129 5134 2362 5191 CAPUT
2396 5134 2510 5190 XV.
2554 5164 2623 5174 -—-
2664 5133 3072 5189 Resurrectione
3116 5136 3165 5188 et
3213 5148 3526 5187 ascensione
3578 5131 3782 5189 Christi

2465 5206 2695 5277 fulcitur
2722 5204 2875 5275 ﬁdes,
2911 5206 3189 5260 excitatur
3207 5205 3439 5276 judicio.

2200 5298 2558 5351 11;.Jamvero
2581 5293 2800 5349 credita
2822 5292 3052 5349 Domini
3076 5310 3109 5348 a
3132 5294 3379 5348 mortuis
3405 5292 3779 5362 resurrectio,

2129 5387 2255 5442 etin
2270 5385 2479 5440 ccelum
2496 5382 2761 5438 ascensio
2775 5397 2991 5453 magna
3005 5398 3107 5454 spe
3139 5382 3305 5438 fulcit
3321 5382 3490 5437 ﬁdem
3508 5386 3784 5439 nostram.

2128 5474 2374 5529 Multum
2391 5473 2544 5527 enim
2561 5472 2816 5526 ostendit
2830 5488 3003 5543 quem
3017 5471 3104 5527 vol
3117 5489 3147 5526 u
3160 5490 3189 5526 n
3202 5472 3342 5527 tario
3361 5488 3462 5545 pro
3482 5472 3651 5526 nobis
3664 5472 3786 5526 ani-

2133 5580 2287 5618 mam
2309 5560 2697 5633 posuerit,qui
2721 5576 2847 5614 eam
2872 5561 2956 5614 sic
2978 5560 3186 5615 habuit
3207 5560 3264 5615 in
3300 5563 3584 5631 potestate
3618 5575 3745 5613 resu
3764 5588 3789 5600 -

2134 5667 2309 5708 mere.
2336 5652 2563 5715 Quanta
2592 5664 2729 5721 ergo
2761 5664 2823 5704 se
2860 5648 3070 5704 ﬁducia
3093 5666 3227 5720 spes
3257 5648 3618 5705 credentium
3647 5663 3781 5702 con-

2196 5754 2210 5787 ί
2250 5752 2366 5800 Am.
2403 5752 2455 5798 et
2482 5749 2566 5798 Er.
2606 5763 2619 5797 :
2654 5746 2767 5799 sine
2793 5745 2969 5813 aliqua
3000 5746 3129 5808 tabe,
3162 5747 3273 5798 sine
3319 5747 3617 5799 mutatione.
