4172 6196
336 361 410 421 49
1665 357 1896 417 LIBER
1942 354 2377 417 SECUNDUS.
3652 354 3733 416 50

336 493 509 566 Legis,
542 493 609 547 de
639 508 756 563 quo
787 491 925 547 item
958 506 1203 547 numero
1237 492 1284 545 si
1319 494 1631 564 quaeratur,
1666 490 1858 546 nonisi
1894 489 1967 545 ad

336 584 645 639 Creatorem
668 585 1118 652 creaturamque
1143 581 1479 636 referendus
1501 585 1606 648 est,
1622 581 1706 635 vel
1732 584 1968 651 propter

336 670 589 742 superius
604 670 934 741 expositum
947 670 1139 742 ipsum
1154 668 1669 724 denarium.Etille
1684 684 1965 723 numerus

332 760 718 816 aedificationis
732 759 1057 831 templi,qui
1072 759 1615 815 commemoraturin
1631 757 1961 829 Evangelio,

335 848 708 921 quadraginta
750 848 975 904 scilicet
1008 853 1063 903 et
1087 866 1187 905 sex
1221 864 1509 903 annorum
1551 850 1726 918 (.Ioan.
1757 865 1817 911 ιι,
1849 847 1960 913 29),

330 939 509 993 nescio
528 937 667 1008 quid
692 937 990 992 musicum
1018 943 1186 991 sonat
1212 962 1225 1003 ;
1258 942 1315 991 et
1339 936 1554 992 relatus
1575 937 1645 990 ad
1681 936 1962 989 fabricam

332 1026 598 1082 Dominici
618 1026 1141 1098 corporis,propter
1154 1042 1329 1097 quam
1344 1030 1457 1080 tem
1471 1025 1545 1095 pli
1575 1024 1788 1079 mentio
1814 1025 1963 1079 facta

329 1121 424 1183 est,
456 1115 608 1187 cogit
638 1115 953 1170 nonnullos
986 1116 1286 1170 haereticos
1318 1114 1576 1169 confiteri
1612 1112 1818 1167 Filium
1860 1112 1960 1166 Dei

326 1220 427 1259 non
458 1204 626 1271 falso,
652 1206 751 1260 sed
775 1221 906 1260 vero
931 1211 988 1259 et
1018 1205 1275 1259 humano
1299 1220 1537 1274 corpore
1566 1202 1841 1256 indutum
1870 1218 1881 1254 :
1907 1203 1963 1255 et

324 1310 619 1349 numerum
644 1295 861 1366 quippe
879 1300 936 1349 et
962 1294 1247 1348 musicam
1273 1293 1566 1365 plerisque
1587 1291 1730 1345 locis
1749 1291 1807 1344 in
1831 1307 1961 1344 an-

325 1382 425 1437 ctis
455 1383 774 1455 Scripturis
813 1382 1231 1438 honorabiliter
1279 1381 1467 1455 posita
1497 1380 1848 1435 invenimus.

385 1497 612 1553 CAPUT
640 1496 808 1553 XVII.
832 1529 901 1537 —
935 1498 1103 1570 Origo
1126 1498 1336 1571 fabulae
1368 1499 1645 1552 Musarum
1674 1512 1882 1551 novem.

387 1605 471 1657 29.
502 1603 628 1658 Non
651 1603 807 1658 enim
830 1604 1106 1660 audiendi
1130 1609 1271 1659 sunt
1293 1618 1517 1658 errores
1537 1601 1844 1673 gentilium
1864 1616 1959 1654 su-

320 1692 748 1764 perstitionum,
773 1694 871 1764 qui
904 1710 1109 1749 novem
1144 1694 1342 1748 Musas
1363 1692 1521 1748 Jovis
1552 1696 1607 1746 et
1626 1689 1913 1745 Memoriae
1939 1692 1953 1724 ¹

322 1781 461 1837 ﬁlias
493 1796 624 1837 esse
655 1781 969 1837 ﬁnxerunt.
994 1782 1221 1837 Refellit
1251 1798 1348 1837 eos
1379 1781 1582 1845 Varro,
1615 1795 1726 1850 quo
1760 1777 1954 1833 nescio

321 1874 507 1927 utrum
532 1870 688 1942 apud
709 1886 809 1927 eos
830 1871 1145 1942 quisquam
1171 1870 1378 1925 talium
1402 1886 1597 1925 rerum
1621 1868 1846 1923 doctior
1867 1864 1953 1921 vel

317 1958 590 2015 curiosior
619 1975 748 2015 esse
779 1960 985 2031 possit.
1021 1959 1171 2014 Dicit
1219 1958 1375 2014 enim
1420 1958 1713 2013 civitatem
1760 1953 1952 2010 nescio

314 2063 625 2118 quam,non
646 2048 804 2104 enim
821 2064 1031 2104 nomen
1047 2046 1485 2113 recolo,locasse
1508 2046 1659 2118 apud
1678 2049 1796 2100 tres
1819 2044 1953 2099 arti-

314 2137 439 2192 ﬁces
451 2141 618 2191 terna
630 2136 952 2193 simulacra
966 2136 1454 2208 Musarum,quod
1470 2136 1528 2190 in
1548 2133 1761 2205 templo
1782 2131 1952 2205 Apol-

310 2224 438 2279 linis
452 2225 670 2280 donum
689 2225 1602 2298 poneret,utquisquisartiﬁcum
1622 2221 1951 2295 pulchriora

310 2312 630 2377 formasset,
665 2316 737 2369 ab
769 2313 868 2369 illo
897 2314 1272 2386 potissimum
1295 2313 1475 2368 electa
1504 2311 1951 2381 emeret.Itaque

315 2403 620 2473 contigisse
638 2408 885 2475 utopera
900 2422 1007 2458 sua
1020 2420 1251 2475 quoque
1273 2401 1353 2457 illi
1374 2402 1626 2456 artifices
1640 2416 1799 2471 aeque
1821 2415 1894 2470 pu
1907 2398 1951 2452 l-

312 2490 443 2546 ohra
461 2490 906 2563 explicarent,et
928 2492 1218 2564 placuisse
1249 2490 1465 2545 civitati
1495 2506 1696 2544 omnes
1720 2503 1949 2555 novem,

316 2583 478 2650 atque
496 2596 705 2636 omnes
730 2595 857 2636 esse
878 2584 1200 2651 emptas,ut
1217 2581 1275 2634 in
1297 2578 1583 2650 Apollinis
1605 2575 1821 2648 templo
1846 2576 1951 2630 de—

315 2668 663 2736 dicarentur;
679 2668 894 2741 quibus
909 2674 1108 2741 postea
1120 2668 1259 2723 dicit
1271 2667 1477 2723 Hesiod
1492 2685 1522 2721 u
1534 2683 1585 2720 m
1602 2670 1828 2738 poetam
1845 2664 1951 2718 im-

312 2758 571 2828 posuisse
590 2757 1021 2813 vocabula.Non
1037 2774 1167 2827 ergo
1180 2757 1411 2829 Jupiter
1432 2772 1632 2810 novem
1652 2755 1847 2809 Musas
1862 2768 1952 2823 ge-

314 2846 451 2912 nuit,
476 2847 578 2902 sed
616 2851 734 2901 tres
767 2846 915 2901 fabri
949 2851 1143 2901 ternas
1172 2848 1530 2900 creaverunt.
1566 2844 1707 2898 Tres
1750 2847 1947 2897 autem

313 2951 416 2989 non
448 2940 758 3007 prepterea
781 2935 881 2989 illa
901 2935 1105 2990 civitas
1128 2934 1435 2997 locaverat,
1457 2932 1595 3004 quia
1616 2932 1676 2986 in
1701 2931 1947 2987 summis

310 3038 399 3078 eas
420 3024 776 3090 viderat,aut
800 3028 877 3079 tot
912 3040 973 3079 se
991 3024 1345 3095 cujusquam
1370 3022 1606 3078 illorum
1635 3020 1819 3077 oculis
1842 3021 1948 3075 de—

309 3118 769 3169 monstraverant
797 3132 810 3181 ;
834 3114 933 3168 sed
969 3113 1107 3185 quia
1142 3112 1305 3168 facile
1334 3117 1457 3168 erat
1489 3111 1946 3168 animadvertere

309 3217 528 3257 omnem
555 3219 794 3268 sonum,
820 3219 945 3273 quae
972 3203 1241 3257 materies
1270 3201 1692 3256 cantilenarum
1726 3199 1947 3266 est,tri-

308 3291 541 3347 formem
590 3308 723 3347 esse
750 3296 979 3345 natura.
1012 3292 1126 3345 Aut
1155 3290 1311 3345 enim
1344 3306 1477 3345 voce
1509 3290 1721 3359 editur,
1772 3287 1945 3343 sicuti

307 3396 497 3436 eorum
530 3384 626 3436 est
683 3381 782 3451 qui
837 3379 1101 3434 faucibus
1135 3379 1261 3435 sine
1291 3395 1509 3451 organo
1554 3382 1810 3443 canunt;
1844 3380 1946 3431 aut

308 3468 460 3537 ﬂatu,
494 3470 653 3525 sicut
684 3469 955 3523 tubarum
1011 3475 1066 3523 et
1096 3468 1369 3523 tibiarum
1400 3486 1412 3535 ;
1438 3472 1538 3522 aut
1566 3466 1763 3538 pulsu,
1795 3465 1948 3520 sicut

309 3558 360 3612 in
378 3558 622 3615 citharis
639 3562 695 3614 et
724 3557 1102 3630 tympanis,et
1124 3557 1485 3629 quibuslibet
1508 3556 1636 3612 aliis
1667 3573 1796 3627 quae
1826 3570 1949 3627 per-

310 3647 571 3703 cutienda
608 3664 824 3703 canora
846 3649 1004 3702 sunt.

308 3779 529 3837 CAPUT
558 3781 767 3837 XVIII.
800 3812 869 3822 -
896 3782 1125 3851 Pro/ani
1152 3782 1203 3835 .ςί
1230 3780 1360 3850 quid
1392 3780 1521 3836 bene
1548 3780 1947 3849 dz'werunt,non

904 3854 1341 3924 aspernandum.

369 3960 452 4015 28.
485 3961 599 4016 Sed
626 3959 745 4015 sive
770 3960 849 4015 ita
869 3976 930 4015 se
952 3959 1165 4014 habent
1188 3959 1339 4029 quod
1362 3958 1544 4013 Varro
1577 3956 1791 4025 retulit,
1828 3957 1947 4013 sive

309 4063 411 4103 non
446 4049 553 4117 ita;
602 4065 708 4104 nos
758 4053 955 4104 tamen
1001 4051 1235 4119 propter
1282 4046 1760 4117 superstitionem
1809 4064 1947 4117 pro-

312 4136 571 4193 fanorum
593 4138 878 4193 debemus
892 4136 1173 4191 musicam
1196 4136 1470 4207 fugere,si
1493 4135 1629 4207 quid
1649 4136 1781 4190 inde
1803 4135 1946 4191 utile

310 4227 371 4281 ad
404 4226 819 4298 intelligendas
841 4230 1075 4281 sanctas
1099 4226 1432 4296 Scripturas
1462 4241 1664 4296 rapere
1688 4226 1947 4296 potueri-

308 4331 471 4383 mus;
506 4332 613 4371 nec
644 4316 716 4371 ad
748 4314 987 4369 illorum
1023 4314 1338 4370 theatricas
1372 4330 1558 4385 nugas
1590 4315 1873 4379 cnnverti,
1894 4313 1944 4368 si

306 4404 518 4478 aliquid
541 4408 615 4462 de
638 4405 882 4462 citharis
913 4406 1059 4460 etde
1089 4404 1347 4477 organis,
1373 4404 1525 4475 quod
1552 4406 1624 4459 ad
1655 4404 1946 4476 spiritalia

306 4495 582 4566 capienda
605 4494 1213 4567 valeat,disputemus.
1238 4494 1430 4563 Neque
1454 4494 1609 4549 enim
1641 4500 1698 4549 et
1720 4494 1943 4548 litteras

306 4583 519 4640 discere
550 4602 668 4640 non
700 4584 1033 4653 debuimus,
1067 4583 1205 4654 quia
1229 4599 1428 4637 earum
1455 4588 1806 4654 repertorem
1830 4583 1944 4637 ’di-

306 4680 439 4729 cunt
467 4690 600 4730 esse
632 4673 983 4729 Mercurium
1011 4691 1023 4740 ;
1067 4676 1169 4727 aut
1196 4672 1331 4742 quia
1351 4672 1597 4743 justitia:
1628 4672 1943 4744 virtutique

308 4763 514 4835 templa
538 4764 961 4830 dedicarunt,et
984 4779 1108 4833 qua:
1128 4762 1299 4817 corde
1316 4762 1598 4833 gestanda
1619 4767 1758 4817 sunt
1780 4761 1837 4816 in
1854 4760 1941 4816 la-

306 4852 536 4923 pidibus
558 4853 802 4908 adorare
825 4851 1180 4921 maluerunt,
1202 4855 1504 4922 propterea
1528 4851 1696 4906 nobis
1712 4851 1945 4921 justitia

304 4941 889 5014 virtusquefugienda
908 4944 997 4996 est
1020 4957 1033 4996 :
1056 4940 1175 4995 imo
1191 4955 1323 4996 vero
1346 4939 1617 5012 quisquis
1636 4942 1819 4995 bonus
1845 4957 1942 4995 ve-

306 5048 519 5103 rusque
531 5030 1232 5097 christianusest,Domini
1250 5030 1338 5084 sui
1355 5046 1483 5085 esse
1498 5028 1945 5102 intelligat,ubi-

304 5136 549 5192 cumque
564 5120 1367 5191 inveneritveritatem,quam
1382 5120 1662 5174 conﬁtens
1675 5120 1696 5153 ³
1709 5124 1762 5173 et
1775 5136 1945 5190 agno-

305 5210 675 5275 scens,etiam
701 5210 760 5264 in
785 5209 1018 5263 Litteris
1042 5208 1224 5263 sacris
1247 5207 1650 5279 superstitiosa
1668 5209 1945 5278 figmenta

306 5300 587 5368 repudiet;
604 5298 910 5369 doleatque
924 5297 1193 5353 homines
1207 5301 1381 5368 atque
1393 5298 1713 5368 caveat,qui
1732 5314 1943 5368 cogno-

308 5394 529 5444 scentes
552 5389 878 5456 Deum,non
903 5392 967 5442 ut
992 5388 1170 5443 Deum
1194 5386 1793 5459 glorificaverunt,aut
1814 5404 1945 5459 gra-

371 5567 385 5600 ι
418 5566 542 5614 Mss.
567 5565 675 5614 duo
706 5579 734 5614 e
764 5563 1330 5621 Vaticanis.Minervw,
1354 5563 1467 5619 Alii,
1501 5578 1690 5613 omnes
1719 5565 1945 5624 codices,

316 5628 675 5677 Hemorizﬁic
693 5642 822 5677 vero
844 5628 999 5677 etiam
1026 5628 1081 5675 in
1104 5626 1192 5675 lib.
1216 5626 1325 5691 ‘gde
1347 5627 1558 5691 Ordine,
1582 5642 1696 5691 cap.
1720 5632 1852 5688 ϋηο.
1868 5632 1946 5679 fit.

374 5692 394 5725 ³
420 5692 544 5739 Mss.
576 5704 745 5803 prope
775 5704 980 5751 omnes,
1007 5703 1183 5738 earum
1210 5688 1372 5737 Deum
1401 5688 1597 5739 dicunt.

374 5754 393 5789 ³
411 5754 576 5803 Mean
599 5767 824 5803 usauam
840 5753 1355 5803 viaentixonlerens:
1377 5757 1597 5803 consent

372 5754 393 5789 ³
411 5754 533 5805 Mss.
540 5753 824 5819 plusquam
840 5753 1355 5817 vigenti,con/erens:
1377 5754 1644 5805 consentit
1659 5753 1822 5804 editio
1832 5754 1949 5805 Am.

2080 489 2193 544 tias
2223 492 2488 561 egerunt,
2504 489 2607 545 sed
2630 492 2991 544 evanuerunt
3009 487 3071 543 in
3094 487 3550 560 cogitationibus
3573 488 3727 559 suis,

2080 582 2137 634 et
2166 580 2540 634 obscuratum
2591 582 2679 634 est
2724 594 2822 633 cor
2854 577 3139 650 insipiens
3177 594 3377 633 eorum
3412 593 3425 633 :
3463 577 3724 634 dicentes

2079 667 2233 721 enim
2267 685 2327 723 se
2357 684 2484 723 esse
2516 668 2853 738 sapientes.,
2886 666 3023 722 sulti
3057 666 3193 722 facti
3224 671 3383 735 sunt,
3416 671 3473 722 et
3503 668 3726 723 immu-

2080 760 2351 812 taverunt
2380 757 2628 828 gloriam
2664 755 3125 828 incorruptibilis
3160 756 3255 812 Dei
3288 755 3343 810 in
3378 756 3725 812 similitudi-

2080 861 2213 900 nem
2246 845 2526 917 imaginis
2578 844 2981 917 corruptibilis
3019 844 3364 913 hominis,et
3388 844 3720 913 volucrum,

2077 938 2133 989 et
2160 934 2634 1006 quadrupedum,
2668 939 2725 989 et
2756 934 3116 1006 serpentium
3153 936 3323 1005 (Rom.
3358 951 3395 1005 ι,
3423 935 3487 988 21
3522 934 3684 1008 sqq.).

2074 1069 2304 1125 CAPUT
2337 1070 2475 1125 XIX.
2500 1102 2566 1109 ——
2587 1071 2967 1125 Doctrinarum
2990 1086 3191 1139 genera
3210 1070 3318 1126 duo
3340 1079 3559 1143 reperta
3577 1070 3725 1143 apud

2764 1143 2861 1196 ΕΜ
2872 1160 2901 1196 η
2912 1144 3035 1197 z'cos.

2143 1248 2231 1303 29.
2267 1249 2375 1303 Sed
2412 1252 2476 1303 ut
2506 1252 2692 1303 totum
2723 1248 2901 1303 istum
2931 1248 3147 1313 locum,
3182 1264 3317 1303 nam
3350 1251 3439 1303 est
3470 1247 3725 1303 maxime

2073 1338 2461 1403 necessarius,
2494 1337 2838 1409 diligentius
2867 1336 3263 1408 explicemus;
3306 1337 3420 1392 duo
3454 1342 3593 1392 sunt
3624 1352 3724 1409 ge-

2073 1442 2213 1480 nera
2244 1426 2665 1495 doctrinarum,
2701 1442 2829 1497 qua?
2861 1426 2918 1479 in
2971 1424 3289 1497 gentilibus
3333 1426 3511 1480 etiam
3544 1426 3720 1480 mori~

2073 1513 2234 1568 ribus
2266 1518 2627 1569 exercentur.
2664 1516 2851 1571 Unum
2885 1530 3087 1570 earum
3138 1531 3328 1570 rerum
3367 1531 3514 1586 quas
3545 1515 3720 1571 insti-

2071 1607 2308 1657 tuerunt
2330 1604 2597 1658 homines
2625 1621 2637 1670 ;
2671 1603 2920 1659 alterum
2948 1620 3148 1659 earum
3175 1620 3322 1675 quas
3354 1603 3719 1659 animadver-

2067 1696 2368 1747 verterunt
2390 1692 2516 1762 jam
2549 1697 2814 1763 peractas
2838 1696 2939 1747 aut
2960 1692 3242 1747 divinitus
3263 1691 3719 1748 institutas.llud

2070 1782 2223 1853 quod
2258 1785 2345 1836 est
2377 1782 2699 1836 secundum
2734 1781 3134 1836 institutiones
3163 1780 3484 1846 hominum,
3506 1780 3717 1852 partim

2068 1870 2540 1942 superstitiosum
2573 1874 2679 1940 est,
2714 1870 2925 1941 partim
2959 1886 3073 1925 non
3100 1874 3207 1925 est.

2066 2003 2294 2059 CAPUT
2324 2002 2775 2058 XX.—Scientiae
2797 2018 2931 2074 quas
2954 2003 3198 2074 homines
3220 2002 3575 2058 instituerunt
3603 2004 3713 2059 ali-

2100 2090 2219 2145 quae
2247 2076 2699 2145 superstitionum
2716 2074 2913 2145 plenae.
2944 2073 3158 2130 Catenis
3184 2074 3393 2129 dictum
3413 2074 3674 2144 lepidum.

2134 2184 2223 2237 30.
2256 2182 2689 2254 Superstiosum
2714 2187 2803 2238 est
2834 2182 3119 2254 quidquid
3158 2182 3497 2238 institutum
3530 2187 3619 2238 est
3642 2184 3714 2239 ab

2065 2271 2404 2327 hominibus
2424 2272 2495 2326 ad
2515 2270 2781 2327 facienda
2797 2276 2852 2327 et
2871 2271 3114 2327 colenda
3129 2272 3283 2327 idola
3300 2271 3715 2343 pertinens,vel

2063 2362 2135 2416 ad
2160 2359 2462 2416 colendam
2481 2361 2653 2416 sicuti
2670 2365 2843 2416 Deum
2871 2365 3199 2416 creaturam
3220 2365 3512 2432 partemve
3530 2360 3711 2417 ullam

2063 2454 2377 2517 creaturas;
2411 2449 2497 2505 vel
2527 2450 2597 2504 ad
2632 2448 3091 2505 consultationes
3124 2454 3181 2504 et
3230 2454 3398 2521 pacta
3437 2450 3706 2521 quaedam

2064 2538 2563 2609 signiﬁcationum
2578 2555 2711 2593 cum
2730 2538 3095 2593 daemonibus
3114 2537 3326 2610 placita
3338 2543 3515 2609 atque
3532 2538 3706 2594 l'osde-

2063 2631 2209 2698 rata,
2242 2626 2438 2698 qualia
2466 2630 2569 2682 aut
2601 2626 2905 2683 molimina
2934 2626 3285 2698 magicarum
3320 2627 3557 2695 artium,
3580 2642 3709 2698 quis

2064 2717 2300 2789 quidem
2322 2732 2783 2772 commemorare
2805 2717 2999 2787 potius
3022 2732 3200 2787 quam
3223 2715 3430 2769 docore
3451 2714 3713 2771 assolent

2063 2811 2265 2877 poetzn.
2293 2806 2369 2860 Ex
2390 2822 2505 2876 quo
2526 2822 2737 2877 genere
2757 2806 3022 2874 sunt,sed
3045 2804 3206 2874 quasi
3230 2803 3526 2859 licentiore
3547 2803 3706 2858 vani-

2062 2898 2178 2949 tate
2208 2896 2546 2965 aruspicum
2570 2899 2626 2948 et
2648 2910 2936 2966 augurum
2962 2892 3206 2947 libri.Ad
3232 2891 3339 2946 hoc
3361 2906 3547 2963 genus
3572 2907 3706 2963 per-

2030 2996 2032 2999 ·
2063 2983 2469 3039 tinentomnes
2484 2984 2660 3038 etiam
2674 2982 2939 3053 ligaturaa
2958 2986 3133 3053 atque
3148 2980 3559 3049 remedia.qum
3582 2997 3702 3036 me-

2061 3072 2326 3127 dicorum
2360 3088 2593 3142 quoque
2623 3070 2932 3142 disciplina
2962 3068 3461 3134 condemnat,sive
3483 3069 3538 3122 in
3566 3084 3707 3139 prai-

2061 3161 2521 3225 cantationibus,
2554 3160 2671 3215 sive
2703 3160 2759 3213 in
2794 3159 3149 3231 quibusdam
3185 3157 3339 3213 notis
3377 3174 3526 3228 quas
3567 3157 3705 3212 cha-

2060 3255 2312 3306 racteres
2359 3253 2589 3315 vocant,
2624 3250 2743 3304 sive
2773 3248 2829 3303 in
2865 3248 3196 3319 quibusque
3242 3247 3417 3302 rebus
3463 3263 3710 3317 suspen-

2059 3340 2268 3395 dendis
2300 3344 2475 3411 atque
2526 3337 2847 3409 illigandis,
2877 3336 2963 3392 vel
3007 3336 3180 3392 etiam
3213 3336 3484 3407 aptandis
3512 3337 3527 3370 ¹
3563 3352 3705 3406 quo-

2060 3430 2254 3499 modo,
2284 3446 2399 3483 non
2445 3428 2515 3483 ad
2568 3426 3050 3497 temperationem
3097 3441 3430 3496 corporum,
3478 3425 3580 3479 sed
3630 3425 3703 3479 ad

2058 3519 2345 3588 quasdam
2378 3516 2835 3589 significationes
2856 3519 2957 3570 aut
2977 3514 3364 3581 occultas,aut
3383 3513 3557 3569 etiam
3581 3530 3703 3568 ma~

2058 3606 2339 3675 nifestas;
2373 3623 2498 3678 qua:
2532 3605 2764 3660 mitiore
2795 3603 3029 3660 nomine
3062 3603 3302 3675 physica
3359 3606 3587 3671 vocant,
3640 3608 3705 3657 ut

2056 3696 2223 3766 quasi
2251 3713 2366 3751 non
2407 3694 2822 3767 superstitione
2850 3692 3170 3765 implicare,
3204 3692 3304 3747 sed
3338 3694 3550 3747 natura
3570 3708 3701 3763 pro-

2058 3785 2224 3840 desse
2254 3784 2560 3840 videantur
2591 3800 2604 3838 :
2640 3783 2794 3839 sicut
2823 3786 2964 3837 sunt
2994 3782 3231 3836 inaures
3263 3780 3318 3835 in
3354 3797 3587 3835 summo
3606 3797 3704 3835 au-

2059 3873 2209 3928 rium
2244 3873 2633 3944 singularum,
2669 3876 2770 3927 aut
2801 3871 2870 3925 de
2902 3869 3276 3925 stuthionum
3326 3869 3564 3924 ossibus
3594 3886 3701 3924 an-

2059 3962 2198 4016 sulae
2231 3962 2290 4016 in
2320 3961 2540 4032 digitis,
2572 3964 2672 4015 aut
2701 3976 2834 4014 cum
2864 3958 2972 4013 tibi
3002 3958 3217 4013 dicitur
3246 3956 3705 4027 singultienti,ut

2056 4051 2292 4105 dextera
2327 4066 2502 4105 manu
2537 4050 2842 4104 sinistrum
2877 4046 3145 4119 pollicem
3176 4050 3397 4101 teneas.

2127 4140 2325 4195 3LHis
2356 4140 2764 4209 adjunguntur
2789 4136 2969 4191 millia
2991 4135 3474 4191 inanissimarum
3502 4133 3701 4190 obser-

2057 4227 2379 4295 vationum,
2404 4228 2453 4282 si
2485 4228 2818 4282 membrum
2847 4224 3083 4294 aliquoh
3115 4223 3356 4292 salierit,
3382 4222 3700 4293 sijunctim

2057 4316 2501 4373 ambulantibus
2543 4316 2748 4371 amicis
2778 4314 2981 4385 lapsis,
3028 4318 3131 4368 aut
3178 4312 3360 4379 canis,
3406 4316 3507 4368 aut
3557 4328 3702 4384 puer

2058 4406 2289 4461 medius
2320 4405 2693 4461 intervenerit
2721 4421 2731 4459 ε
2757 4408 2931 4474 atque
2952 4401 3094 4457 illud
3131 4402 3287 4473 quod
3305 4401 3558 4474 lapidem
3582 4401 3698 4455 cal-

2057 4500 2212 4561 cant,
2244 4500 2521 4567 tanquam
2556 4494 2970 4565 diremptorem
3020 4490 3303 4556 amicitias,
3346 4491 3543 4546 minus
3569 4506 3698 4545 mo-

2056 4584 2270 4640 lestum
2301 4589 2411 4650 est,
2457 4600 2633 4654 quam
2668 4582 2821 4653 quod
2869 4580 3236 4637 innocentem
3272 4595 3517 4650 puerum
3551 4578 3700 4635 cola-

2056 4673 2171 4745 pho
2199 4674 2554 4743 percutiunt,
2581 4672 2630 4726 si
2682 4670 2898 4742 pariter
2937 4668 3379 4725 ambulantibus
3418 4668 3698 4722 intercur—

2056 4764 2149 4817 rit.
2184 4763 2294 4817 Sed
2327 4761 2545 4816 bellum
2570 4765 2661 4815 est
2690 4760 2843 4831 quod
2866 4759 3180 4828 aliquando
3212 4758 3371 4829 pueri
3395 4756 3698 4813 vindican-

2056 4856 2149 4906 tur
2181 4869 2213 4906 a
2243 4851 2487 4906 canibus
2522 4866 2533 4904 :
2575 4865 2708 4903 nam
2744 4847 3089 4919 plerumque
3135 4850 3256 4902 tam
3303 4845 3699 4918 superstitiosi

2058 4944 2197 4995 sunt
2227 4940 2486 5012 quidam,
2520 4944 2585 4993 ut
2616 4938 2788 4992 etiam
2823 4951 3027 4991 canem
3058 4936 3155 5007 qui
3188 4936 3422 4991 medius
3452 4935 3700 4991 interve-

2057 5028 2233 5095 nerit,
2262 5028 2429 5083 ferire
2460 5028 2732 5093 audeant,
2759 5041 2873 5079 non
2908 5026 3182 5095 impune;
3216 5040 3473 5096 namque
3495 5041 3529 5079 a
3557 5040 3703 5079 vano

2057 5117 2315 5173 remedio
2355 5118 2469 5173 cito
2518 5115 2615 5171 ille
2647 5114 2944 5170 interdum
2994 5129 3399 5185 percussorem
3425 5128 3602 5168 suum
3633 5112 3705 5168 ad

2057 5224 2259 5263 verum
2284 5207 2576 5261 medicum
2606 5204 2805 5260 mittit.
2837 5204 2976 5256 llinc
3010 5206 3150 5257 sunt
3178 5202 3351 5258 etiam
3383 5201 3503 5268 illa,
3526 5201 3709 5258 limen

2058 5295 2279 5351 calcare
2311 5313 2443 5350 cum
2470 5300 2603 5350 ante
2641 5295 2878 5348 domum
2922 5307 3091 5346 suam
3124 5291 3374 5359 transit;
3417 5291 3605 5347 redire
3636 5291 3707 5346 ad

2059 5386 2296 5451 lectum,
2322 5384 2370 5439 si
2402 5385 2530 5454 quis
2561 5385 2702 5438 dum
2728 5398 2790 5437 se
2821 5381 3040 5437 calceat
3063 5380 3515 5447 sternutaverit;
3556 5379 3710 5435 redi-

2061 5490 2121 5529 re
2178 5474 2443 5542 domum,
2504 5473 2553 5528 si
2604 5472 2919 5544 procedens
2971 5470 3320 5538 offenderit;
3390 5486 3522 5525 cum
3580 5484 3710 5525 ves-

2062 5565 2137 5619 tis
2187 5581 2219 5619 a
2278 5563 2565 5619 soricibus
2611 5560 2855 5628 roditur,
2930 5559 3062 5631 plus
3128 5564 3378 5616 tremere
3450 5558 3707 5630 suspicio

2128 5692 2143 5724 ¹
2178 5687 2396 5737 Codices
2426 5687 2553 5737 editi
2576 5684 3049 5759 et'Mss.,salta.ndz's
3066 5684 3707 5793 quodammodozexcesto

2128 5766 2172 5793 ιο
2204 5752 2529 5793 Remiaiann-
2552 5764 2705 5793 alnus
2726 5752 3038 5793 auctoritate
3066 5750 3413 5793 restituimus.
3443 5749 3599 5793 ontan
3642 5759 3701 5793 ις.

2064 5765 2172 5801 uno
2203 5752 2529 5814 Remigiano,
2552 5749 2705 5812 cujus
2726 5749 3038 5800 auctoritate
3066 5749 3413 5809 restituimus,
3443 5749 3701 5809 aptandis.
