  <div class='ocr_page' id='page_1' title='image "/cluster/home/n/w/nwhite01/storage/ocr_20150623/34/hvd.32044096580576/040.png"; bbox 0 0 4074 6186; ppageno 0'>
   <div class='ocr_carea' id='block_1_1' title="bbox 251 324 3617 409">
    <p class='ocr_par' dir='ltr' id='par_1_1' title="bbox 251 324 3617 409">
     <span class='ocr_line' id='line_1_1' title="bbox 251 324 3617 409; baseline 0.006 -32"><span class='ocrx_word' id='word_1_1' title='bbox 251 334 313 393; x_wconf 76' lang='lat'><strong>69</strong></span> <span class='ocrx_word' id='word_1_2' title='bbox 1596 324 1829 385; x_wconf 77' lang='lat' dir='ltr'><strong>LIBER</strong></span> <span class='ocrx_word' id='word_1_3' title='bbox 1873 326 2234 388; x_wconf 81' lang='lat' dir='ltr'>TERTIUS.</span> <span class='ocrx_word' id='word_1_4' title='bbox 3543 349 3617 409; x_wconf 91' lang='grc' dir='ltr'>7ο</span> 
     </span>
    </p>
   </div>
   <div class='ocr_carea' id='block_1_2' title="bbox 255 457 1860 534">
    <p class='ocr_par' dir='ltr' id='par_1_2' title="bbox 255 457 1860 534">
     <span class='ocr_line' id='line_1_2' title="bbox 255 457 1860 534; baseline -0.004 -16"><span class='ocrx_word' id='word_1_5' title='bbox 255 464 474 520; x_wconf 77' lang='lat' dir='ltr'>rendam</span> <span class='ocrx_word' id='word_1_6' title='bbox 498 466 583 518; x_wconf 83' lang='lat' dir='ltr'>est</span> <span class='ocrx_word' id='word_1_7' title='bbox 604 479 675 518; x_wconf 90' lang='lat' dir='ltr'>ne</span> <span class='ocrx_word' id='word_1_8' title='bbox 697 462 1010 534; x_wconf 88' lang='lat' dir='ltr'>figuratam</span> <span class='ocrx_word' id='word_1_9' title='bbox 1029 460 1382 516; x_wconf 89' lang='lat' dir='ltr'>locutionem</span> <span class='ocrx_word' id='word_1_10' title='bbox 1402 460 1472 514; x_wconf 90' lang='lat' dir='ltr'>ad</span> <span class='ocrx_word' id='word_1_11' title='bbox 1490 457 1743 513; x_wconf 76' lang='lat' dir='ltr'>litteram</span> <span class='ocrx_word' id='word_1_12' title='bbox 1769 474 1860 513; x_wconf 91' lang='lat' dir='ltr'>ac-</span> 
     </span>
    </p>
   </div>
   <div class='ocr_carea' id='block_1_3' title="bbox 256 546 1857 625">
    <p class='ocr_par' dir='ltr' id='par_1_3' title="bbox 256 546 1857 625">
     <span class='ocr_line' id='line_1_3' title="bbox 256 546 1857 625; baseline -0.004 -17"><span class='ocrx_word' id='word_1_13' title='bbox 256 554 426 625; x_wconf 82' lang='lat' dir='ltr'>cipias.</span> <span class='ocrx_word' id='word_1_14' title='bbox 450 553 515 607; x_wconf 86' lang='lat' dir='ltr'>Et</span> <span class='ocrx_word' id='word_1_15' title='bbox 536 552 603 607; x_wconf 86' lang='lat' dir='ltr'>ad</span> <span class='ocrx_word' id='word_1_16' title='bbox 628 551 736 607; x_wconf 87' lang='lat' dir='ltr'>hoc</span> <span class='ocrx_word' id='word_1_17' title='bbox 757 552 916 607; x_wconf 89' lang='lat' dir='ltr'>enim</span> <span class='ocrx_word' id='word_1_18' title='bbox 941 550 1191 622; x_wconf 79' lang='lat' dir='ltr'>pertinet</span> <span class='ocrx_word' id='word_1_19' title='bbox 1216 549 1371 620; x_wconf 91' lang='lat' dir='ltr'>quod</span> <span class='ocrx_word' id='word_1_20' title='bbox 1405 546 1816 619; x_wconf 83' lang='lat' dir='ltr'>aitApostolus</span> <span class='ocrx_word' id='word_1_21' title='bbox 1844 565 1857 602; x_wconf 89' lang='lat'><strong>:</strong></span> 
     </span>
    </p>
   </div>
   <div class='ocr_carea' id='block_1_4' title="bbox 246 636 1854 712">
    <p class='ocr_par' dir='ltr' id='par_1_4' title="bbox 246 636 1854 712">
     <span class='ocr_line' id='line_1_4' title="bbox 246 636 1854 712; baseline -0.006 -14"><span class='ocrx_word' id='word_1_22' title='bbox 246 646 421 699; x_wconf 78' lang='lat' dir='ltr'>Littera</span> <span class='ocrx_word' id='word_1_23' title='bbox 448 641 659 709; x_wconf 81' lang='lat' dir='ltr'>occidit,</span> <span class='ocrx_word' id='word_1_24' title='bbox 685 642 917 712; x_wconf 74' lang='lat' dir='ltr'>spiritus</span> <span class='ocrx_word' id='word_1_25' title='bbox 946 649 1126 695; x_wconf 81' lang='lat' dir='ltr'>autem</span> <span class='ocrx_word' id='word_1_26' title='bbox 1154 639 1396 708; x_wconf 81' lang='lat' dir='ltr'>viviﬁcat</span> <span class='ocrx_word' id='word_1_27' title='bbox 1416 636 1489 708; x_wconf 88' lang='grc' dir='ltr'>(ΙΙ</span> <span class='ocrx_word' id='word_1_28' title='bbox 1524 637 1647 691; x_wconf 86' lang='lat' dir='ltr'>Cor.</span> <span class='ocrx_word' id='word_1_29' title='bbox 1674 653 1759 703; x_wconf 89' lang='grc' dir='ltr'>ιιι,</span> <span class='ocrx_word' id='word_1_30' title='bbox 1780 637 1854 706; x_wconf 83' lang='lat'>6).</span> 
     </span>
    </p>
   </div>
   <div class='ocr_carea' id='block_1_5' title="bbox 248 727 1858 802">
    <p class='ocr_par' dir='ltr' id='par_1_5' title="bbox 248 727 1858 802">
     <span class='ocr_line' id='line_1_5' title="bbox 248 727 1858 802; baseline -0.004 -16"><span class='ocrx_word' id='word_1_31' title='bbox 248 736 363 787; x_wconf 87' lang='lat' dir='ltr'>Cum</span> <span class='ocrx_word' id='word_1_32' title='bbox 392 730 540 786; x_wconf 89' lang='lat' dir='ltr'>enim</span> <span class='ocrx_word' id='word_1_33' title='bbox 574 731 820 802; x_wconf 82' lang='lat' dir='ltr'>ﬁgurate</span> <span class='ocrx_word' id='word_1_34' title='bbox 850 729 1072 785; x_wconf 86' lang='lat' dir='ltr'>dictum</span> <span class='ocrx_word' id='word_1_35' title='bbox 1120 728 1205 783; x_wconf 93' lang='lat' dir='ltr'>sic</span> <span class='ocrx_word' id='word_1_36' title='bbox 1237 727 1542 799; x_wconf 79' lang='lat' dir='ltr'>accipitur,</span> <span class='ocrx_word' id='word_1_37' title='bbox 1576 731 1858 796; x_wconf 83' lang='lat' dir='ltr'>tanquam</span> 
     </span>
    </p>
   </div>
   <div class='ocr_carea' id='block_1_6' title="bbox 251 812 1861 893">
    <p class='ocr_par' dir='ltr' id='par_1_6' title="bbox 251 812 1861 893">
     <span class='ocr_line' id='line_1_6' title="bbox 251 812 1861 893; baseline -0.004 -19"><span class='ocrx_word' id='word_1_38' title='bbox 251 820 450 893; x_wconf 82' lang='lat' dir='ltr'>proprie</span> <span class='ocrx_word' id='word_1_39' title='bbox 481 820 702 874; x_wconf 89' lang='lat' dir='ltr'>dictum</span> <span class='ocrx_word' id='word_1_40' title='bbox 735 819 833 886; x_wconf 88' lang='lat' dir='ltr'>sit,</span> <span class='ocrx_word' id='word_1_41' title='bbox 858 817 1169 874; x_wconf 81' lang='lat' dir='ltr'>carnaliter</span> <span class='ocrx_word' id='word_1_42' title='bbox 1197 816 1447 887; x_wconf 89' lang='lat' dir='ltr'>sapitur.</span> <span class='ocrx_word' id='word_1_43' title='bbox 1496 814 1695 885; x_wconf 89' lang='lat' dir='ltr'>Neque</span> <span class='ocrx_word' id='word_1_44' title='bbox 1740 812 1861 867; x_wconf 91' lang='lat' dir='ltr'>ulla</span> 
     </span>
    </p>
   </div>
   <div class='ocr_carea' id='block_1_7' title="bbox 242 904 1858 980">
    <p class='ocr_par' dir='ltr' id='par_1_7' title="bbox 242 904 1858 980">
     <span class='ocr_line' id='line_1_7' title="bbox 242 904 1858 980; baseline -0.006 -15"><span class='ocrx_word' id='word_1_45' title='bbox 242 926 374 965; x_wconf 88' lang='lat' dir='ltr'>mors</span> <span class='ocrx_word' id='word_1_46' title='bbox 405 909 611 962; x_wconf 70' lang='lat' dir='ltr'>animae</span> <span class='ocrx_word' id='word_1_47' title='bbox 644 906 1065 980; x_wconf 83' lang='lat' dir='ltr'>congruentius</span> <span class='ocrx_word' id='word_1_48' title='bbox 1110 904 1457 976; x_wconf 81' lang='lat' dir='ltr'>appellatur,</span> <span class='ocrx_word' id='word_1_49' title='bbox 1505 919 1681 974; x_wconf 89' lang='lat' dir='ltr'>quam</span> <span class='ocrx_word' id='word_1_50' title='bbox 1724 918 1858 956; x_wconf 88' lang='lat' dir='ltr'>eum</span> 
     </span>
    </p>
   </div>
   <div class='ocr_carea' id='block_1_8' title="bbox 241 992 1857 1067">
    <p class='ocr_par' dir='ltr' id='par_1_8' title="bbox 241 992 1857 1067">
     <span class='ocr_line' id='line_1_8' title="bbox 241 992 1857 1067; baseline -0.005 -15"><span class='ocrx_word' id='word_1_51' title='bbox 241 998 287 1052; x_wconf 90' lang='lat' dir='ltr'>id</span> <span class='ocrx_word' id='word_1_52' title='bbox 307 996 465 1052; x_wconf 85' lang='lat' dir='ltr'>etiam</span> <span class='ocrx_word' id='word_1_53' title='bbox 498 997 652 1067; x_wconf 88' lang='lat' dir='ltr'>quod</span> <span class='ocrx_word' id='word_1_54' title='bbox 686 996 744 1050; x_wconf 90' lang='lat' dir='ltr'>in</span> <span class='ocrx_word' id='word_1_55' title='bbox 775 1012 845 1051; x_wconf 89' lang='lat' dir='ltr'>ea</span> <span class='ocrx_word' id='word_1_56' title='bbox 879 995 1081 1051; x_wconf 75' lang='lat' dir='ltr'>bestiis</span> <span class='ocrx_word' id='word_1_57' title='bbox 1127 993 1441 1059; x_wconf 86' lang='lat' dir='ltr'>antecellit,</span> <span class='ocrx_word' id='word_1_58' title='bbox 1477 992 1585 1047; x_wconf 91' lang='lat' dir='ltr'>hoc</span> <span class='ocrx_word' id='word_1_59' title='bbox 1627 997 1737 1057; x_wconf 89' lang='lat' dir='ltr'>est,</span> <span class='ocrx_word' id='word_1_60' title='bbox 1770 992 1857 1044; x_wconf 84' lang='lat' dir='ltr'>in-</span> 
     </span>
    </p>
   </div>
   <div class='ocr_carea' id='block_1_9' title="bbox 242 1078 1860 1158">
    <p class='ocr_par' dir='ltr' id='par_1_9' title="bbox 242 1078 1860 1158">
     <span class='ocr_line' id='line_1_9' title="bbox 242 1078 1860 1158; baseline -0.006 -16"><span class='ocrx_word' id='word_1_61' title='bbox 242 1086 529 1158; x_wconf 86' lang='lat' dir='ltr'>telligentia</span> <span class='ocrx_word' id='word_1_62' title='bbox 560 1086 721 1141; x_wconf 87' lang='lat' dir='ltr'>carui</span> <span class='ocrx_word' id='word_1_63' title='bbox 762 1084 1079 1154; x_wconf 79' lang='lat' dir='ltr'>subjicitur</span> <span class='ocrx_word' id='word_1_64' title='bbox 1105 1084 1406 1156; x_wconf 90' lang='lat' dir='ltr'>sequendo</span> <span class='ocrx_word' id='word_1_65' title='bbox 1436 1082 1717 1137; x_wconf 86' lang='lat' dir='ltr'>litteram.</span> <span class='ocrx_word' id='word_1_66' title='bbox 1753 1078 1860 1142; x_wconf 89' lang='lat' dir='ltr'>Qui</span> 
     </span>
    </p>
   </div>
   <div class='ocr_carea' id='block_1_10' title="bbox 240 1171 1859 1246">
    <p class='ocr_par' dir='ltr' id='par_1_10' title="bbox 240 1171 1859 1246">
     <span class='ocr_line' id='line_1_10' title="bbox 240 1171 1859 1246; baseline -0.005 -14"><span class='ocrx_word' id='word_1_67' title='bbox 240 1176 371 1232; x_wconf 86' lang='lat' dir='ltr'>enim</span> <span class='ocrx_word' id='word_1_68' title='bbox 404 1176 669 1246; x_wconf 83' lang='lat' dir='ltr'>sequitur</span> <span class='ocrx_word' id='word_1_69' title='bbox 698 1174 980 1240; x_wconf 87' lang='lat' dir='ltr'>litteram,</span> <span class='ocrx_word' id='word_1_70' title='bbox 1013 1172 1303 1229; x_wconf 88' lang='lat' dir='ltr'>translata</span> <span class='ocrx_word' id='word_1_71' title='bbox 1333 1172 1507 1227; x_wconf 91' lang='lat' dir='ltr'>verba</span> <span class='ocrx_word' id='word_1_72' title='bbox 1538 1171 1693 1226; x_wconf 82' lang='lat' dir='ltr'>sicut</span> <span class='ocrx_word' id='word_1_73' title='bbox 1724 1185 1859 1241; x_wconf 90' lang='lat' dir='ltr'>pro-</span> 
     </span>
    </p>
   </div>
   <div class='ocr_carea' id='block_1_11' title="bbox 239 1258 1858 1337">
    <p class='ocr_par' dir='ltr' id='par_1_11' title="bbox 239 1258 1858 1337">
     <span class='ocr_line' id='line_1_11' title="bbox 239 1258 1858 1337; baseline -0.006 -17"><span class='ocrx_word' id='word_1_74' title='bbox 239 1264 343 1337; x_wconf 87' lang='lat' dir='ltr'>pria</span> <span class='ocrx_word' id='word_1_75' title='bbox 370 1269 541 1332; x_wconf 88' lang='lat' dir='ltr'>tenet,</span> <span class='ocrx_word' id='word_1_76' title='bbox 570 1280 760 1335; x_wconf 90' lang='lat' dir='ltr'>neque</span> <span class='ocrx_word' id='word_1_77' title='bbox 792 1263 935 1318; x_wconf 91' lang='lat' dir='ltr'>illud</span> <span class='ocrx_word' id='word_1_78' title='bbox 969 1264 1122 1334; x_wconf 91' lang='lat' dir='ltr'>quod</span> <span class='ocrx_word' id='word_1_79' title='bbox 1155 1262 1390 1335; x_wconf 87' lang='lat' dir='ltr'>preprio</span> <span class='ocrx_word' id='word_1_80' title='bbox 1426 1261 1598 1317; x_wconf 86' lang='lat' dir='ltr'>verbo</span> <span class='ocrx_word' id='word_1_81' title='bbox 1632 1258 1858 1330; x_wconf 85' lang='lat' dir='ltr'>signifi-</span> 
     </span>
    </p>
   </div>
   <div class='ocr_carea' id='block_1_12' title="bbox 237 1348 1861 1425">
    <p class='ocr_par' dir='ltr' id='par_1_12' title="bbox 237 1348 1861 1425">
     <span class='ocr_line' id='line_1_12' title="bbox 237 1348 1861 1425; baseline -0.004 -16"><span class='ocrx_word' id='word_1_82' title='bbox 237 1360 393 1422; x_wconf 83' lang='lat' dir='ltr'>catur,</span> <span class='ocrx_word' id='word_1_83' title='bbox 425 1354 600 1408; x_wconf 82' lang='lat' dir='ltr'>refert</span> <span class='ocrx_word' id='word_1_84' title='bbox 631 1354 702 1408; x_wconf 90' lang='lat' dir='ltr'>ad</span> <span class='ocrx_word' id='word_1_85' title='bbox 735 1353 913 1409; x_wconf 90' lang='lat' dir='ltr'>aliam</span> <span class='ocrx_word' id='word_1_86' title='bbox 938 1352 1427 1425; x_wconf 83' lang='lat' dir='ltr'>significationem</span> <span class='ocrx_word' id='word_1_87' title='bbox 1461 1369 1473 1407; x_wconf 90' lang='lat'><strong>:</strong></span> <span class='ocrx_word' id='word_1_88' title='bbox 1508 1351 1608 1406; x_wconf 91' lang='lat' dir='ltr'>sed</span> <span class='ocrx_word' id='word_1_89' title='bbox 1642 1350 1690 1405; x_wconf 89' lang='lat' dir='ltr'>si</span> <span class='ocrx_word' id='word_1_90' title='bbox 1722 1348 1861 1403; x_wconf 86' lang='lat' dir='ltr'>Sab-</span> 
     </span>
    </p>
   </div>
   <div class='ocr_carea' id='block_1_13' title="bbox 238 1439 1856 1514">
    <p class='ocr_par' dir='ltr' id='par_1_13' title="bbox 238 1439 1856 1514">
     <span class='ocr_line' id='line_1_13' title="bbox 238 1439 1856 1514; baseline -0.004 -17"><span class='ocrx_word' id='word_1_91' title='bbox 238 1444 410 1498; x_wconf 83' lang='lat' dir='ltr'>batnm</span> <span class='ocrx_word' id='word_1_92' title='bbox 431 1443 686 1498; x_wconf 88' lang='lat' dir='ltr'>audierit</span> <span class='ocrx_word' id='word_1_93' title='bbox 705 1442 865 1498; x_wconf 81' lang='lat' dir='ltr'>verbi</span> <span class='ocrx_word' id='word_1_94' title='bbox 886 1441 1219 1514; x_wconf 84' lang='lat' dir='ltr'>gratia,uon</span> <span class='ocrx_word' id='word_1_95' title='bbox 1237 1439 1514 1512; x_wconf 89' lang='lat' dir='ltr'>intelligit</span> <span class='ocrx_word' id='word_1_96' title='bbox 1536 1439 1648 1495; x_wconf 86' lang='lat' dir='ltr'>nisi</span> <span class='ocrx_word' id='word_1_97' title='bbox 1673 1453 1856 1493; x_wconf 90' lang='lat' dir='ltr'>unum</span> 
     </span>
    </p>
   </div>
   <div class='ocr_carea' id='block_1_14' title="bbox 237 1522 1858 1603">
    <p class='ocr_par' dir='ltr' id='par_1_14' title="bbox 237 1522 1858 1603">
     <span class='ocr_line' id='line_1_14' title="bbox 237 1522 1858 1603; baseline -0.004 -16"><span class='ocrx_word' id='word_1_98' title='bbox 237 1534 365 1587; x_wconf 88' lang='lat' dir='ltr'>diem</span> <span class='ocrx_word' id='word_1_99' title='bbox 394 1532 463 1586; x_wconf 90' lang='lat' dir='ltr'>de</span> <span class='ocrx_word' id='word_1_100' title='bbox 493 1522 745 1603; x_wconf 86' lang='lat' dir='ltr'>septem,</span> <span class='ocrx_word' id='word_1_101' title='bbox 797 1532 898 1603; x_wconf 88' lang='lat' dir='ltr'>qui</span> <span class='ocrx_word' id='word_1_102' title='bbox 944 1531 1225 1587; x_wconf 90' lang='lat' dir='ltr'>continuo</span> <span class='ocrx_word' id='word_1_103' title='bbox 1256 1529 1552 1586; x_wconf 87' lang='lat' dir='ltr'>volumine</span> <span class='ocrx_word' id='word_1_104' title='bbox 1584 1531 1858 1599; x_wconf 89' lang='lat' dir='ltr'>repetun-</span> 
     </span>
    </p>
   </div>
   <div class='ocr_carea' id='block_1_15' title="bbox 237 1616 1859 1689">
    <p class='ocr_par' dir='ltr' id='par_1_15' title="bbox 237 1616 1859 1689">
     <span class='ocr_line' id='line_1_15' title="bbox 237 1616 1859 1689; baseline -0.003 -15"><span class='ocrx_word' id='word_1_105' title='bbox 237 1624 344 1687; x_wconf 85' lang='lat' dir='ltr'>tur;</span> <span class='ocrx_word' id='word_1_106' title='bbox 373 1624 427 1675; x_wconf 91' lang='lat' dir='ltr'>et</span> <span class='ocrx_word' id='word_1_107' title='bbox 455 1636 593 1676; x_wconf 88' lang='lat' dir='ltr'>eum</span> <span class='ocrx_word' id='word_1_108' title='bbox 639 1620 898 1675; x_wconf 88' lang='lat' dir='ltr'>audierit</span> <span class='ocrx_word' id='word_1_109' title='bbox 926 1618 1313 1689; x_wconf 86' lang='lat' dir='ltr'>Sacrificium,</span> <span class='ocrx_word' id='word_1_110' title='bbox 1347 1636 1463 1674; x_wconf 90' lang='lat' dir='ltr'>non</span> <span class='ocrx_word' id='word_1_111' title='bbox 1509 1616 1735 1673; x_wconf 89' lang='lat' dir='ltr'>excedit</span> <span class='ocrx_word' id='word_1_112' title='bbox 1765 1631 1859 1670; x_wconf 92' lang='lat' dir='ltr'>co-</span> 
     </span>
    </p>
   </div>
   <div class='ocr_carea' id='block_1_16' title="bbox 236 1708 1863 1781">
    <p class='ocr_par' dir='ltr' id='par_1_16' title="bbox 236 1708 1863 1781">
     <span class='ocr_line' id='line_1_16' title="bbox 236 1708 1863 1781; baseline -0.003 -17"><span class='ocrx_word' id='word_1_113' title='bbox 236 1709 483 1781; x_wconf 84' lang='lat' dir='ltr'>gitatione</span> <span class='ocrx_word' id='word_1_114' title='bbox 506 1708 658 1765; x_wconf 90' lang='lat' dir='ltr'>illud</span> <span class='ocrx_word' id='word_1_115' title='bbox 682 1710 839 1781; x_wconf 91' lang='lat' dir='ltr'>quod</span> <span class='ocrx_word' id='word_1_116' title='bbox 865 1708 989 1765; x_wconf 80' lang='lat' dir='ltr'>fieri</span> <span class='ocrx_word' id='word_1_117' title='bbox 1008 1709 1078 1764; x_wconf 90' lang='lat' dir='ltr'>de</span> <span class='ocrx_word' id='word_1_118' title='bbox 1097 1708 1354 1765; x_wconf 90' lang='lat' dir='ltr'>victimis</span> <span class='ocrx_word' id='word_1_119' title='bbox 1379 1723 1651 1780; x_wconf 90' lang='lat' dir='ltr'>pecorum</span> <span class='ocrx_word' id='word_1_120' title='bbox 1684 1711 1863 1761; x_wconf 87' lang='lat' dir='ltr'>terre-</span> 
     </span>
    </p>
   </div>
   <div class='ocr_carea' id='block_1_17' title="bbox 237 1793 1861 1868">
    <p class='ocr_par' dir='ltr' id='par_1_17' title="bbox 237 1793 1861 1868">
     <span class='ocr_line' id='line_1_17' title="bbox 237 1793 1861 1868; baseline -0.002 -17"><span class='ocrx_word' id='word_1_121' title='bbox 237 1799 417 1868; x_wconf 90' lang='lat' dir='ltr'>nisque</span> <span class='ocrx_word' id='word_1_122' title='bbox 448 1798 738 1854; x_wconf 85' lang='lat' dir='ltr'>fructibus</span> <span class='ocrx_word' id='word_1_123' title='bbox 768 1798 936 1853; x_wconf 86' lang='lat' dir='ltr'>solet.</span> <span class='ocrx_word' id='word_1_124' title='bbox 973 1799 1053 1853; x_wconf 92' lang='lat' dir='ltr'>Ea</span> <span class='ocrx_word' id='word_1_125' title='bbox 1085 1799 1326 1853; x_wconf 90' lang='lat' dir='ltr'>demum</span> <span class='ocrx_word' id='word_1_126' title='bbox 1376 1802 1465 1852; x_wconf 90' lang='lat' dir='ltr'>est</span> <span class='ocrx_word' id='word_1_127' title='bbox 1506 1793 1861 1851; x_wconf 89' lang='lat' dir='ltr'>miserabilis</span> 
     </span>
    </p>
   </div>
   <div class='ocr_carea' id='block_1_18' title="bbox 236 1884 1863 1957">
    <p class='ocr_par' dir='ltr' id='par_1_18' title="bbox 236 1884 1863 1957">
     <span class='ocr_line' id='line_1_18' title="bbox 236 1884 1863 1957; baseline -0.002 -16"><span class='ocrx_word' id='word_1_128' title='bbox 236 1884 414 1941; x_wconf 68' lang='lat' dir='ltr'>anime</span> <span class='ocrx_word' id='word_1_129' title='bbox 444 1885 722 1953; x_wconf 88' lang='lat' dir='ltr'>servitus,</span> <span class='ocrx_word' id='word_1_130' title='bbox 747 1886 921 1957; x_wconf 90' lang='lat' dir='ltr'>signa</span> <span class='ocrx_word' id='word_1_131' title='bbox 941 1902 1045 1956; x_wconf 89' lang='lat' dir='ltr'>pro</span> <span class='ocrx_word' id='word_1_132' title='bbox 1067 1886 1244 1940; x_wconf 87' lang='lat' dir='ltr'>rebus</span> <span class='ocrx_word' id='word_1_133' title='bbox 1274 1885 1565 1957; x_wconf 90' lang='lat' dir='ltr'>accipere;</span> <span class='ocrx_word' id='word_1_134' title='bbox 1598 1888 1653 1938; x_wconf 91' lang='lat' dir='ltr'>et</span> <span class='ocrx_word' id='word_1_135' title='bbox 1684 1898 1863 1954; x_wconf 89' lang='lat' dir='ltr'>supra</span> 
     </span>
    </p>
   </div>
   <div class='ocr_carea' id='block_1_19' title="bbox 234 1971 1860 2046">
    <p class='ocr_par' dir='ltr' id='par_1_19' title="bbox 234 1971 1860 2046">
     <span class='ocr_line' id='line_1_19' title="bbox 234 1971 1860 2046; baseline -0.002 -17"><span class='ocrx_word' id='word_1_136' title='bbox 234 1980 534 2029; x_wconf 72' lang='lat' dir='ltr'>creaturam</span> <span class='ocrx_word' id='word_1_137' title='bbox 566 1990 911 2046; x_wconf 88' lang='lat' dir='ltr'>corpoream</span> <span class='ocrx_word' id='word_1_138' title='bbox 943 1974 1177 2029; x_wconf 89' lang='lat' dir='ltr'>oculum</span> <span class='ocrx_word' id='word_1_139' title='bbox 1211 1975 1424 2029; x_wconf 91' lang='lat' dir='ltr'>mentis</span> <span class='ocrx_word' id='word_1_140' title='bbox 1464 1974 1535 2029; x_wconf 92' lang='lat' dir='ltr'>ad</span> <span class='ocrx_word' id='word_1_141' title='bbox 1588 1971 1860 2028; x_wconf 89' lang='lat' dir='ltr'>haurien-</span> 
     </span>
    </p>
   </div>
   <div class='ocr_carea' id='block_1_20' title="bbox 236 2062 1491 2135">
    <p class='ocr_par' dir='ltr' id='par_1_20' title="bbox 236 2062 1491 2135">
     <span class='ocr_line' id='line_1_20' title="bbox 236 2062 1491 2135; baseline -0.001 -18"><span class='ocrx_word' id='word_1_142' title='bbox 236 2063 355 2117; x_wconf 89' lang='lat' dir='ltr'>dum</span> <span class='ocrx_word' id='word_1_143' title='bbox 383 2067 667 2119; x_wconf 66' lang='lat' dir='ltr'>aeternum</span> <span class='ocrx_word' id='word_1_144' title='bbox 704 2062 902 2117; x_wconf 91' lang='lat' dir='ltr'>lumen</span> <span class='ocrx_word' id='word_1_145' title='bbox 935 2062 1122 2118; x_wconf 90' lang='lat' dir='ltr'>levare</span> <span class='ocrx_word' id='word_1_146' title='bbox 1155 2079 1268 2117; x_wconf 91' lang='lat' dir='ltr'>non</span> <span class='ocrx_word' id='word_1_147' title='bbox 1301 2078 1491 2135; x_wconf 88' lang='lat' dir='ltr'>posse.</span> 
     </span>
    </p>
   </div>
   <div class='ocr_carea' id='block_1_21' title="bbox 236 2203 1858 2276">
    <p class='ocr_par' dir='ltr' id='par_1_21' title="bbox 236 2203 1858 2276">
     <span class='ocr_line' id='line_1_21' title="bbox 236 2203 1858 2276; baseline -0.001 -17"><span class='ocrx_word' id='word_1_148' title='bbox 236 2204 440 2261; x_wconf 79' lang='lat' dir='ltr'><strong>CAPUT</strong></span> <span class='ocrx_word' id='word_1_149' title='bbox 468 2206 565 2261; x_wconf 89' lang='lat' dir='ltr'>Vl.</span> <span class='ocrx_word' id='word_1_150' title='bbox 603 2238 660 2247; x_wconf 93' lang='lat'><em>—</em></span> <span class='ocrx_word' id='word_1_151' title='bbox 682 2205 1006 2263; x_wconf 57' lang='lat' dir='ltr'>Iudaeorum</span> <span class='ocrx_word' id='word_1_152' title='bbox 1026 2207 1260 2261; x_wconf 74' lang='lat' dir='ltr'>servitus</span> <span class='ocrx_word' id='word_1_153' title='bbox 1282 2204 1380 2259; x_wconf 83' lang='lat' dir='ltr'>sub</span> <span class='ocrx_word' id='word_1_154' title='bbox 1407 2206 1578 2276; x_wconf 80' lang='lat' dir='ltr'>signis</span> <span class='ocrx_word' id='word_1_155' title='bbox 1604 2203 1858 2260; x_wconf 78' lang='lat' dir='ltr'>utilibus.</span> 
     </span>
    </p>
   </div>
   <div class='ocr_carea' id='block_1_22' title="bbox 298 2310 1865 2384">
    <p class='ocr_par' dir='ltr' id='par_1_22' title="bbox 298 2310 1865 2384">
     <span class='ocr_line' id='line_1_22' title="bbox 298 2310 1865 2384; baseline 0.001 -19"><span class='ocrx_word' id='word_1_156' title='bbox 298 2315 370 2367; x_wconf 88' lang='lat' dir='ltr'>lO.</span> <span class='ocrx_word' id='word_1_157' title='bbox 402 2314 536 2378; x_wconf 74' lang='lat' dir='ltr'>Quae</span> <span class='ocrx_word' id='word_1_158' title='bbox 571 2319 773 2368; x_wconf 87' lang='lat' dir='ltr'>tamen</span> <span class='ocrx_word' id='word_1_159' title='bbox 804 2314 1056 2368; x_wconf 90' lang='lat' dir='ltr'>servitus</span> <span class='ocrx_word' id='word_1_160' title='bbox 1086 2314 1143 2368; x_wconf 92' lang='lat' dir='ltr'>in</span> <span class='ocrx_word' id='word_1_161' title='bbox 1174 2312 1374 2367; x_wconf 73' lang='lat' dir='ltr'>Judzno</span> <span class='ocrx_word' id='word_1_162' title='bbox 1407 2311 1621 2384; x_wconf 92' lang='lat' dir='ltr'>populo</span> <span class='ocrx_word' id='word_1_163' title='bbox 1644 2310 1865 2383; x_wconf 90' lang='lat' dir='ltr'>longea</span> 
     </span>
    </p>
   </div>
   <div class='ocr_carea' id='block_1_23' title="bbox 234 2400 1863 2473">
    <p class='ocr_par' dir='ltr' id='par_1_23' title="bbox 234 2400 1863 2473">
     <span class='ocr_line' id='line_1_23' title="bbox 234 2400 1863 2473; baseline -0.001 -19"><span class='ocrx_word' id='word_1_164' title='bbox 234 2406 547 2456; x_wconf 67' lang='lat' dir='ltr'>ceterarum</span> <span class='ocrx_word' id='word_1_165' title='bbox 574 2402 841 2473; x_wconf 89' lang='lat' dir='ltr'>gentium</span> <span class='ocrx_word' id='word_1_166' title='bbox 864 2418 1021 2456; x_wconf 90' lang='lat' dir='ltr'>more</span> <span class='ocrx_word' id='word_1_167' title='bbox 1048 2404 1061 2435; x_wconf 90' lang='grc'>¹</span> <span class='ocrx_word' id='word_1_168' title='bbox 1086 2402 1361 2470; x_wconf 83' lang='lat' dir='ltr'>distabat;</span> <span class='ocrx_word' id='word_1_169' title='bbox 1387 2400 1863 2472; x_wconf 81' lang='lat' dir='ltr'>quandoquidem</span> 
     </span>
    </p>
   </div>
   <div class='ocr_carea' id='block_1_24' title="bbox 232 2488 1864 2561">
    <p class='ocr_par' dir='ltr' id='par_1_24' title="bbox 232 2488 1864 2561">
     <span class='ocr_line' id='line_1_24' title="bbox 232 2488 1864 2561; baseline 0 -18"><span class='ocrx_word' id='word_1_170' title='bbox 232 2489 382 2545; x_wconf 88' lang='lat' dir='ltr'>rebus</span> <span class='ocrx_word' id='word_1_171' title='bbox 412 2490 844 2561; x_wconf 85' lang='lat' dir='ltr'>temporalibus</span> <span class='ocrx_word' id='word_1_172' title='bbox 875 2490 959 2544; x_wconf 89' lang='lat' dir='ltr'>ita</span> <span class='ocrx_word' id='word_1_173' title='bbox 988 2490 1287 2561; x_wconf 86' lang='lat' dir='ltr'>subjugati</span> <span class='ocrx_word' id='word_1_174' title='bbox 1311 2495 1495 2554; x_wconf 90' lang='lat' dir='ltr'>erant,</span> <span class='ocrx_word' id='word_1_175' title='bbox 1520 2494 1584 2543; x_wconf 93' lang='lat' dir='ltr'>ut</span> <span class='ocrx_word' id='word_1_176' title='bbox 1608 2506 1759 2545; x_wconf 90' lang='lat' dir='ltr'>unus</span> <span class='ocrx_word' id='word_1_177' title='bbox 1780 2488 1864 2545; x_wconf 92' lang='lat' dir='ltr'>eis</span> 
     </span>
    </p>
   </div>
   <div class='ocr_carea' id='block_1_25' title="bbox 232 2576 1864 2648">
    <p class='ocr_par' dir='ltr' id='par_1_25' title="bbox 232 2576 1864 2648">
     <span class='ocr_line' id='line_1_25' title="bbox 232 2576 1864 2648; baseline 0.001 -18"><span class='ocrx_word' id='word_1_178' title='bbox 232 2576 279 2631; x_wconf 90' lang='lat' dir='ltr'>in</span> <span class='ocrx_word' id='word_1_179' title='bbox 307 2580 577 2635; x_wconf 88' lang='lat' dir='ltr'>omnibus</span> <span class='ocrx_word' id='word_1_180' title='bbox 595 2579 1113 2634; x_wconf 84' lang='lat' dir='ltr'>commendaretur</span> <span class='ocrx_word' id='word_1_181' title='bbox 1133 2579 1306 2634; x_wconf 89' lang='lat' dir='ltr'>Deus.</span> <span class='ocrx_word' id='word_1_182' title='bbox 1337 2580 1405 2635; x_wconf 88' lang='lat' dir='ltr'>Et</span> <span class='ocrx_word' id='word_1_183' title='bbox 1427 2595 1761 2648; x_wconf 86' lang='lat' dir='ltr'>quanquam</span> <span class='ocrx_word' id='word_1_184' title='bbox 1784 2578 1864 2632; x_wconf 89' lang='lat' dir='ltr'>si-</span> 
     </span>
    </p>
   </div>
   <div class='ocr_carea' id='block_1_26' title="bbox 230 2666 1863 2739">
    <p class='ocr_par' dir='ltr' id='par_1_26' title="bbox 230 2666 1863 2739">
     <span class='ocr_line' id='line_1_26' title="bbox 230 2666 1863 2739; baseline 0 -18"><span class='ocrx_word' id='word_1_185' title='bbox 230 2684 325 2738; x_wconf 83' lang='lat' dir='ltr'>gna</span> <span class='ocrx_word' id='word_1_186' title='bbox 344 2684 533 2723; x_wconf 89' lang='lat' dir='ltr'>rerum</span> <span class='ocrx_word' id='word_1_187' title='bbox 553 2667 960 2739; x_wconf 87' lang='lat' dir='ltr'>spiritualium</span> <span class='ocrx_word' id='word_1_188' title='bbox 982 2684 1085 2739; x_wconf 90' lang='lat' dir='ltr'>pro</span> <span class='ocrx_word' id='word_1_189' title='bbox 1108 2666 1252 2738; x_wconf 89' lang='lat' dir='ltr'>ipsis</span> <span class='ocrx_word' id='word_1_190' title='bbox 1273 2668 1446 2723; x_wconf 88' lang='lat' dir='ltr'>rebus</span> <span class='ocrx_word' id='word_1_191' title='bbox 1467 2668 1863 2735; x_wconf 87' lang='lat' dir='ltr'>observarent,</span> 
     </span>
    </p>
   </div>
   <div class='ocr_carea' id='block_1_27' title="bbox 232 2755 1863 2828">
    <p class='ocr_par' dir='ltr' id='par_1_27' title="bbox 232 2755 1863 2828">
     <span class='ocr_line' id='line_1_27' title="bbox 232 2755 1863 2828; baseline 0.001 -19"><span class='ocrx_word' id='word_1_192' title='bbox 232 2756 534 2812; x_wconf 85' lang='lat' dir='ltr'>nescientes</span> <span class='ocrx_word' id='word_1_193' title='bbox 555 2774 678 2828; x_wconf 90' lang='lat' dir='ltr'>quo</span> <span class='ocrx_word' id='word_1_194' title='bbox 703 2757 1080 2823; x_wconf 84' lang='lat' dir='ltr'>referrentur,</span> <span class='ocrx_word' id='word_1_195' title='bbox 1098 2755 1156 2810; x_wconf 90' lang='lat' dir='ltr'>id</span> <span class='ocrx_word' id='word_1_196' title='bbox 1183 2762 1376 2812; x_wconf 90' lang='lat' dir='ltr'>tamen</span> <span class='ocrx_word' id='word_1_197' title='bbox 1412 2757 1656 2811; x_wconf 89' lang='lat' dir='ltr'>insitum</span> <span class='ocrx_word' id='word_1_198' title='bbox 1689 2756 1863 2812; x_wconf 89' lang='lat' dir='ltr'>habe-</span> 
     </span>
    </p>
   </div>
   <div class='ocr_carea' id='block_1_28' title="bbox 233 2844 1863 2915">
    <p class='ocr_par' dir='ltr' id='par_1_28' title="bbox 233 2844 1863 2915">
     <span class='ocr_line' id='line_1_28' title="bbox 233 2844 1863 2915; baseline 0.001 -18"><span class='ocrx_word' id='word_1_199' title='bbox 233 2844 368 2911; x_wconf 77' lang='lat' dir='ltr'>bant,</span> <span class='ocrx_word' id='word_1_200' title='bbox 398 2847 550 2915; x_wconf 89' lang='lat' dir='ltr'>quod</span> <span class='ocrx_word' id='word_1_201' title='bbox 587 2845 692 2899; x_wconf 88' lang='lat' dir='ltr'>tali</span> <span class='ocrx_word' id='word_1_202' title='bbox 750 2845 1025 2900; x_wconf 89' lang='lat' dir='ltr'>servitute</span> <span class='ocrx_word' id='word_1_203' title='bbox 1057 2844 1157 2898; x_wconf 92' lang='lat' dir='ltr'>uni</span> <span class='ocrx_word' id='word_1_204' title='bbox 1206 2845 1494 2913; x_wconf 90' lang='lat' dir='ltr'>omnium,</span> <span class='ocrx_word' id='word_1_205' title='bbox 1543 2860 1716 2915; x_wconf 89' lang='lat' dir='ltr'>quem</span> <span class='ocrx_word' id='word_1_206' title='bbox 1752 2862 1863 2900; x_wconf 92' lang='lat' dir='ltr'>non</span> 
     </span>
    </p>
   </div>
   <div class='ocr_carea' id='block_1_29' title="bbox 230 2932 1865 3005">
    <p class='ocr_par' dir='ltr' id='par_1_29' title="bbox 230 2932 1865 3005">
     <span class='ocr_line' id='line_1_29' title="bbox 230 2932 1865 3005; baseline 0.001 -19"><span class='ocrx_word' id='word_1_207' title='bbox 230 2932 477 2988; x_wconf 81' lang='lat' dir='ltr'>videbant</span> <span class='ocrx_word' id='word_1_208' title='bbox 510 2934 815 3005; x_wconf 87' lang='lat' dir='ltr'>placerent</span> <span class='ocrx_word' id='word_1_209' title='bbox 849 2939 979 2988; x_wconf 86' lang='lat' dir='ltr'>Deo.</span> <span class='ocrx_word' id='word_1_210' title='bbox 1006 2935 1187 2999; x_wconf 90' lang='lat' dir='ltr'>Quam</span> <span class='ocrx_word' id='word_1_211' title='bbox 1221 2934 1548 2988; x_wconf 88' lang='lat' dir='ltr'>custodiam</span> <span class='ocrx_word' id='word_1_212' title='bbox 1580 2938 1865 3004; x_wconf 85' lang='lat' dir='ltr'>tanquam</span> 
     </span>
    </p>
   </div>
   <div class='ocr_carea' id='block_1_30' title="bbox 233 3022 1868 3094">
    <p class='ocr_par' dir='ltr' id='par_1_30' title="bbox 233 3022 1868 3094">
     <span class='ocr_line' id='line_1_30' title="bbox 233 3022 1868 3094; baseline 0.002 -19"><span class='ocrx_word' id='word_1_213' title='bbox 233 3022 326 3075; x_wconf 85' lang='lat' dir='ltr'>sub</span> <span class='ocrx_word' id='word_1_214' title='bbox 355 3024 674 3094; x_wconf 57' lang='lat' dir='ltr'>paedagogo</span> <span class='ocrx_word' id='word_1_215' title='bbox 709 3022 1080 3093; x_wconf 87' lang='lat' dir='ltr'>parvulorum</span> <span class='ocrx_word' id='word_1_216' title='bbox 1113 3024 1295 3078; x_wconf 82' lang='lat' dir='ltr'>fuisse</span> <span class='ocrx_word' id='word_1_217' title='bbox 1326 3023 1530 3077; x_wconf 89' lang='lat' dir='ltr'>scribit</span> <span class='ocrx_word' id='word_1_218' title='bbox 1556 3022 1868 3094; x_wconf 88' lang='lat' dir='ltr'>Apostolus</span> 
     </span>
    </p>
   </div>
   <div class='ocr_carea' id='block_1_31' title="bbox 234 3110 1869 3183">
    <p class='ocr_par' dir='ltr' id='par_1_31' title="bbox 234 3110 1869 3183">
     <span class='ocr_line' id='line_1_31' title="bbox 234 3110 1869 3183; baseline 0.001 -18"><span class='ocrx_word' id='word_1_219' title='bbox 234 3112 412 3181; x_wconf 77' lang='lat' dir='ltr'>(Galat.</span> <span class='ocrx_word' id='word_1_220' title='bbox 446 3129 531 3179; x_wconf 84' lang='grc' dir='ltr'>ιιι,</span> <span class='ocrx_word' id='word_1_221' title='bbox 564 3113 685 3181; x_wconf 80' lang='grc'>24).</span> <span class='ocrx_word' id='word_1_222' title='bbox 719 3112 789 3165; x_wconf 87' lang='lat' dir='ltr'>Et</span> <span class='ocrx_word' id='word_1_223' title='bbox 814 3111 941 3166; x_wconf 92' lang='lat' dir='ltr'>ideo</span> <span class='ocrx_word' id='word_1_224' title='bbox 968 3112 1066 3182; x_wconf 90' lang='lat' dir='ltr'>qui</span> <span class='ocrx_word' id='word_1_225' title='bbox 1098 3110 1315 3166; x_wconf 85' lang='lat' dir='ltr'>talibus</span> <span class='ocrx_word' id='word_1_226' title='bbox 1346 3111 1532 3183; x_wconf 83' lang='lat' dir='ltr'>signis</span> <span class='ocrx_word' id='word_1_227' title='bbox 1563 3110 1869 3182; x_wconf 88' lang='lat' dir='ltr'>pertinaci-</span> 
     </span>
    </p>
   </div>
   <div class='ocr_carea' id='block_1_32' title="bbox 235 3199 1866 3267">
    <p class='ocr_par' dir='ltr' id='par_1_32' title="bbox 235 3199 1866 3267">
     <span class='ocr_line' id='line_1_32' title="bbox 235 3199 1866 3267; baseline 0.001 -13"><span class='ocrx_word' id='word_1_228' title='bbox 235 3205 308 3254; x_wconf 85' lang='lat' dir='ltr'>ter</span> <span class='ocrx_word' id='word_1_229' title='bbox 335 3200 719 3267; x_wconf 63' lang='lat' dir='ltr'>inhaserunt,</span> <span class='ocrx_word' id='word_1_230' title='bbox 750 3204 1218 3254; x_wconf 90' lang='lat' dir='ltr'>contemnentem</span> <span class='ocrx_word' id='word_1_231' title='bbox 1254 3199 1365 3255; x_wconf 89' lang='lat' dir='ltr'>ista</span> <span class='ocrx_word' id='word_1_232' title='bbox 1386 3199 1866 3263; x_wconf 89' lang='lat' dir='ltr'>Dominum,cum</span> 
     </span>
    </p>
   </div>
   <div class='ocr_carea' id='block_1_33' title="bbox 226 3288 1865 3361">
    <p class='ocr_par' dir='ltr' id='par_1_33' title="bbox 226 3288 1865 3361">
     <span class='ocr_line' id='line_1_33' title="bbox 226 3288 1865 3361; baseline 0.001 -18"><span class='ocrx_word' id='word_1_233' title='bbox 226 3290 333 3357; x_wconf 85' lang='lat' dir='ltr'>jam</span> <span class='ocrx_word' id='word_1_234' title='bbox 360 3296 600 3361; x_wconf 89' lang='lat' dir='ltr'>tempus</span> <span class='ocrx_word' id='word_1_235' title='bbox 635 3288 1008 3344; x_wconf 88' lang='lat' dir='ltr'>revelationis</span> <span class='ocrx_word' id='word_1_236' title='bbox 1038 3304 1239 3343; x_wconf 89' lang='lat' dir='ltr'>eorum</span> <span class='ocrx_word' id='word_1_237' title='bbox 1272 3289 1545 3354; x_wconf 89' lang='lat' dir='ltr'>venisset;</span> <span class='ocrx_word' id='word_1_238' title='bbox 1570 3288 1719 3343; x_wconf 85' lang='lat' dir='ltr'>ferre</span> <span class='ocrx_word' id='word_1_239' title='bbox 1748 3306 1865 3344; x_wconf 89' lang='lat' dir='ltr'>non</span> 
     </span>
    </p>
   </div>
   <div class='ocr_carea' id='block_1_34' title="bbox 234 3377 1861 3450">
    <p class='ocr_par' dir='ltr' id='par_1_34' title="bbox 234 3377 1861 3450">
     <span class='ocr_line' id='line_1_34' title="bbox 234 3377 1861 3450; baseline 0.001 -19"><span class='ocrx_word' id='word_1_240' title='bbox 234 3383 526 3447; x_wconf 88' lang='lat' dir='ltr'>potuerunt</span> <span class='ocrx_word' id='word_1_241' title='bbox 559 3378 781 3448; x_wconf 81' lang='lat' dir='ltr'>(Matth.</span> <span class='ocrx_word' id='word_1_242' title='bbox 816 3394 917 3441; x_wconf 85' lang='lat' dir='ltr'>xn,</span> <span class='ocrx_word' id='word_1_243' title='bbox 962 3378 1057 3447; x_wconf 85' lang='lat'>2):</span> <span class='ocrx_word' id='word_1_244' title='bbox 1102 3383 1277 3448; x_wconf 90' lang='lat' dir='ltr'>atque</span> <span class='ocrx_word' id='word_1_245' title='bbox 1328 3378 1464 3432; x_wconf 92' lang='lat' dir='ltr'>inde</span> <span class='ocrx_word' id='word_1_246' title='bbox 1513 3377 1861 3450; x_wconf 85' lang='lat' dir='ltr'>calumnias,</span> 
     </span>
    </p>
   </div>
   <div class='ocr_carea' id='block_1_35' title="bbox 232 3465 1861 3537">
    <p class='ocr_par' dir='ltr' id='par_1_35' title="bbox 232 3465 1861 3537">
     <span class='ocr_line' id='line_1_35' title="bbox 232 3465 1861 3537; baseline 0.002 -18"><span class='ocrx_word' id='word_1_247' title='bbox 232 3468 358 3535; x_wconf 91' lang='lat' dir='ltr'>quod</span> <span class='ocrx_word' id='word_1_248' title='bbox 393 3468 648 3521; x_wconf 89' lang='lat' dir='ltr'>sabbato</span> <span class='ocrx_word' id='word_1_249' title='bbox 683 3471 936 3536; x_wconf 85' lang='lat' dir='ltr'>curaret,</span> <span class='ocrx_word' id='word_1_250' title='bbox 963 3465 1149 3520; x_wconf 90' lang='lat' dir='ltr'>moliti</span> <span class='ocrx_word' id='word_1_251' title='bbox 1175 3470 1316 3521; x_wconf 90' lang='lat' dir='ltr'>sunt</span> <span class='ocrx_word' id='word_1_252' title='bbox 1338 3465 1629 3537; x_wconf 88' lang='lat' dir='ltr'>principes</span> <span class='ocrx_word' id='word_1_253' title='bbox 1660 3482 1861 3522; x_wconf 89' lang='lat' dir='ltr'>eorum</span> 
     </span>
    </p>
   </div>
   <div class='ocr_carea' id='block_1_36' title="bbox 226 3553 1863 3626">
    <p class='ocr_par' dir='ltr' id='par_1_36' title="bbox 226 3553 1863 3626">
     <span class='ocr_line' id='line_1_36' title="bbox 226 3553 1863 3626; baseline 0.003 -19"><span class='ocrx_word' id='word_1_254' title='bbox 226 3554 357 3620; x_wconf 83' lang='lat' dir='ltr'>(Luc.</span> <span class='ocrx_word' id='word_1_255' title='bbox 378 3573 455 3623; x_wconf 73' lang='lat' dir='ltr'>vr,</span> <span class='ocrx_word' id='word_1_256' title='bbox 476 3558 539 3622; x_wconf 84' lang='lat'>7)</span> <span class='ocrx_word' id='word_1_257' title='bbox 571 3573 585 3621; x_wconf 94' lang='lat'>;</span> <span class='ocrx_word' id='word_1_258' title='bbox 624 3554 1000 3626; x_wconf 90' lang='lat' dir='ltr'>populusque</span> <span class='ocrx_word' id='word_1_259' title='bbox 1031 3554 1216 3624; x_wconf 89' lang='lat' dir='ltr'>signis</span> <span class='ocrx_word' id='word_1_260' title='bbox 1236 3553 1651 3625; x_wconf 88' lang='lat' dir='ltr'>illistauquam</span> <span class='ocrx_word' id='word_1_261' title='bbox 1686 3557 1863 3612; x_wconf 89' lang='lat' dir='ltr'>rebus</span> 
     </span>
    </p>
   </div>
   <div class='ocr_carea' id='block_1_37' title="bbox 222 3642 1861 3713">
    <p class='ocr_par' dir='ltr' id='par_1_37' title="bbox 222 3642 1861 3713">
     <span class='ocr_line' id='line_1_37' title="bbox 222 3642 1861 3713; baseline 0.004 -18"><span class='ocrx_word' id='word_1_262' title='bbox 222 3643 537 3713; x_wconf 85' lang='lat' dir='ltr'>adstrictus,</span> <span class='ocrx_word' id='word_1_263' title='bbox 565 3661 687 3699; x_wconf 88' lang='lat' dir='ltr'>non</span> <span class='ocrx_word' id='word_1_264' title='bbox 708 3644 984 3699; x_wconf 87' lang='lat' dir='ltr'>credebat</span> <span class='ocrx_word' id='word_1_265' title='bbox 1000 3647 1176 3698; x_wconf 91' lang='lat' dir='ltr'>Deum</span> <span class='ocrx_word' id='word_1_266' title='bbox 1200 3658 1349 3710; x_wconf 90' lang='lat' dir='ltr'>esse,</span> <span class='ocrx_word' id='word_1_267' title='bbox 1373 3642 1463 3698; x_wconf 89' lang='lat' dir='ltr'>vel</span> <span class='ocrx_word' id='word_1_268' title='bbox 1488 3660 1521 3697; x_wconf 88' lang='lat' dir='ltr'>a</span> <span class='ocrx_word' id='word_1_269' title='bbox 1536 3644 1651 3699; x_wconf 93' lang='lat' dir='ltr'>Deo</span> <span class='ocrx_word' id='word_1_270' title='bbox 1673 3644 1861 3701; x_wconf 89' lang='lat' dir='ltr'>venis-</span> 
     </span>
    </p>
   </div>
   <div class='ocr_carea' id='block_1_38' title="bbox 224 3732 1859 3803">
    <p class='ocr_par' dir='ltr' id='par_1_38' title="bbox 224 3732 1859 3803">
     <span class='ocr_line' id='line_1_38' title="bbox 224 3732 1859 3803; baseline 0.002 -19"><span class='ocrx_word' id='word_1_271' title='bbox 224 3747 291 3795; x_wconf 84' lang='lat' dir='ltr'>se,</span> <span class='ocrx_word' id='word_1_272' title='bbox 316 3732 404 3803; x_wconf 85' lang='lat' dir='ltr'>qui</span> <span class='ocrx_word' id='word_1_273' title='bbox 436 3750 505 3788; x_wconf 77' lang='lat' dir='ltr'>es</span> <span class='ocrx_word' id='word_1_274' title='bbox 539 3733 705 3789; x_wconf 85' lang='lat' dir='ltr'>sicut</span> <span class='ocrx_word' id='word_1_275' title='bbox 735 3749 768 3786; x_wconf 90' lang='lat' dir='ltr'>a</span> <span class='ocrx_word' id='word_1_276' title='bbox 795 3732 1012 3787; x_wconf 55' lang='lat' dir='ltr'>ludatis</span> <span class='ocrx_word' id='word_1_277' title='bbox 1044 3732 1528 3797; x_wconf 79' lang='lat' dir='ltr'>observabuntur,</span> <span class='ocrx_word' id='word_1_278' title='bbox 1565 3732 1747 3787; x_wconf 89' lang='lat' dir='ltr'>nollet</span> <span class='ocrx_word' id='word_1_279' title='bbox 1773 3737 1859 3787; x_wconf 83' lang='lat' dir='ltr'>at-</span> 
     </span>
    </p>
   </div>
   <div class='ocr_carea' id='block_1_39' title="bbox 221 3820 1861 3892">
    <p class='ocr_par' dir='ltr' id='par_1_39' title="bbox 221 3820 1861 3892">
     <span class='ocr_line' id='line_1_39' title="bbox 221 3820 1861 3892; baseline 0.002 -19"><span class='ocrx_word' id='word_1_280' title='bbox 221 3821 447 3877; x_wconf 85' lang='lat' dir='ltr'>tendere.</span> <span class='ocrx_word' id='word_1_281' title='bbox 482 3822 603 3877; x_wconf 87' lang='lat' dir='ltr'>Sed</span> <span class='ocrx_word' id='word_1_282' title='bbox 642 3821 743 3891; x_wconf 90' lang='lat' dir='ltr'>qui</span> <span class='ocrx_word' id='word_1_283' title='bbox 774 3821 1168 3889; x_wconf 88' lang='lat' dir='ltr'>crediderunt,</span> <span class='ocrx_word' id='word_1_284' title='bbox 1201 3836 1271 3875; x_wconf 83' lang='lat' dir='ltr'>ex</span> <span class='ocrx_word' id='word_1_285' title='bbox 1322 3820 1539 3892; x_wconf 87' lang='lat' dir='ltr'>quibus</span> <span class='ocrx_word' id='word_1_286' title='bbox 1578 3822 1734 3876; x_wconf 88' lang='lat' dir='ltr'>facta</span> <span class='ocrx_word' id='word_1_287' title='bbox 1770 3826 1861 3877; x_wconf 91' lang='lat' dir='ltr'>est</span> 
     </span>
    </p>
   </div>
   <div class='ocr_carea' id='block_1_40' title="bbox 221 3908 1861 3982">
    <p class='ocr_par' dir='ltr' id='par_1_40' title="bbox 221 3908 1861 3982">
     <span class='ocr_line' id='line_1_40' title="bbox 221 3908 1861 3982; baseline 0.003 -21"><span class='ocrx_word' id='word_1_288' title='bbox 221 3909 383 3977; x_wconf 87' lang='lat' dir='ltr'>prima</span> <span class='ocrx_word' id='word_1_289' title='bbox 430 3910 699 3966; x_wconf 81' lang='lat' dir='ltr'>Ecclesia</span> <span class='ocrx_word' id='word_1_290' title='bbox 749 3908 1262 3982; x_wconf 83' lang='lat' dir='ltr'>Jerosolymitana,</span> <span class='ocrx_word' id='word_1_291' title='bbox 1296 3910 1443 3965; x_wconf 89' lang='lat' dir='ltr'>satis</span> <span class='ocrx_word' id='word_1_292' title='bbox 1475 3912 1861 3966; x_wconf 76' lang='lat' dir='ltr'>ostenderunt</span> 
     </span>
    </p>
   </div>
   <div class='ocr_carea' id='block_1_41' title="bbox 219 3998 1858 4071">
    <p class='ocr_par' dir='ltr' id='par_1_41' title="bbox 219 3998 1858 4071">
     <span class='ocr_line' id='line_1_41' title="bbox 219 3998 1858 4071; baseline 0.002 -20"><span class='ocrx_word' id='word_1_293' title='bbox 219 4004 411 4067; x_wconf 87' lang='lat' dir='ltr'>quanta</span> <span class='ocrx_word' id='word_1_294' title='bbox 442 3999 681 4054; x_wconf 87' lang='lat' dir='ltr'>utilitas</span> <span class='ocrx_word' id='word_1_295' title='bbox 714 3998 887 4053; x_wconf 87' lang='lat' dir='ltr'>fuerit</span> <span class='ocrx_word' id='word_1_296' title='bbox 916 4015 982 4054; x_wconf 93' lang='lat' dir='ltr'>eo</span> <span class='ocrx_word' id='word_1_297' title='bbox 1014 3999 1187 4053; x_wconf 90' lang='lat' dir='ltr'>modo</span> <span class='ocrx_word' id='word_1_298' title='bbox 1228 3998 1337 4053; x_wconf 83' lang='lat' dir='ltr'>sub</span> <span class='ocrx_word' id='word_1_299' title='bbox 1378 3999 1692 4071; x_wconf 77' lang='lat' dir='ltr'>paedagogo</span> <span class='ocrx_word' id='word_1_300' title='bbox 1726 4016 1858 4055; x_wconf 85' lang='lat' dir='ltr'>cus-</span> 
     </span>
    </p>
   </div>
   <div class='ocr_carea' id='block_1_42' title="bbox 220 4085 1861 4158">
    <p class='ocr_par' dir='ltr' id='par_1_42' title="bbox 220 4085 1861 4158">
     <span class='ocr_line' id='line_1_42' title="bbox 220 4085 1861 4158; baseline 0.004 -21"><span class='ocrx_word' id='word_1_301' title='bbox 220 4087 389 4154; x_wconf 85' lang='lat' dir='ltr'>todiri,</span> <span class='ocrx_word' id='word_1_302' title='bbox 425 4094 495 4143; x_wconf 88' lang='lat' dir='ltr'>ut</span> <span class='ocrx_word' id='word_1_303' title='bbox 533 4088 716 4158; x_wconf 87' lang='lat' dir='ltr'>signa</span> <span class='ocrx_word' id='word_1_304' title='bbox 754 4103 883 4157; x_wconf 66' lang='lat' dir='ltr'>quae</span> <span class='ocrx_word' id='word_1_305' title='bbox 930 4085 1329 4158; x_wconf 86' lang='lat' dir='ltr'>temporaliter</span> <span class='ocrx_word' id='word_1_306' title='bbox 1372 4087 1649 4157; x_wconf 89' lang='lat' dir='ltr'>imposita</span> <span class='ocrx_word' id='word_1_307' title='bbox 1694 4091 1861 4143; x_wconf 89' lang='lat' dir='ltr'>erant</span> 
     </span>
    </p>
   </div>
   <div class='ocr_carea' id='block_1_43' title="bbox 222 4174 1855 4245">
    <p class='ocr_par' dir='ltr' id='par_1_43' title="bbox 222 4174 1855 4245">
     <span class='ocr_line' id='line_1_43' title="bbox 222 4174 1855 4245; baseline 0.002 -18"><span class='ocrx_word' id='word_1_308' title='bbox 222 4176 617 4243; x_wconf 83' lang='lat' dir='ltr'>servientibus,</span> <span class='ocrx_word' id='word_1_309' title='bbox 653 4176 727 4230; x_wconf 91' lang='lat' dir='ltr'>ad</span> <span class='ocrx_word' id='word_1_310' title='bbox 758 4175 935 4230; x_wconf 91' lang='lat' dir='ltr'>unius</span> <span class='ocrx_word' id='word_1_311' title='bbox 967 4175 1063 4230; x_wconf 92' lang='lat' dir='ltr'>Dei</span> <span class='ocrx_word' id='word_1_312' title='bbox 1096 4174 1447 4245; x_wconf 89' lang='lat' dir='ltr'>cultum,qui</span> <span class='ocrx_word' id='word_1_313' title='bbox 1484 4174 1621 4229; x_wconf 84' lang='lat' dir='ltr'>fecit</span> <span class='ocrx_word' id='word_1_314' title='bbox 1650 4175 1855 4231; x_wconf 74' lang='lat' dir='ltr'>omium</span> 
     </span>
    </p>
   </div>
   <div class='ocr_carea' id='block_1_44' title="bbox 217 4262 1854 4337">
    <p class='ocr_par' dir='ltr' id='par_1_44' title="bbox 217 4262 1854 4337">
     <span class='ocr_line' id='line_1_44' title="bbox 217 4262 1854 4337; baseline 0.003 -22"><span class='ocrx_word' id='word_1_315' title='bbox 217 4264 859 4337; x_wconf 83' lang='lat' dir='ltr'>etterram,opiniouem</span> <span class='ocrx_word' id='word_1_316' title='bbox 879 4263 1315 4319; x_wconf 89' lang='lat' dir='ltr'>observantium</span> <span class='ocrx_word' id='word_1_317' title='bbox 1339 4262 1854 4333; x_wconf 80' lang='lat' dir='ltr'>religarent.Nam-</span> 
     </span>
    </p>
   </div>
   <div class='ocr_carea' id='block_1_45' title="bbox 217 4352 1855 4427">
    <p class='ocr_par' dir='ltr' id='par_1_45' title="bbox 217 4352 1855 4427">
     <span class='ocr_line' id='line_1_45' title="bbox 217 4352 1855 4427; baseline 0.004 -22"><span class='ocrx_word' id='word_1_318' title='bbox 217 4366 310 4420; x_wconf 87' lang='lat' dir='ltr'>que</span> <span class='ocrx_word' id='word_1_319' title='bbox 331 4353 406 4408; x_wconf 90' lang='lat' dir='ltr'>.lli</span> <span class='ocrx_word' id='word_1_320' title='bbox 438 4356 589 4427; x_wconf 85' lang='lat' dir='ltr'>quia</span> <span class='ocrx_word' id='word_1_321' title='bbox 620 4354 866 4425; x_wconf 81' lang='lat' dir='ltr'>proximi</span> <span class='ocrx_word' id='word_1_322' title='bbox 900 4352 1306 4426; x_wconf 89' lang='lat' dir='ltr'>spiritualibus</span> <span class='ocrx_word' id='word_1_323' title='bbox 1342 4354 1578 4409; x_wconf 85' lang='lat' dir='ltr'>fuerunt</span> <span class='ocrx_word' id='word_1_324' title='bbox 1598 4354 1680 4424; x_wconf 92' lang='lat' dir='ltr'>(in</span> <span class='ocrx_word' id='word_1_325' title='bbox 1708 4354 1855 4426; x_wconf 84' lang='lat' dir='ltr'>ipsis</span> 
     </span>
    </p>
   </div>
   <div class='ocr_carea' id='block_1_46' title="bbox 215 4441 1851 4514">
    <p class='ocr_par' dir='ltr' id='par_1_46' title="bbox 215 4441 1851 4514">
     <span class='ocr_line' id='line_1_46' title="bbox 215 4441 1851 4514; baseline 0.003 -21"><span class='ocrx_word' id='word_1_326' title='bbox 215 4441 345 4497; x_wconf 86' lang='lat' dir='ltr'>enim</span> <span class='ocrx_word' id='word_1_327' title='bbox 375 4442 809 4514; x_wconf 88' lang='lat' dir='ltr'>temporalibus</span> <span class='ocrx_word' id='word_1_328' title='bbox 840 4447 899 4497; x_wconf 89' lang='lat' dir='ltr'>et</span> <span class='ocrx_word' id='word_1_329' title='bbox 949 4441 1284 4498; x_wconf 89' lang='lat' dir='ltr'>carnalibus</span> <span class='ocrx_word' id='word_1_330' title='bbox 1332 4443 1482 4497; x_wconf 89' lang='lat' dir='ltr'>votis</span> <span class='ocrx_word' id='word_1_331' title='bbox 1515 4442 1536 4476; x_wconf 80' lang='grc'>²</span> <span class='ocrx_word' id='word_1_332' title='bbox 1567 4447 1742 4514; x_wconf 89' lang='lat' dir='ltr'>atque</span> <span class='ocrx_word' id='word_1_333' title='bbox 1774 4444 1851 4500; x_wconf 90' lang='lat' dir='ltr'>si-</span> 
     </span>
    </p>
   </div>
   <div class='ocr_carea' id='block_1_47' title="bbox 215 4530 1853 4603">
    <p class='ocr_par' dir='ltr' id='par_1_47' title="bbox 215 4530 1853 4603">
     <span class='ocr_line' id='line_1_47' title="bbox 215 4530 1853 4603; baseline 0.004 -21"><span class='ocrx_word' id='word_1_334' title='bbox 215 4530 343 4597; x_wconf 77' lang='lat' dir='ltr'>gnis,</span> <span class='ocrx_word' id='word_1_335' title='bbox 366 4532 647 4602; x_wconf 86' lang='lat' dir='ltr'>quamvis</span> <span class='ocrx_word' id='word_1_336' title='bbox 671 4532 968 4603; x_wconf 90' lang='lat' dir='ltr'>quomodo</span> <span class='ocrx_word' id='word_1_337' title='bbox 998 4530 1385 4603; x_wconf 87' lang='lat' dir='ltr'>spiritualiter</span> <span class='ocrx_word' id='word_1_338' title='bbox 1412 4536 1610 4587; x_wconf 89' lang='lat' dir='ltr'>essent</span> <span class='ocrx_word' id='word_1_339' title='bbox 1641 4530 1853 4588; x_wconf 89' lang='lat' dir='ltr'>intelli-</span> 
     </span>
    </p>
   </div>
   <div class='ocr_carea' id='block_1_48' title="bbox 213 4620 1851 4689">
    <p class='ocr_par' dir='ltr' id='par_1_48' title="bbox 213 4620 1851 4689">
     <span class='ocr_line' id='line_1_48' title="bbox 213 4620 1851 4689; baseline 0.002 -16"><span class='ocrx_word' id='word_1_340' title='bbox 213 4620 372 4687; x_wconf 81' lang='lat' dir='ltr'>genda</span> <span class='ocrx_word' id='word_1_341' title='bbox 400 4622 728 4689; x_wconf 84' lang='lat' dir='ltr'>nescirent,</span> <span class='ocrx_word' id='word_1_342' title='bbox 761 4636 948 4675; x_wconf 91' lang='lat' dir='ltr'>unum</span> <span class='ocrx_word' id='word_1_343' title='bbox 980 4624 1174 4676; x_wconf 87' lang='lat' dir='ltr'>tamen</span> <span class='ocrx_word' id='word_1_344' title='bbox 1218 4620 1545 4675; x_wconf 89' lang='lat' dir='ltr'>didicerant</span> <span class='ocrx_word' id='word_1_345' title='bbox 1589 4621 1851 4677; x_wconf 89' lang='lat' dir='ltr'>venerari</span> 
     </span>
    </p>
   </div>
   <div class='ocr_carea' id='block_1_49' title="bbox 214 4709 1851 4781">
    <p class='ocr_par' dir='ltr' id='par_1_49' title="bbox 214 4709 1851 4781">
     <span class='ocr_line' id='line_1_49' title="bbox 214 4709 1851 4781; baseline 0.005 -23"><span class='ocrx_word' id='word_1_346' title='bbox 214 4712 463 4765; x_wconf 55' lang='lat' dir='ltr'>aeternum</span> <span class='ocrx_word' id='word_1_347' title='bbox 496 4710 739 4780; x_wconf 88' lang='lat' dir='ltr'>Deum),</span> <span class='ocrx_word' id='word_1_348' title='bbox 773 4714 895 4763; x_wconf 91' lang='lat' dir='ltr'>tam</span> <span class='ocrx_word' id='word_1_349' title='bbox 938 4725 1182 4781; x_wconf 90' lang='lat' dir='ltr'>capaces</span> <span class='ocrx_word' id='word_1_350' title='bbox 1212 4709 1563 4764; x_wconf 71' lang='lat' dir='ltr'>exstiterunt</span> <span class='ocrx_word' id='word_1_351' title='bbox 1594 4710 1851 4781; x_wconf 86' lang='lat' dir='ltr'>Spiritus</span> 
     </span>
    </p>
   </div>
   <div class='ocr_carea' id='block_1_50' title="bbox 213 4798 1847 4869">
    <p class='ocr_par' dir='ltr' id='par_1_50' title="bbox 213 4798 1847 4869">
     <span class='ocr_line' id='line_1_50' title="bbox 213 4798 1847 4869; baseline 0.003 -20"><span class='ocrx_word' id='word_1_352' title='bbox 213 4798 394 4864; x_wconf 74' lang='lat' dir='ltr'>sancti,</span> <span class='ocrx_word' id='word_1_353' title='bbox 419 4803 485 4853; x_wconf 90' lang='lat' dir='ltr'>ut</span> <span class='ocrx_word' id='word_1_354' title='bbox 502 4798 714 4853; x_wconf 88' lang='lat' dir='ltr'>omnia</span> <span class='ocrx_word' id='word_1_355' title='bbox 738 4814 848 4853; x_wconf 90' lang='lat' dir='ltr'>sua</span> <span class='ocrx_word' id='word_1_356' title='bbox 876 4798 1211 4866; x_wconf 87' lang='lat' dir='ltr'>venderent,</span> <span class='ocrx_word' id='word_1_357' title='bbox 1240 4814 1562 4869; x_wconf 91' lang='lat' dir='ltr'>eorumque</span> <span class='ocrx_word' id='word_1_358' title='bbox 1592 4799 1847 4868; x_wconf 92' lang='lat' dir='ltr'>pretium</span> 
     </span>
    </p>
   </div>
   <div class='ocr_carea' id='block_1_51' title="bbox 217 4884 1845 4959">
    <p class='ocr_par' dir='ltr' id='par_1_51' title="bbox 217 4884 1845 4959">
     <span class='ocr_line' id='line_1_51' title="bbox 217 4884 1845 4959; baseline 0.006 -25"><span class='ocrx_word' id='word_1_359' title='bbox 217 4884 603 4956; x_wconf 84' lang='lat' dir='ltr'>indigentibus</span> <span class='ocrx_word' id='word_1_360' title='bbox 634 4886 1133 4951; x_wconf 88' lang='lat' dir='ltr'>distribuendum,</span> <span class='ocrx_word' id='word_1_361' title='bbox 1158 4891 1292 4941; x_wconf 89' lang='lat' dir='ltr'>ante</span> <span class='ocrx_word' id='word_1_362' title='bbox 1314 4886 1724 4958; x_wconf 83' lang='lat' dir='ltr'>Apostolorum</span> <span class='ocrx_word' id='word_1_363' title='bbox 1749 4905 1845 4959; x_wconf 84' lang='lat' dir='ltr'>pe-</span> 
     </span>
    </p>
   </div>
   <div class='ocr_carea' id='block_1_52' title="bbox 215 4970 1847 5047">
    <p class='ocr_par' dir='ltr' id='par_1_52' title="bbox 215 4970 1847 5047">
     <span class='ocr_line' id='line_1_52' title="bbox 215 4970 1847 5047; baseline 0.006 -23"><span class='ocrx_word' id='word_1_364' title='bbox 215 4970 297 5027; x_wconf 85' lang='lat' dir='ltr'>des</span> <span class='ocrx_word' id='word_1_365' title='bbox 325 4979 611 5045; x_wconf 86' lang='lat' dir='ltr'>ponerent</span> <span class='ocrx_word' id='word_1_366' title='bbox 640 4976 775 5043; x_wconf 83' lang='lat' dir='ltr'>(Act.</span> <span class='ocrx_word' id='word_1_367' title='bbox 809 4990 887 5041; x_wconf 83' lang='grc' dir='ltr'>ιν,</span> <span class='ocrx_word' id='word_1_368' title='bbox 921 4974 1041 5047; x_wconf 80' lang='grc'>34),</span> <span class='ocrx_word' id='word_1_369' title='bbox 1087 4991 1265 5046; x_wconf 90' lang='lat' dir='ltr'>seque</span> <span class='ocrx_word' id='word_1_370' title='bbox 1322 4979 1476 5031; x_wconf 90' lang='lat' dir='ltr'>totos</span> <span class='ocrx_word' id='word_1_371' title='bbox 1509 4976 1847 5033; x_wconf 89' lang='lat' dir='ltr'>dedicarent</span> 
     </span>
    </p>
   </div>
   <div class='ocr_carea' id='block_1_53' title="bbox 218 5060 1843 5138">
    <p class='ocr_par' dir='ltr' id='par_1_53' title="bbox 218 5060 1843 5138">
     <span class='ocr_line' id='line_1_53' title="bbox 218 5060 1843 5138; baseline 0.003 -22"><span class='ocrx_word' id='word_1_372' title='bbox 218 5060 308 5116; x_wconf 82' lang='lat' dir='ltr'>Deo</span> <span class='ocrx_word' id='word_1_373' title='bbox 334 5069 623 5136; x_wconf 87' lang='lat' dir='ltr'>tauquam</span> <span class='ocrx_word' id='word_1_374' title='bbox 647 5062 934 5135; x_wconf 90' lang='lat' dir='ltr'>templum</span> <span class='ocrx_word' id='word_1_375' title='bbox 970 5081 1204 5129; x_wconf 90' lang='lat' dir='ltr'>novum,</span> <span class='ocrx_word' id='word_1_376' title='bbox 1235 5066 1406 5136; x_wconf 76' lang='lat' dir='ltr'>cujus</span> <span class='ocrx_word' id='word_1_377' title='bbox 1438 5070 1603 5121; x_wconf 67' lang='lat' dir='ltr'>terrae</span> <span class='ocrx_word' id='word_1_378' title='bbox 1634 5065 1843 5138; x_wconf 84' lang='lat' dir='ltr'>imagi-</span> 
     </span>
    </p>
   </div>
   <div class='ocr_carea' id='block_1_54' title="bbox 216 5148 1419 5224">
    <p class='ocr_par' dir='ltr' id='par_1_54' title="bbox 216 5148 1419 5224">
     <span class='ocr_line' id='line_1_54' title="bbox 216 5148 1419 5224; baseline 0.002 -20"><span class='ocrx_word' id='word_1_379' title='bbox 216 5148 280 5214; x_wconf 84' lang='lat' dir='ltr'>ni,</span> <span class='ocrx_word' id='word_1_380' title='bbox 311 5149 409 5207; x_wconf 91' lang='lat' dir='ltr'>hoc</span> <span class='ocrx_word' id='word_1_381' title='bbox 438 5158 550 5221; x_wconf 87' lang='lat' dir='ltr'>est;</span> <span class='ocrx_word' id='word_1_382' title='bbox 589 5151 811 5224; x_wconf 88' lang='lat' dir='ltr'>templo</span> <span class='ocrx_word' id='word_1_383' title='bbox 843 5154 1038 5218; x_wconf 83' lang='lat' dir='ltr'>veteri,</span> <span class='ocrx_word' id='word_1_384' title='bbox 1071 5153 1419 5209; x_wconf 90' lang='lat' dir='ltr'>serviebant.</span> 
     </span>
    </p>
   </div>
   <div class='ocr_carea' id='block_1_55' title="bbox 272 5240 1845 5301">
    <p class='ocr_par' dir='ltr' id='par_1_55' title="bbox 272 5240 1845 5301">
     <span class='ocr_line' id='line_1_55' title="bbox 272 5240 1845 5301; baseline 0.006 -10"><span class='ocrx_word' id='word_1_385' title='bbox 272 5240 472 5295; x_wconf 82' lang='lat' dir='ltr'>tl.Nou</span> <span class='ocrx_word' id='word_1_386' title='bbox 495 5242 662 5297; x_wconf 88' lang='lat' dir='ltr'>enim</span> <span class='ocrx_word' id='word_1_387' title='bbox 697 5240 807 5296; x_wconf 92' lang='lat' dir='ltr'>hoc</span> <span class='ocrx_word' id='word_1_388' title='bbox 838 5240 992 5296; x_wconf 87' lang='lat' dir='ltr'>ullas</span> <span class='ocrx_word' id='word_1_389' title='bbox 1023 5241 1299 5297; x_wconf 89' lang='lat' dir='ltr'>ecclesias</span> <span class='ocrx_word' id='word_1_390' title='bbox 1332 5241 1605 5298; x_wconf 88' lang='lat' dir='ltr'>Gentium</span> <span class='ocrx_word' id='word_1_391' title='bbox 1642 5244 1845 5301; x_wconf 86' lang='lat' dir='ltr'>fecisse</span> 
     </span>
    </p>
   </div>
   <div class='ocr_carea' id='block_1_56' title="bbox 214 5327 1841 5404">
    <p class='ocr_par' dir='ltr' id='par_1_56' title="bbox 214 5327 1841 5404">
     <span class='ocr_line' id='line_1_56' title="bbox 214 5327 1841 5404; baseline 0.007 -28"><span class='ocrx_word' id='word_1_392' title='bbox 214 5327 469 5398; x_wconf 75' lang='lat' dir='ltr'>scriptum</span> <span class='ocrx_word' id='word_1_393' title='bbox 502 5336 615 5397; x_wconf 90' lang='lat' dir='ltr'>est,</span> <span class='ocrx_word' id='word_1_394' title='bbox 652 5330 796 5401; x_wconf 88' lang='lat' dir='ltr'>quia</span> <span class='ocrx_word' id='word_1_395' title='bbox 844 5346 959 5385; x_wconf 91' lang='lat' dir='ltr'>non</span> <span class='ocrx_word' id='word_1_396' title='bbox 1006 5334 1123 5385; x_wconf 90' lang='lat' dir='ltr'>tam</span> <span class='ocrx_word' id='word_1_397' title='bbox 1178 5346 1355 5401; x_wconf 89' lang='lat' dir='ltr'>prope</span> <span class='ocrx_word' id='word_1_398' title='bbox 1408 5331 1628 5387; x_wconf 88' lang='lat' dir='ltr'>inventi</span> <span class='ocrx_word' id='word_1_399' title='bbox 1658 5338 1841 5404; x_wconf 91' lang='lat' dir='ltr'>erant,</span> 
     </span>
    </p>
   </div>
   <div class='ocr_carea' id='block_1_57' title="bbox 216 5416 1513 5479">
    <p class='ocr_par' dir='ltr' id='par_1_57' title="bbox 216 5416 1513 5479">
     <span class='ocr_line' id='line_1_57' title="bbox 216 5416 1513 5479; baseline 0.008 -13"><span class='ocrx_word' id='word_1_400' title='bbox 216 5416 289 5479; x_wconf 84' lang='lat' dir='ltr'>qui</span> <span class='ocrx_word' id='word_1_401' title='bbox 316 5417 638 5475; x_wconf 86' lang='lat' dir='ltr'>simulacra</span> <span class='ocrx_word' id='word_1_402' title='bbox 668 5419 1006 5474; x_wconf 83' lang='lat' dir='ltr'>manufaeta</span> <span class='ocrx_word' id='word_1_403' title='bbox 1030 5420 1169 5475; x_wconf 91' lang='lat' dir='ltr'>deos</span> <span class='ocrx_word' id='word_1_404' title='bbox 1201 5419 1513 5476; x_wconf 88' lang='lat' dir='ltr'>habebant.</span> 
     </span>
    </p>
   </div>
   <div class='ocr_carea' id='block_1_58' title="bbox 263 5551 1083 5613">
    <p class='ocr_par' dir='ltr' id='par_1_58' title="bbox 263 5551 1083 5613">
     <span class='ocr_line' id='line_1_58' title="bbox 263 5551 1083 5613; baseline 0.006 -12"><span class='ocrx_word' id='word_1_405' title='bbox 263 5551 273 5584; x_wconf 83' lang='grc'><strong>¹</strong></span> <span class='ocrx_word' id='word_1_406' title='bbox 302 5552 449 5603; x_wconf 79' lang='lat' dir='ltr'>Vetas</span> <span class='ocrx_word' id='word_1_407' title='bbox 480 5556 652 5605; x_wconf 84' lang='lat' dir='ltr'>codex</span> <span class='ocrx_word' id='word_1_408' title='bbox 691 5555 870 5613; x_wconf 89' lang='lat' dir='ltr'>Corb.,</span> <span class='ocrx_word' id='word_1_409' title='bbox 902 5558 1083 5605; x_wconf 82' lang='lat' dir='ltr'>morte.</span> 
     </span>
    </p>
   </div>
   <div class='ocr_carea' id='block_1_59' title="bbox 262 5614 1845 5681">
    <p class='ocr_par' dir='ltr' id='par_1_59' title="bbox 262 5614 1845 5681">
     <span class='ocr_line' id='line_1_59' title="bbox 262 5614 1845 5681; baseline 0.004 -18"><span class='ocrx_word' id='word_1_410' title='bbox 262 5614 279 5681; x_wconf 58' lang='grc' dir='ltr'><em>ξ</em></span> <span class='ocrx_word' id='word_1_411' title='bbox 305 5617 431 5675; x_wconf 82' lang='grc' dir='ltr'>Αω.,</span> <span class='ocrx_word' id='word_1_412' title='bbox 456 5619 605 5681; x_wconf 71' lang='lat' dir='ltr'>uocis</span> <span class='ocrx_word' id='word_1_413' title='bbox 635 5632 649 5665; x_wconf 89' lang='lat'><strong>:</strong></span> <span class='ocrx_word' id='word_1_414' title='bbox 682 5632 780 5681; x_wconf 87' lang='lat' dir='ltr'>pro</span> <span class='ocrx_word' id='word_1_415' title='bbox 810 5630 919 5681; x_wconf 87' lang='lat' dir='ltr'>quo</span> <span class='ocrx_word' id='word_1_416' title='bbox 949 5618 1196 5668; x_wconf 82' lang='lat' dir='ltr'>Erasmus</span> <span class='ocrx_word' id='word_1_417' title='bbox 1226 5618 1367 5667; x_wconf 89' lang='lat' dir='ltr'>haud</span> <span class='ocrx_word' id='word_1_418' title='bbox 1401 5618 1621 5669; x_wconf 84' lang='lat' dir='ltr'>feliciter</span> <span class='ocrx_word' id='word_1_419' title='bbox 1650 5620 1845 5670; x_wconf 88' lang='lat' dir='ltr'>substi-</span> 
     </span>
    </p>
   </div>
   <div class='ocr_carea' id='block_1_60' title="bbox 218 5676 1845 5747">
    <p class='ocr_par' dir='ltr' id='par_1_60' title="bbox 218 5676 1845 5747">
     <span class='ocr_line' id='line_1_60' title="bbox 218 5676 1845 5747; baseline 0.004 -19"><span class='ocrx_word' id='word_1_420' title='bbox 218 5676 311 5729; x_wconf 71' lang='grc' dir='ltr'>ωἱι,</span> <span class='ocrx_word' id='word_1_421' title='bbox 338 5679 562 5747; x_wconf 74' lang='lat' dir='ltr'>vocibus.</span> <span class='ocrx_word' id='word_1_422' title='bbox 595 5676 869 5747; x_wconf 61' lang='lat' dir='ltr'>Sic&#39;etiafn</span> <span class='ocrx_word' id='word_1_423' title='bbox 907 5681 1033 5747; x_wconf 52' lang='lat' dir='ltr'>Dav.</span> <span class='ocrx_word' id='word_1_424' title='bbox 1060 5746 1063 5747; x_wconf 16' lang='grc' dir='ltr'><em>ν</em></span> <span class='ocrx_word' id='word_1_425' title='bbox 1088 5682 1173 5747; x_wconf 19' lang='lat' dir='ltr'>At,</span> <span class='ocrx_word' id='word_1_426' title='bbox 1199 5682 1327 5747; x_wconf 74' lang='lat' dir='ltr'>Bad.</span> <span class='ocrx_word' id='word_1_427' title='bbox 1375 5687 1430 5747; x_wconf 75' lang='lat' dir='ltr'>et</span> <span class='ocrx_word' id='word_1_428' title='bbox 1472 5684 1597 5733; x_wconf 83' lang='lat' dir='ltr'>Mss.</span> <span class='ocrx_word' id='word_1_429' title='bbox 1649 5696 1845 5747; x_wconf 85' lang='lat' dir='ltr'>magno</span> 
     </span>
    </p>
   </div>
   <div class='ocr_carea' id='block_1_61' title="bbox 221 5742 1509 5805">
    <p class='ocr_par' dir='ltr' id='par_1_61' title="bbox 221 5742 1509 5805">
     <span class='ocr_line' id='line_1_61' title="bbox 221 5742 1509 5805; baseline 0.007 -19"><span class='ocrx_word' id='word_1_430' title='bbox 221 5749 453 5793; x_wconf 76' lang='lat' dir='ltr'>consensu</span> <span class='ocrx_word' id='word_1_431' title='bbox 482 5745 684 5805; x_wconf 83' lang='lat' dir='ltr'>ferunt,</span> <span class='ocrx_word' id='word_1_432' title='bbox 716 5743 867 5804; x_wconf 71' lang='lat' dir='ltr'>uotis,</span> <span class='ocrx_word' id='word_1_433' title='bbox 906 5742 960 5792; x_wconf 90' lang='lat' dir='ltr'>id</span> <span class='ocrx_word' id='word_1_434' title='bbox 991 5746 1089 5805; x_wconf 85' lang='lat' dir='ltr'>est,</span> <span class='ocrx_word' id='word_1_435' title='bbox 1126 5744 1509 5796; x_wconf 89' lang='lat' dir='ltr'>oblationibus.</span> 
     </span>
    </p>
   </div>
   <div class='ocr_carea' id='block_1_62' title="bbox 2076 459 3508 547">
    <p class='ocr_par' dir='ltr' id='par_1_62' title="bbox 2076 459 3508 547">
     <span class='ocr_line' id='line_1_62' title="bbox 2076 459 3508 547; baseline 0.016 -35"><span class='ocrx_word' id='word_1_436' title='bbox 2076 459 2305 515; x_wconf 82' lang='lat' dir='ltr'>CAPUT</span> <span class='ocrx_word' id='word_1_437' title='bbox 2338 462 2455 517; x_wconf 86' lang='lat' dir='ltr'>VII.</span> <span class='ocrx_word' id='word_1_438' title='bbox 2490 496 2557 535; x_wconf 56' lang='grc' dir='ltr'>έ-</span> <span class='ocrx_word' id='word_1_439' title='bbox 2587 464 2851 547; x_wconf 50' lang='lat' dir='ltr'>servitus</span> <span class='ocrx_word' id='word_1_440' title='bbox 2881 472 3134 537; x_wconf 79' lang='lat' dir='ltr'>gentium</span> <span class='ocrx_word' id='word_1_441' title='bbox 3176 476 3275 531; x_wconf 86' lang='lat' dir='ltr'>sub</span> <span class='ocrx_word' id='word_1_442' title='bbox 3334 478 3508 547; x_wconf 77' lang='lat' dir='ltr'>signis</span> 
     </span>
    </p>
   </div>
   <div class='ocr_carea' id='block_1_63' title="bbox 2632 538 2950 597">
    <p class='ocr_par' dir='ltr' id='par_1_63' title="bbox 2632 538 2950 597">
     <span class='ocr_line' id='line_1_63' title="bbox 2632 538 2950 597; baseline 0.013 -5"><span class='ocrx_word' id='word_1_443' title='bbox 2632 538 2950 597; x_wconf 76' lang='lat' dir='ltr'>inutilibus.</span> 
     </span>
    </p>
   </div>
   <div class='ocr_carea' id='block_1_64' title="bbox 2042 639 3613 728">
    <p class='ocr_par' dir='ltr' id='par_1_64' title="bbox 2042 639 3613 728">
     <span class='ocr_line' id='line_1_64' title="bbox 2042 639 3613 728; baseline 0.017 -39"><span class='ocrx_word' id='word_1_444' title='bbox 2042 640 2107 691; x_wconf 88' lang='lat' dir='ltr'>Et</span> <span class='ocrx_word' id='word_1_445' title='bbox 2137 639 2182 692; x_wconf 92' lang='lat' dir='ltr'>si</span> <span class='ocrx_word' id='word_1_446' title='bbox 2218 640 2451 728; x_wconf 88' lang='lat' dir='ltr'>quando</span> <span class='ocrx_word' id='word_1_447' title='bbox 2471 641 2649 713; x_wconf 90' lang='lat' dir='ltr'>aliqui</span> <span class='ocrx_word' id='word_1_448' title='bbox 2674 662 2873 701; x_wconf 88' lang='lat' dir='ltr'>eorum</span> <span class='ocrx_word' id='word_1_449' title='bbox 2902 647 3000 703; x_wconf 91' lang='lat' dir='ltr'>illa</span> <span class='ocrx_word' id='word_1_450' title='bbox 3023 653 3299 723; x_wconf 85' lang='lat' dir='ltr'>tanquam</span> <span class='ocrx_word' id='word_1_451' title='bbox 3326 655 3493 728; x_wconf 88' lang='lat' dir='ltr'>signa</span> <span class='ocrx_word' id='word_1_452' title='bbox 3524 659 3613 714; x_wconf 92' lang='lat' dir='ltr'>iu-</span> 
     </span>
    </p>
   </div>
   <div class='ocr_carea' id='block_1_65' title="bbox 1969 727 3615 802">
    <p class='ocr_par' dir='ltr' id='par_1_65' title="bbox 1969 727 3615 802">
     <span class='ocr_line' id='line_1_65' title="bbox 1969 727 3615 802; baseline 0.015 -24"><span class='ocrx_word' id='word_1_453' title='bbox 1969 727 2273 796; x_wconf 90' lang='lat' dir='ltr'>terpretari</span> <span class='ocrx_word' id='word_1_454' title='bbox 2296 731 2760 799; x_wconf 86' lang='lat' dir='ltr'>conabantur,ad</span> <span class='ocrx_word' id='word_1_455' title='bbox 2783 741 3106 793; x_wconf 88' lang='lat' dir='ltr'>creaturam</span> <span class='ocrx_word' id='word_1_456' title='bbox 3130 727 3430 799; x_wconf 83' lang='lat' dir='ltr'>colendam</span> <span class='ocrx_word' id='word_1_457' title='bbox 3448 763 3615 802; x_wconf 86' lang='lat' dir='ltr'>vene-</span> 
     </span>
    </p>
   </div>
   <div class='ocr_carea' id='block_1_66' title="bbox 1969 816 3612 903">
    <p class='ocr_par' dir='ltr' id='par_1_66' title="bbox 1969 816 3612 903">
     <span class='ocr_line' id='line_1_66' title="bbox 1969 816 3612 903; baseline 0.015 -36"><span class='ocrx_word' id='word_1_458' title='bbox 1969 816 2332 903; x_wconf 88' lang='lat' dir='ltr'>randamque</span> <span class='ocrx_word' id='word_1_459' title='bbox 2376 820 2721 876; x_wconf 83' lang='lat' dir='ltr'>referebant.</span> <span class='ocrx_word' id='word_1_460' title='bbox 2744 824 2890 887; x_wconf 90' lang='lat' dir='ltr'>Quid</span> <span class='ocrx_word' id='word_1_461' title='bbox 2924 827 3078 882; x_wconf 88' lang='lat' dir='ltr'>enim</span> <span class='ocrx_word' id='word_1_462' title='bbox 3113 830 3254 884; x_wconf 90' lang='lat' dir='ltr'>mihi</span> <span class='ocrx_word' id='word_1_463' title='bbox 3280 834 3514 903; x_wconf 87' lang='lat' dir='ltr'>prodest</span> <span class='ocrx_word' id='word_1_464' title='bbox 3533 837 3612 891; x_wconf 87' lang='lat' dir='ltr'>si-</span> 
     </span>
    </p>
   </div>
   <div class='ocr_carea' id='block_1_67' title="bbox 1970 902 3609 990">
    <p class='ocr_par' dir='ltr' id='par_1_67' title="bbox 1970 902 3609 990">
     <span class='ocr_line' id='line_1_67' title="bbox 1970 902 3609 990; baseline 0.015 -35"><span class='ocrx_word' id='word_1_465' title='bbox 1970 902 2320 973; x_wconf 89' lang='lat' dir='ltr'>mulacrum,</span> <span class='ocrx_word' id='word_1_466' title='bbox 2346 909 2499 963; x_wconf 90' lang='lat' dir='ltr'>verbi</span> <span class='ocrx_word' id='word_1_467' title='bbox 2526 911 2733 980; x_wconf 86' lang='lat' dir='ltr'>gratia,</span> <span class='ocrx_word' id='word_1_468' title='bbox 2758 913 3010 984; x_wconf 83' lang='lat' dir='ltr'>Neptuni</span> <span class='ocrx_word' id='word_1_469' title='bbox 3039 934 3148 972; x_wconf 88' lang='lat' dir='ltr'>non</span> <span class='ocrx_word' id='word_1_470' title='bbox 3177 902 3367 990; x_wconf 79' lang='lat' dir='ltr'>ipsum</span> <span class='ocrx_word' id='word_1_471' title='bbox 3394 922 3609 979; x_wconf 77' lang='lat' dir='ltr'>haben~</span> 
     </span>
    </p>
   </div>
   <div class='ocr_carea' id='block_1_68' title="bbox 1971 991 3611 1080">
    <p class='ocr_par' dir='ltr' id='par_1_68' title="bbox 1971 991 3611 1080">
     <span class='ocr_line' id='line_1_68' title="bbox 1971 991 3611 1080; baseline 0.016 -37"><span class='ocrx_word' id='word_1_472' title='bbox 1971 991 2112 1046; x_wconf 91' lang='lat' dir='ltr'>dum</span> <span class='ocrx_word' id='word_1_473' title='bbox 2148 999 2346 1063; x_wconf 85' lang='lat' dir='ltr'>Deum,</span> <span class='ocrx_word' id='word_1_474' title='bbox 2381 997 2476 1051; x_wconf 79' lang='lat' dir='ltr'>sed</span> <span class='ocrx_word' id='word_1_475' title='bbox 2512 1015 2577 1053; x_wconf 90' lang='lat' dir='ltr'>eo</span> <span class='ocrx_word' id='word_1_476' title='bbox 2609 999 2924 1071; x_wconf 82' lang='lat' dir='ltr'>signiﬁcari</span> <span class='ocrx_word' id='word_1_477' title='bbox 2962 1006 3293 1063; x_wconf 81' lang='lat' dir='ltr'>universum</span> <span class='ocrx_word' id='word_1_478' title='bbox 3329 1015 3611 1080; x_wconf 89' lang='lat' dir='ltr'>mare,vel</span> 
     </span>
    </p>
   </div>
   <div class='ocr_carea' id='block_1_69' title="bbox 1972 1079 3607 1171">
    <p class='ocr_par' dir='ltr' id='par_1_69' title="bbox 1972 1079 3607 1171">
     <span class='ocr_line' id='line_1_69' title="bbox 1972 1079 3607 1171; baseline 0.015 -39"><span class='ocrx_word' id='word_1_479' title='bbox 1972 1079 2144 1134; x_wconf 90' lang='lat' dir='ltr'>etiam</span> <span class='ocrx_word' id='word_1_480' title='bbox 2180 1099 2383 1139; x_wconf 89' lang='lat' dir='ltr'>omnes</span> <span class='ocrx_word' id='word_1_481' title='bbox 2414 1102 2596 1156; x_wconf 90' lang='lat' dir='ltr'>aquas</span> <span class='ocrx_word' id='word_1_482' title='bbox 2630 1094 2887 1159; x_wconf 70' lang='lat' dir='ltr'>caeteras,</span> <span class='ocrx_word' id='word_1_483' title='bbox 2922 1109 3048 1163; x_wconf 64' lang='lat' dir='ltr'>quae</span> <span class='ocrx_word' id='word_1_484' title='bbox 3096 1096 3354 1154; x_wconf 87' lang='lat' dir='ltr'>fontibus</span> <span class='ocrx_word' id='word_1_485' title='bbox 3401 1079 3607 1171; x_wconf 89' lang='lat' dir='ltr'>proru-</span> 
     </span>
    </p>
   </div>
   <div class='ocr_carea' id='block_1_70' title="bbox 1972 1169 3609 1259">
    <p class='ocr_par' dir='ltr' id='par_1_70' title="bbox 1972 1169 3609 1259">
     <span class='ocr_line' id='line_1_70' title="bbox 1972 1169 3609 1259; baseline 0.013 -37"><span class='ocrx_word' id='word_1_486' title='bbox 1972 1174 2077 1259; x_wconf 88' lang='lat' dir='ltr'>unt</span> <span class='ocrx_word' id='word_1_487' title='bbox 2100 1169 2127 1224; x_wconf 83' lang='lat'><strong><em>?</em></strong></span> <span class='ocrx_word' id='word_1_488' title='bbox 2158 1172 2309 1227; x_wconf 88' lang='lat' dir='ltr'>sicut</span> <span class='ocrx_word' id='word_1_489' title='bbox 2340 1190 2373 1227; x_wconf 90' lang='lat' dir='ltr'>a</span> <span class='ocrx_word' id='word_1_490' title='bbox 2407 1176 2657 1245; x_wconf 85' lang='lat' dir='ltr'>quodam</span> <span class='ocrx_word' id='word_1_491' title='bbox 2694 1186 2862 1249; x_wconf 89' lang='lat' dir='ltr'>poeta</span> <span class='ocrx_word' id='word_1_492' title='bbox 2893 1182 3125 1239; x_wconf 90' lang='lat' dir='ltr'>illorum</span> <span class='ocrx_word' id='word_1_493' title='bbox 3159 1169 3526 1259; x_wconf 43' lang='lat' dir='ltr'>describi—tur,</span> <span class='ocrx_word' id='word_1_494' title='bbox 3561 1190 3609 1246; x_wconf 89' lang='lat' dir='ltr'>si</span> 
     </span>
    </p>
   </div>
   <div class='ocr_carea' id='block_1_71' title="bbox 1970 1257 2775 1329">
    <p class='ocr_par' dir='ltr' id='par_1_71' title="bbox 1970 1257 2775 1329">
     <span class='ocr_line' id='line_1_71' title="bbox 1970 1257 2775 1329; baseline 0.014 -17"><span class='ocrx_word' id='word_1_495' title='bbox 1970 1257 2116 1313; x_wconf 90' lang='lat' dir='ltr'>bene</span> <span class='ocrx_word' id='word_1_496' title='bbox 2147 1262 2355 1329; x_wconf 90' lang='lat' dir='ltr'>recolo,</span> <span class='ocrx_word' id='word_1_497' title='bbox 2392 1263 2472 1318; x_wconf 88' lang='lat' dir='ltr'>ita</span> <span class='ocrx_word' id='word_1_498' title='bbox 2502 1265 2727 1322; x_wconf 88' lang='lat' dir='ltr'>dicente</span> <span class='ocrx_word' id='word_1_499' title='bbox 2764 1285 2775 1323; x_wconf 93' lang='lat'><strong>:</strong></span> 
     </span>
    </p>
   </div>
   <div class='ocr_carea' id='block_1_72' title="bbox 2092 1403 3484 1481">
    <p class='ocr_par' dir='ltr' id='par_1_72' title="bbox 2092 1403 3484 1481">
     <span class='ocr_line' id='line_1_72' title="bbox 2092 1403 3484 1481; baseline 0.012 -31"><span class='ocrx_word' id='word_1_500' title='bbox 2092 1403 2184 1481; x_wconf 54' lang='lat' dir='ltr'>In,</span> <span class='ocrx_word' id='word_1_501' title='bbox 2202 1405 2461 1481; x_wconf 54' lang='grc' dir='ltr'>⁸[ξῖερῐιιιιθ</span> <span class='ocrx_word' id='word_1_502' title='bbox 2493 1412 2661 1469; x_wconf 85' lang='lat' dir='ltr'>pater,</span> <span class='ocrx_word' id='word_1_503' title='bbox 2688 1413 2779 1481; x_wconf 82' lang='lat' dir='ltr'>cui</span> <span class='ocrx_word' id='word_1_504' title='bbox 2818 1416 3056 1473; x_wconf 88' lang='lat' dir='ltr'>tempora</span> <span class='ocrx_word' id='word_1_505' title='bbox 3081 1430 3219 1481; x_wconf 76' lang='lat' dir='ltr'>cana</span> <span class='ocrx_word' id='word_1_506' title='bbox 3249 1420 3484 1481; x_wconf 87' lang='lat' dir='ltr'>crepauti</span> 
     </span>
    </p>
   </div>
   <div class='ocr_carea' id='block_1_73' title="bbox 2094 1467 3548 1541">
    <p class='ocr_par' dir='ltr' id='par_1_73' title="bbox 2094 1467 3548 1541">
     <span class='ocr_line' id='line_1_73' title="bbox 2094 1467 3548 1541; baseline 0.013 -28"><span class='ocrx_word' id='word_1_507' title='bbox 2094 1467 2420 1541; x_wconf 35' lang='lat' dir='ltr'>Eiueta‘salo</span> <span class='ocrx_word' id='word_1_508' title='bbox 2448 1467 2720 1541; x_wconf 60' lang='lat' dir='ltr'>resonant,</span> <span class='ocrx_word' id='word_1_509' title='bbox 2752 1467 2978 1541; x_wconf 75' lang='lat' dir='ltr'>magnus</span> <span class='ocrx_word' id='word_1_510' title='bbox 3006 1478 3091 1541; x_wconf 86' lang='lat' dir='ltr'>cui</span> <span class='ocrx_word' id='word_1_511' title='bbox 3124 1467 3548 1541; x_wconf 41' lang='lat' dir='ltr'>perpete|mento</span> 
     </span>
    </p>
   </div>
   <div class='ocr_carea' id='block_1_74' title="bbox 2098 1527 3466 1593">
    <p class='ocr_par' dir='ltr' id='par_1_74' title="bbox 2098 1527 3466 1593">
     <span class='ocr_line' id='line_1_74' title="bbox 2098 1527 3466 1593; baseline 0.013 -18"><span class='ocrx_word' id='word_1_512' title='bbox 2098 1527 2306 1579; x_wconf 84' lang='lat' dir='ltr'>Proﬂuit</span> <span class='ocrx_word' id='word_1_513' title='bbox 2336 1545 2586 1593; x_wconf 87' lang='lat' dir='ltr'>oceanus,</span> <span class='ocrx_word' id='word_1_514' title='bbox 2616 1540 2667 1584; x_wconf 92' lang='lat' dir='ltr'>et</span> <span class='ocrx_word' id='word_1_515' title='bbox 2690 1527 2911 1587; x_wconf 80' lang='lat' dir='ltr'>flumina</span> <span class='ocrx_word' id='word_1_516' title='bbox 2945 1527 3180 1589; x_wconf 76' lang='lat' dir='ltr'>crinibus</span> <span class='ocrx_word' id='word_1_517' title='bbox 3211 1527 3466 1593; x_wconf 30' lang='lat' dir='ltr'>errant—.i</span> 
     </span>
    </p>
   </div>
   <div class='ocr_carea' id='block_1_75' title="bbox 1972 1688 3617 1778">
    <p class='ocr_par' dir='ltr' id='par_1_75' title="bbox 1972 1688 3617 1778">
     <span class='ocr_line' id='line_1_75' title="bbox 1972 1688 3617 1778; baseline 0.016 -39"><span class='ocrx_word' id='word_1_518' title='bbox 1972 1688 2348 1778; x_wconf 60' lang='lat' dir='ltr'>Haesiliqua</span> <span class='ocrx_word' id='word_1_519' title='bbox 2378 1692 2531 1746; x_wconf 89' lang='lat' dir='ltr'>intra</span> <span class='ocrx_word' id='word_1_520' title='bbox 2562 1695 2731 1750; x_wconf 87' lang='lat' dir='ltr'>dulce</span> <span class='ocrx_word' id='word_1_521' title='bbox 2754 1698 3055 1754; x_wconf 85' lang='lat' dir='ltr'>tectorium</span> <span class='ocrx_word' id='word_1_522' title='bbox 3082 1708 3359 1761; x_wconf 85' lang='lat' dir='ltr'>sonantes</span> <span class='ocrx_word' id='word_1_523' title='bbox 3387 1705 3617 1778; x_wconf 89' lang='lat' dir='ltr'>lapillos</span> 
     </span>
    </p>
   </div>
   <div class='ocr_carea' id='block_1_76' title="bbox 1974 1775 3613 1864">
    <p class='ocr_par' dir='ltr' id='par_1_76' title="bbox 1974 1775 3613 1864">
     <span class='ocr_line' id='line_1_76' title="bbox 1974 1775 3613 1864; baseline 0.016 -36"><span class='ocrx_word' id='word_1_524' title='bbox 1974 1775 2207 1846; x_wconf 89' lang='lat' dir='ltr'>quatit:</span> <span class='ocrx_word' id='word_1_525' title='bbox 2243 1794 2356 1832; x_wconf 92' lang='lat' dir='ltr'>non</span> <span class='ocrx_word' id='word_1_526' title='bbox 2389 1784 2477 1835; x_wconf 74' lang='lat' dir='ltr'>est</span> <span class='ocrx_word' id='word_1_527' title='bbox 2524 1787 2717 1837; x_wconf 88' lang='lat' dir='ltr'>autem</span> <span class='ocrx_word' id='word_1_528' title='bbox 2772 1785 3101 1854; x_wconf 77' lang='lat' dir='ltr'>hominum,</span> <span class='ocrx_word' id='word_1_529' title='bbox 3155 1793 3254 1845; x_wconf 90' lang='lat' dir='ltr'>sed</span> <span class='ocrx_word' id='word_1_530' title='bbox 3306 1775 3613 1864; x_wconf 82' lang='lat' dir='ltr'>porcorum</span> 
     </span>
    </p>
   </div>
   <div class='ocr_carea' id='block_1_77' title="bbox 1974 1864 3615 1956">
    <p class='ocr_par' dir='ltr' id='par_1_77' title="bbox 1974 1864 3615 1956">
     <span class='ocr_line' id='line_1_77' title="bbox 1974 1864 3615 1956; baseline 0.014 -36"><span class='ocrx_word' id='word_1_531' title='bbox 1974 1864 2337 1956; x_wconf 84' lang='lat' dir='ltr'>cibus.Novit</span> <span class='ocrx_word' id='word_1_532' title='bbox 2358 1868 2497 1938; x_wconf 77' lang='lat' dir='ltr'>quid</span> <span class='ocrx_word' id='word_1_533' title='bbox 2520 1870 2733 1941; x_wconf 88' lang='lat' dir='ltr'>dicam,</span> <span class='ocrx_word' id='word_1_534' title='bbox 2758 1876 2851 1944; x_wconf 92' lang='lat' dir='ltr'>qui</span> <span class='ocrx_word' id='word_1_535' title='bbox 2876 1876 3253 1948; x_wconf 85' lang='lat' dir='ltr'>Evangelium</span> <span class='ocrx_word' id='word_1_536' title='bbox 3282 1885 3439 1940; x_wconf 92' lang='lat' dir='ltr'>novit</span> <span class='ocrx_word' id='word_1_537' title='bbox 3458 1887 3615 1956; x_wconf 87' lang='lat' dir='ltr'>(Luc.</span> 
     </span>
    </p>
   </div>
   <div class='ocr_carea' id='block_1_78' title="bbox 1972 1955 3615 2041">
    <p class='ocr_par' dir='ltr' id='par_1_78' title="bbox 1972 1955 3615 2041">
     <span class='ocr_line' id='line_1_78' title="bbox 1972 1955 3615 2041; baseline 0.016 -36"><span class='ocrx_word' id='word_1_538' title='bbox 1972 1969 2063 2041; x_wconf 59' lang='lat' dir='ltr'>av,</span> <span class='ocrx_word' id='word_1_539' title='bbox 2100 1955 2205 2025; x_wconf 87' lang='grc'>16).</span> <span class='ocrx_word' id='word_1_540' title='bbox 2232 1956 2378 2019; x_wconf 89' lang='lat' dir='ltr'>Quid</span> <span class='ocrx_word' id='word_1_541' title='bbox 2404 1974 2539 2029; x_wconf 89' lang='lat' dir='ltr'>ergo</span> <span class='ocrx_word' id='word_1_542' title='bbox 2564 1960 2706 2015; x_wconf 91' lang='lat' dir='ltr'>mihi</span> <span class='ocrx_word' id='word_1_543' title='bbox 2733 1964 2969 2032; x_wconf 88' lang='lat' dir='ltr'>prodest</span> <span class='ocrx_word' id='word_1_544' title='bbox 2991 1969 3145 2035; x_wconf 87' lang='lat' dir='ltr'>quod</span> <span class='ocrx_word' id='word_1_545' title='bbox 3171 1973 3411 2041; x_wconf 85' lang='lat' dir='ltr'>Neptuni</span> <span class='ocrx_word' id='word_1_546' title='bbox 3434 1955 3615 2031; x_wconf 89' lang='lat' dir='ltr'>simu-</span> 
     </span>
    </p>
   </div>
   <div class='ocr_carea' id='block_1_79' title="bbox 1973 2040 3616 2125">
    <p class='ocr_par' dir='ltr' id='par_1_79' title="bbox 1973 2040 3616 2125">
     <span class='ocr_line' id='line_1_79' title="bbox 1973 2040 3616 2125; baseline 0.015 -31"><span class='ocrx_word' id='word_1_547' title='bbox 1973 2040 2197 2097; x_wconf 89' lang='lat' dir='ltr'>lacrum</span> <span class='ocrx_word' id='word_1_548' title='bbox 2229 2044 2298 2097; x_wconf 90' lang='lat' dir='ltr'>ad</span> <span class='ocrx_word' id='word_1_549' title='bbox 2334 2044 2495 2101; x_wconf 89' lang='lat' dir='ltr'>illam</span> <span class='ocrx_word' id='word_1_550' title='bbox 2530 2047 3013 2120; x_wconf 81' lang='lat' dir='ltr'>significationem</span> <span class='ocrx_word' id='word_1_551' title='bbox 3037 2040 3303 2125; x_wconf 84' lang='lat' dir='ltr'>refertur,</span> <span class='ocrx_word' id='word_1_552' title='bbox 3332 2061 3443 2116; x_wconf 90' lang='lat' dir='ltr'>nisi</span> <span class='ocrx_word' id='word_1_553' title='bbox 3471 2063 3616 2120; x_wconf 84' lang='lat' dir='ltr'>forte</span> 
     </span>
    </p>
   </div>
   <div class='ocr_carea' id='block_1_80' title="bbox 1976 2134 3615 2222">
    <p class='ocr_par' dir='ltr' id='par_1_80' title="bbox 1976 2134 3615 2222">
     <span class='ocr_line' id='line_1_80' title="bbox 1976 2134 3615 2222; baseline 0.014 -38"><span class='ocrx_word' id='word_1_554' title='bbox 1976 2136 2041 2222; x_wconf 84' lang='lat' dir='ltr'>ut</span> <span class='ocrx_word' id='word_1_555' title='bbox 2072 2138 2344 2188; x_wconf 92' lang='lat' dir='ltr'>neutrum</span> <span class='ocrx_word' id='word_1_556' title='bbox 2378 2134 2563 2191; x_wconf 88' lang='lat' dir='ltr'>colam</span> <span class='ocrx_word' id='word_1_557' title='bbox 2587 2136 2614 2190; x_wconf 88' lang='lat'><strong>?</strong></span> <span class='ocrx_word' id='word_1_558' title='bbox 2646 2142 2761 2193; x_wconf 89' lang='lat' dir='ltr'>tam</span> <span class='ocrx_word' id='word_1_559' title='bbox 2796 2140 2948 2195; x_wconf 90' lang='lat' dir='ltr'>enim</span> <span class='ocrx_word' id='word_1_560' title='bbox 2986 2143 3129 2199; x_wconf 90' lang='lat' dir='ltr'>mihi</span> <span class='ocrx_word' id='word_1_561' title='bbox 3179 2152 3374 2204; x_wconf 88' lang='lat' dir='ltr'>statua</span> <span class='ocrx_word' id='word_1_562' title='bbox 3411 2151 3615 2222; x_wconf 66' lang='lat' dir='ltr'>quaeli-</span> 
     </span>
    </p>
   </div>
   <div class='ocr_carea' id='block_1_81' title="bbox 1975 2220 3620 2300">
    <p class='ocr_par' dir='ltr' id='par_1_81' title="bbox 1975 2220 3620 2300">
     <span class='ocr_line' id='line_1_81' title="bbox 1975 2220 3620 2300; baseline 0.015 -27"><span class='ocrx_word' id='word_1_563' title='bbox 1975 2220 2091 2290; x_wconf 90' lang='lat' dir='ltr'>bet,</span> <span class='ocrx_word' id='word_1_564' title='bbox 2125 2236 2297 2290; x_wconf 90' lang='lat' dir='ltr'>quam</span> <span class='ocrx_word' id='word_1_565' title='bbox 2348 2240 2508 2279; x_wconf 88' lang='lat' dir='ltr'>mare</span> <span class='ocrx_word' id='word_1_566' title='bbox 2554 2226 2913 2300; x_wconf 88' lang='lat' dir='ltr'>universum,</span> <span class='ocrx_word' id='word_1_567' title='bbox 2949 2248 3061 2286; x_wconf 91' lang='lat' dir='ltr'>non</span> <span class='ocrx_word' id='word_1_568' title='bbox 3094 2239 3182 2290; x_wconf 92' lang='lat' dir='ltr'>est</span> <span class='ocrx_word' id='word_1_569' title='bbox 3214 2240 3381 2293; x_wconf 84' lang='lat' dir='ltr'>Deus.</span> <span class='ocrx_word' id='word_1_570' title='bbox 3414 2220 3620 2297; x_wconf 64' lang='lat' dir='ltr'>Fateor</span> 
     </span>
    </p>
   </div>
   <div class='ocr_carea' id='block_1_82' title="bbox 1974 2311 3613 2393">
    <p class='ocr_par' dir='ltr' id='par_1_82' title="bbox 1974 2311 3613 2393">
     <span class='ocr_line' id='line_1_82' title="bbox 1974 2311 3613 2393; baseline 0.014 -31"><span class='ocrx_word' id='word_1_571' title='bbox 1974 2313 2168 2364; x_wconf 90' lang='lat' dir='ltr'>tamen</span> <span class='ocrx_word' id='word_1_572' title='bbox 2203 2311 2379 2367; x_wconf 89' lang='lat' dir='ltr'>altius</span> <span class='ocrx_word' id='word_1_573' title='bbox 2411 2313 2709 2370; x_wconf 88' lang='lat' dir='ltr'>demersos</span> <span class='ocrx_word' id='word_1_574' title='bbox 2748 2333 2896 2386; x_wconf 89' lang='lat' dir='ltr'>esse,</span> <span class='ocrx_word' id='word_1_575' title='bbox 2945 2319 3041 2389; x_wconf 88' lang='lat' dir='ltr'>qui</span> <span class='ocrx_word' id='word_1_576' title='bbox 3083 2338 3255 2393; x_wconf 90' lang='lat' dir='ltr'>opera</span> <span class='ocrx_word' id='word_1_577' title='bbox 3307 2325 3613 2385; x_wconf 89' lang='lat' dir='ltr'>hominum</span> 
     </span>
    </p>
   </div>
   <div class='ocr_carea' id='block_1_83' title="bbox 1976 2397 3619 2476">
    <p class='ocr_par' dir='ltr' id='par_1_83' title="bbox 1976 2397 3619 2476">
     <span class='ocr_line' id='line_1_83' title="bbox 1976 2397 3619 2476; baseline 0.014 -26"><span class='ocrx_word' id='word_1_578' title='bbox 1976 2397 2113 2452; x_wconf 90' lang='lat' dir='ltr'>deos</span> <span class='ocrx_word' id='word_1_579' title='bbox 2146 2402 2372 2468; x_wconf 90' lang='lat' dir='ltr'>putant,</span> <span class='ocrx_word' id='word_1_580' title='bbox 2406 2418 2579 2470; x_wconf 87' lang='lat' dir='ltr'>quam</span> <span class='ocrx_word' id='word_1_581' title='bbox 2620 2404 2717 2475; x_wconf 88' lang='lat' dir='ltr'>qui</span> <span class='ocrx_word' id='word_1_582' title='bbox 2750 2422 2923 2476; x_wconf 84' lang='lat' dir='ltr'>Opera</span> <span class='ocrx_word' id='word_1_583' title='bbox 2958 2408 3053 2463; x_wconf 88' lang='lat' dir='ltr'>Dei</span> <span class='ocrx_word' id='word_1_584' title='bbox 3082 2435 3095 2475; x_wconf 84' lang='lat'>;</span> <span class='ocrx_word' id='word_1_585' title='bbox 3130 2414 3229 2466; x_wconf 90' lang='lat' dir='ltr'>sed</span> <span class='ocrx_word' id='word_1_586' title='bbox 3267 2415 3433 2470; x_wconf 91' lang='lat' dir='ltr'>nobis</span> <span class='ocrx_word' id='word_1_587' title='bbox 3464 2435 3619 2473; x_wconf 91' lang='lat' dir='ltr'>unus</span> 
     </span>
    </p>
   </div>
   <div class='ocr_carea' id='block_1_84' title="bbox 1976 2485 3620 2574">
    <p class='ocr_par' dir='ltr' id='par_1_84' title="bbox 1976 2485 3620 2574">
     <span class='ocr_line' id='line_1_84' title="bbox 1976 2485 3620 2574; baseline 0.014 -35"><span class='ocrx_word' id='word_1_588' title='bbox 1976 2485 2313 2559; x_wconf 90' lang='lat' dir='ltr'>diligendus</span> <span class='ocrx_word' id='word_1_589' title='bbox 2342 2494 2398 2544; x_wconf 88' lang='lat' dir='ltr'>et</span> <span class='ocrx_word' id='word_1_590' title='bbox 2427 2492 2705 2547; x_wconf 85' lang='lat' dir='ltr'>colendus</span> <span class='ocrx_word' id='word_1_591' title='bbox 2738 2494 2892 2550; x_wconf 88' lang='lat' dir='ltr'>Deus</span> <span class='ocrx_word' id='word_1_592' title='bbox 2940 2500 3274 2570; x_wconf 61' lang='lat' dir='ltr'>praecipitur</span> <span class='ocrx_word' id='word_1_593' title='bbox 3304 2504 3489 2574; x_wconf 83' lang='lat' dir='ltr'>(Deut.</span> <span class='ocrx_word' id='word_1_594' title='bbox 3540 2524 3620 2574; x_wconf 79' lang='lat' dir='ltr'>vr,</span> 
     </span>
    </p>
   </div>
   <div class='ocr_carea' id='block_1_85' title="bbox 1975 2576 3622 2653">
    <p class='ocr_par' dir='ltr' id='par_1_85' title="bbox 1975 2576 3622 2653">
     <span class='ocr_line' id='line_1_85' title="bbox 1975 2576 3622 2653; baseline 0.015 -25"><span class='ocrx_word' id='word_1_595' title='bbox 1975 2576 2171 2646; x_wconf 88' lang='lat' dir='ltr'>5),qni</span> <span class='ocrx_word' id='word_1_596' title='bbox 2194 2576 2329 2631; x_wconf 82' lang='lat' dir='ltr'>fecit</span> <span class='ocrx_word' id='word_1_597' title='bbox 2350 2578 2457 2633; x_wconf 88' lang='lat' dir='ltr'>hoc</span> <span class='ocrx_word' id='word_1_598' title='bbox 2490 2582 2707 2649; x_wconf 90' lang='lat' dir='ltr'>omnia,</span> <span class='ocrx_word' id='word_1_599' title='bbox 2732 2600 2982 2653; x_wconf 85' lang='lat' dir='ltr'>quorum</span> <span class='ocrx_word' id='word_1_600' title='bbox 3007 2586 3087 2641; x_wconf 90' lang='lat' dir='ltr'>illi</span> <span class='ocrx_word' id='word_1_601' title='bbox 3114 2589 3433 2649; x_wconf 89' lang='lat' dir='ltr'>simulacra</span> <span class='ocrx_word' id='word_1_602' title='bbox 3453 2611 3622 2652; x_wconf 91' lang='lat' dir='ltr'>vene-</span> 
     </span>
    </p>
   </div>
   <div class='ocr_carea' id='block_1_86' title="bbox 1976 2666 3622 2751">
    <p class='ocr_par' dir='ltr' id='par_1_86' title="bbox 1976 2666 3622 2751">
     <span class='ocr_line' id='line_1_86' title="bbox 1976 2666 3622 2751; baseline 0.013 -32"><span class='ocrx_word' id='word_1_603' title='bbox 1976 2670 2203 2729; x_wconf 86' lang='lat' dir='ltr'>rantur,</span> <span class='ocrx_word' id='word_1_604' title='bbox 2220 2666 2302 2720; x_wconf 88' lang='lat' dir='ltr'>vel</span> <span class='ocrx_word' id='word_1_605' title='bbox 2327 2672 2606 2738; x_wconf 89' lang='lat' dir='ltr'>tanquam</span> <span class='ocrx_word' id='word_1_606' title='bbox 2630 2671 2879 2736; x_wconf 90' lang='lat' dir='ltr'>deos,vel</span> <span class='ocrx_word' id='word_1_607' title='bbox 2908 2678 3184 2747; x_wconf 89' lang='lat' dir='ltr'>tauquam</span> <span class='ocrx_word' id='word_1_608' title='bbox 3210 2680 3379 2751; x_wconf 87' lang='lat' dir='ltr'>signa</span> <span class='ocrx_word' id='word_1_609' title='bbox 3400 2688 3457 2737; x_wconf 90' lang='lat' dir='ltr'>et</span> <span class='ocrx_word' id='word_1_610' title='bbox 3480 2684 3622 2741; x_wconf 89' lang='lat' dir='ltr'>ima-</span> 
     </span>
    </p>
   </div>
   <div class='ocr_carea' id='block_1_87' title="bbox 1977 2754 3619 2842">
    <p class='ocr_par' dir='ltr' id='par_1_87' title="bbox 1977 2754 3619 2842">
     <span class='ocr_line' id='line_1_87' title="bbox 1977 2754 3619 2842; baseline 0.013 -37"><span class='ocrx_word' id='word_1_611' title='bbox 1977 2754 2143 2824; x_wconf 90' lang='lat' dir='ltr'>gines</span> <span class='ocrx_word' id='word_1_612' title='bbox 2162 2756 2486 2810; x_wconf 89' lang='lat' dir='ltr'>deorum.Si</span> <span class='ocrx_word' id='word_1_613' title='bbox 2504 2773 2641 2829; x_wconf 89' lang='lat' dir='ltr'>ergo</span> <span class='ocrx_word' id='word_1_614' title='bbox 2658 2759 2891 2829; x_wconf 86' lang='lat' dir='ltr'>signum</span> <span class='ocrx_word' id='word_1_615' title='bbox 2914 2764 3136 2818; x_wconf 89' lang='lat' dir='ltr'>utiliter</span> <span class='ocrx_word' id='word_1_616' title='bbox 3156 2767 3491 2837; x_wconf 86' lang='lat' dir='ltr'>institu;um</span> <span class='ocrx_word' id='word_1_617' title='bbox 3518 2789 3619 2842; x_wconf 91' lang='lat' dir='ltr'>pro</span> 
     </span>
    </p>
   </div>
   <div class='ocr_carea' id='block_1_88' title="bbox 1978 2842 3616 2922">
    <p class='ocr_par' dir='ltr' id='par_1_88' title="bbox 1978 2842 3616 2922">
     <span class='ocr_line' id='line_1_88' title="bbox 1978 2842 3616 2922; baseline 0.013 -28"><span class='ocrx_word' id='word_1_618' title='bbox 1978 2842 2104 2911; x_wconf 91' lang='lat' dir='ltr'>ipsa</span> <span class='ocrx_word' id='word_1_619' title='bbox 2126 2859 2185 2897; x_wconf 93' lang='lat' dir='ltr'>re</span> <span class='ocrx_word' id='word_1_620' title='bbox 2206 2844 2488 2913; x_wconf 90' lang='lat' dir='ltr'>sequi,cui</span> <span class='ocrx_word' id='word_1_621' title='bbox 2514 2846 2911 2917; x_wconf 67' lang='lat' dir='ltr'>signiﬁcanda:</span> <span class='ocrx_word' id='word_1_622' title='bbox 2927 2849 3262 2909; x_wconf 88' lang='lat' dir='ltr'>institutum</span> <span class='ocrx_word' id='word_1_623' title='bbox 3286 2862 3395 2922; x_wconf 85' lang='lat' dir='ltr'>est,</span> <span class='ocrx_word' id='word_1_624' title='bbox 3414 2875 3616 2915; x_wconf 88' lang='lat' dir='ltr'>carna-</span> 
     </span>
    </p>
   </div>
   <div class='ocr_carea' id='block_1_89' title="bbox 1980 2928 3621 3008">
    <p class='ocr_par' dir='ltr' id='par_1_89' title="bbox 1980 2928 3621 3008">
     <span class='ocr_line' id='line_1_89' title="bbox 1980 2928 3621 3008; baseline 0.013 -26"><span class='ocrx_word' id='word_1_625' title='bbox 1980 2928 2051 2983; x_wconf 91' lang='lat' dir='ltr'>lis</span> <span class='ocrx_word' id='word_1_626' title='bbox 2082 2935 2171 2985; x_wconf 89' lang='lat' dir='ltr'>est</span> <span class='ocrx_word' id='word_1_627' title='bbox 2200 2932 2488 3000; x_wconf 90' lang='lat' dir='ltr'>servitus;</span> <span class='ocrx_word' id='word_1_628' title='bbox 2524 2941 2739 3005; x_wconf 88' lang='lat' dir='ltr'>quanto</span> <span class='ocrx_word' id='word_1_629' title='bbox 2772 2938 2957 3008; x_wconf 90' lang='lat' dir='ltr'>magis</span> <span class='ocrx_word' id='word_1_630' title='bbox 2987 2940 3286 2999; x_wconf 91' lang='lat' dir='ltr'>inutilium</span> <span class='ocrx_word' id='word_1_631' title='bbox 3321 2963 3513 3002; x_wconf 90' lang='lat' dir='ltr'>rerum</span> <span class='ocrx_word' id='word_1_632' title='bbox 3546 2949 3621 3003; x_wconf 87' lang='lat' dir='ltr'>si-</span> 
     </span>
    </p>
   </div>
   <div class='ocr_carea' id='block_1_90' title="bbox 1979 3020 3616 3098">
    <p class='ocr_par' dir='ltr' id='par_1_90' title="bbox 1979 3020 3616 3098">
     <span class='ocr_line' id='line_1_90' title="bbox 1979 3020 3616 3098; baseline 0.014 -28"><span class='ocrx_word' id='word_1_633' title='bbox 1979 3034 2094 3089; x_wconf 85' lang='lat' dir='ltr'>gna</span> <span class='ocrx_word' id='word_1_634' title='bbox 2124 3020 2391 3075; x_wconf 85' lang='lat' dir='ltr'>instituta</span> <span class='ocrx_word' id='word_1_635' title='bbox 2426 3040 2527 3094; x_wconf 88' lang='lat' dir='ltr'>pro</span> <span class='ocrx_word' id='word_1_636' title='bbox 2560 3025 2733 3081; x_wconf 89' lang='lat' dir='ltr'>rebus</span> <span class='ocrx_word' id='word_1_637' title='bbox 2762 3027 3019 3098; x_wconf 90' lang='lat' dir='ltr'>accipere</span> <span class='ocrx_word' id='word_1_638' title='bbox 3043 3030 3070 3084; x_wconf 83' lang='lat'><strong>?</strong></span> <span class='ocrx_word' id='word_1_639' title='bbox 3101 3033 3238 3097; x_wconf 66' lang='lat' dir='ltr'>Quae</span> <span class='ocrx_word' id='word_1_640' title='bbox 3269 3034 3317 3088; x_wconf 89' lang='lat' dir='ltr'>si</span> <span class='ocrx_word' id='word_1_641' title='bbox 3348 3034 3616 3094; x_wconf 88' lang='lat' dir='ltr'>retuleris</span> 
     </span>
    </p>
   </div>
   <div class='ocr_carea' id='block_1_91' title="bbox 1980 3108 3620 3191">
    <p class='ocr_par' dir='ltr' id='par_1_91' title="bbox 1980 3108 3620 3191">
     <span class='ocr_line' id='line_1_91' title="bbox 1980 3108 3620 3191; baseline 0.013 -30"><span class='ocrx_word' id='word_1_642' title='bbox 1980 3108 2049 3162; x_wconf 90' lang='lat' dir='ltr'>ad</span> <span class='ocrx_word' id='word_1_643' title='bbox 2086 3125 2151 3163; x_wconf 89' lang='lat' dir='ltr'>ea</span> <span class='ocrx_word' id='word_1_644' title='bbox 2186 3109 2308 3181; x_wconf 89' lang='lat' dir='ltr'>ipsa</span> <span class='ocrx_word' id='word_1_645' title='bbox 2331 3127 2456 3181; x_wconf 65' lang='lat' dir='ltr'>quae</span> <span class='ocrx_word' id='word_1_646' title='bbox 2481 3112 2572 3168; x_wconf 91' lang='lat' dir='ltr'>his</span> <span class='ocrx_word' id='word_1_647' title='bbox 2594 3114 3197 3191; x_wconf 83' lang='lat' dir='ltr'>signiﬁantnr,eisque</span> <span class='ocrx_word' id='word_1_648' title='bbox 3219 3123 3479 3180; x_wconf 88' lang='lat' dir='ltr'>colendis</span> <span class='ocrx_word' id='word_1_649' title='bbox 3499 3127 3620 3182; x_wconf 86' lang='lat' dir='ltr'>ani-</span> 
     </span>
    </p>
   </div>
   <div class='ocr_carea' id='block_1_92' title="bbox 1980 3198 3621 3287">
    <p class='ocr_par' dir='ltr' id='par_1_92' title="bbox 1980 3198 3621 3287">
     <span class='ocr_line' id='line_1_92' title="bbox 1980 3198 3621 3287; baseline 0.014 -37"><span class='ocrx_word' id='word_1_650' title='bbox 1980 3212 2143 3252; x_wconf 91' lang='lat' dir='ltr'>mum</span> <span class='ocrx_word' id='word_1_651' title='bbox 2193 3198 2559 3271; x_wconf 89' lang='lat' dir='ltr'>obligaveris,</span> <span class='ocrx_word' id='word_1_652' title='bbox 2606 3203 2988 3262; x_wconf 89' lang='lat' dir='ltr'>nihilominus</span> <span class='ocrx_word' id='word_1_653' title='bbox 3045 3210 3237 3265; x_wconf 90' lang='lat' dir='ltr'>servili</span> <span class='ocrx_word' id='word_1_654' title='bbox 3285 3213 3621 3287; x_wconf 88' lang='lat' dir='ltr'>carnalique</span> 
     </span>
    </p>
   </div>
   <div class='ocr_carea' id='block_1_93' title="bbox 1979 3288 3085 3357">
    <p class='ocr_par' dir='ltr' id='par_1_93' title="bbox 1979 3288 3085 3357">
     <span class='ocr_line' id='line_1_93' title="bbox 1979 3288 3085 3357; baseline 0.011 -18"><span class='ocrx_word' id='word_1_655' title='bbox 1979 3301 2150 3341; x_wconf 91' lang='lat' dir='ltr'>onere</span> <span class='ocrx_word' id='word_1_656' title='bbox 2182 3292 2357 3357; x_wconf 91' lang='lat' dir='ltr'>atque</span> <span class='ocrx_word' id='word_1_657' title='bbox 2388 3288 2674 3347; x_wconf 91' lang='lat' dir='ltr'>velamine</span> <span class='ocrx_word' id='word_1_658' title='bbox 2704 3310 2818 3348; x_wconf 93' lang='lat' dir='ltr'>non</span> <span class='ocrx_word' id='word_1_659' title='bbox 2842 3296 3085 3353; x_wconf 88' lang='lat' dir='ltr'>carebis.</span> 
     </span>
    </p>
   </div>
   <div class='ocr_carea' id='block_1_94' title="bbox 1976 3437 3617 3518">
    <p class='ocr_par' dir='ltr' id='par_1_94' title="bbox 1976 3437 3617 3518">
     <span class='ocr_line' id='line_1_94' title="bbox 1976 3437 3617 3518; baseline 0.013 -26"><span class='ocrx_word' id='word_1_660' title='bbox 1976 3437 2204 3494; x_wconf 81' lang='lat' dir='ltr'>CAPUT</span> <span class='ocrx_word' id='word_1_661' title='bbox 2240 3439 2376 3495; x_wconf 86' lang='lat' dir='ltr'>Vill.</span> <span class='ocrx_word' id='word_1_662' title='bbox 2408 3443 2683 3518; x_wconf 59' lang='grc' dir='ltr'>τΑιίιρν</span> <span class='ocrx_word' id='word_1_663' title='bbox 2710 3447 2897 3503; x_wconf 67' lang='grc' dir='ltr'>,Ιαίίθει</span> <span class='ocrx_word' id='word_1_664' title='bbox 2945 3465 2979 3502; x_wconf 86' lang='lat' dir='ltr'>a</span> <span class='ocrx_word' id='word_1_665' title='bbox 3018 3450 3307 3518; x_wconf 82' lang='lat' dir='ltr'>signorum</span> <span class='ocrx_word' id='word_1_666' title='bbox 3352 3457 3617 3513; x_wconf 75' lang='lat' dir='ltr'>servitute</span> 
     </span>
    </p>
   </div>
   <div class='ocr_carea' id='block_1_95' title="bbox 2428 3515 3158 3585">
    <p class='ocr_par' dir='ltr' id='par_1_95' title="bbox 2428 3515 3158 3585">
     <span class='ocr_line' id='line_1_95' title="bbox 2428 3515 3158 3585; baseline 0.012 -17"><span class='ocrx_word' id='word_1_667' title='bbox 2428 3515 2678 3585; x_wconf 77' lang='lat' dir='ltr'>liberati,</span> <span class='ocrx_word' id='word_1_668' title='bbox 2710 3519 2876 3572; x_wconf 83' lang='lat' dir='ltr'>aliter</span> <span class='ocrx_word' id='word_1_669' title='bbox 2906 3515 3158 3577; x_wconf 80' lang='lat' dir='ltr'>Gentiles.</span> 
     </span>
    </p>
   </div>
   <div class='ocr_carea' id='block_1_96' title="bbox 2046 3626 3612 3711">
    <p class='ocr_par' dir='ltr' id='par_1_96' title="bbox 2046 3626 3612 3711">
     <span class='ocr_line' id='line_1_96' title="bbox 2046 3626 3612 3711; baseline 0.013 -33"><span class='ocrx_word' id='word_1_670' title='bbox 2046 3626 2131 3679; x_wconf 87' lang='grc'>12.</span> <span class='ocrx_word' id='word_1_671' title='bbox 2164 3626 2550 3689; x_wconf 88' lang='lat' dir='ltr'>Quamobrem</span> <span class='ocrx_word' id='word_1_672' title='bbox 2585 3629 2907 3688; x_wconf 88' lang='lat' dir='ltr'>christiana</span> <span class='ocrx_word' id='word_1_673' title='bbox 2938 3633 3175 3691; x_wconf 86' lang='lat' dir='ltr'>libertas</span> <span class='ocrx_word' id='word_1_674' title='bbox 3207 3655 3306 3694; x_wconf 91' lang='lat' dir='ltr'>eos</span> <span class='ocrx_word' id='word_1_675' title='bbox 3336 3656 3485 3711; x_wconf 84' lang='lat' dir='ltr'>quos</span> <span class='ocrx_word' id='word_1_676' title='bbox 3522 3642 3612 3698; x_wconf 91' lang='lat' dir='ltr'>in-</span> 
     </span>
    </p>
   </div>
   <div class='ocr_carea' id='block_1_97' title="bbox 1971 3714 3614 3801">
    <p class='ocr_par' dir='ltr' id='par_1_97' title="bbox 1971 3714 3614 3801">
     <span class='ocr_line' id='line_1_97' title="bbox 1971 3714 3614 3801; baseline 0.013 -35"><span class='ocrx_word' id='word_1_677' title='bbox 1971 3714 2128 3768; x_wconf 89' lang='lat' dir='ltr'>venit</span> <span class='ocrx_word' id='word_1_678' title='bbox 2159 3717 2267 3769; x_wconf 88' lang='lat' dir='ltr'>sub</span> <span class='ocrx_word' id='word_1_679' title='bbox 2300 3716 2485 3786; x_wconf 90' lang='lat' dir='ltr'>signis</span> <span class='ocrx_word' id='word_1_680' title='bbox 2518 3718 2782 3789; x_wconf 90' lang='lat' dir='ltr'>utilibus,</span> <span class='ocrx_word' id='word_1_681' title='bbox 2806 3725 3084 3792; x_wconf 86' lang='lat' dir='ltr'>tanquam</span> <span class='ocrx_word' id='word_1_682' title='bbox 3120 3743 3295 3797; x_wconf 92' lang='lat' dir='ltr'>prope</span> <span class='ocrx_word' id='word_1_683' title='bbox 3329 3729 3614 3801; x_wconf 89' lang='lat' dir='ltr'>inventos,</span> 
     </span>
    </p>
   </div>
   <div class='ocr_carea' id='block_1_98' title="bbox 1970 3802 3616 3882">
    <p class='ocr_par' dir='ltr' id='par_1_98' title="bbox 1970 3802 3616 3882">
     <span class='ocr_line' id='line_1_98' title="bbox 1970 3802 3616 3882; baseline 0.011 -26"><span class='ocrx_word' id='word_1_684' title='bbox 1970 3802 2368 3874; x_wconf 90' lang='lat' dir='ltr'>interpretatis</span> <span class='ocrx_word' id='word_1_685' title='bbox 2400 3805 2585 3877; x_wconf 89' lang='lat' dir='ltr'>signis</span> <span class='ocrx_word' id='word_1_686' title='bbox 2616 3808 2827 3876; x_wconf 90' lang='lat' dir='ltr'>quibus</span> <span class='ocrx_word' id='word_1_687' title='bbox 2859 3811 3076 3866; x_wconf 92' lang='lat' dir='ltr'>subditi</span> <span class='ocrx_word' id='word_1_688' title='bbox 3127 3820 3312 3882; x_wconf 85' lang='lat' dir='ltr'>erant,</span> <span class='ocrx_word' id='word_1_689' title='bbox 3361 3817 3616 3876; x_wconf 87' lang='lat' dir='ltr'>elevatos</span> 
     </span>
    </p>
   </div>
   <div class='ocr_carea' id='block_1_99' title="bbox 1971 3892 3614 3967">
    <p class='ocr_par' dir='ltr' id='par_1_99' title="bbox 1971 3892 3614 3967">
     <span class='ocr_line' id='line_1_99' title="bbox 1971 3892 3614 3967; baseline 0.012 -23"><span class='ocrx_word' id='word_1_690' title='bbox 1971 3892 2039 3945; x_wconf 89' lang='lat' dir='ltr'>ad</span> <span class='ocrx_word' id='word_1_691' title='bbox 2074 3908 2171 3945; x_wconf 89' lang='lat' dir='ltr'>eas</span> <span class='ocrx_word' id='word_1_692' title='bbox 2204 3908 2295 3947; x_wconf 91' lang='lat' dir='ltr'>res</span> <span class='ocrx_word' id='word_1_693' title='bbox 2319 3910 2568 3964; x_wconf 88' lang='lat' dir='ltr'>quarum</span> <span class='ocrx_word' id='word_1_694' title='bbox 2593 3894 2691 3950; x_wconf 89' lang='lat' dir='ltr'>illa</span> <span class='ocrx_word' id='word_1_695' title='bbox 2722 3898 2889 3967; x_wconf 76' lang='lat' dir='ltr'>signa</span> <span class='ocrx_word' id='word_1_696' title='bbox 2922 3905 3081 3966; x_wconf 90' lang='lat' dir='ltr'>sunt,</span> <span class='ocrx_word' id='word_1_697' title='bbox 3107 3900 3407 3959; x_wconf 90' lang='lat' dir='ltr'>liberavit:</span> <span class='ocrx_word' id='word_1_698' title='bbox 3434 3923 3503 3961; x_wconf 83' lang='lat' dir='ltr'>ex</span> <span class='ocrx_word' id='word_1_699' title='bbox 3524 3908 3614 3963; x_wconf 90' lang='lat' dir='ltr'>his</span> 
     </span>
    </p>
   </div>
   <div class='ocr_carea' id='block_1_100' title="bbox 1973 3978 3612 4060">
    <p class='ocr_par' dir='ltr' id='par_1_100' title="bbox 1973 3978 3612 4060">
     <span class='ocr_line' id='line_1_100' title="bbox 1973 3978 3612 4060; baseline 0.012 -28"><span class='ocrx_word' id='word_1_700' title='bbox 1973 3978 2138 4033; x_wconf 71' lang='lat' dir='ltr'>factas</span> <span class='ocrx_word' id='word_1_701' title='bbox 2170 3986 2309 4036; x_wconf 92' lang='lat' dir='ltr'>sunt</span> <span class='ocrx_word' id='word_1_702' title='bbox 2340 3981 2609 4038; x_wconf 72' lang='lat' dir='ltr'>Ecclesiae</span> <span class='ocrx_word' id='word_1_703' title='bbox 2639 3991 2973 4041; x_wconf 89' lang='lat' dir='ltr'>sanctorum</span> <span class='ocrx_word' id='word_1_704' title='bbox 3004 3988 3421 4048; x_wconf 88' lang='lat' dir='ltr'>lsraelitarum.</span> <span class='ocrx_word' id='word_1_705' title='bbox 3456 3996 3612 4060; x_wconf 88' lang='lat' dir='ltr'>Quos</span> 
     </span>
    </p>
   </div>
   <div class='ocr_carea' id='block_1_101' title="bbox 1971 4069 3611 4146">
    <p class='ocr_par' dir='ltr' id='par_1_101' title="bbox 1971 4069 3611 4146">
     <span class='ocr_line' id='line_1_101' title="bbox 1971 4069 3611 4146; baseline 0.01 -25"><span class='ocrx_word' id='word_1_706' title='bbox 1971 4072 2166 4122; x_wconf 90' lang='lat' dir='ltr'>autem</span> <span class='ocrx_word' id='word_1_707' title='bbox 2195 4069 2531 4125; x_wconf 87' lang='lat' dir='ltr'>invenitsub</span> <span class='ocrx_word' id='word_1_708' title='bbox 2546 4073 2730 4141; x_wconf 85' lang='lat' dir='ltr'>signis</span> <span class='ocrx_word' id='word_1_709' title='bbox 2756 4074 3203 4146; x_wconf 86' lang='lat' dir='ltr'>inutilibus,non</span> <span class='ocrx_word' id='word_1_710' title='bbox 3220 4080 3409 4135; x_wconf 91' lang='lat' dir='ltr'>solum</span> <span class='ocrx_word' id='word_1_711' title='bbox 3435 4083 3611 4137; x_wconf 86' lang='lat' dir='ltr'>servi-</span> 
     </span>
    </p>
   </div>
   <div class='ocr_carea' id='block_1_102' title="bbox 1967 4154 3611 4243">
    <p class='ocr_par' dir='ltr' id='par_1_102' title="bbox 1967 4154 3611 4243">
     <span class='ocr_line' id='line_1_102' title="bbox 1967 4154 3611 4243; baseline 0.012 -35"><span class='ocrx_word' id='word_1_712' title='bbox 1967 4154 2079 4209; x_wconf 92' lang='lat' dir='ltr'>lem</span> <span class='ocrx_word' id='word_1_713' title='bbox 2114 4157 2505 4226; x_wconf 87' lang='lat' dir='ltr'>operationem</span> <span class='ocrx_word' id='word_1_714' title='bbox 2539 4162 2648 4214; x_wconf 92' lang='lat' dir='ltr'>sub</span> <span class='ocrx_word' id='word_1_715' title='bbox 2682 4162 2894 4215; x_wconf 88' lang='lat' dir='ltr'>talibus</span> <span class='ocrx_word' id='word_1_716' title='bbox 2927 4164 3245 4232; x_wconf 75' lang='lat' dir='ltr'>signis,sed</span> <span class='ocrx_word' id='word_1_717' title='bbox 3272 4169 3447 4224; x_wconf 90' lang='lat' dir='ltr'>etiam</span> <span class='ocrx_word' id='word_1_718' title='bbox 3482 4172 3611 4243; x_wconf 89' lang='lat' dir='ltr'>ipsa</span> 
     </span>
    </p>
   </div>
   <div class='ocr_carea' id='block_1_103' title="bbox 1967 4243 3610 4333">
    <p class='ocr_par' dir='ltr' id='par_1_103' title="bbox 1967 4243 3610 4333">
     <span class='ocr_line' id='line_1_103' title="bbox 1967 4243 3610 4333; baseline 0.012 -36"><span class='ocrx_word' id='word_1_719' title='bbox 1967 4243 2136 4315; x_wconf 88' lang='lat' dir='ltr'>signa</span> <span class='ocrx_word' id='word_1_720' title='bbox 2168 4246 2467 4300; x_wconf 87' lang='lat' dir='ltr'>frustravit</span> <span class='ocrx_word' id='word_1_721' title='bbox 2496 4251 2855 4321; x_wconf 87' lang='lat' dir='ltr'>removitque</span> <span class='ocrx_word' id='word_1_722' title='bbox 2900 4254 3097 4307; x_wconf 89' lang='lat' dir='ltr'>omnia</span> <span class='ocrx_word' id='word_1_723' title='bbox 3131 4272 3142 4309; x_wconf 91' lang='lat'><strong>:</strong></span> <span class='ocrx_word' id='word_1_724' title='bbox 3179 4260 3243 4310; x_wconf 92' lang='lat' dir='ltr'>ut</span> <span class='ocrx_word' id='word_1_725' title='bbox 3287 4275 3319 4312; x_wconf 90' lang='lat' dir='ltr'>a</span> <span class='ocrx_word' id='word_1_726' title='bbox 3367 4275 3610 4333; x_wconf 90' lang='lat' dir='ltr'>corrup-</span> 
     </span>
    </p>
   </div>
   <div class='ocr_carea' id='block_1_104' title="bbox 1965 4334 3611 4423">
    <p class='ocr_par' dir='ltr' id='par_1_104' title="bbox 1965 4334 3611 4423">
     <span class='ocr_line' id='line_1_104' title="bbox 1965 4334 3611 4423; baseline 0.012 -37"><span class='ocrx_word' id='word_1_727' title='bbox 1965 4334 2119 4389; x_wconf 88' lang='lat' dir='ltr'>tione</span> <span class='ocrx_word' id='word_1_728' title='bbox 2143 4335 2533 4391; x_wconf 90' lang='lat' dir='ltr'>multitudinis</span> <span class='ocrx_word' id='word_1_729' title='bbox 2556 4337 2963 4395; x_wconf 90' lang='lat' dir='ltr'>simulatornm</span> <span class='ocrx_word' id='word_1_730' title='bbox 2987 4343 3435 4417; x_wconf 88' lang='lat' dir='ltr'>deorum,quam</span> <span class='ocrx_word' id='word_1_731' title='bbox 3460 4366 3611 4423; x_wconf 65' lang='lat' dir='ltr'>saepe</span> 
     </span>
    </p>
   </div>
   <div class='ocr_carea' id='block_1_105' title="bbox 1966 4424 3610 4505">
    <p class='ocr_par' dir='ltr' id='par_1_105' title="bbox 1966 4424 3610 4505">
     <span class='ocr_line' id='line_1_105' title="bbox 1966 4424 3610 4505; baseline 0.012 -29"><span class='ocrx_word' id='word_1_732' title='bbox 1966 4437 2031 4476; x_wconf 90' lang='lat' dir='ltr'>ae</span> <span class='ocrx_word' id='word_1_733' title='bbox 2065 4424 2295 4494; x_wconf 91' lang='lat' dir='ltr'>proprie</span> <span class='ocrx_word' id='word_1_734' title='bbox 2316 4425 2616 4497; x_wconf 74' lang='lat' dir='ltr'>Scriptura</span> <span class='ocrx_word' id='word_1_735' title='bbox 2652 4428 3089 4486; x_wconf 85' lang='lat' dir='ltr'>fornicationem</span> <span class='ocrx_word' id='word_1_736' title='bbox 3124 4441 3308 4505; x_wconf 88' lang='lat' dir='ltr'>vocat,</span> <span class='ocrx_word' id='word_1_737' title='bbox 3333 4438 3401 4491; x_wconf 91' lang='lat' dir='ltr'>ad</span> <span class='ocrx_word' id='word_1_738' title='bbox 3434 4440 3610 4495; x_wconf 88' lang='lat' dir='ltr'>unius</span> 
     </span>
    </p>
   </div>
   <div class='ocr_carea' id='block_1_106' title="bbox 1965 4510 3609 4599">
    <p class='ocr_par' dir='ltr' id='par_1_106' title="bbox 1965 4510 3609 4599">
     <span class='ocr_line' id='line_1_106' title="bbox 1965 4510 3609 4599; baseline 0.012 -35"><span class='ocrx_word' id='word_1_739' title='bbox 1965 4510 2063 4565; x_wconf 91' lang='lat' dir='ltr'>Dei</span> <span class='ocrx_word' id='word_1_740' title='bbox 2095 4511 2317 4567; x_wconf 87' lang='lat' dir='ltr'>cultum</span> <span class='ocrx_word' id='word_1_741' title='bbox 2369 4515 2581 4569; x_wconf 88' lang='lat' dir='ltr'>Gentes</span> <span class='ocrx_word' id='word_1_742' title='bbox 2629 4522 3138 4587; x_wconf 89' lang='lat' dir='ltr'>converterentur;</span> <span class='ocrx_word' id='word_1_743' title='bbox 3185 4540 3289 4578; x_wconf 87' lang='lat' dir='ltr'>nec</span> <span class='ocrx_word' id='word_1_744' title='bbox 3320 4527 3431 4581; x_wconf 90' lang='lat' dir='ltr'>sub</span> <span class='ocrx_word' id='word_1_745' title='bbox 3464 4526 3609 4599; x_wconf 91' lang='lat' dir='ltr'>ipsis</span> 
     </span>
    </p>
   </div>
   <div class='ocr_carea' id='block_1_107' title="bbox 1957 4599 3611 4687">
    <p class='ocr_par' dir='ltr' id='par_1_107' title="bbox 1957 4599 3611 4687">
     <span class='ocr_line' id='line_1_107' title="bbox 1957 4599 3611 4687; baseline 0.013 -36"><span class='ocrx_word' id='word_1_746' title='bbox 1957 4599 2077 4667; x_wconf 88' lang='lat' dir='ltr'>jam</span> <span class='ocrx_word' id='word_1_747' title='bbox 2117 4601 2304 4670; x_wconf 87' lang='lat' dir='ltr'>signis</span> <span class='ocrx_word' id='word_1_748' title='bbox 2347 4602 2591 4659; x_wconf 90' lang='lat' dir='ltr'>utilibus</span> <span class='ocrx_word' id='word_1_749' title='bbox 2640 4606 2959 4673; x_wconf 70' lang='lat' dir='ltr'>servituraz,</span> <span class='ocrx_word' id='word_1_750' title='bbox 2994 4610 3092 4663; x_wconf 90' lang='lat' dir='ltr'>sed</span> <span class='ocrx_word' id='word_1_751' title='bbox 3139 4612 3468 4669; x_wconf 65' lang='lat' dir='ltr'>excitatura</span> <span class='ocrx_word' id='word_1_752' title='bbox 3501 4633 3611 4687; x_wconf 85' lang='lat' dir='ltr'>po-</span> 
     </span>
    </p>
   </div>
   <div class='ocr_carea' id='block_1_108' title="bbox 1962 4688 3463 4771">
    <p class='ocr_par' dir='ltr' id='par_1_108' title="bbox 1962 4688 3463 4771">
     <span class='ocr_line' id='line_1_108' title="bbox 1962 4688 3463 4771; baseline 0.012 -31"><span class='ocrx_word' id='word_1_753' title='bbox 1962 4688 2079 4741; x_wconf 89' lang='lat' dir='ltr'>tius</span> <span class='ocrx_word' id='word_1_754' title='bbox 2110 4691 2376 4744; x_wconf 90' lang='lat' dir='ltr'>animum</span> <span class='ocrx_word' id='word_1_755' title='bbox 2414 4691 2468 4744; x_wconf 89' lang='lat' dir='ltr'>in</span> <span class='ocrx_word' id='word_1_756' title='bbox 2504 4708 2704 4748; x_wconf 90' lang='lat' dir='ltr'>eorum</span> <span class='ocrx_word' id='word_1_757' title='bbox 2740 4694 3122 4766; x_wconf 88' lang='lat' dir='ltr'>intelligentia</span> <span class='ocrx_word' id='word_1_758' title='bbox 3150 4700 3463 4771; x_wconf 89' lang='lat' dir='ltr'>spirituali.</span> 
     </span>
    </p>
   </div>
   <div class='ocr_carea' id='block_1_109' title="bbox 2030 4849 3528 4931">
    <p class='ocr_par' dir='ltr' id='par_1_109' title="bbox 2030 4849 3528 4931">
     <span class='ocr_line' id='line_1_109' title="bbox 2030 4849 3528 4931; baseline 0.011 -30"><span class='ocrx_word' id='word_1_759' title='bbox 2030 4849 2259 4903; x_wconf 86' lang='lat' dir='ltr'>CAPUT</span> <span class='ocrx_word' id='word_1_760' title='bbox 2297 4849 2381 4931; x_wconf 57' lang='lat' dir='ltr'>lx.</span> <span class='ocrx_word' id='word_1_761' title='bbox 2404 4883 2461 4889; x_wconf 91' lang='lat'><em>—</em></span> <span class='ocrx_word' id='word_1_762' title='bbox 2493 4852 2624 4931; x_wconf 60' lang='lat' dir='ltr'>Quis</span> <span class='ocrx_word' id='word_1_763' title='bbox 2646 4854 2927 4931; x_wconf 65' lang='lat' dir='ltr'>signorum</span> <span class='ocrx_word' id='word_1_764' title='bbox 2954 4859 3212 4931; x_wconf 66' lang='lat' dir='ltr'>seruitute</span> <span class='ocrx_word' id='word_1_765' title='bbox 3238 4863 3528 4931; x_wconf 79' lang='lat' dir='ltr'>premitur,</span> 
     </span>
    </p>
   </div>
   <div class='ocr_carea' id='block_1_110' title="bbox 2240 4924 3315 4995">
    <p class='ocr_par' dir='ltr' id='par_1_110' title="bbox 2240 4924 3315 4995">
     <span class='ocr_line' id='line_1_110' title="bbox 2240 4924 3315 4995; baseline 0.01 -21"><span class='ocrx_word' id='word_1_766' title='bbox 2240 4924 2363 4992; x_wconf 82' lang='lat' dir='ltr'>quis</span> <span class='ocrx_word' id='word_1_767' title='bbox 2410 4938 2538 4977; x_wconf 87' lang='lat' dir='ltr'>non.</span> <span class='ocrx_word' id='word_1_768' title='bbox 2575 4924 2908 4995; x_wconf 82' lang='lat' dir='ltr'>Baptismus.</span> <span class='ocrx_word' id='word_1_769' title='bbox 2948 4924 3315 4986; x_wconf 76' lang='lat' dir='ltr'>Eucharislia.</span> 
     </span>
    </p>
   </div>
   <div class='ocr_carea' id='block_1_111' title="bbox 2030 5027 3606 5103">
    <p class='ocr_par' dir='ltr' id='par_1_111' title="bbox 2030 5027 3606 5103">
     <span class='ocr_line' id='line_1_111' title="bbox 2030 5027 3606 5103; baseline 0.01 -23"><span class='ocrx_word' id='word_1_770' title='bbox 2030 5028 2243 5082; x_wconf 82' lang='lat' dir='ltr'>l3.Sub</span> <span class='ocrx_word' id='word_1_771' title='bbox 2269 5027 2435 5097; x_wconf 83' lang='lat' dir='ltr'>signo</span> <span class='ocrx_word' id='word_1_772' title='bbox 2459 5029 2615 5083; x_wconf 90' lang='lat' dir='ltr'>enim</span> <span class='ocrx_word' id='word_1_773' title='bbox 2640 5030 2816 5085; x_wconf 90' lang='lat' dir='ltr'>servit</span> <span class='ocrx_word' id='word_1_774' title='bbox 2839 5032 2936 5102; x_wconf 90' lang='lat' dir='ltr'>qui</span> <span class='ocrx_word' id='word_1_775' title='bbox 2962 5039 3233 5103; x_wconf 86' lang='lat' dir='ltr'>cperatnr</span> <span class='ocrx_word' id='word_1_776' title='bbox 3254 5043 3352 5093; x_wconf 86' lang='lat' dir='ltr'>aut</span> <span class='ocrx_word' id='word_1_777' title='bbox 3374 5056 3606 5097; x_wconf 87' lang='lat' dir='ltr'>venera-</span> 
     </span>
    </p>
   </div>
   <div class='ocr_carea' id='block_1_112' title="bbox 1958 5115 3602 5200">
    <p class='ocr_par' dir='ltr' id='par_1_112' title="bbox 1958 5115 3602 5200">
     <span class='ocr_line' id='line_1_112' title="bbox 1958 5115 3602 5200; baseline 0.01 -32"><span class='ocrx_word' id='word_1_778' title='bbox 1958 5119 2055 5169; x_wconf 92' lang='lat' dir='ltr'>tur</span> <span class='ocrx_word' id='word_1_779' title='bbox 2086 5115 2341 5187; x_wconf 89' lang='lat' dir='ltr'>aliquem</span> <span class='ocrx_word' id='word_1_780' title='bbox 2364 5132 2481 5171; x_wconf 87' lang='lat' dir='ltr'>rem</span> <span class='ocrx_word' id='word_1_781' title='bbox 2506 5118 3231 5189; x_wconf 84' lang='lat' dir='ltr'>significantem,nesciens</span> <span class='ocrx_word' id='word_1_782' title='bbox 3250 5127 3390 5195; x_wconf 90' lang='lat' dir='ltr'>quid</span> <span class='ocrx_word' id='word_1_783' title='bbox 3416 5129 3602 5200; x_wconf 87' lang='lat' dir='ltr'>signi-</span> 
     </span>
    </p>
   </div>
   <div class='ocr_carea' id='block_1_113' title="bbox 1957 5206 3605 5277">
    <p class='ocr_par' dir='ltr' id='par_1_113' title="bbox 1957 5206 3605 5277">
     <span class='ocr_line' id='line_1_113' title="bbox 1957 5206 3605 5277; baseline 0.008 -19"><span class='ocrx_word' id='word_1_784' title='bbox 1957 5211 2044 5258; x_wconf 91' lang='lat' dir='ltr'>cet</span> <span class='ocrx_word' id='word_1_785' title='bbox 2077 5215 2089 5256; x_wconf 90' lang='lat'><strong>:</strong></span> <span class='ocrx_word' id='word_1_786' title='bbox 2125 5206 2223 5275; x_wconf 90' lang='lat' dir='ltr'>qui</span> <span class='ocrx_word' id='word_1_787' title='bbox 2258 5221 2390 5259; x_wconf 87' lang='lat' dir='ltr'>vero</span> <span class='ocrx_word' id='word_1_788' title='bbox 2424 5211 2527 5261; x_wconf 91' lang='lat' dir='ltr'>aut</span> <span class='ocrx_word' id='word_1_789' title='bbox 2556 5213 2848 5277; x_wconf 85' lang='lat' dir='ltr'>operatur,</span> <span class='ocrx_word' id='word_1_790' title='bbox 2886 5215 2985 5264; x_wconf 91' lang='lat' dir='ltr'>aut</span> <span class='ocrx_word' id='word_1_791' title='bbox 3014 5221 3322 5269; x_wconf 91' lang='lat' dir='ltr'>veneratur</span> <span class='ocrx_word' id='word_1_792' title='bbox 3354 5216 3493 5272; x_wconf 87' lang='lat' dir='ltr'>utile</span> <span class='ocrx_word' id='word_1_793' title='bbox 3523 5217 3605 5274; x_wconf 84' lang='lat' dir='ltr'>si-</span> 
     </span>
    </p>
   </div>
   <div class='ocr_carea' id='block_1_114' title="bbox 1956 5294 3605 5375">
    <p class='ocr_par' dir='ltr' id='par_1_114' title="bbox 1956 5294 3605 5375">
     <span class='ocr_line' id='line_1_114' title="bbox 1956 5294 3605 5375; baseline 0.01 -30"><span class='ocrx_word' id='word_1_794' title='bbox 1956 5308 2137 5363; x_wconf 90' lang='lat' dir='ltr'>gnum</span> <span class='ocrx_word' id='word_1_795' title='bbox 2157 5294 2438 5349; x_wconf 88' lang='lat' dir='ltr'>divinitus</span> <span class='ocrx_word' id='word_1_796' title='bbox 2478 5296 2833 5368; x_wconf 84' lang='lat' dir='ltr'>institutum,</span> <span class='ocrx_word' id='word_1_797' title='bbox 2859 5299 3026 5367; x_wconf 87' lang='lat' dir='ltr'>cujus</span> <span class='ocrx_word' id='word_1_798' title='bbox 3064 5300 3178 5355; x_wconf 91' lang='lat' dir='ltr'>vim</span> <span class='ocrx_word' id='word_1_799' title='bbox 3228 5302 3605 5375; x_wconf 86' lang='lat' dir='ltr'>significatio-</span> 
     </span>
    </p>
   </div>
   <div class='ocr_carea' id='block_1_115' title="bbox 1958 5384 3604 5461">
    <p class='ocr_par' dir='ltr' id='par_1_115' title="bbox 1958 5384 3604 5461">
     <span class='ocr_line' id='line_1_115' title="bbox 1958 5384 3604 5461; baseline 0.01 -25"><span class='ocrx_word' id='word_1_800' title='bbox 1958 5398 2210 5454; x_wconf 83' lang='lat' dir='ltr'>nemque</span> <span class='ocrx_word' id='word_1_801' title='bbox 2232 5384 2521 5457; x_wconf 89' lang='lat' dir='ltr'>intelligit,</span> <span class='ocrx_word' id='word_1_802' title='bbox 2543 5403 2656 5440; x_wconf 91' lang='lat' dir='ltr'>non</span> <span class='ocrx_word' id='word_1_803' title='bbox 2675 5386 2781 5440; x_wconf 90' lang='lat' dir='ltr'>hoc</span> <span class='ocrx_word' id='word_1_804' title='bbox 2800 5394 3108 5442; x_wconf 89' lang='lat' dir='ltr'>veneratur</span> <span class='ocrx_word' id='word_1_805' title='bbox 3125 5392 3278 5461; x_wconf 92' lang='lat' dir='ltr'>quod</span> <span class='ocrx_word' id='word_1_806' title='bbox 3304 5393 3529 5450; x_wconf 89' lang='lat' dir='ltr'>videtur</span> <span class='ocrx_word' id='word_1_807' title='bbox 3546 5400 3604 5451; x_wconf 89' lang='lat' dir='ltr'>et</span> 
     </span>
    </p>
   </div>
   <div class='ocr_carea' id='block_1_116' title="bbox 1957 5473 3601 5545">
    <p class='ocr_par' dir='ltr' id='par_1_116' title="bbox 1957 5473 3601 5545">
     <span class='ocr_line' id='line_1_116' title="bbox 1957 5473 3601 5545; baseline 0.01 -19"><span class='ocrx_word' id='word_1_808' title='bbox 1957 5473 2301 5538; x_wconf 86' lang='lat' dir='ltr'>transit,sed</span> <span class='ocrx_word' id='word_1_809' title='bbox 2334 5473 2476 5529; x_wconf 89' lang='lat' dir='ltr'>illud</span> <span class='ocrx_word' id='word_1_810' title='bbox 2518 5475 2710 5545; x_wconf 90' lang='lat' dir='ltr'>potius</span> <span class='ocrx_word' id='word_1_811' title='bbox 2740 5492 2853 5545; x_wconf 91' lang='lat' dir='ltr'>quo</span> <span class='ocrx_word' id='word_1_812' title='bbox 2887 5475 3025 5530; x_wconf 85' lang='lat' dir='ltr'>talia</span> <span class='ocrx_word' id='word_1_813' title='bbox 3056 5485 3265 5536; x_wconf 86' lang='lat' dir='ltr'>cuneta</span> <span class='ocrx_word' id='word_1_814' title='bbox 3301 5484 3601 5542; x_wconf 85' lang='lat' dir='ltr'>referenda</span> 
     </span>
    </p>
   </div>
   <div class='ocr_carea' id='block_1_117' title="bbox 1956 5562 3597 5641">
    <p class='ocr_par' dir='ltr' id='par_1_117' title="bbox 1956 5562 3597 5641">
     <span class='ocr_line' id='line_1_117' title="bbox 1956 5562 3597 5641; baseline 0.009 -26"><span class='ocrx_word' id='word_1_815' title='bbox 1956 5567 2113 5616; x_wconf 91' lang='lat' dir='ltr'>sunt.</span> <span class='ocrx_word' id='word_1_816' title='bbox 2138 5562 2294 5617; x_wconf 89' lang='lat' dir='ltr'>Talis</span> <span class='ocrx_word' id='word_1_817' title='bbox 2316 5568 2506 5619; x_wconf 88' lang='lat' dir='ltr'>autem</span> <span class='ocrx_word' id='word_1_818' title='bbox 2528 5563 2704 5618; x_wconf 91' lang='lat' dir='ltr'>homo</span> <span class='ocrx_word' id='word_1_819' title='bbox 2719 5564 3108 5635; x_wconf 85' lang='lat' dir='ltr'>spiritualiset</span> <span class='ocrx_word' id='word_1_820' title='bbox 3130 5568 3276 5624; x_wconf 90' lang='lat' dir='ltr'>liber</span> <span class='ocrx_word' id='word_1_821' title='bbox 3292 5580 3399 5641; x_wconf 92' lang='lat' dir='ltr'>est,</span> <span class='ocrx_word' id='word_1_822' title='bbox 3422 5575 3597 5629; x_wconf 90' lang='lat' dir='ltr'>etiam</span> 
     </span>
    </p>
   </div>
   <div class='ocr_carea' id='block_1_118' title="bbox 1956 5653 3600 5723">
    <p class='ocr_par' dir='ltr' id='par_1_118' title="bbox 1956 5653 3600 5723">
     <span class='ocr_line' id='line_1_118' title="bbox 1956 5653 3600 5723; baseline 0.009 -19"><span class='ocrx_word' id='word_1_823' title='bbox 1956 5653 2219 5721; x_wconf 92' lang='lat' dir='ltr'>tempore</span> <span class='ocrx_word' id='word_1_824' title='bbox 2254 5653 2571 5718; x_wconf 89' lang='lat' dir='ltr'>servitutis,</span> <span class='ocrx_word' id='word_1_825' title='bbox 2599 5669 2715 5723; x_wconf 92' lang='lat' dir='ltr'>quo</span> <span class='ocrx_word' id='word_1_826' title='bbox 2737 5653 3073 5711; x_wconf 89' lang='lat' dir='ltr'>carnalibus</span> <span class='ocrx_word' id='word_1_827' title='bbox 3103 5659 3317 5714; x_wconf 87' lang='lat' dir='ltr'>animis</span> <span class='ocrx_word' id='word_1_828' title='bbox 3344 5664 3600 5717; x_wconf 90' lang='lat' dir='ltr'>nondum</span> 
     </span>
    </p>
   </div>
   <div class='ocr_carea' id='block_1_119' title="bbox 1952 5740 3599 5815">
    <p class='ocr_par' dir='ltr' id='par_1_119' title="bbox 1952 5740 3599 5815">
     <span class='ocr_line' id='line_1_119' title="bbox 1952 5740 3599 5815; baseline 0.008 -21"><span class='ocrx_word' id='word_1_829' title='bbox 1952 5740 2455 5811; x_wconf 88' lang='lat' dir='ltr'>oportetsignailla</span> <span class='ocrx_word' id='word_1_830' title='bbox 2467 5741 2703 5799; x_wconf 87' lang='lat' dir='ltr'>revelari</span> <span class='ocrx_word' id='word_1_831' title='bbox 2720 5745 3115 5815; x_wconf 84' lang='lat' dir='ltr'>quorumjugo</span> <span class='ocrx_word' id='word_1_832' title='bbox 3128 5747 3427 5806; x_wconf 84' lang='lat' dir='ltr'>edomandi</span> <span class='ocrx_word' id='word_1_833' title='bbox 3441 5757 3599 5807; x_wconf 92' lang='lat' dir='ltr'>sunt.</span> 
     </span>
    </p>
   </div>
  </div>
