4172 6196
270 301 339 360 77
1629 300 1859 363 LIBER
1900 303 2263 370 TERTIUS.
3577 314 3657 374 78

270 438 527 488 cereutur
546 432 615 489 ab
638 432 1002 503 hominibus,
1020 432 1255 489 inﬂatos
1280 434 1456 489 fuisse
1481 452 1493 499 ;
1522 449 1624 488 nec
1643 450 1775 489 cum
1799 433 1902 489 de-

269 522 632 592 epiCrrentur,
662 522 859 578 elisos.
880 523 1099 578 Neutra
1123 524 1340 595 quippe
1359 522 1600 577 tentatio
1625 524 1808 576 defuit
1831 521 1900 575 il-

268 609 333 664 lis
364 610 532 665 viris:
568 628 702 665 nam
734 618 791 667 et
818 612 1180 667 credentium
1215 612 1663 667 celebrabantur
1698 628 1902 679 prisco-

270 700 374 767 nio,
416 704 471 753 et
526 702 1005 770 persequentium
1062 700 1390 756 maledictis
1441 701 1898 754 iul‘amabantur.

266 789 411 841 Sicut
439 805 573 859 ergo
609 789 704 843 isti
729 807 830 861 pro
856 796 1116 860 tempore
1148 791 1462 845 utebantur
1487 789 1577 843 his
1599 789 1898 855 omnibus,

265 883 313 930 et
343 894 451 930 non
475 879 1042 948 corrumpebantur;
1077 881 1162 933 sic
1194 877 1277 932 illi
1310 882 1555 941 veteres,
1590 895 1761 931 usum
1821 878 1898 931 fel

265 967 546 1020 minarum
578 967 649 1020 ad
682 967 774 1021 sui
812 968 1092 1038 temporis
1124 966 1589 1022 convenientiam
1647 967 1899 1021 referen-

262 1058 359 1122 tes,
388 1070 499 1108 non
532 1054 905 1126 patiebantur
933 1072 1061 1109 eam
1098 1054 1559 1110 dominationem
1616 1052 1898 1119 libidinis,

261 1143 345 1196 cui
374 1143 634 1197 serviunt
664 1146 765 1215 qui
796 1143 908 1199 ista
940 1161 1053 1199 non
1090 1144 1359 1198 credunt.

328 1232 409 1284 30.
443 1231 508 1284 Et
541 1232 668 1285 ideo
702 1232 793 1286 isti
826 1249 955 1287 sese
1006 1231 1169 1287 nullo
1221 1231 1393 1285 modo
1444 1229 1780 1285 cohiberent
1827 1228 1899 1282 ab

264 1319 592 1391 inexpiabili
637 1320 767 1376 odio
809 1321 1086 1388 filiorum,
1111 1338 1144 1375 a
1183 1322 1401 1391 quibus
1444 1319 1529 1375 vel
1566 1336 1773 1373 uxores
1813 1318 1900 1373 vel

268 1410 617 1464 concubinas
638 1425 777 1464 suas
794 1413 1130 1480 attentatas,
1156 1417 1254 1464 aut
1278 1412 1619 1463 attrectatas
1641 1423 1769 1461 esse
1802 1422 1896 1461 co-

263 1504 620 1571 gnoscerent,
650 1499 701 1553 si
731 1499 814 1553 eis
846 1498 993 1553 forte
1024 1497 1137 1554 tale
1169 1497 1394 1568 aliquid
1428 1495 1754 1553 accidisset.

260 1650 471 1705 CAPUT

537 1648 679 1705 XXI.
734 1680 818 1733 —_
855 1650 1403 1775 ιὶιιιξίάὲς]ιιιιηιμιαηι⁸
1451 1650 1507 1702 in
1558 1647 1899 1730 adulterium

549 1723 705 1775 lanae
731 1723 840 1775 fuit
874 1739 907 1775 α
935 1722 1033 1775 tibi
1078 1737 1353 1775 mosorum
1382 1722 1829 1775 intemperantia.

315 1723 513 1791 lapsus,
549 1723 705 1791 longe
729 1723 840 1790 [uit
874 1739 907 1775 α
935 1722 1033 1775 libi

1078 1723 1353 1776 inosorum
1382 1721 1829 1792 intemperantia.

330 1856 437 1910 Rex
466 1861 670 1912 autem
701 1856 881 1912 David
916 1873 1044 1911 cum
1082 1857 1185 1911 hoc
1216 1856 1287 1910 ab
1330 1854 1509 1925 impio
1568 1861 1740 1926 atque
1790 1854 1899 1908 im-

266 1946 409 1999 niani
446 1946 564 2000 filio
597 1962 809 2017 passus
841 1951 1014 2011 esset,
1052 1962 1164 1999 non
1198 1944 1387 1999 solum
1424 1945 1791 1997 ferocientem
1816 1946 1900 1997 to-

264 2033 472 2099 leravit,
496 2034 601 2088 sed
635 2035 812 2091 etiam
845 2033 1067 2105 planxit
1095 2033 1448 2088 exstinctum
1477 2032 1547 2101 (II
1584 2033 1707 2101 Reg.
1731 2047 1892 2096 xvm,

262 2124 359 2192 33).
408 2123 532 2177 Non
581 2122 741 2178 enim
791 2123 1011 2178 carnali
1058 2123 1181 2177 zelo
1230 2122 1493 2176 irretitus
1564 2121 1894 2187 tenebatur,

266 2228 422 2282 quem
473 2210 637 2266 nullo
694 2212 865 2266 modo
914 2211 1142 2282 injuriis
1178 2228 1321 2276 suae,
1356 2211 1456 2265 sed
1509 2215 1745 2281 peccata
1794 2209 1898 2263 lilii

264 2302 715 2356 summovebant.
749 2300 892 2355 Nam
918 2300 1068 2370 ideo,
1099 2300 1149 2356 si
1180 2300 1526 2367 vinceretur,
1554 2316 1687 2353 eum
1715 2297 1898 2353 occidi

263 2390 648 2459 prohibuerat,
686 2394 748 2443 ut
778 2388 1033 2443 edomito
1066 2390 1394 2444 servaretur
1444 2387 1760 2459 pmnitendi
1810 2386 1897 2440 lo-

264 2495 353 2533 cus
380 2496 391 2533 :
421 2485 479 2533 et
508 2478 655 2549 quia
686 2495 799 2532 non
834 2477 1043 2548 potuit,
1077 2495 1193 2532 non
1235 2476 1547 2532 orbitatem
1598 2473 1788 2529 doluit
1839 2474 1896 2528 in

262 2569 376 2635 ejus
403 2566 667 2631 interitu,
702 2566 801 2621 sed
837 2570 1071 2620 noverat
1103 2565 1159 2619 in
1192 2581 1339 2634 quas
1370 2581 1568 2636 pmnas
1619 2571 1735 2617 tam
1786 2562 1896 2616 im-

262 2657 343 2727 pie
390 2655 700 2710 adultera1
752 2661 808 2709 et
874 2652 1240 2725 parricidalis
1307 2654 1505 2708 anima
1576 2656 1893 2721 raperetur.

259 2744 503 2815 Namque
539 2743 657 2799 alio
688 2742 849 2814 prius
882 2742 1002 2797 ﬁlio
1035 2742 1135 2812 qui
1171 2741 1454 2796 innocens
1482 2747 1627 2805 erat,
1656 2757 1758 2811 pro
1781 2756 1897 2809 quo

261 2837 559 2903 aegrotante
594 2832 984 2903 affligebatur,
1018 2831 1301 2886 moriente
1333 2829 1566 2885 laetatus
1597 2833 1705 2883 est.

320 2921 403 2974 31.
436 2921 514 2975 Ex
546 2920 660 2975 hoc
694 2918 941 2973 maxime
973 2922 1213 2989 apparet
1244 2934 1362 2989 qua
1392 2916 1788 2972 moderatione
1832 2932 1898 2971 ac

260 3010 635 3081 temperantia
671 3007 751 3062 illi
812 3007 1045 3063 feminis
1085 3009 1419 3075 utebantur,
1457 3006 1613 3077 quod
1653 3023 1785 3062 cum
1838 3006 1895 3059 in

262 3116 423 3153 unam
449 3098 648 3153 illicite
674 3097 943 3151 irruisset
966 3113 1063 3151 rex
1086 3096 1409 3163 idem,azstu
1434 3095 1689 3166 quodam
1712 3094 1898 3149 aetatis

262 3194 311 3241 et
328 3186 733 3255 temporalium
761 3202 952 3239 rerum
976 3184 1460 3255 prosperitatibus
1474 3184 1772 3253 abreptus,
1797 3199 1895 3237 cu-

258 3276 343 3345 jus
366 3278 537 3331 etiam
560 3276 845 3329 maritum
870 3273 1254 3328 occidendum
1279 3280 1895 3344 prisceperatmccusa-

264 3368 348 3417 tus
369 3377 448 3419 est
464 3382 563 3435 per
581 3362 927 3434 prophetam
953 3379 964 3416 :
988 3361 1232 3431 quicum
1257 3362 1327 3415 ad
1343 3377 1476 3415 eum
1496 3360 1750 3414 venisset
1762 3376 1897 3413 con-

264 3452 595 3508 vincendum
619 3453 693 3505 de
713 3450 1343 3522 peccato,proposuitei
1359 3447 1808 3503 similitudinem
1829 3448 1898 3502 de

266 3557 499 3611 paupere
522 3541 620 3611 qui
650 3540 902 3594 habebat
927 3555 1089 3593 ovem
1116 3539 1491 3606 unam,cujus
1515 3539 1741 3591 vicinus
1764 3552 1895 3590 cum

266 3627 481 3683 haberet
504 3628 824 3696 multas,ad
841 3627 1153 3682 adventum
1172 3626 1421 3697 h03pitis
1440 3626 1530 3680 sui
1550 3625 1778 3679 unicam
1799 3640 1897 3694 po-

266 3722 369 3771 tius
383 3718 545 3772 vicini
560 3717 653 3772 sui
673 3715 943 3788 pauperis
956 3714 1241 3770 oviculam
1256 3712 1781 3783 exhibuitepuland
1792 3729 1898 3766 am.

275 3807 325 3859 ln
347 3824 513 3877 quem
535 3811 871 3861 commotus
892 3803 1073 3858 David
1098 3802 1277 3858 occidi
1303 3820 1435 3857 eum
1452 3803 1655 3872 jussit,
1673 3808 1728 3855 et
1751 3818 1899 3872 qua-

272 3894 566 3965 druplicari
592 3911 758 3949 ovem
786 3892 1025 3964 pauperi
1052 3917 1067 3957 ;
1090 3896 1152 3945 ut
1180 3908 1242 3946 se
1266 3890 1529 3945 nesciens
1552 3890 1901 3945 condemna-

272 3985 464 4054 ret,qui
480 3990 821 4054 peccaverat
837 3981 1218 4047 sciens.Quod
1237 3996 1305 4035 eu
1318 3997 1370 4033 m
1390 3982 1438 4034 ei
1462 3979 1901 4033 manifestatum

271 4079 428 4135 esset,
449 4078 503 4127 et
525 4072 817 4127 divinitus
839 4070 1185 4124 denuntiata
1207 4068 1483 4131 vindicta,
1518 4068 1690 4121 diluit
1722 4067 1904 4138 poeni-

270 4162 427 4215 tendo
456 4166 765 4230 peccatum
787 4161 858 4229 (ll
888 4160 1017 4226 Reg.
1044 4175 1146 4222 x11,
1176 4158 1349 4228 1-14).
1376 4158 1483 4211 Sed
1506 4156 1772 4210 tamenin
1800 4158 1906 4209 hac

274 4250 746 4303 similitudinestu
760 4266 861 4319 pru
874 4265 925 4300 ru
945 4247 1339 4301 tantummodo
1353 4245 1719 4317 designatum
1737 4244 1908 4299 estde

276 4352 367 4391 ove
386 4339 551 4392 vicini
576 4338 854 4409 pauperis
876 4336 977 4401 ;de
1000 4336 1209 4390 marito
1232 4340 1429 4389 autem
1455 4333 1713 4389 mulieris
1737 4335 1909 4388 inter-

277 4434 472 4496 empto,
500 4428 607 4481 hoc
632 4434 743 4489 est,
768 4426 838 4479 de
860 4426 987 4496 ipso
1009 4440 1283 4495 paupere,
1316 4423 1414 4494 qui
1443 4440 1619 4477 unam
1659 4423 1911 4476 habebat

279 4529 421 4568 ovem
434 4518 790 4583 ,occiso,non
814 4518 905 4569 est
930 4530 1028 4583 per
1041 4511 1489 4567 similitudinem
1516 4512 1909 4581 interrogatus

284 4603 459 4666 David,
492 4610 553 4657 ut
575 4602 635 4657 in
663 4603 855 4657 solum
891 4601 1248 4656 adulterium
1281 4601 1907 4655 diceret’sententiam

282 4693 656 4746 damnationis
679 4709 817 4746 suae.
845 4691 921 4744 Ex
941 4706 1055 4761 quo
1079 4689 1429 4761 intelligitur
1445 4694 1667 4760 quanta
1694 4696 1911 4759 tempe-

282 4780 450 4835 rantia
482 4780 701 4835 multas
725 4779 1003 4834 mulieres
1028 4778 1317 4845 habuerit,
1343 4778 1577 4849 quando
1605 4778 1674 4831 de
1706 4794 1825 4831 una
1851 4778 1908 4831 in

282 4884 380 4935 qua
398 4872 640 4924 excessit
664 4869 969 4936 modum,a
988 4868 1181 4937 seipse
1208 4868 1405 4937 puniri
1428 4874 1662 4921 coactus
1684 4868 1910 4921 est.Sed

286 4956 333 5007 in
352 4956 453 5011 isto
476 4960 597 5013 viro
622 4954 1488 5024 immodei'ataehnjuslibidinis
1510 4972 1625 5009 non
1643 4971 1910 5026 perman-

289 5046 382 5106 sio,
406 5048 499 5099 sed
531 5047 815 5100 transitus
839 5045 983 5099 fuit:
1013 5054 1318 5115 propterea
1344 5046 1515 5099 etiam
1538 5045 1608 5097 ab
1632 5049 1912 5115 arguente

293 5134 554 5203 Propheta
584 5134 682 5189 ille
712 5132 955 5187 illicitas
984 5132 1278 5203 appetitus
1296 5131 1514 5203 hospes
1534 5142 1767 5187 vocatus
1800 5136 1908 5188 est.

294 5220 396 5275 Non
420 5226 567 5277 enim
597 5224 738 5277 dixit
761 5238 889 5277 eum
917 5224 1035 5293 regi
1062 5238 1187 5285 suo,
1214 5221 1311 5274 sed
1338 5220 1551 5290 hoSpiti
1590 5239 1695 5274 suo
1736 5221 1908 5274 vicini

296 5313 541 5380 pauperis
564 5329 726 5365 ovem
752 5312 819 5364 ad
847 5311 1098 5381 epuland
1112 5328 1141 5361 u
1155 5326 1205 5363 ιη
1229 5308 1581 5363 exhibuisse.
1612 5314 1678 5362 At
1699 5326 1829 5363 vero
1854 5311 1909 5363 in

298 5398 403 5465 ejus
426 5400 538 5453 lilio
563 5401 1011 5465 Salomone,nou
1035 5398 1196 5467 quasi
1223 5399 1431 5468 hospes
1470 5402 1777 5451 transitum
1803 5398 1909 5452 ha—

356 5540 501 5603 ‘AAiu.
536 5543 617 5589 Er.
650 5548 700 5591 et
728 5543 879 5603 Mss,
909 5545 1127 5602 septem,
1188 5543 1290 5588 tum
1350 5538 1509 5603 impia
1567 5543 1617 5587 et
1654 5539 1911 5589 adultera.

308 5598 424 5666 Boil,
445 5608 545 5651 tam
576 5603 726 5666 impii
753 5598 1011 5651 adultera.

355 5664 463 5716 ’Sic
490 5669 609 5716 Mss.
632 5663 790 5728 {editi
821 5680 963 5728 vero,
996 5667 1049 5715 in
1075 5665 1180 5714 solo
1209 5663 1463 5713 adulterio
1492 5663 1723 5715 disceret.

2007 436 2153 505 buit,
2182 438 2280 492 sed
2316 454 2558 508 regnum
2585 440 2696 495 ista
2721 441 2901 498 libido
2926 443 3188 515 possedit
3212 461 3225 498 :
3251 443 3320 497 de
3356 459 3471 513 quo
3503 443 3655 498 Scri-

2009 532 2179 594 ptura
2202 544 2314 580 non
2342 530 2542 589 tacuit,
2575 529 3167 595 culpanseumfuisse
3184 536 3499 584 amatorem
3528 546 3655 584 mu-

2007 613 2214 669 lierum
2238 616 2333 685 (Ill
2358 618 2540 685 Reg,.\i
2561 619 2629 685 1).
2657 621 2837 687 Cujus
2858 626 3046 673 tamen
3071 620 3237 673 initia
3254 620 3540 674 desiderio
3562 637 3654 673 sa-

2008 702 2234 773 pientia:
2262 703 2644 773 ﬂagraverant
2666 707 2735 775 (ll
2758 708 3003 776 Paralip.
3028 724 3064 769 ι,
3091 709 3281 775 7-12);
3317 724 3491 777 quam
3518 723 3651 761 cum

2006 807 2034 844 a
2047 808 2201 845 more
2226 793 2517 861 spirituali
2536 796 2784 865 adeptus
2800 802 3180 859 esset,amore
3194 795 3408 849 carnali
3432 795 3650 850 amisit.

2075 931 2308 987 CAPUT
2332 932 2496 987 XXII.
2524 964 2589 973 —
2618 936 2816 1005 Regula
2842 935 2906 989 de
2922 935 3222 1005 Scriptum?
3237 936 3384 1002 locis,
3418 936 3513 989 ubi
3528 937 3650 990 lau-

2004 1003 2217 1058 dantur
2228 1008 2373 1073 [acta
2389 1005 2634 1075 quaedam
2649 1003 2911 1061 bonorum
2931 1003 3088 1063 hodie
3101 1008 3339 1061 moribus
3350 1010 3649 1077 contraria.

2074 1111 2162 1165 32.
2189 1110 2357 1183 Ergo,
2391 1128 2727 1184 quanquam
2756 1113 2952 1168 omnia
2978 1114 3060 1168 vel
3110 1129 3257 1185 pene
3288 1114 3485 1169 omnia
3524 1132 3650 1185 qua

2004 1197 2060 1253 in
2088 1200 2304 1254 Veteris
2328 1200 2683 1255 Testamenti
2709 1201 2874 1257 libris
2897 1206 3061 1273 gesta
3110 1202 3501 1268 continentur,
3538 1221 3649 1258 non

2006 1286 2193 1342 solum
2224 1289 2475 1360 proprie,
2510 1290 2607 1344 sed
2642 1291 2817 1345 etiam
2854 1290 3098 1361 figurate
3130 1290 3472 1361 accipienda
3503 1291 3648 1345 sint:

2002 1378 2195 1430 tamen
2221 1377 2394 1431 etiam
2426 1376 2524 1433 illa
2550 1393 2675 1449 quae
2699 1378 2925 1449 proprie
2953 1376 3503 1449 lectoraccrperit,si
3526 1380 3659 1445 Ian-3

2004 1465 2122 1519 dati
2149 1470 2287 1520 sunt
2307 1465 2388 1519 illi
2414 1466 2512 1538 qui
2536 1483 2601 1521 ea
2627 1467 3012 1535 fecerunt,eed
3039 1484 3105 1522 ea
3128 1472 3322 1521 tamen
3340 1467 3661 1521 abhorrent

2004 1569 2037 1608 a
2059 1554 2907 1627 consuetudincbonorum,qui
2930 1560 3061 1627 post
3082 1555 3395 1610 adventum
3426 1555 3655 1610 Domini

2005 1641 2201 1697 divina
2226 1648 2508 1715 praecepta
2530 1644 2905 1712 custodiunt;
2926 1645 3174 1716 ﬁguram
3216 1644 3287 1699 ad
3319 1643 3653 1715 intelligens

2007 1730 2146 1785 tiam
2179 1732 2629 1798 relerat,factum
2657 1750 2785 1788 vero
2804 1734 2995 1805 ipsum
3022 1734 3090 1789 ad
3110 1750 3301 1789 mores
3318 1751 3429 1789 non
3456 1736 3648 1787 trans.»

2005 1817 2169 1873 ferat.
2210 1819 2392 1875 Multa
2424 1820 2577 1876 enim
2611 1826 2750 1877 sunt
2780 1838 2906 1893 quae
2939 1821 3037 1876 illo
3085 1826 3345 1893 tempore
3393 1822 3650 1876 ofﬁciose

2006 1908 2155 1962 facta
2171 1913 2460 1980 sunt,quas
2480 1911 2654 1965 modo
2670 1909 2777 1965 nisi
2797 1910 3106 1965 libidinose
3123 1910 3241 1965 fieri
3256 1927 3364 1966 non
3381 1916 3655 1982 possunts

2075 2031 2309 2088 CAPUT
2338 2033 2534 2088 XXIII.
2566 2065 2635 2075 —-
2668 2036 2871 2104 Regula
2898 2034 2961 2089 de
2993 2035 3123 2089 locis
3161 2035 3259 2089 ubi
3300 2034 3651 2105 magnorum,

2386 2107 2629 2161 virorum
2656 2115 2875 2177 peccata
2924 2110 3263 2175 referuntur.
3604 2116 3627 2129 "
3646 2106 3651 2131 ⁷

2075 2213 2135 2266 Si
2168 2230 2285 2281 qua
2307 2230 2437 2267 vero
2472 2219 2701 2283 peccata
2736 2231 3079 2285 magnorum
3120 2214 3376 2267 virorum
3426 2210 3655 2285 legerit;

2002 2302 2232 2355 tametsi
2259 2302 2510 2371 aliquam
2530 2304 2585 2355 in
2609 2303 2691 2357 eis
2718 2304 2965 2373 figuram
2980 2319 3174 2357 rerum
3193 2304 3519 2358 futurarum
3536 2280 3657 2377 arfi-1

2004 2393 2363 2445 madvertere
2414 2397 2590 2461 atque
2660 2391 2938 2462 indagare
2990 2393 3271 2462 potuerit;
3310 2392 3389 2446 rei
3450 2384 3659 2447 tamen'

2002 2486 2177 2549 gestas
2213 2478 2620 2555 prOprietatem
2653 2480 2719 2534 ad
2757 2480 2911 2533 hunc
2944 2497 3117 2533 usum
3160 2486 3444 2548 assumat,
3481 2486 3545 2535 ut
3589 2474 3657 2535 se;

2003 2584 2375 2637 nequaquam
2412 2573 2559 2621 recte
2591 2567 2756 2623 factis
2788 2568 2912 2622 suis
2936 2571 3160 2638 jactare
3193 2570 3424 2634 audeat,
3458 2575 3515 2623 et
3536 2586 3649 2639 prae

2004 2672 2113 2710 sua
2136 2657 2371 2724 justitia
2400 2664 2636 2711 caeteros
2665 2664 2946 2727 tanquam
3003 2662 3334 2725 peccatores
3383 2663 3645 2713 contem-

2003 2751 2126 2806 nat,
2170 2761 2303 2798 cum
2356 2744 2545 2799 videat
2595 2751 2892 2799 tantorum
2945 2746 3204 2799 virorum
3250 2750 3307 2799 et
3358 2747 3647 2799 cavendas

2002 2838 2403 2902 tempestates,
2464 2838 2521 2886 et
2563 2832 2753 2887 ﬂenda
2802 2834 3126 2903 naufragia.
3180 2834 3266 2887 Ad
3318 2832 3426 2889 hoc
3492 2833 3648 2888 enim

2002 2922 2176 2977 etiam
2211 2928 2445 2992 peccata
2477 2920 2708 2974 illorum
2760 2920 3063 2975 hominum
3115 2921 3335 2992 scripta
3382 2925 3539 2988 sunt,
3585 2926 3653 2975 ut

2002 3009 2333 3081 Apostolica
2364 3009 2464 3064 illa
2491 3010 2783 3064 sententia
2816 3009 3032 3080 ubique
3061 3012 3364 3064 tremenda
3395 3012 3491 3076 sit,
3535 3027 3651 3081 qua

2003 3102 2121 3165 ait;
2156 3100 2494 3169 QuaprOpter
2539 3100 2636 3170 qui
2684 3098 2901 3153 videtur
2937 3106 3107 3162 stare,
3149 3100 3349 3161 videat,
3385 3116 3455 3153 ne
3492 3102 3650 3153 cadat

2001 3191 2045 3261 (ι
2081 3191 2200 3243 Cor.
2234 3207 2289 3254 x,
2319 3190 2422 3255 12).
2460 3188 2628 3244 Nulla
2653 3189 2807 3242 enim
2845 3194 2959 3242 fere
3022 3190 3233 3258 pagina
3278 3195 3367 3241 est
3416 3196 3651 3242 sanctu-

2002 3296 2134 3334 rum
2198 3279 2525 3345 Librorum,
2587 3276 2641 3329 in
2704 3294 2819 3345 qua
2882 3294 2992 3330 non
3053 3283 3221 3330 sonet
3284 3278 3434 3343 quod
3502 3283 3651 3331 Deus

2002 3367 2271 3438 superbis
2303 3365 2541 3429 resistit,
2574 3365 2901 3420 humilibus
2932 3371 3123 3419 autem
3158 3365 3259 3418 dat
3308 3367 3576 3434 gratiam.

2073 3490 2306 3547 CAPUT
2337 3489 2527 3544 XXIV.
2552 3520 2621 3529 ——
2642 3490 2777 3544 Ante
2792 3490 2982 3543 omnia
3002 3487 3454 3544 considerandum
3477 3505 3649 3558 genus

2668 3560 2973 3614 locutionis.

2075 3672 2160 3726 34.
2196 3670 2443 3724 Maxime
2472 3667 2667 3738 itaque
2690 3666 3163 3738 investigandum
3184 3672 3272 3722 est
3300 3672 3494 3721 utrum
3522 3684 3647 3739 pro-

2006 3760 2132 3833 pria
2162 3760 2257 3824 sit,
2296 3774 2363 3810 an
2401 3758 2645 3828 ﬁgurata
2668 3755 2903 3819 locutio,
2929 3773 3103 3827 quam
3131 3756 3452 3829 intelligere
3474 3773 3645 3812 cona-

2009 3867 2160 3906 mur.
2195 3848 2338 3904 Nam
2371 3849 2665 3915 comperto
2696 3845 2847 3915 quod
2876 3845 3123 3916 figurata
3144 3846 3241 3911 sit,
3265 3845 3543 3901 adhibitis
3566 3864 3651 3901 re-

2008 3938 2162 4010 gulis
2194 3953 2384 3992 rerum
2420 3951 2565 4005 quas
2598 3934 2652 3986 in
2688 3933 2876 4005 primo
2910 3934 3056 3989 libro
3087 3935 3463 4006 digessimus,
3489 3934 3651 3989 facile

2010 4031 2101 4081 est
2130 4041 2256 4078 eam
2292 4039 2519 4077 versare
2550 4021 2823 4075 omnibus
2859 4021 3066 4083 modis,
3128 4021 3309 4075 donec
3357 4021 3650 4091 pervenia-

2013 4131 2145 4168 mus
2172 4113 2239 4165 ad
2275 4109 2622 4165 sententiam
2656 4108 2935 4173 veritatis,
2973 4109 3288 4179 prmsertim
3323 4126 3454 4162 cum
3507 4126 3652 4163 usus

2014 4201 2321 4257 accesserit
2354 4199 2588 4271 pietatis
2618 4196 3027 4252 exercitatione
3060 4199 3384 4254 roboratus.
3432 4199 3655 4253 Inveni-

2015 4308 2147 4346 mus
2181 4295 2373 4343 autem
2410 4293 2605 4342 utrum
2644 4286 2875 4358 propria
2902 4287 2998 4355 sit,
3033 4303 3105 4339 an
3143 4287 3383 4357 figurata
3419 4286 3653 4353 locutio,

2014 4378 2114 4433 illa
2144 4378 2442 4432 intuentes
2475 4392 2603 4446 qua:
2634 4392 2812 4445 supra
2844 4375 2999 4429 dicta
3033 4381 3191 4429 sunt.

2086 4502 2314 4559 CAPUT
2346 4500 2509 4555 XXV.
2544 4532 2608 4540 —
2638 4499 2787 4555 Idem
2813 4499 3039 4572 verbum
3067 4516 3178 4554 non
3208 4501 3359 4555 idem
3378 4502 3659 4572 signiﬁcat

2727 4571 2944 4641 ubique.

2089 4680 2248 4746 Quod
2274 4696 2406 4732 cum
2440 4677 2795 4750 apparuerit,
2828 4677 3000 4732 verba
3043 4678 3258 4747 quibus
3305 4678 3657 4747 continetur,

2017 4776 2119 4825 aut
2149 4789 2182 4823 a
2212 4768 2507 4822 similibus
2538 4767 2711 4820 rebus
2769 4764 2944 4819 ducta
2992 4766 3379 4830 invenientur,
3428 4771 3531 4821 aut
3588 4766 3660 4821 ab

2018 4860 2213 4927 aliqua
2242 4856 2538 4910 vicinitate
2567 4854 3015 4924 attingentibus.

2088 4949 2177 5001 35.
2211 4946 2317 5001 Sed
2353 4943 2625 5015 quoniam
2662 4940 2863 4997 multis
2899 4941 3081 4996 modis
3113 4958 3205 4996 res
3235 4942 3457 4998 similes
3485 4945 3658 4999 rebus

2019 5038 2442 5107 apparent,non
2471 5035 2742 5101 putemus
2757 5046 2886 5085 esse
2913 5030 3307 5101 praescriptum
3332 5036 3395 5086 ut
3416 5033 3569 5103 quod
3600 5034 3657 5088 in

2020 5124 2216 5193 aliquo
2235 5121 2357 5177 loco
2382 5136 2474 5176 res
2496 5120 2691 5190 aliqua
2714 5135 2815 5188 per
2836 5118 3278 5174 similitudinem
3305 5120 3659 5192 signiﬁcave-

2022 5215 2113 5271 rit.
2143 5215 2247 5265 hoc
2273 5228 2397 5265 ram
2424 5225 2651 5278 semper
2670 5208 3003 5277 significnre
3023 5208 3500 5265 credamus.Nam
3526 5216 3583 5265 et
3602 5211 3658 5265 in

2020 5300 2443 5370 vituperatione
2465 5298 2809 5351 fermentum
2837 5297 3481 5365 posuitDominuscum
3508 5300 3661 5355 dice-

2020 5394 2125 5453 ret,
2154 5389 2346 5441 Cavrte
2382 5405 2421 5441 α
2448 5390 2718 5457 fermento
2747 5385 3149 5439 Pharisaeorum
3183 5388 3388 5452 (Matth.
3407 5405 3522 5453 xw,
3550 5390 3665 5458 11;;

2020 5484 2076 5533 et
2107 5478 2161 5531 in
2198 5477 2387 5539 laude,
2422 5491 2552 5528 cum
2586 5474 3038 5531 diceret.Simi'le
3056 5483 3132 5529 est
3157 5491 3385 5543 regnum
3410 5478 3665 5533 caelorum

2020 5568 2249 5622 mulieri
2277 5582 2393 5635 quae
2435 5565 2719 5620 abscondit
2745 5560 3077 5635 fermentum
3099 5565 3157 5619 in
3186 5568 3370 5622 tribus
3398 5584 3584 5622 mensa
3597 5570 3670 5622 ris

2022 5658 2245 5730 farinae,
2278 5655 2445 5712 donec
2471 5657 2905 5727 fermentaretur
2932 5658 3103 5711 totum
3120 5654 3272 5728 (Luc.
3305 5674 3427 5726 xm,
3450 5659 3560 5730 2t).
