4172 6196
313 374 384 432 93
1671 368 1898 427 LlBElt
1945 369 1962 431 (

2076 367 2332 426 tlt’l‘US.
3622 366 3702 426 94

321 508 408 558 ubi
443 522 536 554 ros
571 501 847 570 intelligo,
873 519 982 556 non
1011 501 1198 555 solum
1235 500 1375 554 nihil
1403 503 1485 555 eis
1509 501 1947 570 SltplCllllllS,Ve‘

321 612 440 648 rum
472 595 642 645 etiam
683 591 824 645 nihil
862 590 1229 662 eloquentius
1266 590 1402 643 lllllll
1431 590 1606 643 videri
1642 595 1845 660 potest.
1882 590 1949 642 Et

318 681 491 736 audeo
524 681 732 741 dicere,
766 696 968 734 omnes
999 679 1098 749 qui
1132 683 1283 732 recte
1316 677 1650 748 intelligunt
1684 678 1834 747 quod
1866 677 1947 730 illi

319 769 832 839 loquuntur.simul
855 757 1183 838 intelligere
1209 784 1320 820 non
1353 784 1452 821 ros
1468 767 1636 820 aliter
1663 766 1819 835 loqui
1853 767 1948 818 de-

319 861 528 912 buisse.
545 857 971 912 Sicutestenim
989 857 1253 927 quendam
1275 857 1606 926 eloquentia
1621 872 1750 924 quae
1766 856 1950 920 magis

316 952 540 1001 nitatem
567 945 882 1012 juvenilem
911 946 1093 1006 decet,
1126 951 1216 998 est
1246 961 1371 1014 qua:
1394 945 1634 998 senilem
1663 961 1674 1007 ;
1712 945 1952 1011 necjam

315 1035 555 1088 dicenda
586 1040 674 1087 est
727 1034 1079 1103 eloquentia,
1135 1033 1180 1086 si
1219 1050 1474 1103 personae
1529 1049 1639 1086 non
1673 1035 1955 1102 congruat

317 1123 674 1193 eloquentis:
712 1122 792 1176 ita
822 1130 913 1176 est
942 1123 1228 1190 quaedam,
1256 1139 1382 1192 qua;
1415 1123 1568 1175 viros
1599 1138 1828 1174 summa
1853 1137 1952 1172 au-

313 1213 578 1266 ctoritate
611 1212 992 1282 dignissimos
1035 1211 1316 1280 planeque
1365 1209 1592 1264 divinos
1623 1211 1804 1263 decet.
1843 1211 1954 1262 Ilac

315 1300 392 1353 illi
427 1299 600 1353 locuti
637 1307 795 1366 sunt,
822 1316 926 1353 nec
957 1301 1116 1368 ipsos
1139 1301 1298 1352 decet
1331 1299 1464 1366 alia,
1492 1299 1761 1368 net-{alios
1793 1298 1951 1364 ipsa:

313 1388 451 1457 ipsis
472 1389 631 1442 enim
656 1390 955 1458 congruit;
981 1389 1127 1441 alios
1151 1387 1837 1458 autem,quanlovidetur
1858 1384 1958 1438 hu-

317 1476 518 1541 milior,
555 1483 718 1531 tanto
759 1477 930 1531 altius
961 1495 1074 1532 non
1110 1478 1474 1537 ventositate,
1510 1475 1609 1528 sed
1662 1473 1959 1529 soliditate

316 1567 692 1619 transcendit.
727 1565 831 1621 Ubi
857 1582 988 1620 vero
1013 1583 1124 1620 non
1157 1581 1255 1619 eos
1283 1563 1565 1631 intelligo,
1599 1563 1798 1617 minus
1830 1563 1957 1632 qui-

319 1655 442 1707 dem
478 1654 626 1707 mihi
658 1660 898 1725 apparet
929 1670 1127 1708 eorum
1181 1653 1532 1723 eloquentia,
1563 1652 1661 1706 sed
1713 1668 1837 1705 eam
1871 1655 1962 1704 ta-

322 1760 443 1796 men
484 1760 598 1796 non
631 1744 832 1797 dubito
855 1760 984 1798 esse
1003 1744 1202 1810 talem,
1231 1742 1422 1811 qualis
1444 1750 1527 1794 est
1557 1740 1650 1795 ubi
1678 1740 1957 1809 intelligo.

322 1834 441 1901 Ipsa
472 1849 707 1901 quoque
753 1833 1085 1886 obscuritas
1134 1832 1460 1885 divinorum
1517 1829 1964 1898 salubriumque

318 1921 604 1974 dictorum
642 1922 737 1975 tali
793 1922 1133 1990 eloquentiae
1187 1921 1484 1974 miscenda
1519 1921 1723 1982 fuerat,
1759 1919 1816 1972 in
1849 1935 1966 1987 qua

325 2011 600 2080 prolicere
635 2016 832 2064 noster
863 2009 1211 2073 intellectus,
1240 2026 1350 2062 non
1387 2007 1575 2062 solum
1612 2007 1962 2075 inventione,

322 2115 516 2157 verum
552 2101 730 2154 etiam
763 2098 1171 2154 exercitatione
1201 2099 1456 2152 deberet.

389 2195 472 2246 10.
513 2193 751 2245 Possem
777 2188 1036 2258 quidem,
1058 2188 1103 2240 si
1129 2191 1375 2250 vacaret,
1411 2202 1616 2239 omnes
1647 2185 1889 2239 virtutes
1914 2188 1969 2238 et

246 2345 258 2358 .
319 2283 663 2336 ornamenta
695 2276 1059 2347 eloquentur,
1085 2278 1154 2330 de
1185 2277 1402 2346 quibus
1435 2275 1718 2328 inﬂantur
1747 2274 1842 2327 isti
1871 2274 1966 2343 qui

319 2370 576 2441 linguam
603 2383 768 2421 suam
795 2371 1125 2419 nostrorum
1149 2368 1449 2418 auctorum
1473 2362 1824 2434 lingum,non
1853 2378 1960 2415 ma-

321 2455 756 2530 gnitudine,sed
779 2459 1007 2508 tumore
1028 2452 1712 2524 praeponunt,ostendere
1745 2451 1798 2505 in
1835 2451 1970 2504 isto-

322 2563 440 2599 rum
473 2543 710 2598 Litteris
732 2543 1089 2611 sacris,quos
1113 2542 1280 2595 nobis
1308 2539 1665 2603 erudiendis,
1690 2539 1838 2594 etab
1861 2535 1968 2592 hoc

322 2639 527 2688 sreculo
553 2651 732 2703 pravo
756 2633 809 2684 in
841 2634 1070 2684 beatum
1092 2630 1365 2684 saeculum
1390 2629 1970 2698 transferondis,pro-

321 2723 572 2776 videntia
601 2721 794 2773 divina
822 2719 1202 2786 providiLSed
1233 2736 1341 2772 non
1369 2719 1495 2787 ipsa
1527 2734 1614 2771 me
1640 2716 1766 2786 plus
1789 2733 1966 2786 quam

319 2811 424 2863 dici
462 2814 658 2879 potest
689 2810 742 2860 in
772 2809 870 2862 illa
892 2807 1224 2875 eloquentia
1251 2807 1694 2874 delectant,quze
1717 2811 1855 2860 sunt
1878 2805 1968 2860 his

320 2900 451 2953 viris
471 2916 609 2952 cum
632 2897 962 2950 oratoribus
981 2895 1296 2949 Gentilium
1325 2895 1575 2963 poctisvo
1597 2896 1967 2949 communia:

322 2987 458 3040 illud
496 2987 691 3057 magis
724 2986 981 3038 admiror
1029 2988 1085 3038 et
1136 2989 1360 3052 stupeo,
1404 2984 1554 3054 quod
1609 2983 1723 3036 ista
1771 2989 1971 3036 nostra

323 3075 663 3147 eloqucntia
699 3075 775 3126 ita
815 3073 898 3126 usi
934 3078 1069 3125 sunt
1104 3089 1204 3142 per
1235 3072 1472 3126 alteram
1510 3073 1823 3142 quamdam
1849 3070 1967 3126 elo-

324 3167 623 3235 quentiam
659 3181 852 3231 suam,
887 3169 950 3215 ut
973 3177 1075 3216 nec
1106 3163 1335 3216 deesset
1364 3161 1578 3224 eis,nec
1604 3162 1885 3214 emineret
1908 3160 1967 3214 in

324 3255 441 3308 eis:
479 3256 622 3323 quia
656 3270 783 3307 eain
819 3268 919 3306 nec.
953 3251 1265 3320 improbari
1302 3250 1529 3315 abillis,
1557 3267 1658 3304 nec
1689 3250 1967 3304 ostentari

325 3345 669 3412 Oportebat;
704 3357 952 3412 quorum
978 3340 1224 3392 alterum
1260 3340 1438 3406 ﬁeret,
1465 3340 1507 3390 si
1545 3339 1822 3392 vitaretur
1847 3356 1858 3401 ;
1885 3337 1966 3392 al—

322 3435 503 3485 terum
546 3431 739 3501 putari
779 3435 995 3498 posset,
1049 3429 1095 3479 si
1133 3427 1296 3481 facile
1347 3433 1778 3497 agnosceretur.
1817 3428 1877 3480 Et
1910 3428 1966 3482 in

319 3521 529 3590 quibus
567 3522 714 3572 l'ortc
750 3518 893 3571 locis
925 3516 1263 3588 agnoscitur
1293 3533 1324 3569 a
1357 3518 1566 3576 doctis,
1597 3516 1742 3570 tales
1776 3533 1863 3569 res
1887 3518 1970 3569 di-

320 3615 550 3676 cuntur,
583 3613 650 3662 ut
693 3608 869 3662 verba
917 3607 1132 3678 quibus
1183 3607 1479 3670 dicuntur,
1515 3623 1624 3660 non
1679 3624 1709 3660 a
1743 3609 1969 3661 dicente

321 3698 601 3758 adhibita,
640 3698 738 3751 sed
761 3695 904 3765 ipsis
936 3696 1108 3750 rebus
1130 3693 1284 3748 velut.
1313 3705 1520 3764 sponte
1541 3696 1851 3762 subiuncta
1882 3695 1965 3748 vi-

322 3786 606 3840 deantur:
635 3785 802 3855 quasi
830 3783 1176 3854 sapientiam
1201 3785 1271 3836 de
1291 3785 1460 3838 domo
1481 3801 1606 3844 sua,
1631 3786 1685 3836 id
1711 3790 1818 3847 est,
1847 3800 1968 3853 pec-

321 3881 435 3927 tore
463 3874 754 3943 sapientis
780 3873 1087 3942 procedere
1111 3871 1487 3941 intelligas,et
1510 3878 1785 3941 tanquam
1818 3872 1967 3926 inse-

325 3963 638 4030 parabilem
677 3959 956 4014 famulam
991 3959 1164 4014 etiam
1202 3976 1314 4013 non
1349 3967 1606 4012 vocatam
1640 3959 1802 4027 sequi
1850 3959 1964 4014 elo-

321 4052 642 4121 quentiam.

324 4191 540 4244 CAPUT
575 4189 694 4243 Vll.
731 4221 796 4228 -—
827 4189 1062 4243 Pulchre
1108 4188 1275 4252 daret,
1309 4189 1556 4242 adductis
1586 4191 1871 4260 opem/dis,
1905 4209 1962 4244 τη

385 4265 560 4316 sacris
588 4263 810 4316 Litteris
834 4261 1339 4332 incssogermanam
1356 4261 1867 4332 eloquentiamquuz
1883 4279 1961 4316 su-

397 4335 628 4404 picntia?
647 4333 902 4385 oeret
922 4330 1072 4404 velut
1095 4331 1482 4404 inseparabilis
1504 4330 1966 4403 comes.E:brmp/a

388 4402 674 4472 ponuntur
701 4419 771 4457 ea:
801 4403 1052 4470 Epistolis
1085 4402 1273 4466 Pauli,
1306 4412 1358 4456 et
1384 4419 1453 4457 ex
1487 4404 1646 4458 Amos
1678 4402 1962 4474 propheta.

387 4477 718 4544 Exemplum
749 4473 904 4528 aliud
933 4488 1088 4528 sana?
1108 4475 1434 4544 eloquentiae
1463 4491 1533 4529 ex
1564 4473 1720 4530 Amas
1750 4479 1805 4538 6,
1844 4477 1890 4529 1.

392 4608 474 4662 11.
507 4608 650 4671 Quis
682 4606 837 4662 enim
874 4622 986 4659 non
1038 4607 1225 4659 videat
1257 4607 1354 4676 qui
1388 4605 1634 4661 voluerit
1664 4607 1872 4674 dicere,
1912 4615 1967 4662 et

326 4714 491 4765 quam
524 4697 824 4766 sapienter
843 4694 1054 4750 dixerit
1073 4695 1386 4765 Apostolus
1413 4712 1424 4748 :
1451 4696 1767 4751 Gloriamus
1792 4698 1854 4751 in
1875 4703 1966 4751 tri-

324 4785 713 4851 bulationibus,
729 4785 957 4838 scientes
971 4785 1100 4854 quia
1125 4785 1410 4838 tribulatio
1422 4785 1758 4852 patientiam
1781 4803 1967 4856 opera-

321 4879 424 4939 tur,
455 4876 742 4943 patientia
763 4883 957 4928 autem
977 4872 1369 4943 probationem,
1378 4875 1628 4942 probatio
1652 4891 1774 4929 vero
1796 4892 1964 4945 spem,

321 4977 429 5032 spes
460 4972 644 5018 autem
689 4978 793 5016 non
830 4960 1155 5030 confundit:
1188 4963 1316 5031 quia
1346 4963 1602 5018 cleat-itas
1636 4966 1738 5018 Dei
1765 4964 1965 5035 (li/fusa

328 5057 394 5103 est
427 5055 483 5104 in
502 5051 767 5104 cordibus
785 5051 983 5104 nostris
999 5065 1097 5120 por
1116 5051 1388 5119 Spiritum
1417 5056 1665 5105 sanctum
1686 5056 1776 5122 qui
1803 5059 1968 5107 (latus

319 5147 389 5192 est
415 5140 570 5193 nobis
602 5139 773 5208 (Itom.
813 5155 868 5204 v,
903 5138 1024 5204 3-5)
1047 5138 1197 5192 ‘?Hic
1229 5138 1276 5193 si
1310 5142 1461 5209 quis,
1496 5147 1556 5193 ut
1586 5140 1664 5194 ita
1695 5141 1961 5211 dixerim,

323 5227 583 5297 imperite
609 5227 850 5298 peritus,
873 5225 1015 5280 artis
1039 5227 1379 5298 eloquentia:
1404 5233 1686 5298 priscepta
1717 5234 1963 5300 Apustn-

326 5313 436 5368 lum
469 5323 739 5369 secutum
767 5315 948 5368 tuisse
980 5316 1315 5384 contendat,
1344 5331 1532 5371 nonne
1557 5335 1589 5370 a
1619 5316 1962 5372 Christianis

327 5403 505 5458 doctis
533 5404 903 5475 indoctisque
937 5403 1220 5458 ridebitur
1245 5403 1271 5456 ‘l
1303 5404 1368 5457 Et
1398 5409 1592 5458 tamen
1627 5406 1965 5475 agnoscitur

328 5491 409 5544 hic
443 5493 648 5561 figura,
685 5510 812 5563 quae
833 5490 1031 5563 κλίμαξ
1059 5509 1259 5563 graece,
1287 5491 1466 5546 latine
1496 5508 1631 5547 vero
1665 5513 1695 5548 τι
1727 5495 1965 5565 quibus-

334 5580 455 5634 dam
521 5588 608 5636 est
695 5581 982 5652 appellata
1057 5582 1341 5652 gradatio,
1393 5582 1667 5652 quoniam
1747 5585 1962 5640 scalam

335 5669 512 5724 dicere
547 5670 877 5734 noluerunt,
910 5686 1042 5724 cum
1079 5671 1245 5723 verba
1282 5670 1368 5720 vol
1403 5687 1572 5726 sensa
1608 5678 1961 5727 connectun-

337 5766 420 5812 tur
447 5758 691 5813 alterum
717 5775 782 5813 ex
805 5761 988 5814 altero
1015 5776 1027 5827 ;
1061 5760 1211 5814 sicut
1239 5760 1425 5826 hic,cx
1459 5761 1835 5817 tribulatione
1857 5779 1964 5834 pa-

2058 499 2348 563 tientiam,
2379 516 2446 552 ex
2479 497 2760 568 patientia
2809 499 3227 569 probationem.
3261 515 3326 554 ex
3361 498 3699 569 probatione

2058 604 2217 655 spem
2237 603 2488 639 connexa
2503 603 2552 637 tt)
2577 587 2858 641 videmus.
2882 586 3230 656 Agnoscitur
3249 590 3306 640 et
3320 586 3472 640 aliud
3499 587 3697 655 decus,

2057 674 2333 745 qunniam
2369 680 2496 744 post
2526 674 2723 744 aliqua
2755 673 3243 744 pronuntiationis
3286 691 3421 729 voce
3465 674 3698 744 singula

2064 765 2242 825 ﬁnita,
2277 781 2402 833 quae
2456 764 2631 818 nostri
2682 766 2940 818 membra
2992 769 3048 818 et
3079 780 3246 829 cmsa,
3293 762 3470 818 Graeci
3504 769 3698 818 autem

2059 851 2212 907 κῶλα
2245 861 2300 907 et
2329 851 2582 923 κόμματα
2613 860 2834 917 vocant,
2863 855 3131 924 sequitur
3152 855 3408 908 ambitus
3440 854 3559 907 sive
3591 853 3698 906 cir-

2063 943 2276 1009 cuitus,
2309 959 2478 1014 quem
2515 939 2770 1015 περίοὸην
2795 945 2872 997 illi
2900 943 3404 1014 appellant,cujus
3438 944 3700 996 membra

2061 1033 2507 1102 suspenduntur
2540 1049 2670 1085 voce
2700 1032 2968 1101 dicentis,
2994 1034 3172 1086 donec
3203 1032 3408 1087 ultimo
3441 1031 3696 1086 finiatur.

2063 1121 2202 1174 Nam
2237 1137 2438 1175 eorum
2471 1137 2594 1190 quae
2629 1122 2959 1191 praecedunt
3001 1120 3332 1186 circuitum,
3366 1122 3696 1175 membrum

2064 1209 2204 1264 illud
2230 1217 2319 1264 est
2340 1211 2616 1278 primum,
2641 1213 2898 1279 quoniam
2923 1211 3202 1263 tribulatio
3223 1209 3553 1276 patientiam
3573 1225 3698 1278 ope-

2064 1303 2222 1353 ratur
2242 1315 2262 1359 ;
2285 1299 2541 1352 secundo
2556 1316 2630 1364 m,
2662 1301 2926 1368 patient-iu
2946 1303 3124 1352 autem
3155 1298 3532 1369 probationem
3555 1320 3572 1365 ,-
3595 1305 3646 1353 te
3657 1317 3703 1351 r-

2067 1389 2236 1451 tium,
2267 1387 2514 1455 probatio
2547 1403 2668 1441 vero
2697 1405 2859 1462 spem.
2921 1387 3131 1440 Deinde
3171 1387 3552 1459 subjungitur
3582 1387 3705 1458 ipse

2067 1475 2368 1540 circuitus,
2403 1475 2496 1545 qui
2531 1477 2718 1530 tribus
2779 1478 3074 1546 peragitur
3099 1477 3396 1542 membris,
3452 1493 3702 1547 quorum

2071 1565 2318 1633 primum
2355 1571 2460 1626 est,
2496 1581 2615 1634 spes
2646 1574 2824 1618 autent
2858 1581 2962 1619 non
2994 1565 3320 1634 confundit;
3361 1566 3706 1631 secundum,

2070 1655 2200 1724 quia
2228 1654 2466 1706 charilas
2503 1655 2600 1706 Dei
2627 1653 2824 1722 diﬂusa
2853 1660 2930 1705 est
2960 1654 3016 1705 in
3048 1653 3303 1707 cordibus
3331 1655 3533 1708 nostris
3553 1673 3573 1718 ;
3595 1657 3709 1706 tcr-

2069 1743 2240 1800 tium.
2274 1759 2370 1811 per
2390 1743 2660 1811 Spiritum
2709 1751 2968 1795 sanctum
3015 1744 3111 1812 qui
3139 1741 3301 1795 datus
3329 1751 3407 1796 cst
3439 1742 3609 1796 nobis.
3646 1744 3715 1796 At

2074 1832 2190 1885 haec
2223 1837 2397 1901 atque
2429 1831 2834 1901 hujuscemodi
2873 1831 2928 1884 in
2950 1831 3296 1886 elocutionis
3327 1836 3448 1886 arte
3477 1831 3714 1885 tradun-

2076 1926 2190 1974 tur.
2227 1920 2390 1973 Sicut
2419 1935 2554 1990 ergo
2578 1918 2920 1989 Apostolum
2945 1925 3227 1990 prmcepta
3257 1918 3600 1990 eloquentiae
3623 1935 3712 1974 se-

2076 2014 2276 2062 cutum
2304 2009 2484 2063 fuisse
2506 2025 2616 2062 non
2642 2008 2907 2074 dicimus,
2933 2008 3012 2062 ita
3036 2009 3186 2078 quod
3213 2009 3341 2077 ejus
3363 2008 3712 2079 sapientiam

2078 2107 2277 2152 secuta
2306 2097 2383 2152 sit
2413 2095 2761 2167 eloquentia,
2797 2114 2907 2150 non
2949 2113 3252 2169 negamus.

2155 2190 2234 2240 12.
2268 2185 2535 2239 Scribens
2568 2186 2634 2239 ad
2671 2185 3022 2252 Corinthios,
3058 2186 3115 2239 in
3173 2187 3431 2240 secunda
3460 2183 3722 2255 Epistula

2079 2274 2377 2345 redarguit
2393 2291 2424 2344 q
2437 2275 2702 2336 uosdam,
2728 2274 2827 2344 qui
2851 2279 3016 2329 erant
3037 2291 3102 2329 ex
3120 2274 3340 2329 Judteis
3364 2275 3722 2346 pseudoapo-

2079 2364 2412 2434 stoli,cique
2433 2362 2845 2418 detrahebant:
2868 2364 3215 2433 etquoniam
3231 2363 3491 2433 seipsum
3516 2361 3720 2434 praedi-

2078 2470 2207 2508 care
2247 2451 2634 2524 compellitur,
2669 2451 2818 2505 hanc
2850 2451 2956 2504 sibi
2991 2451 3146 2506 velut
3185 2452 3582 2524 insipientiam
3615 2451 3717 2504 tri—

2081 2544 2470 2613 buens,quam
2487 2540 3720 2612 sapicnterdicit,quamqueeloquenterPSed

2079 2648 2274 2686 comes
2298 2629 2744 2700 sapientite,dux
2767 2629 3106 2698 t'quucutie:
3133 2648 3145 2695 ;
3172 2629 3327 2684 illum
3354 2646 3624 2700 sequens,
3650 2628 3723 2683 is-

2080 2726 2198 2775 tam
2231 2719 2562 2790 praecedens
2593 2723 2650 2772 et
2675 2723 3015 2787 sequentem
3038 2736 3148 2771 non
3179 2734 3472 2788 respuens.
3509 2719 3718 2772 Iterum

2077 2810 2216 2870 diro,
2249 2805 2461 2876 inquit,
2492 2823 2560 2859 ne
2589 2807 2709 2875 quis
2739 2821 2825 2859 me
2865 2807 3138 2859 existimet
3188 2807 3532 2875 insipientem
3561 2821 3676 2858 esse
3699 2823 3722 2868 ,-

2079 2897 2330 2967 alioquin
2363 2895 2509 2950 velut
2534 2895 2884 2963 insipientem
2916 2895 3174 2963 suscipite
3203 2904 3377 2970 me,ut
3407 2902 3458 2947 et
3478 2909 3582 2965 ego
3607 2910 3719 2948 mo~

2076 2986 2263 3040 dicunt
2292 2984 2424 3055 quid
2455 2985 2680 3054 glorier.
2717 2981 2874 3052 Quod
2905 2983 3116 3053 loquor,
3150 2999 3260 3037 non
3309 2984 3498 3054 loquor
3527 2999 3721 3037 secun-

2077 3075 2207 3129 dum
2235 3075 2430 3140 Deum,
2465 3071 2556 3126 sed
2596 3075 2749 3142 quasi
2781 3072 2838 3125 in
2869 3071 3126 3136 stultitia,
3179 3073 3236 3124 in
3269 3070 3369 3125 hac
3413 3071 3721 3125 substantia

2077 3165 2296 3231 gloriae.
2333 3162 2601 3230 Quoniam
2628 3160 2848 3231 quidem
2883 3159 3047 3212 multi
3074 3159 3388 3227 gloriantur
3417 3158 3717 3213 secundum

2077 3269 2320 3316 carnem,
2353 3255 2402 3306 et
2429 3266 2522 3321 ego
2553 3250 2851 3320 gloriabor.
2888 3249 3142 3303 Libenter
3161 3249 3309 3303 enim
3327 3249 3606 3303 sustinetis
3630 3250 3717 3303 in-

2075 3345 2355 3414 sipientes,
2388 3357 2511 3394 cum
2557 3340 2682 3394 silis
2705 3339 2817 3408 ipsi
2856 3339 3147 3408 sapientes.
3201 3338 3457 3391 Toleralis
3490 3339 3637 3391 enim
3668 3340 3720 3392 si

2078 3434 2200 3502 quis
2231 3447 2318 3485 vos
2346 3431 2403 3482 in
2437 3430 2750 3482 servitutem
2783 3427 3000 3496 redigit,
3032 3428 3083 3480 si
3110 3428 3232 3497 quis
3255 3427 3495 3488 devorat,
3528 3428 3576 3479 si
3596 3429 3718 3496 quis

2077 3521 2298 3590 accipit,
2334 3520 2383 3571 si
2413 3519 2538 3588 quis
2569 3517 2874 3580 extollitur,
2903 3518 2954 3569 si
2973 3517 3092 3585 quis
3113 3518 3170 3568 in
3194 3516 3395 3585 faciem
3427 3531 3514 3569 vos
3542 3515 3722 3569 caedit.

2077 3609 2385 3663 Secundum
2416 3606 2815 3672 ignobilitatem
2849 3604 2984 3667 dico,
3021 3606 3179 3674 quasi
3215 3620 3309 3659 nos
3340 3603 3614 3671 inﬁrmati
3641 3604 3719 3657 si-

2075 3715 2216 3752 mus.
2253 3702 2313 3751 In
2337 3713 2438 3767 quo
2457 3698 2640 3749 autem
2664 3696 2783 3763 quis
2806 3692 2965 3747 audet
2986 3695 3066 3762 (in
3098 3693 3414 3762 insipientia
3437 3691 3597 3760 dico),
3623 3709 3721 3746 au-

2075 3787 2170 3840 deo
2201 3797 2250 3840 et
2271 3801 2382 3855 ego.
2411 3785 2619 3839 ltebrzei
2637 3785 2809 3836 sunt?
2837 3791 2889 3836 et
2908 3797 3024 3849 ego.
3055 3782 3322 3836 Israelita?
3341 3785 3466 3834 sunt
3487 3784 3510 3832 γ
3531 3785 3581 3833 et
3603 3795 3714 3849 ego.

2071 3881 2264 3929 Semen
2299 3875 2526 3940 Abragw
2574 3872 2750 3925 sunt?
2782 3876 2832 3924 et
2881 3886 2994 3938 ego.
3032 3870 3266 3924 Ministri
3314 3870 3521 3923 Christi
3548 3872 3717 3922 sum?

2075 3965 2360 4035 (insipiens
2402 3961 2540 4030 dico)
2575 3975 2735 4028 super
2777 3963 2930 4028 ego‘.
2966 3959 3024 4011 In
3061 3957 3345 4012 laboribus
3379 3959 3712 4028 plurimum,

2073 4054 2128 4105 in
2161 4051 2485 4106 rnrceribus
2506 4048 2908 4112 abundantius,
2930 4048 2986 4100 in
3016 4048 3192 4116 plagis
3207 4062 3372 4115 supra
3392 4046 3630 4108 modum,
3657 4048 3712 4099 in

2072 4140 2336 4194 mortibus
2356 4140 2575 4207 saepius.
2605 4139 2636 4189 Α
2661 4137 2865 4192 Julia-fis
2887 4135 3582 4205 quinquies,quuiraginta
3602 4151 3715 4188 una

2076 4231 2256 4282 minus
2285 4229 2490 4296 accepi.
2527 4227 2626 4279 Ter
2658 4227 2823 4293 virgis
2853 4241 3024 4279 cassus
3069 4241 3214 4289 sum,
3245 4224 3410 4277 semel
3443 4223 3717 4294 lapidatus

2071 4334 2214 4384 sum,
2250 4325 2332 4370 ter
2360 4316 2718 4386 naufragium
2767 4315 2876 4382 [rei
2897 4331 2914 4367 :
2955 4318 3109 4367 nocte
3137 4318 3188 4365 et
3239 4312 3328 4366 die
3356 4314 3412 4366 in
3447 4313 3718 4382 profundo

2072 4408 2252 4460 maris
2282 4407 2366 4474 fui
2391 4421 2409 4465 ;
2459 4407 2517 4458 in.
2567 4404 2860 4457 itineribus
2887 4417 3052 4472 ηερε,
3104 4403 3366 4471 periculis
3396 4400 3718 4474 ﬂuminum,

2072 4498 2332 4566 periculis
2365 4495 2659 4554 latronum,
2711 4494 2970 4561 periculis
3019 4507 3086 4544 er
3113 4507 3326 4561 genere,
3365 4493 3621 4559 perimtlis
3652 4508 3720 4545 ex

2071 4584 2340 4654 gentibus,
2375 4583 2634 4652 periculis
2661 4584 2715 4634 in
2747 4582 2988 4645 civitate,
3009 4582 3270 4650 periculis
3299 4580 3354 4632 in
3386 4580 3609 4648 deserto,
3631 4597 3716 4650 pe-

2076 4674 2267 4727 riculis
2294 4675 2350 4725 in
2379 4671 2544 4737 mari,
2576 4671 2840 4739 prriculis
2872 4671 2924 4722 in
2957 4668 3122 4736 [uisis
3143 4667 3413 4736 fratribus
3435 4685 3452 4721 :
3485 4670 3541 4722 in
3571 4670 3718 4723 labo-

2075 4779 2133 4816 re
2163 4768 2210 4816 et
2241 4777 2515 4824 mrum-na,
2552 4762 2608 4812 in
2642 4760 2858 4830 vigiliis
2884 4759 3109 4828 σαγήνης,
3147 4759 3203 4810 in.
3233 4759 3382 4826 fame
3413 4761 3462 4811 et
3506 4759 3619 4819 siti,
3655 4759 3718 4812 in.

2066 4853 2300 4921 jejuniis
2320 4851 2544 4919 saepius,
2571 4849 2626 4902 in.
2653 4850 2861 4917 frigore
2881 4855 2930 4900 et
2953 4847 3238 4900 nuditate:
3262 4855 3457 4916 praeter
3480 4847 3578 4900 illa
3595 4861 3720 4918 quin

2073 4941 2410 4992 artrinsrcus
2440 4940 2585 4998 sunt,
2622 4939 2744 4988 inru
2759 4952 2875 4988 rsus
2909 4937 2963 4988 in
2987 4952 3073 4988 me
3099 4934 3479 5005 quotidianus,
3511 4936 3716 4989 sollici-

2077 5028 2204 5081 lu'lo
2235 5030 2484 5081 Omnium
2508 5025 2742 5078 Ecclesia
2755 5041 2889 5077 rum.
2918 5025 3047 5091 Quis
3071 5026 3467 5092 inﬁrmatur,et
3497 5040 3592 5091 ego
3615 5041 3721 5077 non

2077 5119 2330 5186 in/irmor
2347 5120 2370 5166 Υ
2392 5117 2514 5184 quis
2532 5096 2967 5175 scumlalisalur,
2995 5121 3043 5167 et
3065 5130 3161 5180 ego
3183 5129 3288 5166 non
3322 5129 3454 5167 uror
3474 5116 3498 5164 ?
3513 5113 3574 5166 Si
3602 5114 3715 5180 glo-

2073 5207 2221 5259 riari
2247 5208 2472 5274 oportet,
2505 5205 2562 5256 in
2593 5205 2662 5257 iis
2694 5219 2819 5272 qua:
2860 5204 3210 5272 inﬁrmitatis
3261 5220 3391 5256 mox
3421 5207 3570 5266 sunt,
3603 5204 3715 5272 glo~

2075 5294 2260 5348 riabor
2294 5293 2365 5363 (ll
2398 5293 2516 5346 Cor.
2550 5310 2624 5356 x1,
2655 5292 2865 5358 16-30).
2891 5295 3115 5356 Quanta
3141 5291 3426 5362 sapientia
3456 5292 3566 5345 ista
3599 5291 3718 5346 sint

2075 5383 2228 5435 dicta
2261 5381 2585 5452 vigilantrs,
2607 5381 2818 5434 vident.
2842 5383 3064 5445 Quanto
3086 5397 3214 5434 vero
3238 5380 3406 5433 etiam
3434 5380 3715 5452 eloquen-

2075 5471 2167 5524 titu
2202 5469 2600 5523 concurrerint
2635 5469 2890 5526 ﬂumine.
2925 5474 2978 5522 et
3009 5469 3105 5540 qui
3140 5469 3329 5522 stertit
3360 5469 3624 5523 advertit.

2153 5563 2233 5613 13.
2275 5560 2444 5611 i‘orro
2475 5565 2668 5613 autem
2697 5559 2792 5629 qui
2821 5560 2998 5624 novit,
3031 5559 3284 5629 agnoscit
3315 5559 3462 5628 quod
3489 5576 3549 5612 ea
3575 5577 3720 5614 ratsa

2139 5650 2153 5681 ί
2191 5649 2312 5695 Mss.
2345 5647 2452 5695 duo
2479 5647 2594 5706 plus
2624 5660 2730 5710 ego.
2764 5647 2828 5696 At
2859 5647 2945 5696 alii
2975 5661 3160 5695 omnes
3207 5662 3324 5694 cum
3367 5648 3541 5704 editis,
3570 5661 3721 5710 super

2072 5725 2163 5772 ego
2213 5712 2407 5762 Graeco,
2442 5710 2601 5768 Incper
2631 5724 2738 5770 ego,
2775 5711 2859 5758 ubi
2901 5711 3162 5771 interpres
3214 5713 3374 5759 verba
3404 5713 3570 5772 magis
3599 5711 3714 5759 red-

2075 5771 2206 5821 didit
2233 5785 2390 5836 quam
2423 5774 2761 5821 sententiam.
