  <div class='ocr_page' id='page_1' title='image "/cluster/home/n/w/nwhite01/storage/ocr_20150623/34/hvd.32044096580576/054.png"; bbox 0 0 4074 6186; ppageno 0'>
   <div class='ocr_carea' id='block_1_1' title="bbox 238 292 3606 366">
    <p class='ocr_par' dir='ltr' id='par_1_1' title="bbox 238 292 3606 366">
     <span class='ocr_line' id='line_1_1' title="bbox 238 292 3606 366; baseline -0.002 -8"><span class='ocrx_word' id='word_1_1' title='bbox 238 306 299 364; x_wconf 81' lang='lat'><strong>97</strong></span> <span class='ocrx_word' id='word_1_2' title='bbox 1574 292 1805 358; x_wconf 79' lang='lat' dir='ltr'><strong><em>LIBER</em></strong></span> <span class='ocrx_word' id='word_1_3' title='bbox 1849 294 2245 366; x_wconf 77' lang='lat' dir='ltr'><strong><em>QUARTUS.</em></strong></span> <span class='ocrx_word' id='word_1_4' title='bbox 3527 300 3606 362; x_wconf 88' lang='lat'><strong><em>98</em></strong></span> 
     </span>
    </p>
   </div>
   <div class='ocr_carea' id='block_1_2' title="bbox 237 428 1839 503">
    <p class='ocr_par' dir='ltr' id='par_1_2' title="bbox 237 428 1839 503">
     <span class='ocr_line' id='line_1_2' title="bbox 237 428 1839 503; baseline -0.004 -18"><span class='ocrx_word' id='word_1_5' title='bbox 237 434 329 486; x_wconf 90' lang='lat' dir='ltr'><strong><em>rati</em></strong></span> <span class='ocrx_word' id='word_1_6' title='bbox 352 433 467 487; x_wconf 86' lang='lat' dir='ltr'><strong><em>estis</em></strong></span> <span class='ocrx_word' id='word_1_7' title='bbox 494 433 553 485; x_wconf 86' lang='lat' dir='ltr'><strong><em>in</em></strong></span> <span class='ocrx_word' id='word_1_8' title='bbox 579 432 725 487; x_wconf 85' lang='lat' dir='ltr'><strong><em>diem</em></strong></span> <span class='ocrx_word' id='word_1_9' title='bbox 748 433 979 502; x_wconf 89' lang='lat' dir='ltr'><strong><em>malum,</em></strong></span> <span class='ocrx_word' id='word_1_10' title='bbox 996 435 1044 487; x_wconf 83' lang='lat' dir='ltr'><strong><em>et</em></strong></span> <span class='ocrx_word' id='word_1_11' title='bbox 1074 431 1539 503; x_wconf 80' lang='lat' dir='ltr'><strong><em>apprOpinquatis</em></strong></span> <span class='ocrx_word' id='word_1_12' title='bbox 1557 428 1693 483; x_wconf 87' lang='lat' dir='ltr'><strong><em>solio</em></strong></span> <span class='ocrx_word' id='word_1_13' title='bbox 1724 428 1839 479; x_wconf 84' lang='lat' dir='ltr'><strong><em>ini-</em></strong></span> 
     </span>
    </p>
   </div>
   <div class='ocr_carea' id='block_1_3' title="bbox 233 516 1841 592">
    <p class='ocr_par' dir='ltr' id='par_1_3' title="bbox 233 516 1841 592">
     <span class='ocr_line' id='line_1_3' title="bbox 233 516 1841 592; baseline -0.005 -17"><span class='ocrx_word' id='word_1_14' title='bbox 233 523 446 592; x_wconf 81' lang='lat' dir='ltr'><strong><em>quitatis.</em></strong></span> <span class='ocrx_word' id='word_1_15' title='bbox 470 522 572 588; x_wconf 89' lang='lat' dir='ltr'><strong><em>Qui</em></strong></span> <span class='ocrx_word' id='word_1_16' title='bbox 598 521 852 576; x_wconf 77' lang='lat' dir='ltr'><strong><em>dormitis</em></strong></span> <span class='ocrx_word' id='word_1_17' title='bbox 883 524 943 576; x_wconf 87' lang='lat' dir='ltr'><strong><em>in</em></strong></span> <span class='ocrx_word' id='word_1_18' title='bbox 978 522 1129 575; x_wconf 83' lang='lat' dir='ltr'><strong><em>lectis</em></strong></span> <span class='ocrx_word' id='word_1_19' title='bbox 1167 522 1443 582; x_wconf 76' lang='lat' dir='ltr'><strong><em>eburneis,</em></strong></span> <span class='ocrx_word' id='word_1_20' title='bbox 1485 524 1535 573; x_wconf 90' lang='lat' dir='ltr'><strong><em>et</em></strong></span> <span class='ocrx_word' id='word_1_21' title='bbox 1570 516 1841 571; x_wconf 85' lang='lat' dir='ltr'><strong><em>tascivitis</em></strong></span> 
     </span>
    </p>
   </div>
   <div class='ocr_carea' id='block_1_4' title="bbox 233 604 1848 682">
    <p class='ocr_par' dir='ltr' id='par_1_4' title="bbox 233 604 1848 682">
     <span class='ocr_line' id='line_1_4' title="bbox 233 604 1848 682; baseline -0.005 -18"><span class='ocrx_word' id='word_1_22' title='bbox 233 613 281 664; x_wconf 87' lang='lat' dir='ltr'><strong><em>in</em></strong></span> <span class='ocrx_word' id='word_1_23' title='bbox 306 612 487 663; x_wconf 86' lang='lat' dir='ltr'><strong><em>stratis</em></strong></span> <span class='ocrx_word' id='word_1_24' title='bbox 516 612 751 664; x_wconf 77' lang='lat' dir='ltr'><strong><em>vestris:</em></strong></span> <span class='ocrx_word' id='word_1_25' title='bbox 783 611 880 681; x_wconf 97' lang='lat' dir='ltr'><strong><em>qui</em></strong></span> <span class='ocrx_word' id='word_1_26' title='bbox 924 610 1203 665; x_wconf 80' lang='lat' dir='ltr'><strong><em>comeditis</em></strong></span> <span class='ocrx_word' id='word_1_27' title='bbox 1232 625 1442 682; x_wconf 84' lang='lat' dir='ltr'><strong><em>agnum</em></strong></span> <span class='ocrx_word' id='word_1_28' title='bbox 1473 610 1538 662; x_wconf 87' lang='lat' dir='ltr'><strong><em>de</em></strong></span> <span class='ocrx_word' id='word_1_29' title='bbox 1560 622 1748 673; x_wconf 84' lang='lat' dir='ltr'><strong><em>grege,</em></strong></span> <span class='ocrx_word' id='word_1_30' title='bbox 1798 604 1848 657; x_wconf 88' lang='lat' dir='ltr'><strong><em>el</em></strong></span> 
     </span>
    </p>
   </div>
   <div class='ocr_carea' id='block_1_5' title="bbox 232 693 1852 769">
    <p class='ocr_par' dir='ltr' id='par_1_5' title="bbox 232 693 1852 769">
     <span class='ocr_line' id='line_1_5' title="bbox 232 693 1852 769; baseline -0.004 -18"><span class='ocrx_word' id='word_1_31' title='bbox 232 698 396 752; x_wconf 75' lang='lat' dir='ltr'><strong><em>vitulos</em></strong></span> <span class='ocrx_word' id='word_1_32' title='bbox 422 698 677 753; x_wconf 83' lang='lat' dir='ltr'><strong><em>demedio</em></strong></span> <span class='ocrx_word' id='word_1_33' title='bbox 704 700 987 753; x_wconf 81' lang='lat' dir='ltr'><strong><em>armenti:</em></strong></span> <span class='ocrx_word' id='word_1_34' title='bbox 1024 700 1121 769; x_wconf 87' lang='lat' dir='ltr'><strong><em>qui</em></strong></span> <span class='ocrx_word' id='word_1_35' title='bbox 1150 699 1352 752; x_wconf 83' lang='lat' dir='ltr'><strong><em>canitis</em></strong></span> <span class='ocrx_word' id='word_1_36' title='bbox 1383 696 1453 751; x_wconf 86' lang='lat' dir='ltr'><strong><em>ad</em></strong></span> <span class='ocrx_word' id='word_1_37' title='bbox 1487 710 1665 750; x_wconf 86' lang='lat' dir='ltr'><strong><em>vocem</em></strong></span> <span class='ocrx_word' id='word_1_38' title='bbox 1696 693 1852 746; x_wconf 86' lang='lat' dir='ltr'><strong><em>Psal-</em></strong></span> 
     </span>
    </p>
   </div>
   <div class='ocr_carea' id='block_1_6' title="bbox 231 781 1853 852">
    <p class='ocr_par' dir='ltr' id='par_1_6' title="bbox 231 781 1853 852">
     <span class='ocr_line' id='line_1_6' title="bbox 231 781 1853 852; baseline -0.005 -11"><span class='ocrx_word' id='word_1_39' title='bbox 231 788 351 841; x_wconf 85' lang='lat' dir='ltr'><strong><em>terii.</em></strong></span> <span class='ocrx_word' id='word_1_40' title='bbox 380 787 527 841; x_wconf 86' lang='lat' dir='ltr'><strong><em>Sicut</em></strong></span> <span class='ocrx_word' id='word_1_41' title='bbox 553 787 727 842; x_wconf 82' lang='lat' dir='ltr'><strong><em>David</em></strong></span> <span class='ocrx_word' id='word_1_42' title='bbox 775 795 1102 852; x_wconf 86' lang='lat' dir='ltr'><strong><em>putaverunt</em></strong></span> <span class='ocrx_word' id='word_1_43' title='bbox 1133 803 1188 841; x_wconf 92' lang='lat' dir='ltr'><strong><em>se</em></strong></span> <span class='ocrx_word' id='word_1_44' title='bbox 1216 788 1419 840; x_wconf 85' lang='lat' dir='ltr'><strong><em>habere</em></strong></span> <span class='ocrx_word' id='word_1_45' title='bbox 1454 800 1580 838; x_wconf 83' lang='lat' dir='ltr'><strong><em>vasa</em></strong></span> <span class='ocrx_word' id='word_1_46' title='bbox 1614 781 1815 835; x_wconf 87' lang='lat' dir='ltr'><strong><em>cantici</em></strong></span> <span class='ocrx_word' id='word_1_47' title='bbox 1834 795 1853 839; x_wconf 88' lang='grc'><em>;</em></span> 
     </span>
    </p>
   </div>
   <div class='ocr_carea' id='block_1_7' title="bbox 232 869 1854 946">
    <p class='ocr_par' dir='ltr' id='par_1_7' title="bbox 232 869 1854 946">
     <span class='ocr_line' id='line_1_7' title="bbox 232 869 1854 946; baseline -0.006 -16"><span class='ocrx_word' id='word_1_48' title='bbox 232 876 439 930; x_wconf 81' lang='lat' dir='ltr'><strong><em>bibentes</em></strong></span> <span class='ocrx_word' id='word_1_49' title='bbox 469 879 525 929; x_wconf 87' lang='lat' dir='ltr'><strong><em>in</em></strong></span> <span class='ocrx_word' id='word_1_50' title='bbox 560 876 765 946; x_wconf 85' lang='lat' dir='ltr'><strong><em>phialis</em></strong></span> <span class='ocrx_word' id='word_1_51' title='bbox 816 879 1029 944; x_wconf 86' lang='lat' dir='ltr'><strong><em>vinum,</em></strong></span> <span class='ocrx_word' id='word_1_52' title='bbox 1062 884 1112 930; x_wconf 84' lang='lat' dir='ltr'><strong><em>et</em></strong></span> <span class='ocrx_word' id='word_1_53' title='bbox 1138 878 1343 946; x_wconf 84' lang='lat' dir='ltr'><strong><em>optimo</em></strong></span> <span class='ocrx_word' id='word_1_54' title='bbox 1390 876 1665 943; x_wconf 82' lang='lat' dir='ltr'><strong><em>unguento</em></strong></span> <span class='ocrx_word' id='word_1_55' title='bbox 1718 869 1854 923; x_wconf 84' lang='lat' dir='ltr'><strong><em>deli-</em></strong></span> 
     </span>
    </p>
   </div>
   <div class='ocr_carea' id='block_1_8' title="bbox 231 956 1857 1036">
    <p class='ocr_par' dir='ltr' id='par_1_8' title="bbox 231 956 1857 1036">
     <span class='ocr_line' id='line_1_8' title="bbox 231 956 1857 1036; baseline -0.006 -18"><span class='ocrx_word' id='word_1_56' title='bbox 231 965 608 1019; x_wconf 83' lang='lat' dir='ltr'><strong><em>buti:etnihil</em></strong></span> <span class='ocrx_word' id='word_1_57' title='bbox 658 967 1008 1036; x_wconf 85' lang='lat' dir='ltr'><strong><em>patiebantur</em></strong></span> <span class='ocrx_word' id='word_1_58' title='bbox 1049 981 1213 1036; x_wconf 79' lang='lat' dir='ltr'><strong><em>super</em></strong></span> <span class='ocrx_word' id='word_1_59' title='bbox 1271 964 1603 1018; x_wconf 74' lang='lat' dir='ltr'><strong><em>contritione</em></strong></span> <span class='ocrx_word' id='word_1_60' title='bbox 1659 956 1857 1026; x_wconf 76' lang='lat' dir='ltr'><strong><em>Josepli</em></strong></span> 
     </span>
    </p>
   </div>
   <div class='ocr_carea' id='block_1_9' title="bbox 232 1051 1855 1124">
    <p class='ocr_par' dir='ltr' id='par_1_9' title="bbox 232 1051 1855 1124">
     <span class='ocr_line' id='line_1_9' title="bbox 232 1051 1855 1124; baseline -0.005 -17"><span class='ocrx_word' id='word_1_61' title='bbox 232 1054 385 1122; x_wconf 74' lang='lat' dir='ltr'><strong><em>(Amos</em></strong></span> <span class='ocrx_word' id='word_1_62' title='bbox 414 1070 489 1121; x_wconf 75' lang='lat' dir='ltr'><strong><em>vx,</em></strong></span> <span class='ocrx_word' id='word_1_63' title='bbox 517 1056 539 1107; x_wconf 93' lang='grc'><strong>1</strong></span> <span class='ocrx_word' id='word_1_64' title='bbox 575 1053 1097 1124; x_wconf 86' lang='lat' dir='ltr'><strong><em>6).Numquidnam</em></strong></span> <span class='ocrx_word' id='word_1_65' title='bbox 1122 1052 1350 1122; x_wconf 91' lang='lat' dir='ltr'><strong><em>isti,qui</em></strong></span> <span class='ocrx_word' id='word_1_66' title='bbox 1383 1051 1699 1121; x_wconf 80' lang='lat' dir='ltr'><strong><em>Prophetas</em></strong></span> <span class='ocrx_word' id='word_1_67' title='bbox 1724 1063 1855 1100; x_wconf 90' lang='lat' dir='ltr'><strong><em>nos-</em></strong></span> 
     </span>
    </p>
   </div>
   <div class='ocr_carea' id='block_1_10' title="bbox 228 1139 1856 1211">
    <p class='ocr_par' dir='ltr' id='par_1_10' title="bbox 228 1139 1856 1211">
     <span class='ocr_line' id='line_1_10' title="bbox 228 1139 1856 1211; baseline -0.004 -15"><span class='ocrx_word' id='word_1_68' title='bbox 228 1148 329 1197; x_wconf 86' lang='lat' dir='ltr'><strong><em>tros</em></strong></span> <span class='ocrx_word' id='word_1_69' title='bbox 348 1148 623 1211; x_wconf 90' lang='lat' dir='ltr'><strong><em>tanquam</em></strong></span> <span class='ocrx_word' id='word_1_70' title='bbox 652 1143 976 1198; x_wconf 77' lang='lat' dir='ltr'><strong><em>ineruditos</em></strong></span> <span class='ocrx_word' id='word_1_71' title='bbox 1008 1146 1062 1198; x_wconf 91' lang='lat' dir='ltr'><strong><em>et</em></strong></span> <span class='ocrx_word' id='word_1_72' title='bbox 1110 1140 1452 1196; x_wconf 83' lang='lat' dir='ltr'><strong><em>elocutionis</em></strong></span> <span class='ocrx_word' id='word_1_73' title='bbox 1494 1139 1728 1206; x_wconf 79' lang='lat' dir='ltr'><strong><em>ignaros</em></strong></span> <span class='ocrx_word' id='word_1_74' title='bbox 1764 1153 1856 1189; x_wconf 81' lang='lat' dir='ltr'><strong><em>ve-</em></strong></span> 
     </span>
    </p>
   </div>
   <div class='ocr_carea' id='block_1_11' title="bbox 229 1222 1859 1299">
    <p class='ocr_par' dir='ltr' id='par_1_11' title="bbox 229 1222 1859 1299">
     <span class='ocr_line' id='line_1_11' title="bbox 229 1222 1859 1299; baseline -0.005 -16"><span class='ocrx_word' id='word_1_75' title='bbox 229 1230 318 1284; x_wconf 89' lang='lat' dir='ltr'><strong><em>luti</em></strong></span> <span class='ocrx_word' id='word_1_76' title='bbox 341 1230 489 1284; x_wconf 89' lang='lat' dir='ltr'><strong><em>docti</em></strong></span> <span class='ocrx_word' id='word_1_77' title='bbox 521 1230 847 1299; x_wconf 89' lang='lat' dir='ltr'><strong><em>disertique</em></strong></span> <span class='ocrx_word' id='word_1_78' title='bbox 877 1234 1284 1295; x_wconf 89' lang='lat' dir='ltr'><strong><em>contemnunt,</em></strong></span> <span class='ocrx_word' id='word_1_79' title='bbox 1314 1228 1361 1282; x_wconf 92' lang='lat' dir='ltr'><strong><em>si</em></strong></span> <span class='ocrx_word' id='word_1_80' title='bbox 1395 1224 1614 1295; x_wconf 90' lang='lat' dir='ltr'><strong><em>aliquid</em></strong></span> <span class='ocrx_word' id='word_1_81' title='bbox 1640 1224 1722 1278; x_wconf 85' lang='lat' dir='ltr'><strong><em>eis</em></strong></span> <span class='ocrx_word' id='word_1_82' title='bbox 1746 1222 1859 1276; x_wconf 87' lang='lat' dir='ltr'><strong><em>tale</em></strong></span> 
     </span>
    </p>
   </div>
   <div class='ocr_carea' id='block_1_12' title="bbox 226 1313 1862 1383">
    <p class='ocr_par' dir='ltr' id='par_1_12' title="bbox 226 1313 1862 1383">
     <span class='ocr_line' id='line_1_12' title="bbox 226 1313 1862 1383; baseline -0.004 -12"><span class='ocrx_word' id='word_1_83' title='bbox 226 1318 297 1373; x_wconf 91' lang='lat' dir='ltr'><strong><em>vel</em></strong></span> <span class='ocrx_word' id='word_1_84' title='bbox 324 1319 377 1372; x_wconf 92' lang='lat' dir='ltr'><strong><em>in</em></strong></span> <span class='ocrx_word' id='word_1_85' title='bbox 410 1318 556 1373; x_wconf 88' lang='lat' dir='ltr'><strong><em>tales</em></strong></span> <span class='ocrx_word' id='word_1_86' title='bbox 591 1318 903 1373; x_wconf 89' lang='lat' dir='ltr'><strong><em>dicendum</em></strong></span> <span class='ocrx_word' id='word_1_87' title='bbox 941 1319 1175 1383; x_wconf 83' lang='lat' dir='ltr'><strong><em>fuisset,</em></strong></span> <span class='ocrx_word' id='word_1_88' title='bbox 1208 1316 1378 1371; x_wconf 83' lang='lat' dir='ltr'><strong><em>aliter</em></strong></span> <span class='ocrx_word' id='word_1_89' title='bbox 1425 1331 1487 1369; x_wconf 91' lang='lat' dir='ltr'><strong><em>se</em></strong></span> <span class='ocrx_word' id='word_1_90' title='bbox 1540 1313 1862 1367; x_wconf 89' lang='lat' dir='ltr'><strong><em>voluissent</em></strong></span> 
     </span>
    </p>
   </div>
   <div class='ocr_carea' id='block_1_13' title="bbox 226 1402 1724 1477">
    <p class='ocr_par' dir='ltr' id='par_1_13' title="bbox 226 1402 1724 1477">
     <span class='ocr_line' id='line_1_13' title="bbox 226 1402 1724 1477; baseline -0.005 -16"><span class='ocrx_word' id='word_1_91' title='bbox 226 1408 408 1475; x_wconf 82' lang='lat' dir='ltr'><strong><em>dicere,</em></strong></span> <span class='ocrx_word' id='word_1_92' title='bbox 442 1408 543 1477; x_wconf 90' lang='lat' dir='ltr'><strong><em>qui</em></strong></span> <span class='ocrx_word' id='word_1_93' title='bbox 577 1413 776 1463; x_wconf 88' lang='lat' dir='ltr'><strong><em>tamen</em></strong></span> <span class='ocrx_word' id='word_1_94' title='bbox 809 1424 1012 1463; x_wconf 89' lang='lat' dir='ltr'><strong><em>eorum</em></strong></span> <span class='ocrx_word' id='word_1_95' title='bbox 1044 1407 1303 1462; x_wconf 83' lang='lat' dir='ltr'><strong><em>insanire</em></strong></span> <span class='ocrx_word' id='word_1_96' title='bbox 1351 1402 1724 1459; x_wconf 83' lang='lat' dir='ltr'><strong><em>noluissent?</em></strong></span> 
     </span>
    </p>
   </div>
   <div class='ocr_carea' id='block_1_14' title="bbox 286 1489 1859 1568">
    <p class='ocr_par' dir='ltr' id='par_1_14' title="bbox 286 1489 1859 1568">
     <span class='ocr_line' id='line_1_14' title="bbox 286 1489 1859 1568; baseline -0.005 -18"><span class='ocrx_word' id='word_1_97' title='bbox 286 1498 360 1552; x_wconf 82' lang='lat' dir='ltr'><strong><em>l7.</em></strong></span> <span class='ocrx_word' id='word_1_98' title='bbox 387 1496 530 1559; x_wconf 85' lang='lat' dir='ltr'><strong><em>Quid</em></strong></span> <span class='ocrx_word' id='word_1_99' title='bbox 566 1497 726 1552; x_wconf 89' lang='lat' dir='ltr'><strong><em>enim</em></strong></span> <span class='ocrx_word' id='word_1_100' title='bbox 754 1501 842 1552; x_wconf 90' lang='lat' dir='ltr'><strong><em>est</em></strong></span> <span class='ocrx_word' id='word_1_101' title='bbox 874 1497 1027 1568; x_wconf 89' lang='lat' dir='ltr'><strong><em>quod</em></strong></span> <span class='ocrx_word' id='word_1_102' title='bbox 1054 1496 1166 1551; x_wconf 91' lang='lat' dir='ltr'><strong><em>isto</em></strong></span> <span class='ocrx_word' id='word_1_103' title='bbox 1197 1494 1428 1565; x_wconf 90' lang='lat' dir='ltr'><strong><em>eloquio</em></strong></span> <span class='ocrx_word' id='word_1_104' title='bbox 1455 1507 1626 1546; x_wconf 84' lang='lat' dir='ltr'><strong><em>aures</em></strong></span> <span class='ocrx_word' id='word_1_105' title='bbox 1652 1489 1859 1545; x_wconf 67' lang='lat' dir='ltr'><strong><em>sobriae</em></strong></span> 
     </span>
    </p>
   </div>
   <div class='ocr_carea' id='block_1_15' title="bbox 228 1579 1859 1659">
    <p class='ocr_par' dir='ltr' id='par_1_15' title="bbox 228 1579 1859 1659">
     <span class='ocr_line' id='line_1_15' title="bbox 228 1579 1859 1659; baseline -0.004 -19"><span class='ocrx_word' id='word_1_106' title='bbox 228 1586 339 1658; x_wconf 85' lang='lat' dir='ltr'><strong><em>plus</em></strong></span> <span class='ocrx_word' id='word_1_107' title='bbox 366 1587 750 1642; x_wconf 86' lang='lat' dir='ltr'><strong><em>desiderent?</em></strong></span> <span class='ocrx_word' id='word_1_108' title='bbox 782 1588 977 1642; x_wconf 90' lang='lat' dir='ltr'><strong><em>Primo</em></strong></span> <span class='ocrx_word' id='word_1_109' title='bbox 1006 1588 1135 1659; x_wconf 90' lang='lat' dir='ltr'><strong><em>ipsa</em></strong></span> <span class='ocrx_word' id='word_1_110' title='bbox 1157 1586 1426 1649; x_wconf 82' lang='lat' dir='ltr'><strong><em>invectio,</em></strong></span> <span class='ocrx_word' id='word_1_111' title='bbox 1454 1581 1622 1654; x_wconf 90' lang='lat' dir='ltr'><strong><em>quasi</em></strong></span> <span class='ocrx_word' id='word_1_112' title='bbox 1653 1579 1859 1651; x_wconf 84' lang='lat' dir='ltr'><strong><em>sopitis</em></strong></span> 
     </span>
    </p>
   </div>
   <div class='ocr_carea' id='block_1_16' title="bbox 226 1669 1860 1747">
    <p class='ocr_par' dir='ltr' id='par_1_16' title="bbox 226 1669 1860 1747">
     <span class='ocr_line' id='line_1_16' title="bbox 226 1669 1860 1747; baseline -0.006 -17"><span class='ocrx_word' id='word_1_113' title='bbox 226 1674 467 1730; x_wconf 85' lang='lat' dir='ltr'><strong><em>sensibus</em></strong></span> <span class='ocrx_word' id='word_1_114' title='bbox 500 1684 568 1730; x_wconf 88' lang='lat' dir='ltr'><strong><em>ut</em></strong></span> <span class='ocrx_word' id='word_1_115' title='bbox 597 1675 968 1747; x_wconf 86' lang='lat' dir='ltr'><strong><em>evigilarent,</em></strong></span> <span class='ocrx_word' id='word_1_116' title='bbox 1002 1692 1117 1746; x_wconf 91' lang='lat' dir='ltr'><strong><em>quo</em></strong></span> <span class='ocrx_word' id='word_1_117' title='bbox 1157 1673 1398 1729; x_wconf 82' lang='lat' dir='ltr'><strong><em>fremitu</em></strong></span> <span class='ocrx_word' id='word_1_118' title='bbox 1428 1671 1584 1725; x_wconf 87' lang='lat' dir='ltr'><strong><em>illisa</em></strong></span> <span class='ocrx_word' id='word_1_119' title='bbox 1613 1669 1748 1724; x_wconf 82' lang='lat' dir='ltr'><strong><em>est?</em></strong></span> <span class='ocrx_word' id='word_1_120' title='bbox 1781 1670 1860 1722; x_wconf 70' lang='lat' dir='ltr'><strong><em>Va:</em></strong></span> 
     </span>
    </p>
   </div>
   <div class='ocr_carea' id='block_1_17' title="bbox 226 1757 1861 1835">
    <p class='ocr_par' dir='ltr' id='par_1_17' title="bbox 226 1757 1861 1835">
     <span class='ocr_line' id='line_1_17' title="bbox 226 1757 1861 1835; baseline -0.004 -18"><span class='ocrx_word' id='word_1_121' title='bbox 226 1766 304 1835; x_wconf 81' lang='lat' dir='ltr'><strong><em>qui</em></strong></span> <span class='ocrx_word' id='word_1_122' title='bbox 327 1765 577 1835; x_wconf 87' lang='lat' dir='ltr'><strong><em>opulenti</em></strong></span> <span class='ocrx_word' id='word_1_123' title='bbox 604 1767 736 1820; x_wconf 90' lang='lat' dir='ltr'><strong><em>estis</em></strong></span> <span class='ocrx_word' id='word_1_124' title='bbox 768 1767 826 1819; x_wconf 86' lang='lat' dir='ltr'><strong><em>in</em></strong></span> <span class='ocrx_word' id='word_1_125' title='bbox 859 1764 1011 1833; x_wconf 88' lang='lat' dir='ltr'><strong><em>Sion,</em></strong></span> <span class='ocrx_word' id='word_1_126' title='bbox 1038 1769 1087 1819; x_wconf 87' lang='lat' dir='ltr'><strong><em>et</em></strong></span> <span class='ocrx_word' id='word_1_127' title='bbox 1125 1762 1400 1832; x_wconf 80' lang='lat' dir='ltr'><strong><em>confiditis</em></strong></span> <span class='ocrx_word' id='word_1_128' title='bbox 1455 1762 1516 1814; x_wconf 87' lang='lat' dir='ltr'><strong><em>in</em></strong></span> <span class='ocrx_word' id='word_1_129' title='bbox 1544 1763 1726 1813; x_wconf 88' lang='lat' dir='ltr'><strong><em>monte</em></strong></span> <span class='ocrx_word' id='word_1_130' title='bbox 1754 1757 1861 1812; x_wconf 89' lang='lat' dir='ltr'><strong><em>Sa-</em></strong></span> 
     </span>
    </p>
   </div>
   <div class='ocr_carea' id='block_1_18' title="bbox 226 1848 1859 1924">
    <p class='ocr_par' dir='ltr' id='par_1_18' title="bbox 226 1848 1859 1924">
     <span class='ocr_line' id='line_1_18' title="bbox 226 1848 1859 1924; baseline -0.005 -17"><span class='ocrx_word' id='word_1_131' title='bbox 226 1856 723 1924; x_wconf 53' lang='lat' dir='ltr'><strong><em>mariaoplimates</em></strong></span> <span class='ocrx_word' id='word_1_132' title='bbox 744 1856 930 1924; x_wconf 85' lang='lat' dir='ltr'><strong><em>capita</em></strong></span> <span class='ocrx_word' id='word_1_133' title='bbox 951 1848 1677 1924; x_wconf 80' lang='lat' dir='ltr'><strong><em>populorum,ingredientes</em></strong></span> <span class='ocrx_word' id='word_1_134' title='bbox 1708 1861 1859 1916; x_wconf 86' lang='lat' dir='ltr'><strong><em>pom-</em></strong></span> 
     </span>
    </p>
   </div>
   <div class='ocr_carea' id='block_1_19' title="bbox 222 1933 1859 2012">
    <p class='ocr_par' dir='ltr' id='par_1_19' title="bbox 222 1933 1859 2012">
     <span class='ocr_line' id='line_1_19' title="bbox 222 1933 1859 2012; baseline -0.006 -16"><span class='ocrx_word' id='word_1_135' title='bbox 222 1945 373 2012; x_wconf 75' lang='lat' dir='ltr'><strong><em>palice</em></strong></span> <span class='ocrx_word' id='word_1_136' title='bbox 400 1944 624 1998; x_wconf 85' lang='lat' dir='ltr'><strong><em>domum</em></strong></span> <span class='ocrx_word' id='word_1_137' title='bbox 652 1944 863 1998; x_wconf 83' lang='lat' dir='ltr'><strong><em>Israel!</em></strong></span> <span class='ocrx_word' id='word_1_138' title='bbox 894 1942 1113 1997; x_wconf 88' lang='lat' dir='ltr'><strong><em>Deinde</em></strong></span> <span class='ocrx_word' id='word_1_139' title='bbox 1147 1946 1211 1995; x_wconf 90' lang='lat' dir='ltr'><strong><em>ut</em></strong></span> <span class='ocrx_word' id='word_1_140' title='bbox 1244 1938 1541 1995; x_wconf 79' lang='lat' dir='ltr'><strong><em>beneficiis</em></strong></span> <span class='ocrx_word' id='word_1_141' title='bbox 1589 1936 1710 1999; x_wconf 90' lang='lat' dir='ltr'><strong><em>Dei,</em></strong></span> <span class='ocrx_word' id='word_1_142' title='bbox 1760 1933 1859 2004; x_wconf 87' lang='lat' dir='ltr'><strong><em>qui</em></strong></span> 
     </span>
    </p>
   </div>
   <div class='ocr_carea' id='block_1_20' title="bbox 225 2026 1859 2103">
    <p class='ocr_par' dir='ltr' id='par_1_20' title="bbox 225 2026 1859 2103">
     <span class='ocr_line' id='line_1_20' title="bbox 225 2026 1859 2103; baseline -0.006 -17"><span class='ocrx_word' id='word_1_143' title='bbox 225 2031 294 2085; x_wconf 88' lang='lat' dir='ltr'><strong><em>eis</em></strong></span> <span class='ocrx_word' id='word_1_144' title='bbox 320 2032 507 2102; x_wconf 87' lang='lat' dir='ltr'><strong><em>ampla</em></strong></span> <span class='ocrx_word' id='word_1_145' title='bbox 533 2033 725 2103; x_wconf 87' lang='lat' dir='ltr'><strong><em>spatia</em></strong></span> <span class='ocrx_word' id='word_1_146' title='bbox 746 2031 907 2103; x_wconf 81' lang='lat' dir='ltr'><strong><em>regni</em></strong></span> <span class='ocrx_word' id='word_1_147' title='bbox 942 2030 1397 2099; x_wconf 88' lang='lat' dir='ltr'><strong><em>dedit,ostendat</em></strong></span> <span class='ocrx_word' id='word_1_148' title='bbox 1426 2026 1859 2097; x_wconf 85' lang='lat' dir='ltr'><strong><em>ingratos,quo-</em></strong></span> 
     </span>
    </p>
   </div>
   <div class='ocr_carea' id='block_1_21' title="bbox 226 2112 1859 2184">
    <p class='ocr_par' dir='ltr' id='par_1_21' title="bbox 226 2112 1859 2184">
     <span class='ocr_line' id='line_1_21' title="bbox 226 2112 1859 2184; baseline -0.005 -10"><span class='ocrx_word' id='word_1_149' title='bbox 226 2122 360 2174; x_wconf 85' lang='lat' dir='ltr'><strong><em>niam</em></strong></span> <span class='ocrx_word' id='word_1_150' title='bbox 390 2121 769 2175; x_wconf 84' lang='lat' dir='ltr'><strong><em>conﬁdebant</em></strong></span> <span class='ocrx_word' id='word_1_151' title='bbox 795 2120 853 2175; x_wconf 91' lang='lat' dir='ltr'><strong><em>in</em></strong></span> <span class='ocrx_word' id='word_1_152' title='bbox 893 2124 1087 2174; x_wconf 88' lang='lat' dir='ltr'><strong><em>monte</em></strong></span> <span class='ocrx_word' id='word_1_153' title='bbox 1138 2116 1435 2184; x_wconf 63' lang='lat' dir='ltr'><strong><em>Samaria,</em></strong></span> <span class='ocrx_word' id='word_1_154' title='bbox 1508 2114 1603 2168; x_wconf 87' lang='lat' dir='ltr'><strong><em>ubi</em></strong></span> <span class='ocrx_word' id='word_1_155' title='bbox 1656 2112 1859 2183; x_wconf 87' lang='lat' dir='ltr'><strong><em>utique</em></strong></span> 
     </span>
    </p>
   </div>
   <div class='ocr_carea' id='block_1_22' title="bbox 227 2203 1862 2278">
    <p class='ocr_par' dir='ltr' id='par_1_22' title="bbox 227 2203 1862 2278">
     <span class='ocr_line' id='line_1_22' title="bbox 227 2203 1862 2278; baseline -0.006 -16"><span class='ocrx_word' id='word_1_156' title='bbox 227 2209 355 2263; x_wconf 83' lang='lat' dir='ltr'><strong><em>idola</em></strong></span> <span class='ocrx_word' id='word_1_157' title='bbox 383 2209 750 2275; x_wconf 82' lang='lat' dir='ltr'><strong><em>colebantur,</em></strong></span> <span class='ocrx_word' id='word_1_158' title='bbox 786 2211 1054 2275; x_wconf 87' lang='lat' dir='ltr'><strong><em>Transite,</em></strong></span> <span class='ocrx_word' id='word_1_159' title='bbox 1104 2207 1316 2278; x_wconf 89' lang='lat' dir='ltr'><strong><em>inquit,</em></strong></span> <span class='ocrx_word' id='word_1_160' title='bbox 1376 2206 1434 2259; x_wconf 88' lang='lat' dir='ltr'><strong><em>in</em></strong></span> <span class='ocrx_word' id='word_1_161' title='bbox 1476 2203 1777 2265; x_wconf 84' lang='lat' dir='ltr'><strong><em>Chalanne,</em></strong></span> <span class='ocrx_word' id='word_1_162' title='bbox 1811 2208 1862 2254; x_wconf 91' lang='lat' dir='ltr'><strong><em>ct</em></strong></span> 
     </span>
    </p>
   </div>
   <div class='ocr_carea' id='block_1_23' title="bbox 228 2288 1863 2365">
    <p class='ocr_par' dir='ltr' id='par_1_23' title="bbox 228 2288 1863 2365">
     <span class='ocr_line' id='line_1_23' title="bbox 228 2288 1863 2365; baseline -0.006 -14"><span class='ocrx_word' id='word_1_163' title='bbox 228 2299 389 2365; x_wconf 79' lang='lat' dir='ltr'><strong><em>videte,</em></strong></span> <span class='ocrx_word' id='word_1_164' title='bbox 420 2304 471 2352; x_wconf 86' lang='lat' dir='ltr'><strong><em>et</em></strong></span> <span class='ocrx_word' id='word_1_165' title='bbox 523 2300 601 2353; x_wconf 86' lang='lat' dir='ltr'><strong><em>ite</em></strong></span> <span class='ocrx_word' id='word_1_166' title='bbox 631 2297 759 2352; x_wconf 85' lang='lat' dir='ltr'><strong><em>inde</em></strong></span> <span class='ocrx_word' id='word_1_167' title='bbox 790 2300 847 2352; x_wconf 88' lang='lat' dir='ltr'><strong><em>in</em></strong></span> <span class='ocrx_word' id='word_1_168' title='bbox 894 2296 1088 2353; x_wconf 78' lang='lat' dir='ltr'><strong><em>Emath</em></strong></span> <span class='ocrx_word' id='word_1_169' title='bbox 1135 2310 1413 2365; x_wconf 86' lang='lat' dir='ltr'><strong><em>magnam,</em></strong></span> <span class='ocrx_word' id='word_1_170' title='bbox 1472 2296 1521 2347; x_wconf 89' lang='lat' dir='ltr'><strong><em>et</em></strong></span> <span class='ocrx_word' id='word_1_171' title='bbox 1553 2288 1863 2345; x_wconf 75' lang='lat' dir='ltr'><strong><em>descendite</em></strong></span> 
     </span>
    </p>
   </div>
   <div class='ocr_carea' id='block_1_24' title="bbox 228 2377 1859 2455">
    <p class='ocr_par' dir='ltr' id='par_1_24' title="bbox 228 2377 1859 2455">
     <span class='ocr_line' id='line_1_24' title="bbox 228 2377 1859 2455; baseline -0.005 -17"><span class='ocrx_word' id='word_1_172' title='bbox 228 2389 275 2439; x_wconf 83' lang='lat' dir='ltr'><strong><em>in</em></strong></span> <span class='ocrx_word' id='word_1_173' title='bbox 302 2387 418 2441; x_wconf 69' lang='lat' dir='ltr'><strong><em>Gelli</em></strong></span> <span class='ocrx_word' id='word_1_174' title='bbox 451 2386 967 2452; x_wconf 58' lang='lat' dir='ltr'><strong><em>PaLestinorum,et</em></strong></span> <span class='ocrx_word' id='word_1_175' title='bbox 997 2384 1072 2440; x_wconf 82' lang='lat' dir='ltr'><strong><em>ad</em></strong></span> <span class='ocrx_word' id='word_1_176' title='bbox 1096 2385 1301 2455; x_wconf 78' lang='lat' dir='ltr'><strong><em>Optima</em></strong></span> <span class='ocrx_word' id='word_1_177' title='bbox 1322 2396 1551 2453; x_wconf 50' lang='lat' dir='ltr'><strong><em>qumque</em></strong></span> <span class='ocrx_word' id='word_1_178' title='bbox 1583 2394 1749 2449; x_wconf 84' lang='lat' dir='ltr'><strong><em>regna</em></strong></span> <span class='ocrx_word' id='word_1_179' title='bbox 1772 2377 1859 2431; x_wconf 85' lang='lat' dir='ltr'><strong><em>ho-</em></strong></span> 
     </span>
    </p>
   </div>
   <div class='ocr_carea' id='block_1_25' title="bbox 228 2466 1859 2541">
    <p class='ocr_par' dir='ltr' id='par_1_25' title="bbox 228 2466 1859 2541">
     <span class='ocr_line' id='line_1_25' title="bbox 228 2466 1859 2541; baseline -0.006 -12"><span class='ocrx_word' id='word_1_180' title='bbox 228 2493 349 2541; x_wconf 83' lang='lat' dir='ltr'><strong><em>rum,</em></strong></span> <span class='ocrx_word' id='word_1_181' title='bbox 377 2477 427 2529; x_wconf 87' lang='lat' dir='ltr'><strong><em>si</em></strong></span> <span class='ocrx_word' id='word_1_182' title='bbox 446 2477 633 2530; x_wconf 85' lang='lat' dir='ltr'><strong><em>latior</em></strong></span> <span class='ocrx_word' id='word_1_183' title='bbox 661 2476 934 2530; x_wconf 85' lang='lat' dir='ltr'><strong><em>terminus</em></strong></span> <span class='ocrx_word' id='word_1_184' title='bbox 954 2488 1144 2529; x_wconf 88' lang='lat' dir='ltr'><strong><em>eorum</em></strong></span> <span class='ocrx_word' id='word_1_185' title='bbox 1175 2474 1410 2526; x_wconf 80' lang='lat' dir='ltr'><strong><em>termino</em></strong></span> <span class='ocrx_word' id='word_1_186' title='bbox 1440 2472 1612 2523; x_wconf 85' lang='lat' dir='ltr'><strong><em>vestro</em></strong></span> <span class='ocrx_word' id='word_1_187' title='bbox 1642 2472 1737 2522; x_wconf 85' lang='lat' dir='ltr'><strong><em>est.</em></strong></span> <span class='ocrx_word' id='word_1_188' title='bbox 1772 2466 1859 2520; x_wconf 89' lang='lat' dir='ltr'><strong><em>Si-</em></strong></span> 
     </span>
    </p>
   </div>
   <div class='ocr_carea' id='block_1_26' title="bbox 227 2554 1859 2627">
    <p class='ocr_par' dir='ltr' id='par_1_26' title="bbox 227 2554 1859 2627">
     <span class='ocr_line' id='line_1_26' title="bbox 227 2554 1859 2627; baseline -0.006 -9"><span class='ocrx_word' id='word_1_189' title='bbox 227 2563 331 2618; x_wconf 88' lang='lat' dir='ltr'><strong><em>mul</em></strong></span> <span class='ocrx_word' id='word_1_190' title='bbox 357 2565 528 2619; x_wconf 86' lang='lat' dir='ltr'><strong><em>etiam</em></strong></span> <span class='ocrx_word' id='word_1_191' title='bbox 554 2580 692 2619; x_wconf 89' lang='lat' dir='ltr'><strong><em>eum</em></strong></span> <span class='ocrx_word' id='word_1_192' title='bbox 723 2564 836 2617; x_wconf 87' lang='lat' dir='ltr'><strong><em>ista</em></strong></span> <span class='ocrx_word' id='word_1_193' title='bbox 869 2562 1167 2627; x_wconf 85' lang='lat' dir='ltr'><strong><em>dicuntur,</em></strong></span> <span class='ocrx_word' id='word_1_194' title='bbox 1215 2561 1473 2614; x_wconf 91' lang='lat' dir='ltr'><strong><em>locorum</em></strong></span> <span class='ocrx_word' id='word_1_195' title='bbox 1524 2554 1859 2612; x_wconf 88' lang='lat' dir='ltr'><strong><em>nominibus</em></strong></span> 
     </span>
    </p>
   </div>
   <div class='ocr_carea' id='block_1_27' title="bbox 226 2648 1861 2724">
    <p class='ocr_par' dir='ltr' id='par_1_27' title="bbox 226 2648 1861 2724">
     <span class='ocr_line' id='line_1_27' title="bbox 226 2648 1861 2724; baseline -0.006 -17"><span class='ocrx_word' id='word_1_196' title='bbox 226 2656 479 2724; x_wconf 83' lang='lat' dir='ltr'><strong><em>tanquam</em></strong></span> <span class='ocrx_word' id='word_1_197' title='bbox 511 2652 845 2707; x_wconf 88' lang='lat' dir='ltr'><strong><em>luminibus</em></strong></span> <span class='ocrx_word' id='word_1_198' title='bbox 877 2655 1118 2706; x_wconf 88' lang='lat' dir='ltr'><strong><em>ornatur</em></strong></span> <span class='ocrx_word' id='word_1_199' title='bbox 1166 2648 1490 2720; x_wconf 87' lang='lat' dir='ltr'><strong><em>eloquium,</em></strong></span> <span class='ocrx_word' id='word_1_200' title='bbox 1548 2662 1673 2715; x_wconf 69' lang='lat' dir='ltr'><strong><em>quas</em></strong></span> <span class='ocrx_word' id='word_1_201' title='bbox 1722 2651 1861 2698; x_wconf 91' lang='lat' dir='ltr'><strong><em>sunt</em></strong></span> 
     </span>
    </p>
   </div>
   <div class='ocr_carea' id='block_1_28' title="bbox 226 2732 1857 2811">
    <p class='ocr_par' dir='ltr' id='par_1_28' title="bbox 226 2732 1857 2811">
     <span class='ocr_line' id='line_1_28' title="bbox 226 2732 1857 2811; baseline -0.006 -16"><span class='ocrx_word' id='word_1_202' title='bbox 226 2741 361 2807; x_wconf 83' lang='lat' dir='ltr'><strong><em>Sion,</em></strong></span> <span class='ocrx_word' id='word_1_203' title='bbox 391 2741 678 2811; x_wconf 79' lang='lat' dir='ltr'><strong><em>Samaria,</em></strong></span> <span class='ocrx_word' id='word_1_204' title='bbox 711 2740 1033 2804; x_wconf 84' lang='lat' dir='ltr'><strong><em>Ghalanne,</em></strong></span> <span class='ocrx_word' id='word_1_205' title='bbox 1069 2738 1275 2793; x_wconf 89' lang='lat' dir='ltr'><strong><em>Emath</em></strong></span> <span class='ocrx_word' id='word_1_206' title='bbox 1331 2752 1566 2807; x_wconf 86' lang='lat' dir='ltr'><strong><em>magna,</em></strong></span> <span class='ocrx_word' id='word_1_207' title='bbox 1612 2739 1668 2789; x_wconf 87' lang='lat' dir='ltr'><strong><em>et</em></strong></span> <span class='ocrx_word' id='word_1_208' title='bbox 1711 2732 1857 2788; x_wconf 88' lang='lat' dir='ltr'><strong><em>Geth</em></strong></span> 
     </span>
    </p>
   </div>
   <div class='ocr_carea' id='block_1_29' title="bbox 226 2825 1857 2898">
    <p class='ocr_par' dir='ltr' id='par_1_29' title="bbox 226 2825 1857 2898">
     <span class='ocr_line' id='line_1_29' title="bbox 226 2825 1857 2898; baseline -0.004 -16"><span class='ocrx_word' id='word_1_209' title='bbox 226 2828 668 2884; x_wconf 60' lang='lat' dir='ltr'><strong><em>Palestinorum.</em></strong></span> <span class='ocrx_word' id='word_1_210' title='bbox 704 2829 921 2884; x_wconf 85' lang='lat' dir='ltr'><strong><em>Deinde</em></strong></span> <span class='ocrx_word' id='word_1_211' title='bbox 951 2829 1125 2882; x_wconf 90' lang='lat' dir='ltr'><strong><em>verba</em></strong></span> <span class='ocrx_word' id='word_1_212' title='bbox 1156 2844 1281 2898; x_wconf 70' lang='lat' dir='ltr'><strong><em>qua:</em></strong></span> <span class='ocrx_word' id='word_1_213' title='bbox 1312 2827 1404 2880; x_wconf 88' lang='lat' dir='ltr'><strong><em>his</em></strong></span> <span class='ocrx_word' id='word_1_214' title='bbox 1435 2825 1857 2894; x_wconf 84' lang='lat' dir='ltr'><strong><em>adjunguntur,</em></strong></span> 
     </span>
    </p>
   </div>
   <div class='ocr_carea' id='block_1_30' title="bbox 226 2912 1861 2987">
    <p class='ocr_par' dir='ltr' id='par_1_30' title="bbox 226 2912 1861 2987">
     <span class='ocr_line' id='line_1_30' title="bbox 226 2912 1861 2987; baseline -0.004 -16"><span class='ocrx_word' id='word_1_215' title='bbox 226 2917 365 2986; x_wconf 88' lang='lat' dir='ltr'><strong><em>locis,</em></strong></span> <span class='ocrx_word' id='word_1_216' title='bbox 386 2918 807 2973; x_wconf 87' lang='lat' dir='ltr'><strong><em>decentissime</em></strong></span> <span class='ocrx_word' id='word_1_217' title='bbox 833 2918 1158 2972; x_wconf 80' lang='lat' dir='ltr'><strong><em>variantur:</em></strong></span> <span class='ocrx_word' id='word_1_218' title='bbox 1195 2916 1453 2987; x_wconf 86' lang='lat' dir='ltr'><strong><em>Opulenti</em></strong></span> <span class='ocrx_word' id='word_1_219' title='bbox 1471 2912 1861 2981; x_wconf 76' lang='lat' dir='ltr'><strong><em>estis,conﬁdi-</em></strong></span> 
     </span>
    </p>
   </div>
   <div class='ocr_carea' id='block_1_31' title="bbox 228 3006 1072 3076">
    <p class='ocr_par' dir='ltr' id='par_1_31' title="bbox 228 3006 1072 3076">
     <span class='ocr_line' id='line_1_31' title="bbox 228 3006 1072 3076; baseline 0 -17"><span class='ocrx_word' id='word_1_220' title='bbox 228 3008 303 3076; x_wconf 78' lang='lat' dir='ltr'><strong><em>iis,</em></strong></span> <span class='ocrx_word' id='word_1_221' title='bbox 334 3012 579 3075; x_wconf 80' lang='lat' dir='ltr'><strong><em>transite,</em></strong></span> <span class='ocrx_word' id='word_1_222' title='bbox 616 3010 713 3071; x_wconf 85' lang='lat' dir='ltr'><strong><em>ile,</em></strong></span> <span class='ocrx_word' id='word_1_223' title='bbox 744 3006 1072 3061; x_wconf 83' lang='lat' dir='ltr'><strong><em>descendite.</em></strong></span> 
     </span>
    </p>
   </div>
   <div class='ocr_carea' id='block_1_32' title="bbox 290 3090 1860 3168">
    <p class='ocr_par' dir='ltr' id='par_1_32' title="bbox 290 3090 1860 3168">
     <span class='ocr_line' id='line_1_32' title="bbox 290 3090 1860 3168; baseline -0.003 -19"><span class='ocrx_word' id='word_1_224' title='bbox 290 3098 365 3150; x_wconf 75' lang='lat'><strong><em>18.</em></strong></span> <span class='ocrx_word' id='word_1_225' title='bbox 396 3098 841 3168; x_wconf 81' lang='lat' dir='ltr'><strong><em>Consequenter</em></strong></span> <span class='ocrx_word' id='word_1_226' title='bbox 869 3093 1249 3150; x_wconf 87' lang='lat' dir='ltr'><strong><em>denuntiatur</em></strong></span> <span class='ocrx_word' id='word_1_227' title='bbox 1281 3091 1475 3146; x_wconf 84' lang='lat' dir='ltr'><strong><em>futura</em></strong></span> <span class='ocrx_word' id='word_1_228' title='bbox 1507 3091 1616 3145; x_wconf 89' lang='lat' dir='ltr'><strong><em>sub</em></strong></span> <span class='ocrx_word' id='word_1_229' title='bbox 1658 3090 1860 3161; x_wconf 93' lang='lat' dir='ltr'><strong><em>iniquo</em></strong></span> 
     </span>
    </p>
   </div>
   <div class='ocr_carea' id='block_1_33' title="bbox 232 3179 1857 3256">
    <p class='ocr_par' dir='ltr' id='par_1_33' title="bbox 232 3179 1857 3256">
     <span class='ocr_line' id='line_1_33' title="bbox 232 3179 1857 3256; baseline -0.003 -19"><span class='ocrx_word' id='word_1_230' title='bbox 232 3199 345 3253; x_wconf 83' lang='lat' dir='ltr'><strong><em>rege</em></strong></span> <span class='ocrx_word' id='word_1_231' title='bbox 389 3184 871 3256; x_wconf 86' lang='lat' dir='ltr'><strong><em>appropinquare</em></strong></span> <span class='ocrx_word' id='word_1_232' title='bbox 930 3183 1253 3255; x_wconf 86' lang='lat' dir='ltr'><strong><em>captivitas,</em></strong></span> <span class='ocrx_word' id='word_1_233' title='bbox 1316 3196 1448 3234; x_wconf 89' lang='lat' dir='ltr'><strong><em>cum</em></strong></span> <span class='ocrx_word' id='word_1_234' title='bbox 1498 3179 1857 3250; x_wconf 86' lang='lat' dir='ltr'><strong><em>adjungitur.</em></strong></span> 
     </span>
    </p>
   </div>
   <div class='ocr_carea' id='block_1_34' title="bbox 232 3270 1860 3344">
    <p class='ocr_par' dir='ltr' id='par_1_34' title="bbox 232 3270 1860 3344">
     <span class='ocr_line' id='line_1_34' title="bbox 232 3270 1860 3344; baseline -0.003 -18"><span class='ocrx_word' id='word_1_235' title='bbox 232 3274 319 3339; x_wconf 81' lang='lat' dir='ltr'><strong><em>Qui</em></strong></span> <span class='ocrx_word' id='word_1_236' title='bbox 344 3276 584 3344; x_wconf 76' lang='lat' dir='ltr'><strong><em>separati</em></strong></span> <span class='ocrx_word' id='word_1_237' title='bbox 609 3275 739 3328; x_wconf 81' lang='lat' dir='ltr'><strong><em>estis</em></strong></span> <span class='ocrx_word' id='word_1_238' title='bbox 771 3276 832 3328; x_wconf 88' lang='lat' dir='ltr'><strong><em>in</em></strong></span> <span class='ocrx_word' id='word_1_239' title='bbox 862 3272 1007 3327; x_wconf 86' lang='lat' dir='ltr'><strong><em>diem</em></strong></span> <span class='ocrx_word' id='word_1_240' title='bbox 1036 3273 1269 3337; x_wconf 84' lang='lat' dir='ltr'><strong><em>malum,</em></strong></span> <span class='ocrx_word' id='word_1_241' title='bbox 1301 3278 1351 3324; x_wconf 89' lang='lat' dir='ltr'><strong><em>et</em></strong></span> <span class='ocrx_word' id='word_1_242' title='bbox 1398 3270 1860 3340; x_wconf 84' lang='lat' dir='ltr'><strong><em>appropinquatis</em></strong></span> 
     </span>
    </p>
   </div>
   <div class='ocr_carea' id='block_1_35' title="bbox 232 3356 1858 3434">
    <p class='ocr_par' dir='ltr' id='par_1_35' title="bbox 232 3356 1858 3434">
     <span class='ocr_line' id='line_1_35' title="bbox 232 3356 1858 3434; baseline -0.002 -22"><span class='ocrx_word' id='word_1_243' title='bbox 232 3360 351 3416; x_wconf 80' lang='lat' dir='ltr'><strong><em>solio</em></strong></span> <span class='ocrx_word' id='word_1_244' title='bbox 372 3364 712 3434; x_wconf 80' lang='lat' dir='ltr'><strong><em>iniquitatis.</em></strong></span> <span class='ocrx_word' id='word_1_245' title='bbox 739 3363 903 3417; x_wconf 89' lang='lat' dir='ltr'><strong><em>Tunc</em></strong></span> <span class='ocrx_word' id='word_1_246' title='bbox 933 3360 1330 3430; x_wconf 88' lang='lat' dir='ltr'><strong><em>subjiciuntur</em></strong></span> <span class='ocrx_word' id='word_1_247' title='bbox 1359 3358 1567 3411; x_wconf 87' lang='lat' dir='ltr'><strong><em>merita</em></strong></span> <span class='ocrx_word' id='word_1_248' title='bbox 1596 3356 1858 3425; x_wconf 79' lang='lat' dir='ltr'><strong><em>luxurias,</em></strong></span> 
     </span>
    </p>
   </div>
   <div class='ocr_carea' id='block_1_36' title="bbox 236 3446 1862 3517">
    <p class='ocr_par' dir='ltr' id='par_1_36' title="bbox 236 3446 1862 3517">
     <span class='ocr_line' id='line_1_36' title="bbox 236 3446 1862 3517; baseline -0.002 -14"><span class='ocrx_word' id='word_1_249' title='bbox 236 3451 324 3517; x_wconf 81' lang='lat' dir='ltr'><strong><em>Qui</em></strong></span> <span class='ocrx_word' id='word_1_250' title='bbox 360 3452 617 3507; x_wconf 86' lang='lat' dir='ltr'><strong><em>dormitis</em></strong></span> <span class='ocrx_word' id='word_1_251' title='bbox 648 3452 708 3506; x_wconf 87' lang='lat' dir='ltr'><strong><em>in</em></strong></span> <span class='ocrx_word' id='word_1_252' title='bbox 742 3450 891 3505; x_wconf 88' lang='lat' dir='ltr'><strong><em>lectis</em></strong></span> <span class='ocrx_word' id='word_1_253' title='bbox 920 3450 1190 3515; x_wconf 81' lang='lat' dir='ltr'><strong><em>eburneis,</em></strong></span> <span class='ocrx_word' id='word_1_254' title='bbox 1216 3456 1265 3502; x_wconf 91' lang='lat' dir='ltr'><strong><em>et</em></strong></span> <span class='ocrx_word' id='word_1_255' title='bbox 1296 3446 1561 3502; x_wconf 85' lang='lat' dir='ltr'><strong><em>lascivitis</em></strong></span> <span class='ocrx_word' id='word_1_256' title='bbox 1590 3447 1647 3500; x_wconf 88' lang='lat' dir='ltr'><strong><em>in</em></strong></span> <span class='ocrx_word' id='word_1_257' title='bbox 1677 3446 1862 3499; x_wconf 85' lang='lat' dir='ltr'><strong><em>stratis</em></strong></span> 
     </span>
    </p>
   </div>
   <div class='ocr_carea' id='block_1_37' title="bbox 232 3534 1861 3612">
    <p class='ocr_par' dir='ltr' id='par_1_37' title="bbox 232 3534 1861 3612">
     <span class='ocr_line' id='line_1_37' title="bbox 232 3534 1861 3612; baseline -0.003 -20"><span class='ocrx_word' id='word_1_258' title='bbox 232 3541 393 3595; x_wconf 73' lang='lat' dir='ltr'><strong><em>uestris</em></strong></span> <span class='ocrx_word' id='word_1_259' title='bbox 418 3559 439 3595; x_wconf 91' lang='lat'><em>:</em></span> <span class='ocrx_word' id='word_1_260' title='bbox 468 3543 569 3612; x_wconf 89' lang='lat' dir='ltr'><strong><em>qui</em></strong></span> <span class='ocrx_word' id='word_1_261' title='bbox 599 3540 887 3596; x_wconf 78' lang='lat' dir='ltr'><strong><em>comeditis</em></strong></span> <span class='ocrx_word' id='word_1_262' title='bbox 918 3556 1131 3608; x_wconf 83' lang='lat' dir='ltr'><strong><em>agnum</em></strong></span> <span class='ocrx_word' id='word_1_263' title='bbox 1161 3538 1230 3592; x_wconf 92' lang='lat' dir='ltr'><strong><em>de</em></strong></span> <span class='ocrx_word' id='word_1_264' title='bbox 1256 3552 1438 3607; x_wconf 86' lang='lat' dir='ltr'><strong><em>grege,</em></strong></span> <span class='ocrx_word' id='word_1_265' title='bbox 1470 3540 1523 3590; x_wconf 89' lang='lat' dir='ltr'><strong><em>et</em></strong></span> <span class='ocrx_word' id='word_1_266' title='bbox 1562 3535 1760 3589; x_wconf 73' lang='lat' dir='ltr'><strong><em>titulos</em></strong></span> <span class='ocrx_word' id='word_1_267' title='bbox 1790 3534 1861 3588; x_wconf 85' lang='lat' dir='ltr'><strong><em>de</em></strong></span> 
     </span>
    </p>
   </div>
   <div class='ocr_carea' id='block_1_38' title="bbox 230 3624 1859 3685">
    <p class='ocr_par' dir='ltr' id='par_1_38' title="bbox 230 3624 1859 3685">
     <span class='ocr_line' id='line_1_38' title="bbox 230 3624 1859 3685; baseline -0.003 -2"><span class='ocrx_word' id='word_1_268' title='bbox 230 3627 379 3684; x_wconf 81' lang='lat' dir='ltr'><strong><em>medio</em></strong></span> <span class='ocrx_word' id='word_1_269' title='bbox 407 3631 683 3685; x_wconf 83' lang='lat' dir='ltr'><strong><em>armenti.</em></strong></span> <span class='ocrx_word' id='word_1_270' title='bbox 723 3630 837 3684; x_wconf 88' lang='lat' dir='ltr'><strong><em>Ista</em></strong></span> <span class='ocrx_word' id='word_1_271' title='bbox 878 3645 978 3683; x_wconf 83' lang='lat' dir='ltr'><strong><em>sex</em></strong></span> <span class='ocrx_word' id='word_1_272' title='bbox 1009 3627 1274 3682; x_wconf 87' lang='lat' dir='ltr'><strong><em>membra</em></strong></span> <span class='ocrx_word' id='word_1_273' title='bbox 1328 3629 1447 3680; x_wconf 89' lang='lat' dir='ltr'><strong><em>tres</em></strong></span> <span class='ocrx_word' id='word_1_274' title='bbox 1506 3624 1859 3678; x_wconf 87' lang='lat' dir='ltr'><strong><em>bimembres</em></strong></span> 
     </span>
    </p>
   </div>
   <div class='ocr_carea' id='block_1_39' title="bbox 227 3712 1856 3784">
    <p class='ocr_par' dir='ltr' id='par_1_39' title="bbox 227 3712 1856 3784">
     <span class='ocr_line' id='line_1_39' title="bbox 227 3712 1856 3784; baseline -0.002 -15"><span class='ocrx_word' id='word_1_275' title='bbox 227 3717 476 3774; x_wconf 87' lang='lat' dir='ltr'><strong><em>circuitus</em></strong></span> <span class='ocrx_word' id='word_1_276' title='bbox 498 3719 838 3774; x_wconf 86' lang='lat' dir='ltr'><strong><em>ediderunt.</em></strong></span> <span class='ocrx_word' id='word_1_277' title='bbox 870 3718 993 3771; x_wconf 86' lang='lat' dir='ltr'><strong><em>Non</em></strong></span> <span class='ocrx_word' id='word_1_278' title='bbox 1027 3715 1182 3771; x_wconf 86' lang='lat' dir='ltr'><strong><em>enim</em></strong></span> <span class='ocrx_word' id='word_1_279' title='bbox 1214 3716 1316 3781; x_wconf 87' lang='lat' dir='ltr'><strong><em>ait,</em></strong></span> <span class='ocrx_word' id='word_1_280' title='bbox 1348 3713 1454 3777; x_wconf 87' lang='lat' dir='ltr'><strong><em>Qui</em></strong></span> <span class='ocrx_word' id='word_1_281' title='bbox 1486 3712 1735 3784; x_wconf 84' lang='lat' dir='ltr'><strong><em>separati</em></strong></span> <span class='ocrx_word' id='word_1_282' title='bbox 1768 3728 1856 3767; x_wconf 90' lang='lat' dir='ltr'><strong><em>es-</em></strong></span> 
     </span>
    </p>
   </div>
   <div class='ocr_carea' id='block_1_40' title="bbox 226 3800 1855 3877">
    <p class='ocr_par' dir='ltr' id='par_1_40' title="bbox 226 3800 1855 3877">
     <span class='ocr_line' id='line_1_40' title="bbox 226 3800 1855 3877; baseline -0.004 -19"><span class='ocrx_word' id='word_1_283' title='bbox 226 3806 286 3860; x_wconf 78' lang='lat' dir='ltr'><strong><em>tis</em></strong></span> <span class='ocrx_word' id='word_1_284' title='bbox 307 3807 358 3861; x_wconf 90' lang='lat' dir='ltr'><strong><em>in</em></strong></span> <span class='ocrx_word' id='word_1_285' title='bbox 386 3809 540 3863; x_wconf 88' lang='lat' dir='ltr'><strong><em>diem</em></strong></span> <span class='ocrx_word' id='word_1_286' title='bbox 569 3805 926 3877; x_wconf 87' lang='lat' dir='ltr'><strong><em>malum,qui</em></strong></span> <span class='ocrx_word' id='word_1_287' title='bbox 959 3801 1444 3876; x_wconf 88' lang='lat' dir='ltr'><strong><em>appropinquatis</em></strong></span> <span class='ocrx_word' id='word_1_288' title='bbox 1463 3800 1606 3856; x_wconf 89' lang='lat' dir='ltr'><strong><em>solio</em></strong></span> <span class='ocrx_word' id='word_1_289' title='bbox 1640 3800 1855 3870; x_wconf 89' lang='lat' dir='ltr'><strong><em>iniqui-</em></strong></span> 
     </span>
    </p>
   </div>
   <div class='ocr_carea' id='block_1_41' title="bbox 226 3888 1855 3969">
    <p class='ocr_par' dir='ltr' id='par_1_41' title="bbox 226 3888 1855 3969">
     <span class='ocr_line' id='line_1_41' title="bbox 226 3888 1855 3969; baseline -0.002 -23"><span class='ocrx_word' id='word_1_290' title='bbox 226 3896 357 3961; x_wconf 80' lang='lat' dir='ltr'><strong><em>tatis,</em></strong></span> <span class='ocrx_word' id='word_1_291' title='bbox 388 3898 487 3969; x_wconf 87' lang='lat' dir='ltr'><strong><em>qui</em></strong></span> <span class='ocrx_word' id='word_1_292' title='bbox 520 3896 801 3951; x_wconf 88' lang='lat' dir='ltr'><strong><em>dormitis</em></strong></span> <span class='ocrx_word' id='word_1_293' title='bbox 832 3895 892 3948; x_wconf 91' lang='lat' dir='ltr'><strong><em>in</em></strong></span> <span class='ocrx_word' id='word_1_294' title='bbox 925 3893 1094 3949; x_wconf 88' lang='lat' dir='ltr'><strong><em>lectis</em></strong></span> <span class='ocrx_word' id='word_1_295' title='bbox 1124 3889 1418 3958; x_wconf 88' lang='lat' dir='ltr'><strong><em>eburneis,</em></strong></span> <span class='ocrx_word' id='word_1_296' title='bbox 1443 3891 1541 3960; x_wconf 90' lang='lat' dir='ltr'><strong><em>qui</em></strong></span> <span class='ocrx_word' id='word_1_297' title='bbox 1575 3888 1855 3944; x_wconf 87' lang='lat' dir='ltr'><strong><em>lascivitis</em></strong></span> 
     </span>
    </p>
   </div>
   <div class='ocr_carea' id='block_1_42' title="bbox 226 3979 1858 4055">
    <p class='ocr_par' dir='ltr' id='par_1_42' title="bbox 226 3979 1858 4055">
     <span class='ocr_line' id='line_1_42' title="bbox 226 3979 1858 4055; baseline -0.002 -21"><span class='ocrx_word' id='word_1_298' title='bbox 226 3982 271 4035; x_wconf 86' lang='lat' dir='ltr'><strong><em>in</em></strong></span> <span class='ocrx_word' id='word_1_299' title='bbox 299 3987 489 4042; x_wconf 83' lang='lat' dir='ltr'><strong><em>stratis</em></strong></span> <span class='ocrx_word' id='word_1_300' title='bbox 521 3985 757 4053; x_wconf 85' lang='lat' dir='ltr'><strong><em>vestris,</em></strong></span> <span class='ocrx_word' id='word_1_301' title='bbox 782 3983 880 4055; x_wconf 89' lang='lat' dir='ltr'><strong><em>qui</em></strong></span> <span class='ocrx_word' id='word_1_302' title='bbox 915 3981 1223 4037; x_wconf 86' lang='lat' dir='ltr'><strong><em>comeditis</em></strong></span> <span class='ocrx_word' id='word_1_303' title='bbox 1253 3995 1471 4051; x_wconf 87' lang='lat' dir='ltr'><strong><em>agnum</em></strong></span> <span class='ocrx_word' id='word_1_304' title='bbox 1504 3979 1573 4033; x_wconf 90' lang='lat' dir='ltr'><strong><em>de</em></strong></span> <span class='ocrx_word' id='word_1_305' title='bbox 1603 3981 1858 4049; x_wconf 82' lang='lat' dir='ltr'><strong><em>grege,et</em></strong></span> 
     </span>
    </p>
   </div>
   <div class='ocr_carea' id='block_1_43' title="bbox 225 4068 1857 4137">
    <p class='ocr_par' dir='ltr' id='par_1_43' title="bbox 225 4068 1857 4137">
     <span class='ocr_line' id='line_1_43' title="bbox 225 4068 1857 4137; baseline -0.002 -11"><span class='ocrx_word' id='word_1_306' title='bbox 225 4072 409 4130; x_wconf 77' lang='lat' dir='ltr'><strong><em>vitulos</em></strong></span> <span class='ocrx_word' id='word_1_307' title='bbox 438 4078 506 4130; x_wconf 92' lang='lat' dir='ltr'><strong><em>de</em></strong></span> <span class='ocrx_word' id='word_1_308' title='bbox 541 4074 740 4130; x_wconf 89' lang='lat' dir='ltr'><strong><em>medio</em></strong></span> <span class='ocrx_word' id='word_1_309' title='bbox 795 4071 1079 4137; x_wconf 88' lang='lat' dir='ltr'><strong><em>armenti;</em></strong></span> <span class='ocrx_word' id='word_1_310' title='bbox 1138 4070 1186 4125; x_wconf 88' lang='lat' dir='ltr'><strong><em>si</em></strong></span> <span class='ocrx_word' id='word_1_311' title='bbox 1220 4069 1303 4123; x_wconf 88' lang='lat' dir='ltr'><strong><em>ita</em></strong></span> <span class='ocrx_word' id='word_1_312' title='bbox 1353 4068 1661 4131; x_wconf 86' lang='lat' dir='ltr'><strong><em>diceretur,</em></strong></span> <span class='ocrx_word' id='word_1_313' title='bbox 1702 4071 1857 4122; x_wconf 86' lang='lat' dir='ltr'><strong><em>esset</em></strong></span> 
     </span>
    </p>
   </div>
   <div class='ocr_carea' id='block_1_44' title="bbox 226 4156 1855 4234">
    <p class='ocr_par' dir='ltr' id='par_1_44' title="bbox 226 4156 1855 4234">
     <span class='ocr_line' id='line_1_44' title="bbox 226 4156 1855 4234; baseline -0.002 -21"><span class='ocrx_word' id='word_1_314' title='bbox 226 4162 433 4231; x_wconf 87' lang='lat' dir='ltr'><strong><em>quidem</em></strong></span> <span class='ocrx_word' id='word_1_315' title='bbox 464 4170 521 4219; x_wconf 90' lang='lat' dir='ltr'><strong><em>et</em></strong></span> <span class='ocrx_word' id='word_1_316' title='bbox 555 4163 669 4218; x_wconf 87' lang='lat' dir='ltr'><strong><em>hoc</em></strong></span> <span class='ocrx_word' id='word_1_317' title='bbox 699 4161 1040 4234; x_wconf 88' lang='lat' dir='ltr'><strong><em>pulchrum,</em></strong></span> <span class='ocrx_word' id='word_1_318' title='bbox 1065 4165 1128 4214; x_wconf 91' lang='lat' dir='ltr'><strong><em>ut</em></strong></span> <span class='ocrx_word' id='word_1_319' title='bbox 1157 4160 1228 4214; x_wconf 91' lang='lat' dir='ltr'><strong><em>ab</em></strong></span> <span class='ocrx_word' id='word_1_320' title='bbox 1264 4174 1377 4213; x_wconf 91' lang='lat' dir='ltr'><strong><em>uno</em></strong></span> <span class='ocrx_word' id='word_1_321' title='bbox 1403 4156 1742 4228; x_wconf 89' lang='lat' dir='ltr'><strong><em>pronomine</em></strong></span> <span class='ocrx_word' id='word_1_322' title='bbox 1774 4172 1855 4210; x_wconf 88' lang='lat' dir='ltr'><strong><em>re-</em></strong></span> 
     </span>
    </p>
   </div>
   <div class='ocr_carea' id='block_1_45' title="bbox 225 4250 1851 4325">
    <p class='ocr_par' dir='ltr' id='par_1_45' title="bbox 225 4250 1851 4325">
     <span class='ocr_line' id='line_1_45' title="bbox 225 4250 1851 4325; baseline -0.004 -20"><span class='ocrx_word' id='word_1_323' title='bbox 225 4252 376 4321; x_wconf 83' lang='lat' dir='ltr'><strong><em>petito</em></strong></span> <span class='ocrx_word' id='word_1_324' title='bbox 403 4252 642 4325; x_wconf 84' lang='lat' dir='ltr'><strong><em>singula</em></strong></span> <span class='ocrx_word' id='word_1_325' title='bbox 677 4269 776 4307; x_wconf 85' lang='lat' dir='ltr'><strong><em>sex</em></strong></span> <span class='ocrx_word' id='word_1_326' title='bbox 791 4251 1054 4306; x_wconf 85' lang='lat' dir='ltr'><strong><em>membra</em></strong></span> <span class='ocrx_word' id='word_1_327' title='bbox 1082 4250 1476 4315; x_wconf 84' lang='lat' dir='ltr'><strong><em>decurrerent,</em></strong></span> <span class='ocrx_word' id='word_1_328' title='bbox 1510 4251 1564 4301; x_wconf 91' lang='lat' dir='ltr'><strong><em>et</em></strong></span> <span class='ocrx_word' id='word_1_329' title='bbox 1597 4262 1851 4317; x_wconf 91' lang='lat' dir='ltr'><strong><em>pronun-</em></strong></span> 
     </span>
    </p>
   </div>
   <div class='ocr_carea' id='block_1_46' title="bbox 225 4336 1853 4413">
    <p class='ocr_par' dir='ltr' id='par_1_46' title="bbox 225 4336 1853 4413">
     <span class='ocr_line' id='line_1_46' title="bbox 225 4336 1853 4413; baseline -0.002 -21"><span class='ocrx_word' id='word_1_330' title='bbox 225 4340 397 4396; x_wconf 86' lang='lat' dir='ltr'><strong><em>tiantis</em></strong></span> <span class='ocrx_word' id='word_1_331' title='bbox 428 4359 570 4397; x_wconf 81' lang='lat' dir='ltr'><strong><em>voce</em></strong></span> <span class='ocrx_word' id='word_1_332' title='bbox 603 4339 840 4413; x_wconf 87' lang='lat' dir='ltr'><strong><em>singula</em></strong></span> <span class='ocrx_word' id='word_1_333' title='bbox 873 4339 1184 4393; x_wconf 75' lang='lat' dir='ltr'><strong><em>(inirentur</em></strong></span> <span class='ocrx_word' id='word_1_334' title='bbox 1217 4354 1229 4392; x_wconf 89' lang='lat'>:</span> <span class='ocrx_word' id='word_1_335' title='bbox 1267 4338 1365 4391; x_wconf 87' lang='lat' dir='ltr'><strong><em>sed</em></strong></span> <span class='ocrx_word' id='word_1_336' title='bbox 1413 4336 1710 4407; x_wconf 87' lang='lat' dir='ltr'><strong><em>pulchrius</em></strong></span> <span class='ocrx_word' id='word_1_337' title='bbox 1743 4336 1853 4389; x_wconf 89' lang='lat' dir='ltr'><strong><em>fac-</em></strong></span> 
     </span>
    </p>
   </div>
   <div class='ocr_carea' id='block_1_47' title="bbox 225 4425 1852 4499">
    <p class='ocr_par' dir='ltr' id='par_1_47' title="bbox 225 4425 1852 4499">
     <span class='ocr_line' id='line_1_47' title="bbox 225 4425 1852 4499; baseline -0.002 -20"><span class='ocrx_word' id='word_1_338' title='bbox 225 4434 328 4483; x_wconf 84' lang='lat' dir='ltr'><strong><em>tum</em></strong></span> <span class='ocrx_word' id='word_1_339' title='bbox 355 4436 462 4495; x_wconf 87' lang='lat' dir='ltr'><strong><em>est,</em></strong></span> <span class='ocrx_word' id='word_1_340' title='bbox 496 4436 567 4485; x_wconf 85' lang='lat' dir='ltr'><strong><em>ut</em></strong></span> <span class='ocrx_word' id='word_1_341' title='bbox 591 4429 780 4484; x_wconf 88' lang='lat' dir='ltr'><strong><em>eidem</em></strong></span> <span class='ocrx_word' id='word_1_342' title='bbox 814 4426 1143 4499; x_wconf 90' lang='lat' dir='ltr'><strong><em>pronomini</em></strong></span> <span class='ocrx_word' id='word_1_343' title='bbox 1175 4430 1371 4481; x_wconf 87' lang='lat' dir='ltr'><strong><em>essent</em></strong></span> <span class='ocrx_word' id='word_1_344' title='bbox 1400 4425 1537 4478; x_wconf 89' lang='lat' dir='ltr'><strong><em>bina</em></strong></span> <span class='ocrx_word' id='word_1_345' title='bbox 1570 4425 1852 4489; x_wconf 84' lang='lat' dir='ltr'><strong><em>subnexa,</em></strong></span> 
     </span>
    </p>
   </div>
   <div class='ocr_carea' id='block_1_48' title="bbox 222 4512 1851 4587">
    <p class='ocr_par' dir='ltr' id='par_1_48' title="bbox 222 4512 1851 4587">
     <span class='ocr_line' id='line_1_48' title="bbox 222 4512 1851 4587; baseline -0.004 -17"><span class='ocrx_word' id='word_1_346' title='bbox 222 4532 327 4585; x_wconf 68' lang='lat' dir='ltr'><strong><em>quae</em></strong></span> <span class='ocrx_word' id='word_1_347' title='bbox 346 4523 457 4574; x_wconf 86' lang='lat' dir='ltr'><strong><em>tres</em></strong></span> <span class='ocrx_word' id='word_1_348' title='bbox 489 4516 819 4574; x_wconf 86' lang='lat' dir='ltr'><strong><em>sententias</em></strong></span> <span class='ocrx_word' id='word_1_349' title='bbox 850 4517 1207 4587; x_wconf 85' lang='lat' dir='ltr'><strong><em>explicarent</em></strong></span> <span class='ocrx_word' id='word_1_350' title='bbox 1240 4532 1254 4575; x_wconf 84' lang='lat'><strong>:</strong></span> <span class='ocrx_word' id='word_1_351' title='bbox 1290 4530 1468 4569; x_wconf 76' lang='lat' dir='ltr'><strong><em>unum</em></strong></span> <span class='ocrx_word' id='word_1_352' title='bbox 1503 4513 1574 4567; x_wconf 88' lang='lat' dir='ltr'><strong><em>ad</em></strong></span> <span class='ocrx_word' id='word_1_353' title='bbox 1607 4512 1851 4583; x_wconf 86' lang='lat' dir='ltr'><strong><em>captivi-</em></strong></span> 
     </span>
    </p>
   </div>
   <div class='ocr_carea' id='block_1_49' title="bbox 223 4601 1853 4678">
    <p class='ocr_par' dir='ltr' id='par_1_49' title="bbox 223 4601 1853 4678">
     <span class='ocr_line' id='line_1_49' title="bbox 223 4601 1853 4678; baseline -0.002 -21"><span class='ocrx_word' id='word_1_354' title='bbox 223 4606 335 4661; x_wconf 77' lang='lat' dir='ltr'><strong><em>tatis</em></strong></span> <span class='ocrx_word' id='word_1_355' title='bbox 370 4606 949 4678; x_wconf 77' lang='lat' dir='ltr'><strong><em>praenuntiationem,</em></strong></span> <span class='ocrx_word' id='word_1_356' title='bbox 986 4606 1091 4673; x_wconf 86' lang='lat' dir='ltr'><strong><em>Qui</em></strong></span> <span class='ocrx_word' id='word_1_357' title='bbox 1138 4605 1390 4673; x_wconf 65' lang='lat' dir='ltr'><strong><em>separati</em></strong></span> <span class='ocrx_word' id='word_1_358' title='bbox 1431 4604 1559 4656; x_wconf 88' lang='lat' dir='ltr'><strong><em>estis</em></strong></span> <span class='ocrx_word' id='word_1_359' title='bbox 1598 4604 1655 4656; x_wconf 88' lang='lat' dir='ltr'><strong><em>in</em></strong></span> <span class='ocrx_word' id='word_1_360' title='bbox 1708 4601 1853 4654; x_wconf 86' lang='lat' dir='ltr'><strong><em>diem</em></strong></span> 
     </span>
    </p>
   </div>
   <div class='ocr_carea' id='block_1_50' title="bbox 224 4689 1850 4767">
    <p class='ocr_par' dir='ltr' id='par_1_50' title="bbox 224 4689 1850 4767">
     <span class='ocr_line' id='line_1_50' title="bbox 224 4689 1850 4767; baseline -0.001 -23"><span class='ocrx_word' id='word_1_361' title='bbox 224 4695 477 4761; x_wconf 83' lang='lat' dir='ltr'><strong><em>malum,et</em></strong></span> <span class='ocrx_word' id='word_1_362' title='bbox 496 4696 961 4767; x_wconf 83' lang='lat' dir='ltr'><strong><em>appropinquatis</em></strong></span> <span class='ocrx_word' id='word_1_363' title='bbox 980 4693 1122 4749; x_wconf 86' lang='lat' dir='ltr'><strong><em>solio</em></strong></span> <span class='ocrx_word' id='word_1_364' title='bbox 1154 4693 1469 4764; x_wconf 80' lang='lat' dir='ltr'><strong><em>iniquitatis</em></strong></span> <span class='ocrx_word' id='word_1_365' title='bbox 1484 4708 1502 4750; x_wconf 85' lang='grc'><strong><em>,·</em></strong></span> <span class='ocrx_word' id='word_1_366' title='bbox 1526 4689 1764 4745; x_wconf 86' lang='lat' dir='ltr'><strong><em>alteram</em></strong></span> <span class='ocrx_word' id='word_1_367' title='bbox 1782 4689 1850 4743; x_wconf 87' lang='lat' dir='ltr'><strong><em>ad</em></strong></span> 
     </span>
    </p>
   </div>
   <div class='ocr_carea' id='block_1_51' title="bbox 223 4779 1847 4852">
    <p class='ocr_par' dir='ltr' id='par_1_51' title="bbox 223 4779 1847 4852">
     <span class='ocr_line' id='line_1_51' title="bbox 223 4779 1847 4852; baseline -0.001 -18"><span class='ocrx_word' id='word_1_368' title='bbox 223 4779 517 4852; x_wconf 86' lang='lat' dir='ltr'><strong><em>libidinem,</em></strong></span> <span class='ocrx_word' id='word_1_369' title='bbox 558 4786 666 4852; x_wconf 87' lang='lat' dir='ltr'><strong><em>Qui</em></strong></span> <span class='ocrx_word' id='word_1_370' title='bbox 694 4783 950 4837; x_wconf 83' lang='lat' dir='ltr'><strong><em>dormitis</em></strong></span> <span class='ocrx_word' id='word_1_371' title='bbox 980 4783 1039 4835; x_wconf 87' lang='lat' dir='ltr'><strong><em>in</em></strong></span> <span class='ocrx_word' id='word_1_372' title='bbox 1061 4783 1208 4835; x_wconf 64' lang='lat' dir='ltr'><strong><em>lectis</em></strong></span> <span class='ocrx_word' id='word_1_373' title='bbox 1244 4781 1525 4846; x_wconf 83' lang='lat' dir='ltr'><strong><em>eburneis,</em></strong></span> <span class='ocrx_word' id='word_1_374' title='bbox 1548 4788 1597 4833; x_wconf 87' lang='lat' dir='ltr'><strong><em>et</em></strong></span> <span class='ocrx_word' id='word_1_375' title='bbox 1631 4780 1847 4833; x_wconf 82' lang='lat' dir='ltr'><strong><em>lascivi-</em></strong></span> 
     </span>
    </p>
   </div>
   <div class='ocr_carea' id='block_1_52' title="bbox 226 4869 1848 4936">
    <p class='ocr_par' dir='ltr' id='par_1_52' title="bbox 226 4869 1848 4936">
     <span class='ocr_line' id='line_1_52' title="bbox 226 4869 1848 4936; baseline 0.001 -15"><span class='ocrx_word' id='word_1_376' title='bbox 226 4872 279 4923; x_wconf 82' lang='lat' dir='ltr'><strong><em>lis</em></strong></span> <span class='ocrx_word' id='word_1_377' title='bbox 303 4874 353 4927; x_wconf 87' lang='lat' dir='ltr'><strong><em>in</em></strong></span> <span class='ocrx_word' id='word_1_378' title='bbox 379 4877 603 4928; x_wconf 83' lang='lat' dir='ltr'><strong><em>stratris</em></strong></span> <span class='ocrx_word' id='word_1_379' title='bbox 635 4874 868 4936; x_wconf 76' lang='lat' dir='ltr'><strong><em>vestris,-</em></strong></span> <span class='ocrx_word' id='word_1_380' title='bbox 905 4872 973 4924; x_wconf 90' lang='lat' dir='ltr'><strong><em>ad</em></strong></span> <span class='ocrx_word' id='word_1_381' title='bbox 1011 4871 1382 4924; x_wconf 83' lang='lat' dir='ltr'><strong><em>voracitatem</em></strong></span> <span class='ocrx_word' id='word_1_382' title='bbox 1434 4884 1564 4921; x_wconf 87' lang='lat' dir='ltr'><strong><em>vero</em></strong></span> <span class='ocrx_word' id='word_1_383' title='bbox 1618 4869 1848 4922; x_wconf 87' lang='lat' dir='ltr'><strong><em>tertiam</em></strong></span> 
     </span>
    </p>
   </div>
   <div class='ocr_carea' id='block_1_53' title="bbox 223 4957 1851 5031">
    <p class='ocr_par' dir='ltr' id='par_1_53' title="bbox 223 4957 1851 5031">
     <span class='ocr_line' id='line_1_53' title="bbox 223 4957 1851 5031; baseline -0.001 -19"><span class='ocrx_word' id='word_1_384' title='bbox 223 4962 606 5031; x_wconf 85' lang='lat' dir='ltr'><strong><em>pertinentem,</em></strong></span> <span class='ocrx_word' id='word_1_385' title='bbox 641 4962 749 5029; x_wconf 86' lang='lat' dir='ltr'><strong><em>Qui</em></strong></span> <span class='ocrx_word' id='word_1_386' title='bbox 763 4960 1050 5015; x_wconf 87' lang='lat' dir='ltr'><strong><em>comeditis</em></strong></span> <span class='ocrx_word' id='word_1_387' title='bbox 1083 4974 1286 5028; x_wconf 85' lang='lat' dir='ltr'><strong><em>agnum</em></strong></span> <span class='ocrx_word' id='word_1_388' title='bbox 1321 4957 1385 5011; x_wconf 88' lang='lat' dir='ltr'><strong><em>de</em></strong></span> <span class='ocrx_word' id='word_1_389' title='bbox 1411 4972 1591 5026; x_wconf 86' lang='lat' dir='ltr'><strong><em>grege,</em></strong></span> <span class='ocrx_word' id='word_1_390' title='bbox 1624 4965 1674 5011; x_wconf 89' lang='lat' dir='ltr'><strong><em>et</em></strong></span> <span class='ocrx_word' id='word_1_391' title='bbox 1704 4959 1851 5011; x_wconf 84' lang='lat' dir='ltr'><strong><em>vitu-</em></strong></span> 
     </span>
    </p>
   </div>
   <div class='ocr_carea' id='block_1_54' title="bbox 225 5046 1849 5117">
    <p class='ocr_par' dir='ltr' id='par_1_54' title="bbox 225 5046 1849 5117">
     <span class='ocr_line' id='line_1_54' title="bbox 225 5046 1849 5117; baseline 0 -19"><span class='ocrx_word' id='word_1_392' title='bbox 225 5047 285 5101; x_wconf 83' lang='lat' dir='ltr'><strong><em>los</em></strong></span> <span class='ocrx_word' id='word_1_393' title='bbox 311 5052 369 5104; x_wconf 79' lang='lat' dir='ltr'><strong><em>de</em></strong></span> <span class='ocrx_word' id='word_1_394' title='bbox 394 5052 579 5106; x_wconf 87' lang='lat' dir='ltr'><strong><em>medio</em></strong></span> <span class='ocrx_word' id='word_1_395' title='bbox 621 5051 901 5105; x_wconf 85' lang='lat' dir='ltr'><strong><em>armenti:</em></strong></span> <span class='ocrx_word' id='word_1_396' title='bbox 936 5053 999 5102; x_wconf 90' lang='lat' dir='ltr'><strong><em>ut</em></strong></span> <span class='ocrx_word' id='word_1_397' title='bbox 1046 5048 1103 5101; x_wconf 90' lang='lat' dir='ltr'><strong><em>in</em></strong></span> <span class='ocrx_word' id='word_1_398' title='bbox 1138 5051 1418 5117; x_wconf 83' lang='lat' dir='ltr'><strong><em>potestate</em></strong></span> <span class='ocrx_word' id='word_1_399' title='bbox 1458 5046 1534 5099; x_wconf 87' lang='lat' dir='ltr'><strong><em>sit</em></strong></span> <span class='ocrx_word' id='word_1_400' title='bbox 1589 5062 1849 5115; x_wconf 85' lang='lat' dir='ltr'><strong><em>pronun-</em></strong></span> 
     </span>
    </p>
   </div>
   <div class='ocr_carea' id='block_1_55' title="bbox 225 5134 1848 5210">
    <p class='ocr_par' dir='ltr' id='par_1_55' title="bbox 225 5134 1848 5210">
     <span class='ocr_line' id='line_1_55' title="bbox 225 5134 1848 5210; baseline 0 -23"><span class='ocrx_word' id='word_1_401' title='bbox 225 5136 417 5206; x_wconf 75' lang='lat' dir='ltr'><strong><em>tiantis,</em></strong></span> <span class='ocrx_word' id='word_1_402' title='bbox 446 5146 651 5195; x_wconf 87' lang='lat' dir='ltr'><strong><em>utrum</em></strong></span> <span class='ocrx_word' id='word_1_403' title='bbox 680 5137 914 5210; x_wconf 86' lang='lat' dir='ltr'><strong><em>singula</em></strong></span> <span class='ocrx_word' id='word_1_404' title='bbox 948 5136 1129 5205; x_wconf 79' lang='lat' dir='ltr'><strong><em>finiat,</em></strong></span> <span class='ocrx_word' id='word_1_405' title='bbox 1154 5139 1211 5191; x_wconf 88' lang='lat' dir='ltr'><strong><em>et</em></strong></span> <span class='ocrx_word' id='word_1_406' title='bbox 1242 5135 1505 5188; x_wconf 83' lang='lat' dir='ltr'><strong><em>membra</em></strong></span> <span class='ocrx_word' id='word_1_407' title='bbox 1552 5134 1672 5187; x_wconf 88' lang='lat' dir='ltr'><strong><em>sint</em></strong></span> <span class='ocrx_word' id='word_1_408' title='bbox 1727 5150 1848 5203; x_wconf 87' lang='lat' dir='ltr'><strong><em>sex,</em></strong></span> 
     </span>
    </p>
   </div>
   <div class='ocr_carea' id='block_1_56' title="bbox 224 5224 1846 5295">
    <p class='ocr_par' dir='ltr' id='par_1_56' title="bbox 224 5224 1846 5295">
     <span class='ocr_line' id='line_1_56' title="bbox 224 5224 1846 5295; baseline -0.002 -16"><span class='ocrx_word' id='word_1_409' title='bbox 224 5240 281 5279; x_wconf 77' lang='lat' dir='ltr'><strong><em>an</em></strong></span> <span class='ocrx_word' id='word_1_410' title='bbox 306 5229 549 5295; x_wconf 82' lang='lat' dir='ltr'><strong><em>primum</em></strong></span> <span class='ocrx_word' id='word_1_411' title='bbox 576 5232 637 5283; x_wconf 90' lang='lat' dir='ltr'><strong><em>et</em></strong></span> <span class='ocrx_word' id='word_1_412' title='bbox 667 5226 907 5283; x_wconf 88' lang='lat' dir='ltr'><strong><em>tertium</em></strong></span> <span class='ocrx_word' id='word_1_413' title='bbox 956 5230 1013 5280; x_wconf 90' lang='lat' dir='ltr'><strong><em>et</em></strong></span> <span class='ocrx_word' id='word_1_414' title='bbox 1036 5225 1305 5294; x_wconf 88' lang='lat' dir='ltr'><strong><em>quintum</em></strong></span> <span class='ocrx_word' id='word_1_415' title='bbox 1339 5239 1475 5277; x_wconf 90' lang='lat' dir='ltr'><strong><em>voce</em></strong></span> <span class='ocrx_word' id='word_1_416' title='bbox 1506 5224 1846 5293; x_wconf 87' lang='lat' dir='ltr'><strong><em>suspendat,</em></strong></span> 
     </span>
    </p>
   </div>
   <div class='ocr_carea' id='block_1_57' title="bbox 226 5311 1846 5388">
    <p class='ocr_par' dir='ltr' id='par_1_57' title="bbox 226 5311 1846 5388">
     <span class='ocr_line' id='line_1_57' title="bbox 226 5311 1846 5388; baseline 0.001 -24"><span class='ocrx_word' id='word_1_417' title='bbox 226 5318 269 5366; x_wconf 84' lang='lat' dir='ltr'><strong><em>et</em></strong></span> <span class='ocrx_word' id='word_1_418' title='bbox 291 5320 604 5373; x_wconf 84' lang='lat' dir='ltr'><strong><em>secundum</em></strong></span> <span class='ocrx_word' id='word_1_419' title='bbox 651 5315 1147 5388; x_wconf 88' lang='lat' dir='ltr'><strong><em>primo,quartum</em></strong></span> <span class='ocrx_word' id='word_1_420' title='bbox 1179 5312 1607 5378; x_wconf 82' lang='lat' dir='ltr'><strong><em>tertio,sextum</em></strong></span> <span class='ocrx_word' id='word_1_421' title='bbox 1641 5311 1846 5381; x_wconf 89' lang='lat' dir='ltr'><strong><em>quinto</em></strong></span> 
     </span>
    </p>
   </div>
   <div class='ocr_carea' id='block_1_58' title="bbox 225 5400 1847 5476">
    <p class='ocr_par' dir='ltr' id='par_1_58' title="bbox 225 5400 1847 5476">
     <span class='ocr_line' id='line_1_58' title="bbox 225 5400 1847 5476; baseline 0.001 -21"><span class='ocrx_word' id='word_1_422' title='bbox 225 5408 607 5476; x_wconf 80' lang='lat' dir='ltr'><strong><em>connectendo,</em></strong></span> <span class='ocrx_word' id='word_1_423' title='bbox 658 5411 775 5459; x_wconf 90' lang='lat' dir='ltr'><strong><em>tres</em></strong></span> <span class='ocrx_word' id='word_1_424' title='bbox 835 5402 1197 5457; x_wconf 88' lang='lat' dir='ltr'><strong><em>bimembres</em></strong></span> <span class='ocrx_word' id='word_1_425' title='bbox 1245 5400 1527 5455; x_wconf 88' lang='lat' dir='ltr'><strong><em>circuitus</em></strong></span> <span class='ocrx_word' id='word_1_426' title='bbox 1562 5400 1847 5456; x_wconf 89' lang='lat' dir='ltr'><strong><em>decentis-</em></strong></span> 
     </span>
    </p>
   </div>
   <div class='ocr_carea' id='block_1_59' title="bbox 226 5488 1845 5563">
    <p class='ocr_par' dir='ltr' id='par_1_59' title="bbox 226 5488 1845 5563">
     <span class='ocr_line' id='line_1_59' title="bbox 226 5488 1845 5563; baseline -0.001 -16"><span class='ocrx_word' id='word_1_427' title='bbox 226 5491 341 5548; x_wconf 70' lang='lat' dir='ltr'><strong><em>sime</em></strong></span> <span class='ocrx_word' id='word_1_428' title='bbox 369 5495 579 5551; x_wconf 87' lang='lat' dir='ltr'><strong><em>faciat:</em></strong></span> <span class='ocrx_word' id='word_1_429' title='bbox 613 5510 797 5548; x_wconf 92' lang='lat' dir='ltr'><strong><em>unum</em></strong></span> <span class='ocrx_word' id='word_1_430' title='bbox 832 5507 948 5563; x_wconf 90' lang='lat' dir='ltr'><strong><em>quo</em></strong></span> <span class='ocrx_word' id='word_1_431' title='bbox 981 5489 1285 5546; x_wconf 87' lang='lat' dir='ltr'><strong><em>calamitas</em></strong></span> <span class='ocrx_word' id='word_1_432' title='bbox 1337 5488 1676 5556; x_wconf 89' lang='lat' dir='ltr'><strong><em>imminens,</em></strong></span> <span class='ocrx_word' id='word_1_433' title='bbox 1707 5489 1845 5545; x_wconf 85' lang='lat' dir='ltr'><strong><em>alte-</em></strong></span> 
     </span>
    </p>
   </div>
   <div class='ocr_carea' id='block_1_60' title="bbox 226 5579 1849 5655">
    <p class='ocr_par' dir='ltr' id='par_1_60' title="bbox 226 5579 1849 5655">
     <span class='ocr_line' id='line_1_60' title="bbox 226 5579 1849 5655; baseline -0.001 -19"><span class='ocrx_word' id='word_1_434' title='bbox 226 5594 327 5636; x_wconf 82' lang='lat' dir='ltr'><strong><em>rum</em></strong></span> <span class='ocrx_word' id='word_1_435' title='bbox 371 5600 482 5655; x_wconf 90' lang='lat' dir='ltr'><strong><em>quo</em></strong></span> <span class='ocrx_word' id='word_1_436' title='bbox 536 5583 725 5639; x_wconf 85' lang='lat' dir='ltr'><strong><em>lectus</em></strong></span> <span class='ocrx_word' id='word_1_437' title='bbox 775 5582 1071 5654; x_wconf 88' lang='lat' dir='ltr'><strong><em>impurus,</em></strong></span> <span class='ocrx_word' id='word_1_438' title='bbox 1140 5579 1379 5634; x_wconf 83' lang='lat' dir='ltr'><strong><em>tertium</em></strong></span> <span class='ocrx_word' id='word_1_439' title='bbox 1440 5594 1556 5649; x_wconf 91' lang='lat' dir='ltr'><strong><em>quo</em></strong></span> <span class='ocrx_word' id='word_1_440' title='bbox 1606 5579 1849 5651; x_wconf 87' lang='lat' dir='ltr'><strong><em>prodiga</em></strong></span> 
     </span>
    </p>
   </div>
   <div class='ocr_carea' id='block_1_61' title="bbox 229 5676 806 5730">
    <p class='ocr_par' dir='ltr' id='par_1_61' title="bbox 229 5676 806 5730">
     <span class='ocr_line' id='line_1_61' title="bbox 229 5676 806 5730; baseline 0.009 -8"><span class='ocrx_word' id='word_1_441' title='bbox 229 5683 397 5728; x_wconf 80' lang='lat' dir='ltr'><strong><em>mensa</em></strong></span> <span class='ocrx_word' id='word_1_442' title='bbox 426 5676 806 5730; x_wconf 84' lang='lat' dir='ltr'><strong><em>monstretur.</em></strong></span> 
     </span>
    </p>
   </div>
   <div class='ocr_carea' id='block_1_62' title="bbox 284 5757 1846 5829">
    <p class='ocr_par' dir='ltr' id='par_1_62' title="bbox 284 5757 1846 5829">
     <span class='ocr_line' id='line_1_62' title="bbox 284 5757 1846 5829; baseline 0.001 -18"><span class='ocrx_word' id='word_1_443' title='bbox 284 5760 354 5812; x_wconf 80' lang='grc'><strong><em>19.</em></strong></span> <span class='ocrx_word' id='word_1_444' title='bbox 378 5762 595 5819; x_wconf 89' lang='lat' dir='ltr'><strong><em>Deinde</em></strong></span> <span class='ocrx_word' id='word_1_445' title='bbox 625 5759 995 5819; x_wconf 81' lang='lat' dir='ltr'><strong><em>luxuriosam</em></strong></span> <span class='ocrx_word' id='word_1_446' title='bbox 1018 5757 1311 5815; x_wconf 89' lang='lat' dir='ltr'><strong><em>remordet</em></strong></span> <span class='ocrx_word' id='word_1_447' title='bbox 1330 5757 1560 5812; x_wconf 88' lang='lat' dir='ltr'><strong><em>aurium</em></strong></span> <span class='ocrx_word' id='word_1_448' title='bbox 1582 5757 1846 5829; x_wconf 91' lang='lat' dir='ltr'><strong><em>volupta-</em></strong></span> 
     </span>
    </p>
   </div>
   <div class='ocr_carea' id='block_1_63' title="bbox 232 5846 1843 5918">
    <p class='ocr_par' dir='ltr' id='par_1_63' title="bbox 232 5846 1843 5918">
     <span class='ocr_line' id='line_1_63' title="bbox 232 5846 1843 5918; baseline -0.001 -15"><span class='ocrx_word' id='word_1_449' title='bbox 232 5850 447 5907; x_wconf 51' lang='grc' dir='ltr'><strong><em>καί]ὺί</em></strong></span> <span class='ocrx_word' id='word_1_450' title='bbox 480 5870 609 5909; x_wconf 87' lang='lat' dir='ltr'><strong><em>cum</em></strong></span> <span class='ocrx_word' id='word_1_451' title='bbox 641 5849 1026 5916; x_wconf 83' lang='lat' dir='ltr'><strong><em>dixisset,Qui</em></strong></span> <span class='ocrx_word' id='word_1_452' title='bbox 1039 5849 1243 5905; x_wconf 86' lang='lat' dir='ltr'><strong><em>canitis</em></strong></span> <span class='ocrx_word' id='word_1_453' title='bbox 1272 5846 1346 5904; x_wconf 84' lang='lat' dir='ltr'><strong><em>ad</em></strong></span> <span class='ocrx_word' id='word_1_454' title='bbox 1368 5863 1547 5902; x_wconf 87' lang='lat' dir='ltr'><strong><em>vocem</em></strong></span> <span class='ocrx_word' id='word_1_455' title='bbox 1573 5847 1843 5918; x_wconf 78' lang='lat' dir='ltr'><strong><em>psalterii,</em></strong></span> 
     </span>
    </p>
   </div>
   <div class='ocr_carea' id='block_1_64' title="bbox 1950 425 3603 499">
    <p class='ocr_par' dir='ltr' id='par_1_64' title="bbox 1950 425 3603 499">
     <span class='ocr_line' id='line_1_64' title="bbox 1950 425 3603 499; baseline 0.006 -23"><span class='ocrx_word' id='word_1_456' title='bbox 1950 426 2224 494; x_wconf 88' lang='lat' dir='ltr'><strong><em>quoniam</em></strong></span> <span class='ocrx_word' id='word_1_457' title='bbox 2255 431 2440 495; x_wconf 83' lang='lat' dir='ltr'><strong><em>potest</em></strong></span> <span class='ocrx_word' id='word_1_458' title='bbox 2461 425 2709 480; x_wconf 81' lang='lat' dir='ltr'><strong><em>exerceri</em></strong></span> <span class='ocrx_word' id='word_1_459' title='bbox 2728 427 3021 496; x_wconf 87' lang='lat' dir='ltr'><strong><em>sapienter</em></strong></span> <span class='ocrx_word' id='word_1_460' title='bbox 3039 445 3069 481; x_wconf 86' lang='lat' dir='ltr'><strong><em>a</em></strong></span> <span class='ocrx_word' id='word_1_461' title='bbox 3087 428 3451 499; x_wconf 88' lang='lat' dir='ltr'><strong><em>sapientibus</em></strong></span> <span class='ocrx_word' id='word_1_462' title='bbox 3474 447 3603 486; x_wconf 91' lang='lat' dir='ltr'><strong><em>mu-</em></strong></span> 
     </span>
    </p>
   </div>
   <div class='ocr_carea' id='block_1_65' title="bbox 1951 513 3600 591">
    <p class='ocr_par' dir='ltr' id='par_1_65' title="bbox 1951 513 3600 591">
     <span class='ocr_line' id='line_1_65' title="bbox 1951 513 3600 591; baseline 0.005 -23"><span class='ocrx_word' id='word_1_463' title='bbox 1951 513 2090 576; x_wconf 88' lang='lat' dir='ltr'><strong><em>sica,</em></strong></span> <span class='ocrx_word' id='word_1_464' title='bbox 2126 515 2377 569; x_wconf 89' lang='lat' dir='ltr'><strong><em>mirabili</em></strong></span> <span class='ocrx_word' id='word_1_465' title='bbox 2410 515 2613 569; x_wconf 90' lang='lat' dir='ltr'><strong><em>decore</em></strong></span> <span class='ocrx_word' id='word_1_466' title='bbox 2663 517 2915 583; x_wconf 88' lang='lat' dir='ltr'><strong><em>dicendi,</em></strong></span> <span class='ocrx_word' id='word_1_467' title='bbox 2978 518 3320 573; x_wconf 90' lang='lat' dir='ltr'><strong><em>invectionis</em></strong></span> <span class='ocrx_word' id='word_1_468' title='bbox 3376 520 3600 591; x_wconf 86' lang='lat' dir='ltr'><strong><em>impetu</em></strong></span> 
     </span>
    </p>
   </div>
   <div class='ocr_carea' id='block_1_66' title="bbox 1957 601 3604 677">
    <p class='ocr_par' dir='ltr' id='par_1_66' title="bbox 1957 601 3604 677">
     <span class='ocr_line' id='line_1_66' title="bbox 1957 601 3604 677; baseline 0.004 -21"><span class='ocrx_word' id='word_1_469' title='bbox 1957 601 2231 671; x_wconf 85' lang='lat' dir='ltr'><strong><em>relaxato,</em></strong></span> <span class='ocrx_word' id='word_1_470' title='bbox 2274 608 2329 657; x_wconf 89' lang='lat' dir='ltr'><strong><em>et</em></strong></span> <span class='ocrx_word' id='word_1_471' title='bbox 2360 620 2475 657; x_wconf 86' lang='lat' dir='ltr'><strong><em>non</em></strong></span> <span class='ocrx_word' id='word_1_472' title='bbox 2509 605 2577 656; x_wconf 90' lang='lat' dir='ltr'><strong><em>ad</em></strong></span> <span class='ocrx_word' id='word_1_473' title='bbox 2616 603 2767 667; x_wconf 87' lang='lat' dir='ltr'><strong><em>illos,</em></strong></span> <span class='ocrx_word' id='word_1_474' title='bbox 2800 605 2898 658; x_wconf 88' lang='lat' dir='ltr'><strong><em>sed</em></strong></span> <span class='ocrx_word' id='word_1_475' title='bbox 2932 606 3002 658; x_wconf 90' lang='lat' dir='ltr'><strong><em>de</em></strong></span> <span class='ocrx_word' id='word_1_476' title='bbox 3034 605 3151 660; x_wconf 92' lang='lat' dir='ltr'><strong><em>illis</em></strong></span> <span class='ocrx_word' id='word_1_477' title='bbox 3175 607 3299 674; x_wconf 81' lang='lat' dir='ltr'><strong><em>jam</em></strong></span> <span class='ocrx_word' id='word_1_478' title='bbox 3334 607 3604 677; x_wconf 88' lang='lat' dir='ltr'><strong><em>loquens,</em></strong></span> 
     </span>
    </p>
   </div>
   <div class='ocr_carea' id='block_1_67' title="bbox 1958 692 3607 762">
    <p class='ocr_par' dir='ltr' id='par_1_67' title="bbox 1958 692 3607 762">
     <span class='ocr_line' id='line_1_67' title="bbox 1958 692 3607 762; baseline 0.005 -18"><span class='ocrx_word' id='word_1_479' title='bbox 1958 697 2022 744; x_wconf 90' lang='lat' dir='ltr'><strong><em>ut</em></strong></span> <span class='ocrx_word' id='word_1_480' title='bbox 2043 708 2148 745; x_wconf 91' lang='lat' dir='ltr'><strong><em>nos</em></strong></span> <span class='ocrx_word' id='word_1_481' title='bbox 2172 692 2456 746; x_wconf 86' lang='lat' dir='ltr'><strong><em>musicam</em></strong></span> <span class='ocrx_word' id='word_1_482' title='bbox 2488 693 2769 762; x_wconf 86' lang='lat' dir='ltr'><strong><em>sapientis</em></strong></span> <span class='ocrx_word' id='word_1_483' title='bbox 2795 711 2827 745; x_wconf 88' lang='lat' dir='ltr'><strong><em>a</em></strong></span> <span class='ocrx_word' id='word_1_484' title='bbox 2860 694 3083 747; x_wconf 84' lang='lat' dir='ltr'><strong><em>musica</em></strong></span> <span class='ocrx_word' id='word_1_485' title='bbox 3114 695 3463 751; x_wconf 83' lang='lat' dir='ltr'><strong><em>luxuriantis</em></strong></span> <span class='ocrx_word' id='word_1_486' title='bbox 3489 698 3607 752; x_wconf 85' lang='lat' dir='ltr'><strong><em>dis-</em></strong></span> 
     </span>
    </p>
   </div>
   <div class='ocr_carea' id='block_1_68' title="bbox 1957 780 3609 849">
    <p class='ocr_par' dir='ltr' id='par_1_68' title="bbox 1957 780 3609 849">
     <span class='ocr_line' id='line_1_68' title="bbox 1957 780 3609 849; baseline 0.005 -16"><span class='ocrx_word' id='word_1_487' title='bbox 1957 780 2224 849; x_wconf 83' lang='lat' dir='ltr'><strong><em>tinguere</em></strong></span> <span class='ocrx_word' id='word_1_488' title='bbox 2254 786 2791 847; x_wconf 85' lang='lat' dir='ltr'><strong><em>commoneret,nou</em></strong></span> <span class='ocrx_word' id='word_1_489' title='bbox 2827 781 3042 847; x_wconf 76' lang='lat' dir='ltr'><strong><em>ait,Qui</em></strong></span> <span class='ocrx_word' id='word_1_490' title='bbox 3077 784 3284 838; x_wconf 87' lang='lat' dir='ltr'><strong><em>canitis</em></strong></span> <span class='ocrx_word' id='word_1_491' title='bbox 3318 787 3388 838; x_wconf 89' lang='lat' dir='ltr'><strong><em>ad</em></strong></span> <span class='ocrx_word' id='word_1_492' title='bbox 3412 802 3609 842; x_wconf 90' lang='lat' dir='ltr'><strong><em>vocem</em></strong></span> 
     </span>
    </p>
   </div>
   <div class='ocr_carea' id='block_1_69' title="bbox 1959 868 3610 939">
    <p class='ocr_par' dir='ltr' id='par_1_69' title="bbox 1959 868 3610 939">
     <span class='ocr_line' id='line_1_69' title="bbox 1959 868 3610 939; baseline 0.005 -18"><span class='ocrx_word' id='word_1_493' title='bbox 1959 868 2303 938; x_wconf 87' lang='lat' dir='ltr'><strong><em>psalterii,et</em></strong></span> <span class='ocrx_word' id='word_1_494' title='bbox 2333 869 2483 923; x_wconf 87' lang='lat' dir='ltr'><strong><em>sicut</em></strong></span> <span class='ocrx_word' id='word_1_495' title='bbox 2516 869 2693 922; x_wconf 88' lang='lat' dir='ltr'><strong><em>David</em></strong></span> <span class='ocrx_word' id='word_1_496' title='bbox 2723 871 2939 939; x_wconf 85' lang='lat' dir='ltr'><strong><em>putatis</em></strong></span> <span class='ocrx_word' id='word_1_497' title='bbox 2960 887 3062 925; x_wconf 90' lang='lat' dir='ltr'><strong><em>vos</em></strong></span> <span class='ocrx_word' id='word_1_498' title='bbox 3086 872 3449 929; x_wconf 86' lang='lat' dir='ltr'><strong><em>baberevasa</em></strong></span> <span class='ocrx_word' id='word_1_499' title='bbox 3467 892 3610 930; x_wconf 88' lang='lat' dir='ltr'><strong><em>can-</em></strong></span> 
     </span>
    </p>
   </div>
   <div class='ocr_carea' id='block_1_70' title="bbox 1957 956 3606 1027">
    <p class='ocr_par' dir='ltr' id='par_1_70' title="bbox 1957 956 3606 1027">
     <span class='ocr_line' id='line_1_70' title="bbox 1957 956 3606 1027; baseline 0.007 -19"><span class='ocrx_word' id='word_1_500' title='bbox 1957 957 2090 1010; x_wconf 88' lang='lat' dir='ltr'><strong><em>tici:</em></strong></span> <span class='ocrx_word' id='word_1_501' title='bbox 2126 958 2222 1011; x_wconf 92' lang='lat' dir='ltr'><strong><em>sed</em></strong></span> <span class='ocrx_word' id='word_1_502' title='bbox 2258 974 2388 1010; x_wconf 89' lang='lat' dir='ltr'><strong><em>cum</em></strong></span> <span class='ocrx_word' id='word_1_503' title='bbox 2410 956 2550 1010; x_wconf 90' lang='lat' dir='ltr'><strong><em>illud</em></strong></span> <span class='ocrx_word' id='word_1_504' title='bbox 2584 958 2653 1010; x_wconf 86' lang='lat' dir='ltr'><strong><em>ad</em></strong></span> <span class='ocrx_word' id='word_1_505' title='bbox 2689 956 2817 1010; x_wconf 90' lang='lat' dir='ltr'><strong><em>illos</em></strong></span> <span class='ocrx_word' id='word_1_506' title='bbox 2847 960 3111 1025; x_wconf 85' lang='lat' dir='ltr'><strong><em>dixisset,</em></strong></span> <span class='ocrx_word' id='word_1_507' title='bbox 3136 962 3287 1027; x_wconf 85' lang='lat' dir='ltr'><strong><em>quod</em></strong></span> <span class='ocrx_word' id='word_1_508' title='bbox 3320 963 3606 1019; x_wconf 85' lang='lat' dir='ltr'><strong><em>luxuriosi</em></strong></span> 
     </span>
    </p>
   </div>
   <div class='ocr_carea' id='block_1_71' title="bbox 1959 1045 3607 1118">
    <p class='ocr_par' dir='ltr' id='par_1_71' title="bbox 1959 1045 3607 1118">
     <span class='ocr_line' id='line_1_71' title="bbox 1959 1045 3607 1118; baseline 0.005 -20"><span class='ocrx_word' id='word_1_509' title='bbox 1959 1045 2160 1098; x_wconf 86' lang='lat' dir='ltr'><strong><em>audire</em></strong></span> <span class='ocrx_word' id='word_1_510' title='bbox 2182 1046 2473 1109; x_wconf 87' lang='lat' dir='ltr'><strong><em>deberent,</em></strong></span> <span class='ocrx_word' id='word_1_511' title='bbox 2510 1046 2613 1111; x_wconf 85' lang='lat' dir='ltr'><strong><em>Qui</em></strong></span> <span class='ocrx_word' id='word_1_512' title='bbox 2640 1047 2837 1099; x_wconf 77' lang='lat' dir='ltr'><strong><em>canitis</em></strong></span> <span class='ocrx_word' id='word_1_513' title='bbox 2866 1047 2937 1099; x_wconf 84' lang='lat' dir='ltr'><strong><em>ad</em></strong></span> <span class='ocrx_word' id='word_1_514' title='bbox 2971 1063 3147 1101; x_wconf 79' lang='lat' dir='ltr'><strong><em>vocem</em></strong></span> <span class='ocrx_word' id='word_1_515' title='bbox 3174 1050 3448 1118; x_wconf 80' lang='lat' dir='ltr'><strong><em>psalterii,</em></strong></span> <span class='ocrx_word' id='word_1_516' title='bbox 3489 1051 3607 1107; x_wconf 90' lang='lat' dir='ltr'><strong><em>im-</em></strong></span> 
     </span>
    </p>
   </div>
   <div class='ocr_carea' id='block_1_72' title="bbox 1960 1133 3604 1205">
    <p class='ocr_par' dir='ltr' id='par_1_72' title="bbox 1960 1133 3604 1205">
     <span class='ocr_line' id='line_1_72' title="bbox 1960 1133 3604 1205; baseline 0.005 -19"><span class='ocrx_word' id='word_1_517' title='bbox 1960 1133 2227 1202; x_wconf 88' lang='lat' dir='ltr'><strong><em>peritiam</em></strong></span> <span class='ocrx_word' id='word_1_518' title='bbox 2262 1150 2490 1203; x_wconf 91' lang='lat' dir='ltr'><strong><em>quoque</em></strong></span> <span class='ocrx_word' id='word_1_519' title='bbox 2524 1150 2723 1186; x_wconf 90' lang='lat' dir='ltr'><strong><em>eorum</em></strong></span> <span class='ocrx_word' id='word_1_520' title='bbox 2759 1134 2887 1189; x_wconf 88' lang='lat' dir='ltr'><strong><em>aliis</em></strong></span> <span class='ocrx_word' id='word_1_521' title='bbox 2919 1136 3351 1205; x_wconf 79' lang='lat' dir='ltr'><strong><em>quodammodo</em></strong></span> <span class='ocrx_word' id='word_1_522' title='bbox 3384 1138 3604 1195; x_wconf 88' lang='lat' dir='ltr'><strong><em>indica-</em></strong></span> 
     </span>
    </p>
   </div>
   <div class='ocr_carea' id='block_1_73' title="bbox 1958 1222 3607 1291">
    <p class='ocr_par' dir='ltr' id='par_1_73' title="bbox 1958 1222 3607 1291">
     <span class='ocr_line' id='line_1_73' title="bbox 1958 1222 3607 1291; baseline 0.006 -18"><span class='ocrx_word' id='word_1_523' title='bbox 1958 1222 2060 1286; x_wconf 87' lang='lat' dir='ltr'><strong><em>vit,</em></strong></span> <span class='ocrx_word' id='word_1_524' title='bbox 2092 1222 2438 1291; x_wconf 81' lang='lat' dir='ltr'><strong><em>adjungens,</em></strong></span> <span class='ocrx_word' id='word_1_525' title='bbox 2466 1222 2618 1275; x_wconf 81' lang='lat' dir='ltr'><strong><em>Sic-ut</em></strong></span> <span class='ocrx_word' id='word_1_526' title='bbox 2633 1222 2804 1275; x_wconf 86' lang='lat' dir='ltr'><strong><em>David</em></strong></span> <span class='ocrx_word' id='word_1_527' title='bbox 2827 1227 3157 1289; x_wconf 80' lang='lat' dir='ltr'><strong><em>putaverunt</em></strong></span> <span class='ocrx_word' id='word_1_528' title='bbox 3176 1242 3231 1279; x_wconf 89' lang='lat' dir='ltr'><strong><em>se</em></strong></span> <span class='ocrx_word' id='word_1_529' title='bbox 3247 1227 3447 1281; x_wconf 86' lang='lat' dir='ltr'><strong><em>habere</em></strong></span> <span class='ocrx_word' id='word_1_530' title='bbox 3476 1245 3607 1284; x_wconf 81' lang='lat' dir='ltr'><strong><em>vasa</em></strong></span> 
     </span>
    </p>
   </div>
   <div class='ocr_carea' id='block_1_74' title="bbox 1959 1311 3610 1385">
    <p class='ocr_par' dir='ltr' id='par_1_74' title="bbox 1959 1311 3610 1385">
     <span class='ocr_line' id='line_1_74' title="bbox 1959 1311 3610 1385; baseline 0.005 -22"><span class='ocrx_word' id='word_1_531' title='bbox 1959 1312 2182 1374; x_wconf 87' lang='lat' dir='ltr'><strong><em>cantici,</em></strong></span> <span class='ocrx_word' id='word_1_532' title='bbox 2217 1312 2453 1364; x_wconf 86' lang='lat' dir='ltr'><strong><em>bibentes</em></strong></span> <span class='ocrx_word' id='word_1_533' title='bbox 2474 1313 2534 1364; x_wconf 87' lang='lat' dir='ltr'><strong><em>in</em></strong></span> <span class='ocrx_word' id='word_1_534' title='bbox 2559 1311 2768 1380; x_wconf 79' lang='lat' dir='ltr'><strong><em>phiatis</em></strong></span> <span class='ocrx_word' id='word_1_535' title='bbox 2800 1314 3004 1376; x_wconf 81' lang='lat' dir='ltr'><strong><em>uinum,</em></strong></span> <span class='ocrx_word' id='word_1_536' title='bbox 3032 1317 3083 1365; x_wconf 86' lang='lat' dir='ltr'><strong><em>ct</em></strong></span> <span class='ocrx_word' id='word_1_537' title='bbox 3105 1316 3306 1384; x_wconf 88' lang='lat' dir='ltr'><strong><em>optimo</em></strong></span> <span class='ocrx_word' id='word_1_538' title='bbox 3336 1320 3610 1385; x_wconf 83' lang='lat' dir='ltr'><strong><em>unguento</em></strong></span> 
     </span>
    </p>
   </div>
   <div class='ocr_carea' id='block_1_75' title="bbox 1960 1397 3611 1476">
    <p class='ocr_par' dir='ltr' id='par_1_75' title="bbox 1960 1397 3611 1476">
     <span class='ocr_line' id='line_1_75' title="bbox 1960 1397 3611 1476; baseline 0.006 -26"><span class='ocrx_word' id='word_1_539' title='bbox 1960 1397 2210 1451; x_wconf 82' lang='lat' dir='ltr'><strong><em>delibuti.</em></strong></span> <span class='ocrx_word' id='word_1_540' title='bbox 2246 1398 2381 1451; x_wconf 90' lang='lat' dir='ltr'><strong><em>Tria</em></strong></span> <span class='ocrx_word' id='word_1_541' title='bbox 2411 1398 2529 1451; x_wconf 52' lang='lat' dir='ltr'><strong><em>haec</em></strong></span> <span class='ocrx_word' id='word_1_542' title='bbox 2564 1402 2773 1452; x_wconf 79' lang='lat' dir='ltr'><strong><em>melius</em></strong></span> <span class='ocrx_word' id='word_1_543' title='bbox 2806 1400 3333 1471; x_wconf 83' lang='lat' dir='ltr'><strong><em>pronuntiantur,si</em></strong></span> <span class='ocrx_word' id='word_1_544' title='bbox 3356 1419 3611 1476; x_wconf 89' lang='lat' dir='ltr'><strong><em>suspen-</em></strong></span> 
     </span>
    </p>
   </div>
   <div class='ocr_carea' id='block_1_76' title="bbox 1963 1483 3613 1556">
    <p class='ocr_par' dir='ltr' id='par_1_76' title="bbox 1963 1483 3613 1556">
     <span class='ocr_line' id='line_1_76' title="bbox 1963 1483 3613 1556; baseline 0.007 -20"><span class='ocrx_word' id='word_1_545' title='bbox 1963 1483 2044 1538; x_wconf 88' lang='lat' dir='ltr'><strong><em>sis</em></strong></span> <span class='ocrx_word' id='word_1_546' title='bbox 2078 1485 2307 1539; x_wconf 88' lang='lat' dir='ltr'><strong><em>duobus</em></strong></span> <span class='ocrx_word' id='word_1_547' title='bbox 2340 1484 2630 1555; x_wconf 87' lang='lat' dir='ltr'><strong><em>prioribus</em></strong></span> <span class='ocrx_word' id='word_1_548' title='bbox 2656 1487 2936 1540; x_wconf 85' lang='lat' dir='ltr'><strong><em>membris</em></strong></span> <span class='ocrx_word' id='word_1_549' title='bbox 2964 1487 3271 1556; x_wconf 83' lang='lat' dir='ltr'><strong><em>circuitus,</em></strong></span> <span class='ocrx_word' id='word_1_550' title='bbox 3324 1493 3495 1546; x_wconf 87' lang='lat' dir='ltr'><strong><em>tertio</em></strong></span> <span class='ocrx_word' id='word_1_551' title='bbox 3545 1491 3613 1546; x_wconf 82' lang='lat' dir='ltr'><strong>ﬁ-</strong></span> 
     </span>
    </p>
   </div>
   <div class='ocr_carea' id='block_1_77' title="bbox 1964 1573 2222 1626">
    <p class='ocr_par' dir='ltr' id='par_1_77' title="bbox 1964 1573 2222 1626">
     <span class='ocr_line' id='line_1_77' title="bbox 1964 1573 2222 1626; baseline 0 -1"><span class='ocrx_word' id='word_1_552' title='bbox 1964 1573 2222 1626; x_wconf 88' lang='lat' dir='ltr'><strong><em>niantur.</em></strong></span> 
     </span>
    </p>
   </div>
   <div class='ocr_carea' id='block_1_78' title="bbox 2032 1662 3611 1735">
    <p class='ocr_par' dir='ltr' id='par_1_78' title="bbox 2032 1662 3611 1735">
     <span class='ocr_line' id='line_1_78' title="bbox 2032 1662 3611 1735; baseline 0.006 -20"><span class='ocrx_word' id='word_1_553' title='bbox 2032 1662 2121 1715; x_wconf 86' lang='lat'><strong><em>20.</em></strong></span> <span class='ocrx_word' id='word_1_554' title='bbox 2154 1662 2285 1715; x_wconf 88' lang='lat' dir='ltr'><strong><em>Jam</em></strong></span> <span class='ocrx_word' id='word_1_555' title='bbox 2316 1678 2448 1715; x_wconf 88' lang='lat' dir='ltr'><strong><em>vero</em></strong></span> <span class='ocrx_word' id='word_1_556' title='bbox 2477 1663 2630 1731; x_wconf 91' lang='lat' dir='ltr'><strong><em>quod</em></strong></span> <span class='ocrx_word' id='word_1_557' title='bbox 2668 1663 2757 1717; x_wconf 87' lang='lat' dir='ltr'><strong><em>his</em></strong></span> <span class='ocrx_word' id='word_1_558' title='bbox 2782 1664 3057 1718; x_wconf 89' lang='lat' dir='ltr'><strong><em>omnibus</em></strong></span> <span class='ocrx_word' id='word_1_559' title='bbox 3090 1667 3383 1735; x_wconf 79' lang='lat' dir='ltr'><strong><em>adjicitur,</em></strong></span> <span class='ocrx_word' id='word_1_560' title='bbox 3430 1670 3493 1724; x_wconf 89' lang='lat' dir='ltr'><strong><em>Et</em></strong></span> <span class='ocrx_word' id='word_1_561' title='bbox 3529 1671 3611 1725; x_wconf 84' lang='lat' dir='ltr'><strong><em>ni-</em></strong></span> 
     </span>
    </p>
   </div>
   <div class='ocr_carea' id='block_1_79' title="bbox 1965 1748 3590 1824">
    <p class='ocr_par' dir='ltr' id='par_1_79' title="bbox 1965 1748 3590 1824">
     <span class='ocr_line' id='line_1_79' title="bbox 1965 1748 3590 1824; baseline 0.007 -22"><span class='ocrx_word' id='word_1_562' title='bbox 1965 1748 2043 1803; x_wconf 85' lang='lat' dir='ltr'><strong><em>hil</em></strong></span> <span class='ocrx_word' id='word_1_563' title='bbox 2064 1752 2414 1817; x_wconf 80' lang='lat' dir='ltr'><strong><em>patiebantur</em></strong></span> <span class='ocrx_word' id='word_1_564' title='bbox 2428 1767 2588 1819; x_wconf 81' lang='lat' dir='ltr'><strong><em>super</em></strong></span> <span class='ocrx_word' id='word_1_565' title='bbox 2602 1754 2928 1807; x_wconf 82' lang='lat' dir='ltr'><strong><em>contritione</em></strong></span> <span class='ocrx_word' id='word_1_566' title='bbox 2951 1755 3292 1824; x_wconf 77' lang='lat' dir='ltr'><strong><em>Josep/t,sive</em></strong></span> <span class='ocrx_word' id='word_1_567' title='bbox 3313 1759 3590 1814; x_wconf 87' lang='lat' dir='ltr'><strong><em>continua</em></strong></span> 
     </span>
    </p>
   </div>
   <div class='ocr_carea' id='block_1_80' title="bbox 1964 1839 3611 1911">
    <p class='ocr_par' dir='ltr' id='par_1_80' title="bbox 1964 1839 3611 1911">
     <span class='ocr_line' id='line_1_80' title="bbox 1964 1839 3611 1911; baseline 0.007 -20"><span class='ocrx_word' id='word_1_568' title='bbox 1964 1839 2069 1892; x_wconf 90' lang='lat' dir='ltr'><strong><em>tim</em></strong></span> <span class='ocrx_word' id='word_1_569' title='bbox 2102 1839 2331 1892; x_wconf 87' lang='lat' dir='ltr'><strong><em>dicatur</em></strong></span> <span class='ocrx_word' id='word_1_570' title='bbox 2363 1844 2426 1892; x_wconf 88' lang='lat' dir='ltr'><strong><em>ut</em></strong></span> <span class='ocrx_word' id='word_1_571' title='bbox 2457 1856 2641 1893; x_wconf 91' lang='lat' dir='ltr'><strong><em>unum</em></strong></span> <span class='ocrx_word' id='word_1_572' title='bbox 2663 1841 2741 1893; x_wconf 89' lang='lat' dir='ltr'><strong><em>sit</em></strong></span> <span class='ocrx_word' id='word_1_573' title='bbox 2770 1842 3126 1911; x_wconf 86' lang='lat' dir='ltr'><strong><em>membrum,</em></strong></span> <span class='ocrx_word' id='word_1_574' title='bbox 3156 1845 3277 1899; x_wconf 89' lang='lat' dir='ltr'><strong><em>sive</em></strong></span> <span class='ocrx_word' id='word_1_575' title='bbox 3309 1847 3611 1903; x_wconf 82' lang='lat' dir='ltr'><strong><em>decentius</em></strong></span> 
     </span>
    </p>
   </div>
   <div class='ocr_carea' id='block_1_81' title="bbox 1966 1928 3612 2002">
    <p class='ocr_par' dir='ltr' id='par_1_81' title="bbox 1966 1928 3612 2002">
     <span class='ocr_line' id='line_1_81' title="bbox 1966 1928 3612 2002; baseline 0.005 -20"><span class='ocrx_word' id='word_1_576' title='bbox 1966 1928 2380 1998; x_wconf 86' lang='lat' dir='ltr'><strong><em>suspendatur,</em></strong></span> <span class='ocrx_word' id='word_1_577' title='bbox 2413 1938 2462 1981; x_wconf 88' lang='lat' dir='ltr'><strong><em>et</em></strong></span> <span class='ocrx_word' id='word_1_578' title='bbox 2490 1929 2637 1981; x_wconf 84' lang='lat' dir='ltr'><strong><em>nihil</em></strong></span> <span class='ocrx_word' id='word_1_579' title='bbox 2665 1931 3040 1999; x_wconf 79' lang='lat' dir='ltr'><strong><em>patiebantur,</em></strong></span> <span class='ocrx_word' id='word_1_580' title='bbox 3062 1938 3119 1985; x_wconf 90' lang='lat' dir='ltr'><strong><em>et</em></strong></span> <span class='ocrx_word' id='word_1_581' title='bbox 3151 1938 3281 2002; x_wconf 88' lang='lat' dir='ltr'><strong><em>post</em></strong></span> <span class='ocrx_word' id='word_1_582' title='bbox 3311 1934 3460 1990; x_wconf 88' lang='lat' dir='ltr'><strong><em>hanc</em></strong></span> <span class='ocrx_word' id='word_1_583' title='bbox 3492 1936 3612 1991; x_wconf 87' lang='lat' dir='ltr'><strong><em>dis-</em></strong></span> 
     </span>
    </p>
   </div>
   <div class='ocr_carea' id='block_1_82' title="bbox 1964 2017 3613 2096">
    <p class='ocr_par' dir='ltr' id='par_1_82' title="bbox 1964 2017 3613 2096">
     <span class='ocr_line' id='line_1_82' title="bbox 1964 2017 3613 2096; baseline 0.006 -26"><span class='ocrx_word' id='word_1_584' title='bbox 1964 2018 2306 2071; x_wconf 88' lang='lat' dir='ltr'><strong><em>tinctionem</em></strong></span> <span class='ocrx_word' id='word_1_585' title='bbox 2340 2017 2645 2085; x_wconf 87' lang='lat' dir='ltr'><strong><em>inferatur,</em></strong></span> <span class='ocrx_word' id='word_1_586' title='bbox 2677 2023 3180 2088; x_wconf 84' lang='lat' dir='ltr'><strong><em>supercontritione</em></strong></span> <span class='ocrx_word' id='word_1_587' title='bbox 3203 2024 3416 2092; x_wconf 81' lang='lat' dir='ltr'><strong><em>Joseph,</em></strong></span> <span class='ocrx_word' id='word_1_588' title='bbox 3441 2029 3613 2096; x_wconf 80' lang='lat' dir='ltr'><strong><em>atque</em></strong></span> 
     </span>
    </p>
   </div>
   <div class='ocr_carea' id='block_1_83' title="bbox 1966 2106 3614 2173">
    <p class='ocr_par' dir='ltr' id='par_1_83' title="bbox 1966 2106 3614 2173">
     <span class='ocr_line' id='line_1_83' title="bbox 1966 2106 3614 2173; baseline 0.005 -13"><span class='ocrx_word' id='word_1_589' title='bbox 1966 2106 2044 2161; x_wconf 89' lang='lat' dir='ltr'><strong><em>sit</em></strong></span> <span class='ocrx_word' id='word_1_590' title='bbox 2081 2106 2423 2160; x_wconf 89' lang='lat' dir='ltr'><strong><em>bimembris</em></strong></span> <span class='ocrx_word' id='word_1_591' title='bbox 2465 2108 2782 2173; x_wconf 88' lang='lat' dir='ltr'><strong><em>circuitus;</em></strong></span> <span class='ocrx_word' id='word_1_592' title='bbox 2818 2110 2965 2162; x_wconf 89' lang='lat' dir='ltr'><strong><em>miro</em></strong></span> <span class='ocrx_word' id='word_1_593' title='bbox 2996 2111 3199 2164; x_wconf 88' lang='lat' dir='ltr'><strong><em>decore</em></strong></span> <span class='ocrx_word' id='word_1_594' title='bbox 3233 2128 3349 2167; x_wconf 89' lang='lat' dir='ltr'><strong><em>non</em></strong></span> <span class='ocrx_word' id='word_1_595' title='bbox 3391 2114 3614 2169; x_wconf 89' lang='lat' dir='ltr'><strong><em>dictum</em></strong></span> 
     </span>
    </p>
   </div>
   <div class='ocr_carea' id='block_1_84' title="bbox 1964 2194 3611 2269">
    <p class='ocr_par' dir='ltr' id='par_1_84' title="bbox 1964 2194 3611 2269">
     <span class='ocr_line' id='line_1_84' title="bbox 1964 2194 3611 2269; baseline 0.006 -21"><span class='ocrx_word' id='word_1_596' title='bbox 1964 2200 2073 2261; x_wconf 90' lang='lat' dir='ltr'><strong><em>est,</em></strong></span> <span class='ocrx_word' id='word_1_597' title='bbox 2106 2194 2260 2248; x_wconf 89' lang='lat' dir='ltr'><strong><em>Nihil</em></strong></span> <span class='ocrx_word' id='word_1_598' title='bbox 2295 2195 2667 2265; x_wconf 88' lang='lat' dir='ltr'><strong><em>patiebantur</em></strong></span> <span class='ocrx_word' id='word_1_599' title='bbox 2697 2213 2873 2267; x_wconf 89' lang='lat' dir='ltr'><strong><em>super</em></strong></span> <span class='ocrx_word' id='word_1_600' title='bbox 2903 2199 3249 2255; x_wconf 90' lang='lat' dir='ltr'><strong><em>contritione</em></strong></span> <span class='ocrx_word' id='word_1_601' title='bbox 3278 2200 3611 2269; x_wconf 82' lang='lat' dir='ltr'><strong><em>fratris,sed</em></strong></span> 
     </span>
    </p>
   </div>
   <div class='ocr_carea' id='block_1_85' title="bbox 1966 2284 3613 2359">
    <p class='ocr_par' dir='ltr' id='par_1_85' title="bbox 1966 2284 3613 2359">
     <span class='ocr_line' id='line_1_85' title="bbox 1966 2284 3613 2359; baseline 0.005 -21"><span class='ocrx_word' id='word_1_602' title='bbox 1966 2284 2196 2354; x_wconf 89' lang='lat' dir='ltr'><strong><em>positus</em></strong></span> <span class='ocrx_word' id='word_1_603' title='bbox 2226 2289 2315 2339; x_wconf 90' lang='lat' dir='ltr'><strong><em>est</em></strong></span> <span class='ocrx_word' id='word_1_604' title='bbox 2343 2300 2444 2353; x_wconf 86' lang='lat' dir='ltr'><strong><em>pro</em></strong></span> <span class='ocrx_word' id='word_1_605' title='bbox 2477 2285 2673 2353; x_wconf 87' lang='lat' dir='ltr'><strong><em>fratre,</em></strong></span> <span class='ocrx_word' id='word_1_606' title='bbox 2704 2286 2917 2356; x_wconf 72' lang='lat' dir='ltr'><strong><em>Ioseph,</em></strong></span> <span class='ocrx_word' id='word_1_607' title='bbox 2952 2292 3013 2340; x_wconf 90' lang='lat' dir='ltr'><strong><em>ut</em></strong></span> <span class='ocrx_word' id='word_1_608' title='bbox 3043 2287 3401 2359; x_wconf 90' lang='lat' dir='ltr'><strong><em>quicumque</em></strong></span> <span class='ocrx_word' id='word_1_609' title='bbox 3433 2293 3613 2347; x_wconf 85' lang='lat' dir='ltr'><strong><em>frater</em></strong></span> 
     </span>
    </p>
   </div>
   <div class='ocr_carea' id='block_1_86' title="bbox 1964 2372 3613 2447">
    <p class='ocr_par' dir='ltr' id='par_1_86' title="bbox 1964 2372 3613 2447">
     <span class='ocr_line' id='line_1_86' title="bbox 1964 2372 3613 2447; baseline 0.005 -21"><span class='ocrx_word' id='word_1_610' title='bbox 1964 2373 2197 2443; x_wconf 87' lang='lat' dir='ltr'><strong><em>preprio</em></strong></span> <span class='ocrx_word' id='word_1_611' title='bbox 2230 2372 2661 2443; x_wconf 83' lang='lat' dir='ltr'><strong><em>signiﬁcaretur</em></strong></span> <span class='ocrx_word' id='word_1_612' title='bbox 2690 2375 2817 2444; x_wconf 85' lang='lat' dir='ltr'><strong><em>ejus</em></strong></span> <span class='ocrx_word' id='word_1_613' title='bbox 2850 2374 3105 2445; x_wconf 89' lang='lat' dir='ltr'><strong><em>nomine,</em></strong></span> <span class='ocrx_word' id='word_1_614' title='bbox 3126 2378 3295 2447; x_wconf 89' lang='lat' dir='ltr'><strong><em>cujus</em></strong></span> <span class='ocrx_word' id='word_1_615' title='bbox 3317 2394 3385 2433; x_wconf 85' lang='lat' dir='ltr'><strong><em>ex</em></strong></span> <span class='ocrx_word' id='word_1_616' title='bbox 3416 2380 3613 2435; x_wconf 83' lang='lat' dir='ltr'><strong><em>fratri-</em></strong></span> 
     </span>
    </p>
   </div>
   <div class='ocr_carea' id='block_1_87' title="bbox 1965 2462 3614 2536">
    <p class='ocr_par' dir='ltr' id='par_1_87' title="bbox 1965 2462 3614 2536">
     <span class='ocr_line' id='line_1_87' title="bbox 1965 2462 3614 2536; baseline 0.004 -20"><span class='ocrx_word' id='word_1_617' title='bbox 1965 2464 2075 2517; x_wconf 82' lang='lat' dir='ltr'><strong><em>bus</em></strong></span> <span class='ocrx_word' id='word_1_618' title='bbox 2105 2466 2259 2516; x_wconf 79' lang='lat' dir='ltr'><strong><em>fama</em></strong></span> <span class='ocrx_word' id='word_1_619' title='bbox 2294 2462 2571 2532; x_wconf 71' lang='lat' dir='ltr'><strong><em>praeclara</em></strong></span> <span class='ocrx_word' id='word_1_620' title='bbox 2599 2466 2711 2528; x_wconf 89' lang='lat' dir='ltr'><strong><em>est,</em></strong></span> <span class='ocrx_word' id='word_1_621' title='bbox 2734 2463 2819 2517; x_wconf 89' lang='lat' dir='ltr'><strong><em>vel</em></strong></span> <span class='ocrx_word' id='word_1_622' title='bbox 2852 2464 2910 2516; x_wconf 89' lang='lat' dir='ltr'><strong><em>in</em></strong></span> <span class='ocrx_word' id='word_1_623' title='bbox 2946 2463 3119 2519; x_wconf 62' lang='lat' dir='ltr'><strong><em>(Italis</em></strong></span> <span class='ocrx_word' id='word_1_624' title='bbox 3148 2482 3269 2535; x_wconf 72' lang='lat' dir='ltr'><strong><em>qua:</em></strong></span> <span class='ocrx_word' id='word_1_625' title='bbox 3302 2467 3614 2536; x_wconf 84' lang='lat' dir='ltr'><strong><em>pendit,vel</em></strong></span> 
     </span>
    </p>
   </div>
   <div class='ocr_carea' id='block_1_88' title="bbox 1964 2548 3609 2628">
    <p class='ocr_par' dir='ltr' id='par_1_88' title="bbox 1964 2548 3609 2628">
     <span class='ocr_line' id='line_1_88' title="bbox 1964 2548 3609 2628; baseline 0.004 -24"><span class='ocrx_word' id='word_1_626' title='bbox 1964 2548 2023 2604; x_wconf 91' lang='lat' dir='ltr'><strong><em>in</em></strong></span> <span class='ocrx_word' id='word_1_627' title='bbox 2056 2550 2224 2605; x_wconf 88' lang='lat' dir='ltr'><strong><em>bonis</em></strong></span> <span class='ocrx_word' id='word_1_628' title='bbox 2248 2566 2374 2620; x_wconf 70' lang='lat' dir='ltr'><strong><em>quae</em></strong></span> <span class='ocrx_word' id='word_1_629' title='bbox 2409 2550 2690 2620; x_wconf 88' lang='lat' dir='ltr'><strong><em>rependit.</em></strong></span> <span class='ocrx_word' id='word_1_630' title='bbox 2718 2551 2829 2606; x_wconf 89' lang='lat' dir='ltr'><strong><em>Iste</em></strong></span> <span class='ocrx_word' id='word_1_631' title='bbox 2858 2556 3012 2605; x_wconf 89' lang='lat' dir='ltr'><strong><em>certe</em></strong></span> <span class='ocrx_word' id='word_1_632' title='bbox 3043 2558 3246 2624; x_wconf 89' lang='lat' dir='ltr'><strong><em>tropus</em></strong></span> <span class='ocrx_word' id='word_1_633' title='bbox 3271 2554 3369 2608; x_wconf 91' lang='lat' dir='ltr'><strong><em>ubi</em></strong></span> <span class='ocrx_word' id='word_1_634' title='bbox 3392 2554 3609 2628; x_wconf 85' lang='lat' dir='ltr'><strong><em>Joseph</em></strong></span> 
     </span>
    </p>
   </div>
   <div class='ocr_carea' id='block_1_89' title="bbox 1965 2639 3612 2712">
    <p class='ocr_par' dir='ltr' id='par_1_89' title="bbox 1965 2639 3612 2712">
     <span class='ocr_line' id='line_1_89' title="bbox 1965 2639 3612 2712; baseline 0.004 -19"><span class='ocrx_word' id='word_1_635' title='bbox 1965 2655 2398 2710; x_wconf 87' lang='lat' dir='ltr'><strong><em>quemcumque</em></strong></span> <span class='ocrx_word' id='word_1_636' title='bbox 2430 2639 2667 2693; x_wconf 88' lang='lat' dir='ltr'><strong><em>fratrem</em></strong></span> <span class='ocrx_word' id='word_1_637' title='bbox 2702 2641 2838 2694; x_wconf 82' lang='lat' dir='ltr'><strong><em>facit</em></strong></span> <span class='ocrx_word' id='word_1_638' title='bbox 2868 2641 3137 2712; x_wconf 81' lang='lat' dir='ltr'><strong><em>intelligi,</em></strong></span> <span class='ocrx_word' id='word_1_639' title='bbox 3175 2644 3366 2699; x_wconf 90' lang='lat' dir='ltr'><strong><em>nescio</em></strong></span> <span class='ocrx_word' id='word_1_640' title='bbox 3410 2650 3612 2700; x_wconf 88' lang='lat' dir='ltr'><strong><em>utrum</em></strong></span> 
     </span>
    </p>
   </div>
   <div class='ocr_carea' id='block_1_90' title="bbox 1964 2726 3610 2798">
    <p class='ocr_par' dir='ltr' id='par_1_90' title="bbox 1964 2726 3610 2798">
     <span class='ocr_line' id='line_1_90' title="bbox 1964 2726 3610 2798; baseline 0.003 -16"><span class='ocrx_word' id='word_1_641' title='bbox 1964 2728 2064 2782; x_wconf 90' lang='lat' dir='ltr'><strong><em>illa</em></strong></span> <span class='ocrx_word' id='word_1_642' title='bbox 2104 2744 2281 2798; x_wconf 87' lang='lat' dir='ltr'><strong><em>quam</em></strong></span> <span class='ocrx_word' id='word_1_643' title='bbox 2334 2726 2649 2781; x_wconf 87' lang='lat' dir='ltr'><strong><em>didicimus</em></strong></span> <span class='ocrx_word' id='word_1_644' title='bbox 2700 2733 2755 2782; x_wconf 87' lang='lat' dir='ltr'><strong><em>et</em></strong></span> <span class='ocrx_word' id='word_1_645' title='bbox 2793 2729 3125 2796; x_wconf 91' lang='lat' dir='ltr'><strong><em>docuimus,</em></strong></span> <span class='ocrx_word' id='word_1_646' title='bbox 3157 2738 3279 2785; x_wconf 87' lang='lat' dir='ltr'><strong><em>arte</em></strong></span> <span class='ocrx_word' id='word_1_647' title='bbox 3325 2734 3610 2788; x_wconf 86' lang='lat' dir='ltr'><strong><em>tradatur.</em></strong></span> 
     </span>
    </p>
   </div>
   <div class='ocr_carea' id='block_1_91' title="bbox 1965 2815 3613 2886">
    <p class='ocr_par' dir='ltr' id='par_1_91' title="bbox 1965 2815 3613 2886">
     <span class='ocr_line' id='line_1_91' title="bbox 1965 2815 3613 2886; baseline 0.002 -15"><span class='ocrx_word' id='word_1_648' title='bbox 1965 2817 2146 2879; x_wconf 86' lang='lat' dir='ltr'><strong><em>Quam</em></strong></span> <span class='ocrx_word' id='word_1_649' title='bbox 2180 2816 2255 2870; x_wconf 90' lang='lat' dir='ltr'><strong><em>sit</em></strong></span> <span class='ocrx_word' id='word_1_650' title='bbox 2275 2821 2466 2870; x_wconf 85' lang='lat' dir='ltr'><strong><em>tamen</em></strong></span> <span class='ocrx_word' id='word_1_651' title='bbox 2492 2815 2751 2885; x_wconf 88' lang='lat' dir='ltr'><strong><em>pulcher,</em></strong></span> <span class='ocrx_word' id='word_1_652' title='bbox 2777 2821 2833 2870; x_wconf 88' lang='lat' dir='ltr'><strong><em>et</em></strong></span> <span class='ocrx_word' id='word_1_653' title='bbox 2863 2819 3358 2886; x_wconf 88' lang='lat' dir='ltr'><strong><em>quemadmodum</em></strong></span> <span class='ocrx_word' id='word_1_654' title='bbox 3395 2821 3613 2876; x_wconf 79' lang='lat' dir='ltr'><strong><em>afﬁciet</em></strong></span> 
     </span>
    </p>
   </div>
   <div class='ocr_carea' id='block_1_92' title="bbox 1967 2904 3612 2979">
    <p class='ocr_par' dir='ltr' id='par_1_92' title="bbox 1967 2904 3612 2979">
     <span class='ocr_line' id='line_1_92' title="bbox 1967 2904 3612 2979; baseline 0.004 -20"><span class='ocrx_word' id='word_1_655' title='bbox 1967 2907 2223 2977; x_wconf 84' lang='lat' dir='ltr'><strong><em>legentes</em></strong></span> <span class='ocrx_word' id='word_1_656' title='bbox 2244 2909 2416 2972; x_wconf 85' lang='lat' dir='ltr'><strong><em>atque</em></strong></span> <span class='ocrx_word' id='word_1_657' title='bbox 2448 2904 2856 2973; x_wconf 73' lang='lat' dir='ltr'><strong><em>intelligentes,</em></strong></span> <span class='ocrx_word' id='word_1_658' title='bbox 2892 2921 3006 2959; x_wconf 89' lang='lat' dir='ltr'><strong><em>non</em></strong></span> <span class='ocrx_word' id='word_1_659' title='bbox 3039 2922 3186 2976; x_wconf 91' lang='lat' dir='ltr'><strong><em>opus</em></strong></span> <span class='ocrx_word' id='word_1_660' title='bbox 3217 2913 3306 2962; x_wconf 89' lang='lat' dir='ltr'><strong><em>est</em></strong></span> <span class='ocrx_word' id='word_1_661' title='bbox 3335 2908 3612 2979; x_wconf 87' lang='lat' dir='ltr'><strong><em>cuiquam</em></strong></span> 
     </span>
    </p>
   </div>
   <div class='ocr_carea' id='block_1_93' title="bbox 1966 2992 2699 3061">
    <p class='ocr_par' dir='ltr' id='par_1_93' title="bbox 1966 2992 2699 3061">
     <span class='ocr_line' id='line_1_93' title="bbox 1966 2992 2699 3061; baseline -0.001 -14"><span class='ocrx_word' id='word_1_662' title='bbox 1966 2992 2098 3058; x_wconf 90' lang='lat' dir='ltr'><strong><em>dici,</em></strong></span> <span class='ocrx_word' id='word_1_663' title='bbox 2130 2992 2178 3045; x_wconf 84' lang='lat' dir='ltr'><strong><em>si</em></strong></span> <span class='ocrx_word' id='word_1_664' title='bbox 2212 2992 2332 3061; x_wconf 89' lang='lat' dir='ltr'><strong><em>ipse</em></strong></span> <span class='ocrx_word' id='word_1_665' title='bbox 2357 3008 2471 3045; x_wconf 89' lang='lat' dir='ltr'><strong><em>non</em></strong></span> <span class='ocrx_word' id='word_1_666' title='bbox 2503 2994 2699 3046; x_wconf 88' lang='lat' dir='ltr'><strong><em>sentit.</em></strong></span> 
     </span>
    </p>
   </div>
   <div class='ocr_carea' id='block_1_94' title="bbox 2034 3078 3613 3157">
    <p class='ocr_par' dir='ltr' id='par_1_94' title="bbox 2034 3078 3613 3157">
     <span class='ocr_line' id='line_1_94' title="bbox 2034 3078 3613 3157; baseline 0.006 -24"><span class='ocrx_word' id='word_1_667' title='bbox 2034 3081 2123 3134; x_wconf 84' lang='lat'><strong><em>21.</em></strong></span> <span class='ocrx_word' id='word_1_668' title='bbox 2158 3080 2225 3133; x_wconf 87' lang='lat' dir='ltr'><strong><em>Et</em></strong></span> <span class='ocrx_word' id='word_1_669' title='bbox 2258 3078 2425 3151; x_wconf 90' lang='lat' dir='ltr'><strong><em>plura</em></strong></span> <span class='ocrx_word' id='word_1_670' title='bbox 2455 3080 2716 3149; x_wconf 88' lang='lat' dir='ltr'><strong><em>quidem,</em></strong></span> <span class='ocrx_word' id='word_1_671' title='bbox 2752 3096 2878 3150; x_wconf 59' lang='lat' dir='ltr'><strong><em>quas</em></strong></span> <span class='ocrx_word' id='word_1_672' title='bbox 2913 3082 3202 3151; x_wconf 88' lang='lat' dir='ltr'><strong><em>pertinent</em></strong></span> <span class='ocrx_word' id='word_1_673' title='bbox 3222 3085 3292 3138; x_wconf 91' lang='lat' dir='ltr'><strong><em>ad</em></strong></span> <span class='ocrx_word' id='word_1_674' title='bbox 3327 3090 3613 3157; x_wconf 73' lang='lat' dir='ltr'><strong><em>praecepta</em></strong></span> 
     </span>
    </p>
   </div>
   <div class='ocr_carea' id='block_1_95' title="bbox 1966 3167 3610 3246">
    <p class='ocr_par' dir='ltr' id='par_1_95' title="bbox 1966 3167 3610 3246">
     <span class='ocr_line' id='line_1_95' title="bbox 1966 3167 3610 3246; baseline 0.003 -22"><span class='ocrx_word' id='word_1_675' title='bbox 1966 3167 2330 3239; x_wconf 78' lang='lat' dir='ltr'><strong><em>eloquentiae,</em></strong></span> <span class='ocrx_word' id='word_1_676' title='bbox 2366 3167 2424 3221; x_wconf 91' lang='lat' dir='ltr'><strong><em>in</em></strong></span> <span class='ocrx_word' id='word_1_677' title='bbox 2456 3168 2563 3222; x_wconf 90' lang='lat' dir='ltr'><strong><em>hoc</em></strong></span> <span class='ocrx_word' id='word_1_678' title='bbox 2592 3167 2720 3239; x_wconf 91' lang='lat' dir='ltr'><strong><em>ipso</em></strong></span> <span class='ocrx_word' id='word_1_679' title='bbox 2742 3168 3066 3241; x_wconf 88' lang='lat' dir='ltr'><strong><em>loco,quem</em></strong></span> <span class='ocrx_word' id='word_1_680' title='bbox 3094 3189 3194 3242; x_wconf 91' lang='lat' dir='ltr'><strong><em>pro</em></strong></span> <span class='ocrx_word' id='word_1_681' title='bbox 3211 3174 3473 3243; x_wconf 84' lang='lat' dir='ltr'><strong><em>exemplo</em></strong></span> <span class='ocrx_word' id='word_1_682' title='bbox 3504 3191 3610 3246; x_wconf 92' lang='lat' dir='ltr'><strong><em>po-</em></strong></span> 
     </span>
    </p>
   </div>
   <div class='ocr_carea' id='block_1_96' title="bbox 1971 3257 3611 3329">
    <p class='ocr_par' dir='ltr' id='par_1_96' title="bbox 1971 3257 3611 3329">
     <span class='ocr_line' id='line_1_96' title="bbox 1971 3257 3611 3329; baseline 0.004 -17"><span class='ocrx_word' id='word_1_683' title='bbox 1971 3258 2409 3326; x_wconf 88' lang='lat' dir='ltr'><strong><em>suimus,possu</em></strong></span> <span class='ocrx_word' id='word_1_684' title='bbox 2422 3261 2483 3310; x_wconf 88' lang='lat' dir='ltr'><strong><em>nt</em></strong></span> <span class='ocrx_word' id='word_1_685' title='bbox 2507 3257 2879 3327; x_wconf 83' lang='lat' dir='ltr'><strong><em>reperiri.Sed</em></strong></span> <span class='ocrx_word' id='word_1_686' title='bbox 2899 3260 3119 3315; x_wconf 88' lang='lat' dir='ltr'><strong><em>bonum</em></strong></span> <span class='ocrx_word' id='word_1_687' title='bbox 3141 3262 3611 3329; x_wconf 88' lang='lat' dir='ltr'><strong><em>auditorem,non</em></strong></span> 
     </span>
    </p>
   </div>
   <div class='ocr_carea' id='block_1_97' title="bbox 1966 3345 3610 3421">
    <p class='ocr_par' dir='ltr' id='par_1_97' title="bbox 1966 3345 3610 3421">
     <span class='ocr_line' id='line_1_97' title="bbox 1966 3345 3610 3421; baseline 0.003 -20"><span class='ocrx_word' id='word_1_688' title='bbox 1966 3351 2085 3401; x_wconf 88' lang='lat' dir='ltr'><strong><em>tam</em></strong></span> <span class='ocrx_word' id='word_1_689' title='bbox 2110 3346 2157 3400; x_wconf 88' lang='lat' dir='ltr'><strong><em>si</em></strong></span> <span class='ocrx_word' id='word_1_690' title='bbox 2174 3345 3316 3421; x_wconf 82' lang='lat' dir='ltr'><strong><em>diligenterdiscutiatur,instruit,quam</em></strong></span> <span class='ocrx_word' id='word_1_691' title='bbox 3339 3351 3610 3406; x_wconf 86' lang='lat' dir='ltr'><strong><em>siarden-</em></strong></span> 
     </span>
    </p>
   </div>
   <div class='ocr_carea' id='block_1_98' title="bbox 1964 3434 3609 3506">
    <p class='ocr_par' dir='ltr' id='par_1_98' title="bbox 1964 3434 3609 3506">
     <span class='ocr_line' id='line_1_98' title="bbox 1964 3434 3609 3506; baseline 0.005 -17"><span class='ocrx_word' id='word_1_692' title='bbox 1964 3440 2050 3489; x_wconf 90' lang='lat' dir='ltr'><strong><em>ter</em></strong></span> <span class='ocrx_word' id='word_1_693' title='bbox 2083 3434 2507 3505; x_wconf 78' lang='lat' dir='ltr'><strong><em>pronuntietur,</em></strong></span> <span class='ocrx_word' id='word_1_694' title='bbox 2525 3435 3012 3506; x_wconf 85' lang='lat' dir='ltr'><strong><em>acccndit.Neque</em></strong></span> <span class='ocrx_word' id='word_1_695' title='bbox 3033 3439 3186 3492; x_wconf 89' lang='lat' dir='ltr'><strong><em>enim</em></strong></span> <span class='ocrx_word' id='word_1_696' title='bbox 3207 3439 3327 3492; x_wconf 76' lang='lat' dir='ltr'><strong><em>haec</em></strong></span> <span class='ocrx_word' id='word_1_697' title='bbox 3352 3441 3609 3498; x_wconf 82' lang='lat' dir='ltr'><strong><em>humana</em></strong></span> 
     </span>
    </p>
   </div>
   <div class='ocr_carea' id='block_1_99' title="bbox 1964 3522 3607 3591">
    <p class='ocr_par' dir='ltr' id='par_1_99' title="bbox 1964 3522 3607 3591">
     <span class='ocr_line' id='line_1_99' title="bbox 1964 3522 3607 3591; baseline 0.004 -14"><span class='ocrx_word' id='word_1_698' title='bbox 1964 3523 2257 3577; x_wconf 88' lang='lat' dir='ltr'><strong><em>industria</em></strong></span> <span class='ocrx_word' id='word_1_699' title='bbox 2285 3522 2625 3591; x_wconf 88' lang='lat' dir='ltr'><strong><em>composita,</em></strong></span> <span class='ocrx_word' id='word_1_700' title='bbox 2659 3524 2759 3577; x_wconf 89' lang='lat' dir='ltr'><strong><em>sed</em></strong></span> <span class='ocrx_word' id='word_1_701' title='bbox 2783 3524 2978 3580; x_wconf 90' lang='lat' dir='ltr'><strong><em>divina</em></strong></span> <span class='ocrx_word' id='word_1_702' title='bbox 3001 3533 3191 3581; x_wconf 88' lang='lat' dir='ltr'><strong><em>mente</em></strong></span> <span class='ocrx_word' id='word_1_703' title='bbox 3222 3532 3360 3581; x_wconf 89' lang='lat' dir='ltr'><strong><em>sunt</em></strong></span> <span class='ocrx_word' id='word_1_704' title='bbox 3391 3528 3522 3584; x_wconf 87' lang='lat' dir='ltr'><strong><em>fusa</em></strong></span> <span class='ocrx_word' id='word_1_705' title='bbox 3549 3534 3607 3585; x_wconf 92' lang='lat' dir='ltr'><strong><em>et</em></strong></span> 
     </span>
    </p>
   </div>
   <div class='ocr_carea' id='block_1_100' title="bbox 1962 3612 3600 3687">
    <p class='ocr_par' dir='ltr' id='par_1_100' title="bbox 1962 3612 3600 3687">
     <span class='ocr_line' id='line_1_100' title="bbox 1962 3612 3600 3687; baseline 0.004 -20"><span class='ocrx_word' id='word_1_706' title='bbox 1962 3612 2322 3683; x_wconf 83' lang='lat' dir='ltr'><strong><em>sapienteret</em></strong></span> <span class='ocrx_word' id='word_1_707' title='bbox 2350 3612 2721 3680; x_wconf 86' lang='lat' dir='ltr'><strong><em>eloquenter;</em></strong></span> <span class='ocrx_word' id='word_1_708' title='bbox 2746 3628 2860 3666; x_wconf 91' lang='lat' dir='ltr'><strong><em>non</em></strong></span> <span class='ocrx_word' id='word_1_709' title='bbox 2886 3614 3107 3669; x_wconf 89' lang='lat' dir='ltr'><strong><em>intenta</em></strong></span> <span class='ocrx_word' id='word_1_710' title='bbox 3127 3616 3185 3669; x_wconf 89' lang='lat' dir='ltr'><strong><em>in</em></strong></span> <span class='ocrx_word' id='word_1_711' title='bbox 3208 3615 3600 3687; x_wconf 89' lang='lat' dir='ltr'><strong><em>eloquentiam</em></strong></span> 
     </span>
    </p>
   </div>
   <div class='ocr_carea' id='block_1_101' title="bbox 1961 3699 3596 3774">
    <p class='ocr_par' dir='ltr' id='par_1_101' title="bbox 1961 3699 3596 3774">
     <span class='ocr_line' id='line_1_101' title="bbox 1961 3699 3596 3774; baseline 0.003 -19"><span class='ocrx_word' id='word_1_712' title='bbox 1961 3699 2266 3770; x_wconf 87' lang='lat' dir='ltr'><strong><em>sapientia,</em></strong></span> <span class='ocrx_word' id='word_1_713' title='bbox 2295 3700 2393 3753; x_wconf 90' lang='lat' dir='ltr'><strong><em>sed</em></strong></span> <span class='ocrx_word' id='word_1_714' title='bbox 2414 3716 2447 3753; x_wconf 89' lang='lat' dir='ltr'><strong><em>a</em></strong></span> <span class='ocrx_word' id='word_1_715' title='bbox 2470 3699 2761 3770; x_wconf 88' lang='lat' dir='ltr'><strong><em>sapientia</em></strong></span> <span class='ocrx_word' id='word_1_716' title='bbox 2775 3718 2886 3754; x_wconf 90' lang='lat' dir='ltr'><strong><em>non</em></strong></span> <span class='ocrx_word' id='word_1_717' title='bbox 2922 3703 3224 3758; x_wconf 88' lang='lat' dir='ltr'><strong><em>recedente</em></strong></span> <span class='ocrx_word' id='word_1_718' title='bbox 3251 3703 3596 3774; x_wconf 87' lang='lat' dir='ltr'><strong><em>eloquentia.</em></strong></span> 
     </span>
    </p>
   </div>
   <div class='ocr_carea' id='block_1_102' title="bbox 1959 3788 3598 3862">
    <p class='ocr_par' dir='ltr' id='par_1_102' title="bbox 1959 3788 3598 3862">
     <span class='ocr_line' id='line_1_102' title="bbox 1959 3788 3598 3862; baseline 0.003 -19"><span class='ocrx_word' id='word_1_719' title='bbox 1959 3789 2016 3843; x_wconf 89' lang='lat' dir='ltr'><strong><em>Si</em></strong></span> <span class='ocrx_word' id='word_1_720' title='bbox 2046 3788 2223 3858; x_wconf 88' lang='lat' dir='ltr'><strong><em>enim,</em></strong></span> <span class='ocrx_word' id='word_1_721' title='bbox 2258 3788 2411 3843; x_wconf 91' lang='lat' dir='ltr'><strong><em>sicut</em></strong></span> <span class='ocrx_word' id='word_1_722' title='bbox 2435 3789 2669 3857; x_wconf 82' lang='lat' dir='ltr'><strong><em>quidam</em></strong></span> <span class='ocrx_word' id='word_1_723' title='bbox 2713 3790 3124 3845; x_wconf 87' lang='lat' dir='ltr'><strong><em>dissertissimi</em></strong></span> <span class='ocrx_word' id='word_1_724' title='bbox 3160 3797 3332 3862; x_wconf 87' lang='lat' dir='ltr'><strong><em>atque</em></strong></span> <span class='ocrx_word' id='word_1_725' title='bbox 3381 3795 3598 3849; x_wconf 88' lang='lat' dir='ltr'><strong><em>acutis-</em></strong></span> 
     </span>
    </p>
   </div>
   <div class='ocr_carea' id='block_1_103' title="bbox 1959 3877 3600 3951">
    <p class='ocr_par' dir='ltr' id='par_1_103' title="bbox 1959 3877 3600 3951">
     <span class='ocr_line' id='line_1_103' title="bbox 1959 3877 3600 3951; baseline 0.002 -18"><span class='ocrx_word' id='word_1_726' title='bbox 1959 3878 2092 3933; x_wconf 88' lang='lat' dir='ltr'><strong><em>simi</em></strong></span> <span class='ocrx_word' id='word_1_727' title='bbox 2124 3878 2229 3933; x_wconf 90' lang='lat' dir='ltr'><strong><em>viri</em></strong></span> <span class='ocrx_word' id='word_1_728' title='bbox 2260 3877 2450 3931; x_wconf 88' lang='lat' dir='ltr'><strong><em>videre</em></strong></span> <span class='ocrx_word' id='word_1_729' title='bbox 2480 3894 2546 3931; x_wconf 87' lang='lat' dir='ltr'><strong><em>ac</em></strong></span> <span class='ocrx_word' id='word_1_730' title='bbox 2579 3877 2768 3932; x_wconf 89' lang='lat' dir='ltr'><strong><em>dicere</em></strong></span> <span class='ocrx_word' id='word_1_731' title='bbox 2792 3884 3127 3948; x_wconf 86' lang='lat' dir='ltr'><strong><em>potuerunt,</em></strong></span> <span class='ocrx_word' id='word_1_732' title='bbox 3158 3897 3227 3934; x_wconf 89' lang='lat' dir='ltr'><strong><em>ea</em></strong></span> <span class='ocrx_word' id='word_1_733' title='bbox 3264 3897 3390 3951; x_wconf 70' lang='lat' dir='ltr'><strong><em>quas</em></strong></span> <span class='ocrx_word' id='word_1_734' title='bbox 3438 3882 3600 3937; x_wconf 89' lang='lat' dir='ltr'><strong><em>velut</em></strong></span> 
     </span>
    </p>
   </div>
   <div class='ocr_carea' id='block_1_104' title="bbox 1960 3966 3594 4030">
    <p class='ocr_par' dir='ltr' id='par_1_104' title="bbox 1960 3966 3594 4030">
     <span class='ocr_line' id='line_1_104' title="bbox 1960 3966 3594 4030; baseline 0.002 -8"><span class='ocrx_word' id='word_1_735' title='bbox 1960 3967 2211 4023; x_wconf 88' lang='lat' dir='ltr'><strong><em>oratoria</em></strong></span> <span class='ocrx_word' id='word_1_736' title='bbox 2242 3971 2363 4021; x_wconf 88' lang='lat' dir='ltr'><strong><em>arte</em></strong></span> <span class='ocrx_word' id='word_1_737' title='bbox 2386 3966 2680 4030; x_wconf 86' lang='lat' dir='ltr'><strong><em>dicuntur,</em></strong></span> <span class='ocrx_word' id='word_1_738' title='bbox 2715 3982 2829 4019; x_wconf 85' lang='lat' dir='ltr'><strong><em>non</em></strong></span> <span class='ocrx_word' id='word_1_739' title='bbox 2859 3966 3312 4023; x_wconf 87' lang='lat' dir='ltr'><strong><em>observarentur</em></strong></span> <span class='ocrx_word' id='word_1_740' title='bbox 3340 3974 3396 4023; x_wconf 90' lang='lat' dir='ltr'><strong><em>et</em></strong></span> <span class='ocrx_word' id='word_1_741' title='bbox 3425 3977 3594 4025; x_wconf 89' lang='lat' dir='ltr'><strong><em>nota-</em></strong></span> 
     </span>
    </p>
   </div>
   <div class='ocr_carea' id='block_1_105' title="bbox 1960 4053 3598 4127">
    <p class='ocr_par' dir='ltr' id='par_1_105' title="bbox 1960 4053 3598 4127">
     <span class='ocr_line' id='line_1_105' title="bbox 1960 4053 3598 4127; baseline 0.002 -17"><span class='ocrx_word' id='word_1_742' title='bbox 1960 4060 2181 4123; x_wconf 86' lang='lat' dir='ltr'><strong><em>rentur,</em></strong></span> <span class='ocrx_word' id='word_1_743' title='bbox 2216 4059 2273 4109; x_wconf 91' lang='lat' dir='ltr'><strong><em>et</em></strong></span> <span class='ocrx_word' id='word_1_744' title='bbox 2302 4054 2359 4107; x_wconf 90' lang='lat' dir='ltr'><strong><em>in</em></strong></span> <span class='ocrx_word' id='word_1_745' title='bbox 2390 4053 2867 4108; x_wconf 83' lang='lat' dir='ltr'><strong><em>hancdoctrinarn</em></strong></span> <span class='ocrx_word' id='word_1_746' title='bbox 2902 4072 3014 4110; x_wconf 91' lang='lat' dir='ltr'><strong><em>non</em></strong></span> <span class='ocrx_word' id='word_1_747' title='bbox 3040 4056 3460 4127; x_wconf 82' lang='lat' dir='ltr'><strong><em>redigerentur,</em></strong></span> <span class='ocrx_word' id='word_1_748' title='bbox 3487 4059 3598 4113; x_wconf 89' lang='lat' dir='ltr'><strong><em>nisi</em></strong></span> 
     </span>
    </p>
   </div>
   <div class='ocr_carea' id='block_1_106' title="bbox 1958 4142 3597 4216">
    <p class='ocr_par' dir='ltr' id='par_1_106' title="bbox 1958 4142 3597 4216">
     <span class='ocr_line' id='line_1_106' title="bbox 1958 4142 3597 4216; baseline 0.001 -18"><span class='ocrx_word' id='word_1_749' title='bbox 1958 4145 2123 4216; x_wconf 90' lang='lat' dir='ltr'><strong><em>prius</em></strong></span> <span class='ocrx_word' id='word_1_750' title='bbox 2152 4143 2210 4197; x_wconf 90' lang='lat' dir='ltr'><strong><em>in</em></strong></span> <span class='ocrx_word' id='word_1_751' title='bbox 2242 4148 2536 4197; x_wconf 88' lang='lat' dir='ltr'><strong><em>oratorum</em></strong></span> <span class='ocrx_word' id='word_1_752' title='bbox 2561 4142 2965 4197; x_wconf 88' lang='lat' dir='ltr'><strong><em>invenirentur</em></strong></span> <span class='ocrx_word' id='word_1_753' title='bbox 2998 4145 3287 4215; x_wconf 86' lang='lat' dir='ltr'><strong><em>ingeniis;</em></strong></span> <span class='ocrx_word' id='word_1_754' title='bbox 3317 4148 3455 4216; x_wconf 91' lang='lat' dir='ltr'><strong><em>quid</em></strong></span> <span class='ocrx_word' id='word_1_755' title='bbox 3490 4146 3597 4200; x_wconf 90' lang='lat' dir='ltr'><strong><em>mi-</em></strong></span> 
     </span>
    </p>
   </div>
   <div class='ocr_carea' id='block_1_107' title="bbox 1959 4230 3597 4307">
    <p class='ocr_par' dir='ltr' id='par_1_107' title="bbox 1959 4230 3597 4307">
     <span class='ocr_line' id='line_1_107' title="bbox 1959 4230 3597 4307; baseline 0.002 -20"><span class='ocrx_word' id='word_1_756' title='bbox 1959 4250 2087 4288; x_wconf 91' lang='lat' dir='ltr'><strong><em>rum</em></strong></span> <span class='ocrx_word' id='word_1_757' title='bbox 2117 4233 2165 4288; x_wconf 85' lang='lat' dir='ltr'><strong><em>si</em></strong></span> <span class='ocrx_word' id='word_1_758' title='bbox 2188 4232 2322 4286; x_wconf 88' lang='lat' dir='ltr'><strong><em>etin</em></strong></span> <span class='ocrx_word' id='word_1_759' title='bbox 2357 4230 2487 4285; x_wconf 84' lang='lat' dir='ltr'><strong><em>istis</em></strong></span> <span class='ocrx_word' id='word_1_760' title='bbox 2520 4231 2916 4300; x_wconf 87' lang='lat' dir='ltr'><strong><em>inveniuntur,</em></strong></span> <span class='ocrx_word' id='word_1_761' title='bbox 2957 4250 3104 4303; x_wconf 92' lang='lat' dir='ltr'><strong><em>quos</em></strong></span> <span class='ocrx_word' id='word_1_762' title='bbox 3135 4234 3231 4289; x_wconf 89' lang='lat' dir='ltr'><strong><em>ille</em></strong></span> <span class='ocrx_word' id='word_1_763' title='bbox 3270 4236 3432 4289; x_wconf 89' lang='lat' dir='ltr'><strong><em>misit</em></strong></span> <span class='ocrx_word' id='word_1_764' title='bbox 3495 4236 3597 4307; x_wconf 86' lang='lat' dir='ltr'><strong><em>qui</em></strong></span> 
     </span>
    </p>
   </div>
   <div class='ocr_carea' id='block_1_108' title="bbox 1958 4320 3595 4394">
    <p class='ocr_par' dir='ltr' id='par_1_108' title="bbox 1958 4320 3595 4394">
     <span class='ocr_line' id='line_1_108' title="bbox 1958 4320 3595 4394; baseline 0.001 -16"><span class='ocrx_word' id='word_1_765' title='bbox 1958 4324 2093 4378; x_wconf 88' lang='lat' dir='ltr'><strong><em>facit</em></strong></span> <span class='ocrx_word' id='word_1_766' title='bbox 2131 4320 2413 4392; x_wconf 82' lang='lat' dir='ltr'><strong><em>ingenia?</em></strong></span> <span class='ocrx_word' id='word_1_767' title='bbox 2458 4323 2820 4391; x_wconf 81' lang='lat' dir='ltr'><strong><em>Quapropter</em></strong></span> <span class='ocrx_word' id='word_1_768' title='bbox 2872 4326 2928 4375; x_wconf 87' lang='lat' dir='ltr'><strong><em>et</em></strong></span> <span class='ocrx_word' id='word_1_769' title='bbox 2966 4322 3303 4393; x_wconf 87' lang='lat' dir='ltr'><strong><em>eloquentes</em></strong></span> <span class='ocrx_word' id='word_1_770' title='bbox 3336 4325 3595 4394; x_wconf 89' lang='lat' dir='ltr'><strong><em>quidem,</em></strong></span> 
     </span>
    </p>
   </div>
   <div class='ocr_carea' id='block_1_109' title="bbox 1958 4410 3598 4479">
    <p class='ocr_par' dir='ltr' id='par_1_109' title="bbox 1958 4410 3598 4479">
     <span class='ocr_line' id='line_1_109' title="bbox 1958 4410 3598 4479; baseline 0.002 -13"><span class='ocrx_word' id='word_1_771' title='bbox 1958 4429 2072 4466; x_wconf 90' lang='lat' dir='ltr'><strong><em>non</em></strong></span> <span class='ocrx_word' id='word_1_772' title='bbox 2096 4410 2284 4466; x_wconf 91' lang='lat' dir='ltr'><strong><em>solum</em></strong></span> <span class='ocrx_word' id='word_1_773' title='bbox 2340 4410 2650 4479; x_wconf 87' lang='lat' dir='ltr'><strong><em>sapientes,</em></strong></span> <span class='ocrx_word' id='word_1_774' title='bbox 2705 4411 3013 4466; x_wconf 87' lang='lat' dir='ltr'><strong><em>canonicos</em></strong></span> <span class='ocrx_word' id='word_1_775' title='bbox 3061 4417 3293 4467; x_wconf 88' lang='lat' dir='ltr'><strong><em>nostros</em></strong></span> <span class='ocrx_word' id='word_1_776' title='bbox 3332 4418 3598 4469; x_wconf 85' lang='lat' dir='ltr'><strong><em>auctores</em></strong></span> 
     </span>
    </p>
   </div>
   <div class='ocr_carea' id='block_1_110' title="bbox 1958 4500 3600 4576">
    <p class='ocr_par' dir='ltr' id='par_1_110' title="bbox 1958 4500 3600 4576">
     <span class='ocr_line' id='line_1_110' title="bbox 1958 4500 3600 4576; baseline 0.002 -20"><span class='ocrx_word' id='word_1_777' title='bbox 1958 4500 2670 4569; x_wconf 87' lang='lat' dir='ltr'><strong><em>doctoresquefateamur,</em></strong></span> <span class='ocrx_word' id='word_1_778' title='bbox 2704 4500 3194 4570; x_wconf 69' lang='lat' dir='ltr'><strong><em>talieloquentia‘</em></strong></span> <span class='ocrx_word' id='word_1_779' title='bbox 3234 4501 3423 4572; x_wconf 89' lang='lat' dir='ltr'><strong><em>qualis</em></strong></span> <span class='ocrx_word' id='word_1_780' title='bbox 3471 4520 3600 4576; x_wconf 87' lang='lat' dir='ltr'><strong><em>per-</em></strong></span> 
     </span>
    </p>
   </div>
   <div class='ocr_carea' id='block_1_111' title="bbox 1957 4587 2843 4659">
    <p class='ocr_par' dir='ltr' id='par_1_111' title="bbox 1957 4587 2843 4659">
     <span class='ocr_line' id='line_1_111' title="bbox 1957 4587 2843 4659; baseline -0.002 -14"><span class='ocrx_word' id='word_1_781' title='bbox 1957 4590 2117 4645; x_wconf 91' lang='lat' dir='ltr'><strong><em>sonis</em></strong></span> <span class='ocrx_word' id='word_1_782' title='bbox 2142 4587 2433 4657; x_wconf 89' lang='lat' dir='ltr'><strong><em>ejusmodi</em></strong></span> <span class='ocrx_word' id='word_1_783' title='bbox 2466 4589 2843 4659; x_wconf 86' lang='lat' dir='ltr'><strong><em>congruebat.</em></strong></span> 
     </span>
    </p>
   </div>
   <div class='ocr_carea' id='block_1_112' title="bbox 1957 4694 3603 4757">
    <p class='ocr_par' dir='ltr' id='par_1_112' title="bbox 1957 4694 3603 4757">
     <span class='ocr_line' id='line_1_112' title="bbox 1957 4694 3603 4757; baseline 0.003 -6"><span class='ocrx_word' id='word_1_784' title='bbox 1957 4696 2189 4751; x_wconf 85' lang='lat' dir='ltr'>CAPUT</span> <span class='ocrx_word' id='word_1_785' title='bbox 2218 4695 2370 4749; x_wconf 88' lang='lat' dir='ltr'><strong>VIII.</strong></span> <span class='ocrx_word' id='word_1_786' title='bbox 2403 4726 2471 4733; x_wconf 95' lang='lat'><strong>—</strong></span> <span class='ocrx_word' id='word_1_787' title='bbox 2495 4694 2813 4749; x_wconf 84' lang='lat' dir='ltr'><strong><em>Obscuritas</em></strong></span> <span class='ocrx_word' id='word_1_788' title='bbox 2856 4710 3135 4751; x_wconf 86' lang='lat' dir='ltr'><strong><em>sacrorum</em></strong></span> <span class='ocrx_word' id='word_1_789' title='bbox 3168 4702 3449 4754; x_wconf 78' lang='lat' dir='ltr'><strong><em>auctorum</em></strong></span> <span class='ocrx_word' id='word_1_790' title='bbox 3479 4699 3603 4757; x_wconf 86' lang='lat' dir='ltr'><strong><em>licet</em></strong></span> 
     </span>
    </p>
   </div>
   <div class='ocr_carea' id='block_1_113' title="bbox 2027 4766 3527 4838">
    <p class='ocr_par' dir='ltr' id='par_1_113' title="bbox 2027 4766 3527 4838">
     <span class='ocr_line' id='line_1_113' title="bbox 2027 4766 3527 4838; baseline 0.003 -15"><span class='ocrx_word' id='word_1_791' title='bbox 2027 4770 2300 4838; x_wconf 85' lang='lat' dir='ltr'><strong><em>eloquens,</em></strong></span> <span class='ocrx_word' id='word_1_792' title='bbox 2331 4784 2444 4820; x_wconf 84' lang='lat' dir='ltr'><strong><em>non</em></strong></span> <span class='ocrx_word' id='word_1_793' title='bbox 2478 4766 2761 4821; x_wconf 80' lang='lat' dir='ltr'><strong><em>imitanda</em></strong></span> <span class='ocrx_word' id='word_1_794' title='bbox 2792 4784 2826 4821; x_wconf 82' lang='grc' dir='ltr'>ιι</span> <span class='ocrx_word' id='word_1_795' title='bbox 2848 4768 3155 4824; x_wconf 80' lang='lat' dir='ltr'><strong><em>doctoribus</em></strong></span> <span class='ocrx_word' id='word_1_796' title='bbox 3179 4771 3527 4827; x_wconf 85' lang='lat' dir='ltr'><strong><em>christianis.</em></strong></span> 
     </span>
    </p>
   </div>
   <div class='ocr_carea' id='block_1_114' title="bbox 2024 4854 3601 4929">
    <p class='ocr_par' dir='ltr' id='par_1_114' title="bbox 2024 4854 3601 4929">
     <span class='ocr_line' id='line_1_114' title="bbox 2024 4854 3601 4929; baseline 0.003 -18"><span class='ocrx_word' id='word_1_797' title='bbox 2024 4859 2115 4912; x_wconf 80' lang='lat'><strong><em>22.</em></strong></span> <span class='ocrx_word' id='word_1_798' title='bbox 2150 4858 2256 4911; x_wconf 76' lang='lat' dir='ltr'><strong><em>Sed</em></strong></span> <span class='ocrx_word' id='word_1_799' title='bbox 2283 4872 2385 4910; x_wconf 92' lang='lat' dir='ltr'><strong><em>nos</em></strong></span> <span class='ocrx_word' id='word_1_800' title='bbox 2414 4854 2519 4909; x_wconf 90' lang='lat' dir='ltr'><strong><em>etsi</em></strong></span> <span class='ocrx_word' id='word_1_801' title='bbox 2552 4856 2622 4909; x_wconf 90' lang='lat' dir='ltr'><strong><em>de</em></strong></span> <span class='ocrx_word' id='word_1_802' title='bbox 2654 4854 2863 4909; x_wconf 88' lang='lat' dir='ltr'><strong><em>litteris</em></strong></span> <span class='ocrx_word' id='word_1_803' title='bbox 2896 4872 3254 4929; x_wconf 74' lang='lat' dir='ltr'><strong><em>eorum,quie</em></strong></span> <span class='ocrx_word' id='word_1_804' title='bbox 3289 4860 3415 4915; x_wconf 89' lang='lat' dir='ltr'><strong><em>sine</em></strong></span> <span class='ocrx_word' id='word_1_805' title='bbox 3445 4861 3601 4915; x_wconf 86' lang='lat' dir='ltr'><strong><em>difﬁ-</em></strong></span> 
     </span>
    </p>
   </div>
   <div class='ocr_carea' id='block_1_115' title="bbox 1956 4942 3602 5013">
    <p class='ocr_par' dir='ltr' id='par_1_115' title="bbox 1956 4942 3602 5013">
     <span class='ocr_line' id='line_1_115' title="bbox 1956 4942 3602 5013; baseline 0.001 -12"><span class='ocrx_word' id='word_1_806' title='bbox 1956 4946 2167 5001; x_wconf 87' lang='lat' dir='ltr'><strong><em>cultate</em></strong></span> <span class='ocrx_word' id='word_1_807' title='bbox 2192 4943 2599 5013; x_wconf 86' lang='lat' dir='ltr'><strong><em>intelliguntur</em></strong></span> <span class='ocrx_word' id='word_1_808' title='bbox 2632 4942 2914 4998; x_wconf 89' lang='lat' dir='ltr'><strong><em>nonnulla</em></strong></span> <span class='ocrx_word' id='word_1_809' title='bbox 2944 4946 3236 5001; x_wconf 89' lang='lat' dir='ltr'><strong><em>sumimus</em></strong></span> <span class='ocrx_word' id='word_1_810' title='bbox 3258 4947 3602 5004; x_wconf 88' lang='lat' dir='ltr'><strong><em>elocutionis</em></strong></span> 
     </span>
    </p>
   </div>
   <div class='ocr_carea' id='block_1_116' title="bbox 1955 5033 3601 5105">
    <p class='ocr_par' dir='ltr' id='par_1_116' title="bbox 1955 5033 3601 5105">
     <span class='ocr_line' id='line_1_116' title="bbox 1955 5033 3601 5105; baseline 0.001 -15"><span class='ocrx_word' id='word_1_811' title='bbox 1955 5033 2255 5105; x_wconf 89' lang='lat' dir='ltr'><strong><em>exempla;</em></strong></span> <span class='ocrx_word' id='word_1_812' title='bbox 2292 5048 2659 5101; x_wconf 89' lang='lat' dir='ltr'><strong><em>nequaquam</em></strong></span> <span class='ocrx_word' id='word_1_813' title='bbox 2693 5038 2886 5087; x_wconf 85' lang='lat' dir='ltr'><strong><em>tamen</em></strong></span> <span class='ocrx_word' id='word_1_814' title='bbox 2926 5041 3127 5104; x_wconf 89' lang='lat' dir='ltr'><strong><em>putare</em></strong></span> <span class='ocrx_word' id='word_1_815' title='bbox 3158 5037 3438 5091; x_wconf 89' lang='lat' dir='ltr'><strong><em>debemus</em></strong></span> <span class='ocrx_word' id='word_1_816' title='bbox 3472 5037 3601 5091; x_wconf 88' lang='lat' dir='ltr'><strong><em>imi-</em></strong></span> 
     </span>
    </p>
   </div>
   <div class='ocr_carea' id='block_1_117' title="bbox 1955 5121 3603 5194">
    <p class='ocr_par' dir='ltr' id='par_1_117' title="bbox 1955 5121 3603 5194">
     <span class='ocr_line' id='line_1_117' title="bbox 1955 5121 3603 5194; baseline 0.001 -15"><span class='ocrx_word' id='word_1_817' title='bbox 1955 5124 2161 5179; x_wconf 85' lang='lat' dir='ltr'><strong><em>tandos</em></strong></span> <span class='ocrx_word' id='word_1_818' title='bbox 2185 5138 2281 5175; x_wconf 92' lang='lat' dir='ltr'><strong><em>eos</em></strong></span> <span class='ocrx_word' id='word_1_819' title='bbox 2317 5121 2483 5174; x_wconf 88' lang='lat' dir='ltr'><strong><em>nobis</em></strong></span> <span class='ocrx_word' id='word_1_820' title='bbox 2514 5137 2641 5175; x_wconf 88' lang='lat' dir='ltr'><strong><em>esse</em></strong></span> <span class='ocrx_word' id='word_1_821' title='bbox 2674 5121 2728 5174; x_wconf 91' lang='lat' dir='ltr'><strong><em>in</em></strong></span> <span class='ocrx_word' id='word_1_822' title='bbox 2764 5122 2836 5175; x_wconf 93' lang='lat' dir='ltr'><strong><em>iis</em></strong></span> <span class='ocrx_word' id='word_1_823' title='bbox 2856 5139 2987 5192; x_wconf 68' lang='lat' dir='ltr'><strong><em>quae</em></strong></span> <span class='ocrx_word' id='word_1_824' title='bbox 3037 5125 3107 5177; x_wconf 91' lang='lat' dir='ltr'><strong><em>ad</em></strong></span> <span class='ocrx_word' id='word_1_825' title='bbox 3149 5126 3497 5181; x_wconf 84' lang='lat' dir='ltr'><strong><em>exercendas</em></strong></span> <span class='ocrx_word' id='word_1_826' title='bbox 3546 5142 3603 5194; x_wconf 63' lang='lat' dir='ltr'><strong><em>et</em></strong></span> 
     </span>
    </p>
   </div>
   <div class='ocr_carea' id='block_1_118' title="bbox 1956 5210 3601 5282">
    <p class='ocr_par' dir='ltr' id='par_1_118' title="bbox 1956 5210 3601 5282">
     <span class='ocr_line' id='line_1_118' title="bbox 1956 5210 3601 5282; baseline -0.001 -13"><span class='ocrx_word' id='word_1_827' title='bbox 1956 5212 2280 5269; x_wconf 88' lang='lat' dir='ltr'><strong><em>elimandas</em></strong></span> <span class='ocrx_word' id='word_1_828' title='bbox 2317 5210 2750 5279; x_wconf 89' lang='lat' dir='ltr'><strong><em>quodammodo</em></strong></span> <span class='ocrx_word' id='word_1_829' title='bbox 2780 5218 3003 5265; x_wconf 89' lang='lat' dir='ltr'><strong><em>mentes</em></strong></span> <span class='ocrx_word' id='word_1_830' title='bbox 3052 5211 3392 5282; x_wconf 85' lang='lat' dir='ltr'><strong><em>legentium,</em></strong></span> <span class='ocrx_word' id='word_1_831' title='bbox 3445 5218 3501 5267; x_wconf 89' lang='lat' dir='ltr'><strong><em>et</em></strong></span> <span class='ocrx_word' id='word_1_832' title='bbox 3530 5214 3601 5267; x_wconf 87' lang='lat' dir='ltr'><strong><em>ad</em></strong></span> 
     </span>
    </p>
   </div>
   <div class='ocr_carea' id='block_1_119' title="bbox 1957 5298 3602 5372">
    <p class='ocr_par' dir='ltr' id='par_1_119' title="bbox 1957 5298 3602 5372">
     <span class='ocr_line' id='line_1_119' title="bbox 1957 5298 3602 5372; baseline 0 -15"><span class='ocrx_word' id='word_1_833' title='bbox 1957 5299 2284 5372; x_wconf 89' lang='lat' dir='ltr'><strong><em>rumpenda</em></strong></span> <span class='ocrx_word' id='word_1_834' title='bbox 2309 5298 2542 5352; x_wconf 88' lang='lat' dir='ltr'><strong><em>fastidia</em></strong></span> <span class='ocrx_word' id='word_1_835' title='bbox 2562 5301 2735 5368; x_wconf 90' lang='lat' dir='ltr'><strong><em>atque</em></strong></span> <span class='ocrx_word' id='word_1_836' title='bbox 2759 5301 3023 5354; x_wconf 87' lang='lat' dir='ltr'><strong><em>acuenda</em></strong></span> <span class='ocrx_word' id='word_1_837' title='bbox 3041 5300 3239 5355; x_wconf 86' lang='lat' dir='ltr'><strong><em>studia</em></strong></span> <span class='ocrx_word' id='word_1_838' title='bbox 3260 5302 3485 5357; x_wconf 89' lang='lat' dir='ltr'><strong><em>discere</em></strong></span> <span class='ocrx_word' id='word_1_839' title='bbox 3506 5319 3602 5357; x_wconf 81' lang='lat' dir='ltr'><strong><em>vo-</em></strong></span> 
     </span>
    </p>
   </div>
   <div class='ocr_carea' id='block_1_120' title="bbox 1955 5386 3601 5462">
    <p class='ocr_par' dir='ltr' id='par_1_120' title="bbox 1955 5386 3601 5462">
     <span class='ocr_line' id='line_1_120' title="bbox 1955 5386 3601 5462; baseline -0.001 -15"><span class='ocrx_word' id='word_1_840' title='bbox 1955 5392 2222 5456; x_wconf 87' lang='lat' dir='ltr'><strong><em>lentium,</em></strong></span> <span class='ocrx_word' id='word_1_841' title='bbox 2275 5386 2586 5442; x_wconf 72' lang='lat' dir='ltr'><strong><em>celandos’</em></strong></span> <span class='ocrx_word' id='word_1_842' title='bbox 2626 5404 2881 5457; x_wconf 91' lang='lat' dir='ltr'><strong><em>quoque,</em></strong></span> <span class='ocrx_word' id='word_1_843' title='bbox 2933 5389 3051 5443; x_wconf 90' lang='lat' dir='ltr'><strong><em>sive</em></strong></span> <span class='ocrx_word' id='word_1_844' title='bbox 3099 5394 3162 5443; x_wconf 88' lang='lat' dir='ltr'><strong><em>ut</em></strong></span> <span class='ocrx_word' id='word_1_845' title='bbox 3208 5390 3278 5444; x_wconf 90' lang='lat' dir='ltr'><strong><em>ad</em></strong></span> <span class='ocrx_word' id='word_1_846' title='bbox 3328 5392 3601 5462; x_wconf 87' lang='lat' dir='ltr'><strong><em>pietatem</em></strong></span> 
     </span>
    </p>
   </div>
   <div class='ocr_carea' id='block_1_121' title="bbox 1955 5476 3604 5549">
    <p class='ocr_par' dir='ltr' id='par_1_121' title="bbox 1955 5476 3604 5549">
     <span class='ocr_line' id='line_1_121' title="bbox 1955 5476 3604 5549; baseline -0.002 -12"><span class='ocrx_word' id='word_1_847' title='bbox 1955 5483 2381 5545; x_wconf 87' lang='lat' dir='ltr'><strong><em>convertantur,</em></strong></span> <span class='ocrx_word' id='word_1_848' title='bbox 2418 5476 2537 5531; x_wconf 90' lang='lat' dir='ltr'><strong><em>sive</em></strong></span> <span class='ocrx_word' id='word_1_849' title='bbox 2570 5482 2691 5530; x_wconf 89' lang='lat' dir='ltr'><strong><em>uta</em></strong></span> <span class='ocrx_word' id='word_1_850' title='bbox 2723 5477 3017 5549; x_wconf 81' lang='lat' dir='ltr'><strong><em>mysteriis</em></strong></span> <span class='ocrx_word' id='word_1_851' title='bbox 3047 5478 3440 5549; x_wconf 87' lang='lat' dir='ltr'><strong><em>secludantur,</em></strong></span> <span class='ocrx_word' id='word_1_852' title='bbox 3475 5480 3604 5533; x_wconf 90' lang='lat' dir='ltr'><strong><em>ani-</em></strong></span> 
     </span>
    </p>
   </div>
   <div class='ocr_carea' id='block_1_122' title="bbox 1956 5565 3603 5639">
    <p class='ocr_par' dir='ltr' id='par_1_122' title="bbox 1956 5565 3603 5639">
     <span class='ocr_line' id='line_1_122' title="bbox 1956 5565 3603 5639; baseline -0.003 -12"><span class='ocrx_word' id='word_1_853' title='bbox 1956 5587 2083 5627; x_wconf 89' lang='lat' dir='ltr'><strong><em>mos</em></strong></span> <span class='ocrx_word' id='word_1_854' title='bbox 2113 5567 2451 5639; x_wconf 88' lang='lat' dir='ltr'><strong><em>impiorum,</em></strong></span> <span class='ocrx_word' id='word_1_855' title='bbox 2504 5565 2631 5620; x_wconf 89' lang='lat' dir='ltr'><strong><em>utili</em></strong></span> <span class='ocrx_word' id='word_1_856' title='bbox 2681 5582 2747 5621; x_wconf 89' lang='lat' dir='ltr'><strong><em>ac</em></strong></span> <span class='ocrx_word' id='word_1_857' title='bbox 2792 5565 3015 5621; x_wconf 87' lang='lat' dir='ltr'><strong><em>salubri</em></strong></span> <span class='ocrx_word' id='word_1_858' title='bbox 3057 5567 3411 5622; x_wconf 83' lang='lat' dir='ltr'><strong><em>obscuritate</em></strong></span> <span class='ocrx_word' id='word_1_859' title='bbox 3442 5568 3603 5623; x_wconf 87' lang='lat' dir='ltr'><strong><em>dixe-</em></strong></span> 
     </span>
    </p>
   </div>
   <div class='ocr_carea' id='block_1_123' title="bbox 1954 5655 3603 5727">
    <p class='ocr_par' dir='ltr' id='par_1_123' title="bbox 1954 5655 3603 5727">
     <span class='ocr_line' id='line_1_123' title="bbox 1954 5655 3603 5727; baseline -0.004 -10"><span class='ocrx_word' id='word_1_860' title='bbox 1954 5664 2111 5716; x_wconf 90' lang='lat' dir='ltr'><strong><em>runt.</em></strong></span> <span class='ocrx_word' id='word_1_861' title='bbox 2145 5657 2238 5714; x_wconf 90' lang='lat' dir='ltr'><strong><em>Sic</em></strong></span> <span class='ocrx_word' id='word_1_862' title='bbox 2270 5655 2487 5727; x_wconf 89' lang='lat' dir='ltr'><strong><em>quippe</em></strong></span> <span class='ocrx_word' id='word_1_863' title='bbox 2518 5655 2599 5708; x_wconf 90' lang='lat' dir='ltr'><strong><em>illi</em></strong></span> <span class='ocrx_word' id='word_1_864' title='bbox 2637 5655 2809 5709; x_wconf 86' lang='lat' dir='ltr'><strong><em>locuti</em></strong></span> <span class='ocrx_word' id='word_1_865' title='bbox 2844 5663 3004 5723; x_wconf 89' lang='lat' dir='ltr'><strong><em>sunt,</em></strong></span> <span class='ocrx_word' id='word_1_866' title='bbox 3038 5661 3101 5710; x_wconf 89' lang='lat' dir='ltr'><strong><em>ut</em></strong></span> <span class='ocrx_word' id='word_1_867' title='bbox 3132 5657 3478 5727; x_wconf 78' lang='lat' dir='ltr'><strong><em>posteriores</em></strong></span> <span class='ocrx_word' id='word_1_868' title='bbox 3501 5656 3603 5727; x_wconf 90' lang='lat' dir='ltr'><strong><em>qui</em></strong></span> 
     </span>
    </p>
   </div>
   <div class='ocr_carea' id='block_1_124' title="bbox 2015 5778 3537 5842">
    <p class='ocr_par' dir='ltr' id='par_1_124' title="bbox 2015 5778 3537 5842">
     <span class='ocr_line' id='line_1_124' title="bbox 2015 5778 3537 5842; baseline 0.004 -17"><span class='ocrx_word' id='word_1_869' title='bbox 2015 5792 2029 5825; x_wconf 80' lang='grc' dir='ltr'><strong><em>ι</em></strong></span> <span class='ocrx_word' id='word_1_870' title='bbox 2064 5785 2185 5835; x_wconf 88' lang='lat' dir='ltr'><strong><em>Bad.</em></strong></span> <span class='ocrx_word' id='word_1_871' title='bbox 2220 5783 2336 5832; x_wconf 84' lang='lat' dir='ltr'><strong><em>Am.</em></strong></span> <span class='ocrx_word' id='word_1_872' title='bbox 2358 5779 2455 5842; x_wconf 68' lang='lat' dir='ltr'><strong><em>Er.</em></strong></span> <span class='ocrx_word' id='word_1_873' title='bbox 2478 5784 2529 5827; x_wconf 90' lang='lat' dir='ltr'><strong><em>et</em></strong></span> <span class='ocrx_word' id='word_1_874' title='bbox 2559 5780 2683 5828; x_wconf 85' lang='lat' dir='ltr'><strong><em>Mss.</em></strong></span> <span class='ocrx_word' id='word_1_875' title='bbox 2707 5782 2934 5841; x_wconf 86' lang='lat' dir='ltr'><strong><em>septem,</em></strong></span> <span class='ocrx_word' id='word_1_876' title='bbox 2967 5778 3063 5842; x_wconf 84' lang='lat' dir='ltr'><strong><em>tali</em></strong></span> <span class='ocrx_word' id='word_1_877' title='bbox 3090 5778 3376 5842; x_wconf 80' lang='lat' dir='ltr'><strong><em>eloquentia</em></strong></span> <span class='ocrx_word' id='word_1_878' title='bbox 3401 5792 3537 5831; x_wconf 85' lang='lat' dir='ltr'><strong><em>usos.</em></strong></span> 
     </span>
    </p>
   </div>
   <div class='ocr_carea' id='block_1_125' title="bbox 2017 5841 3446 5902">
    <p class='ocr_par' dir='ltr' id='par_1_125' title="bbox 2017 5841 3446 5902">
     <span class='ocr_line' id='line_1_125' title="bbox 2017 5841 3446 5902; baseline -0.001 -8"><span class='ocrx_word' id='word_1_879' title='bbox 2017 5854 2038 5886; x_wconf 75' lang='lat'><strong>2</strong></span> <span class='ocrx_word' id='word_1_880' title='bbox 2068 5851 2186 5899; x_wconf 76' lang='lat' dir='ltr'><strong><em>Mss.</em></strong></span> <span class='ocrx_word' id='word_1_881' title='bbox 2223 5849 2343 5902; x_wconf 70' lang='lat' dir='ltr'><strong><em>tres,</em></strong></span> <span class='ocrx_word' id='word_1_882' title='bbox 2378 5841 2635 5890; x_wconf 50' lang='lat' dir='ltr'><strong><em>zelum/os.</em></strong></span> <span class='ocrx_word' id='word_1_883' title='bbox 2664 5844 2745 5890; x_wconf 72' lang='lat' dir='ltr'><strong><em>Sic</em></strong></span> <span class='ocrx_word' id='word_1_884' title='bbox 2769 5844 2927 5889; x_wconf 78' lang='lat' dir='ltr'><strong><em>ellum</em></strong></span> <span class='ocrx_word' id='word_1_885' title='bbox 2962 5841 3078 5889; x_wconf 73' lang='lat' dir='ltr'><strong><em>llud.</em></strong></span> <span class='ocrx_word' id='word_1_886' title='bbox 3120 5841 3233 5890; x_wconf 78' lang='lat' dir='ltr'><strong><em>Am.</em></strong></span> <span class='ocrx_word' id='word_1_887' title='bbox 3272 5846 3323 5890; x_wconf 88' lang='lat' dir='ltr'><strong><em>et</em></strong></span> <span class='ocrx_word' id='word_1_888' title='bbox 3361 5842 3446 5894; x_wconf 89' lang='lat' dir='ltr'><strong><em>Er.</em></strong></span> 
     </span>
    </p>
   </div>
  </div>
