4172 6196
411 267 488 323 99
1279 258 1379 315 DE
1426 254 1814 312 nor/ramis
1866 250 2370 330 CHlllS'l‘IANA,
2420 259 2478 314 s.
2535 256 2957 321 AUGUSTINI

414 413 512 450 eos
541 400 691 449 recte
728 392 1115 463 intelligerent
1148 394 1204 443 et
1232 390 1603 457 exponerent,
1637 384 1875 438 alteram
1927 400 2057 453 gra-

419 483 580 551 tiam,
614 482 907 553 disparem
940 479 1197 549 quidem,
1227 482 1631 533 verumtamen
1688 472 2057 541 subsequen-

415 576 529 626 tem
558 572 617 625 in
644 571 740 625 Dei
775 568 1025 623 Ecclesia
1057 568 1394 636 reperirent.
1433 564 1551 619 Non
1587 578 1721 633 ergo
1772 560 2055 631 exposito-

415 679 507 715 res
526 677 727 714 eorum
760 659 841 712 ita
875 658 1029 727 loqui
1062 657 1293 721 debent,
1330 662 1607 722 tanquam
1641 668 1702 704 se
1742 649 1854 720 ipsi
1887 666 2058 718 expo-

415 751 635 804 nendos
668 747 843 803 simili
877 746 1218 800 auctoritate
1252 745 1607 813 preponant;
1643 740 1741 793 sed
1774 740 1831 792 in
1878 738 2058 792 omni-

416 842 523 893 bus
552 836 922 892 sermonibus
944 834 1067 889 suis
1092 832 1364 904 primitus
1391 847 1455 884 ac
1498 829 1748 882 maxime
1782 832 1843 880 ut
1886 826 2057 880 intel-

410 926 671 998 ligantur
693 924 1011 989 elaborent,
1045 939 1113 978 ea
1142 928 1428 991 quantum
1462 921 1709 989 possunt
1739 914 2059 986 perspicui-

413 1021 528 1069 tate
560 1014 811 1079 dicendi,
847 1016 909 1066 ut
941 1016 1039 1066 aut
1072 1010 1323 1065 multum
1352 1007 1558 1062 tardus
1588 1006 1665 1059 sit
1694 1004 1790 1075 qui
1825 1021 1935 1058 non
1971 1004 2055 1057 in-

414 1104 655 1175 telligat,
691 1103 862 1157 autin
896 1118 1087 1156 rerum
1122 1116 1269 1170 quas
1318 1097 1604 1167 explicare
1637 1099 1813 1165 atque
1870 1100 2057 1147 osten-

414 1194 547 1246 dere
571 1191 844 1246 volumus
871 1189 1213 1244 difﬁcultate
1241 1205 1303 1241 ac
1336 1184 1680 1252 subtilitate,
1704 1200 1814 1237 non
1840 1182 1895 1235 in
1925 1198 2056 1235 nos-

413 1288 501 1336 tra
532 1281 826 1336 locutione
859 1280 930 1333 si'.
964 1296 1139 1333 causa
1171 1294 1283 1348 quo
1319 1276 1512 1329 minus
1563 1273 1852 1325 tardiusve
1901 1271 2054 1341 quod

412 1372 664 1425 dicimus
697 1370 883 1441 possit
913 1368 1175 1438 intelligi.

412 1479 644 1533 C.\PUT
678 1478 764 1532 IX.
787 1509 851 1516 —
872 1476 1137 1547 Di/ﬁcz’lz'ii
1171 1472 1451 1547 intellecti}.
1478 1468 1620 1539 apud
1641 1483 1773 1538 quos
1822 1471 1874 1521 et
1925 1483 2058 1537 quo-

988 1546 1143 1601 modo
1175 1541 1463 1599 tractanda
1476 1584 1488 1597 .

480 1641 567 1693 ‘22.
595 1638 908 1693 Suntenim
933 1636 1198 1707 quisdam
1218 1651 1343 1704 quae
1366 1634 1416 1685 vi
1450 1646 1558 1683 sua
1577 1645 1687 1682 non
1714 1626 2056 1697 intelligun-

410 1735 521 1794 tur,
553 1734 652 1783 aut
682 1728 775 1781 vix
806 1725 1233 1795 intelliguntur,
1266 1718 1628 1792 quantolibet
1656 1721 1711 1770 et
1742 1721 2056 1786 quantum-

407 1818 567 1881 libet,
603 1815 873 1888 quamvis
916 1812 1281 1884 planissime,
1333 1807 1580 1863 dicentis
1602 1810 1907 1861 versentur
1937 1803 2055 1858 elo-

406 1906 542 1976 quio
568 1924 579 1973 ;
607 1922 734 1977 quas
768 1904 823 1957 in
859 1902 1057 1974 populi
1090 1895 1565 1963 audientiam,vel
1599 1894 1802 1963 raro,si
1836 1893 2054 1963 aliquid

415 2000 605 2063 urget,
638 1992 726 2048 vel
758 2008 1061 2062 nunquam
1096 1980 1331 2043 omnino
1367 1984 1650 2039 mittenda
1689 1984 1848 2036 sunt.
1885 1982 1946 2034 In
1979 1979 2054 2033 li-

409 2084 526 2136 bris
559 2089 777 2147 autem,
812 2082 903 2151 qui
942 2081 1018 2133 ita
1049 2079 1386 2132 scribuntur
1408 2080 1469 2128 ut
1500 2072 1609 2143 ipsi
1635 2072 1742 2127 sibi
1771 2070 2052 2141 quodam-

408 2173 579 2226 modo
606 2172 875 2225 lectorem
914 2172 1147 2223 teneant
1177 2182 1309 2220 cum
1341 2162 1769 2233 intelliguntur,
1795 2176 1925 2213 cum
1956 2176 2055 2212 au-

406 2265 519 2314 tem
557 2277 669 2314 non
702 2258 1112 2327 intelliguntur
1135 2254 1362 2308 molesti
1397 2268 1507 2306 non
1542 2250 1659 2304 sint
1700 2248 2053 2303 molentibus

405 2350 615 2419 legere,
644 2353 699 2403 et
724 2348 781 2401 in
815 2348 1146 2417 aliquorum
1199 2340 1745 2403 collocutionibus‘,
1799 2355 1910 2391 nou
1964 2341 2053 2390 est

407 2438 511 2491 hor
546 2438 801 2491 ofﬁcium
833 2436 1241 2497 deserendum,
1278 2437 1338 2485 ut
1371 2447 1520 2498 vera,
1546 2426 1811 2498 quamvis
1829 2424 2055 2479 difﬁcil-

406 2527 543 2580 lima
575 2528 643 2580 ad
677 2525 1149 2595 intelligendum,
1185 2538 1311 2591 quae
1354 2520 1462 2590 ipsi
1492 2520 1613 2587 jam
1662 2514 2050 2586 percepimus,

402 2632 532 2668 cum
554 2621 1029 2687 quantocumque
1050 2612 1247 2666 labore
1270 2606 1685 2679 disputationis
1705 2605 1772 2658 ad
1802 2602 2049 2656 aliorum

405 2704 848 2775 intelligentiam
886 2702 1299 2773 perducamus,
1334 2697 1381 2751 si
1414 2700 1575 2749 tenet
1606 2691 1927 2747 auditorem
1964 2688 2050 2743 vel

402 2793 813 2847 collocutorcm
848 2789 1106 2844 discendi
1140 2786 1453 2858 cupiditas,
1496 2799 1600 2836 nec
1635 2780 1845 2835 mentis
1878 2796 2048 2848 capa-

404 2882 548 2935 citas
580 2881 750 2944 desit,
779 2898 901 2950 quae
934 2894 1167 2950 quoquo
1194 2876 1360 2931 modo
1392 2873 1661 2928 intimate
1693 2868 1877 2941 possit
1899 2867 2048 2921 acci-

406 2986 536 3039 pere
566 2995 577 3033 ;
612 2986 722 3022 non
757 2967 1117 3022 curanteillo
1150 2966 1248 3035 qui
1283 2965 1467 3028 docet,
1504 2965 1725 3030 quanta
1772 2956 2049 3027 eloquen-

404 3058 483 3112 tia
506 3058 724 3127 duceal,
765 3057 865 3111 sed
900 3060 1123 3126 quanta
1153 3052 1459 3108 evidentia.

474 3146 704 3200 CAPUT
734 3150 801 3199 X.
828 3176 896 3184 ——
922 3144 1344 3211 Perspicuilalis
1376 3142 1435 3193 ίιι
1454 3137 1678 3192 dicendo
1708 3135 1972 3190 studium.

468 3236 556 3288 2’1.
593 3236 771 3305 Cujus
803 3234 1101 3289 evidentia:
1136 3233 1385 3301 diligens
1413 3228 1704 3298 appetitus
1728 3224 2047 3295 aliquando

401 3323 641 3394 nrgligit
672 3324 845 3377 verba
875 3323 1277 3390 cultiora,_nec
1309 3326 1472 3373 curat
1506 3317 1645 3385 quid
1679 3315 1822 3369 bene
1856 3317 2044 3381 sonet,

400 3417 501 3473 sed
523 3416 663 3488 quid
698 3418 839 3469 bene
874 3412 1087 3466 indicet
1117 3416 1290 3480 atque
1323 3405 1719 3474 intimetquod
1746 3403 2049 3457 ostendere

402 3508 669 3562 intendit.
692 3504 850 3560 Unde
882 3503 961 3556 ait
984 3496 1477 3570 quidum,cumde
1511 3493 1606 3548 tali
1643 3509 1851 3563 genere
1884 3491 2046 3545 locu-

400 3596 577 3651 tionis
609 3598 959 3665 ageret,esse
985 3590 1040 3642 in
1074 3605 1139 3641 ea
1162 3587 1477 3656 quamdam
1500 3583 1835 3653 diligentem
1865 3579 2046 3649 negli-

400 3685 659 3757 gentiam
685 3682 907 3751 (Cicero,
935 3681 993 3732 in
1020 3678 1280 3745 Oratore).
1307 3674 1433 3727 llaac
1465 3679 1656 3726 tamen
1690 3671 1772 3724 sic
1795 3668 2049 3722 detrahit

399 3780 691 3838 ornatum,
727 3776 789 3824 ut
819 3768 1020 3822 sordes
1053 3783 1166 3820 non
1191 3764 1516 3818 contrahat.
1552 3758 1827 3826 Quamvis
1851 3758 1905 3811 in
1942 3757 2046 3811 bo-

398 3866 487 3916 nis
520 3860 857 3916 doctoribus
893 3861 1056 3911 tanta
1079 3853 1318 3908 docendi
1342 3869 1482 3906 cura
1515 3851 1611 3914 sit,
1646 3847 1729 3902 vel
1757 3864 1885 3901 esse
1942 3847 2045 3899 de-

396 3953 551 4016 beat,
587 3954 650 4005 ut
680 3950 923 4003 verbum
949 3945 1103 4016 quod
1140 3942 1247 3996 nisi
1284 3942 1597 3995 obscurum
1622 3938 1698 3992 sit
1732 3936 1816 3991 vel
1859 3934 2043 3989 ambi-

394 4058 600 4111 guum,
625 4039 875 4092 latinum
900 4051 1026 4090 esse
1056 4049 1171 4088 non
1198 4037 1407 4103 potest,
1431 4030 1586 4099 vulgi
1635 4033 1829 4081 autem
1887 4042 2047 4080 more

392 4132 477 4183 sic
510 4129 728 4182 dicitur
743 4123 1178 4193 utambiguitas
1209 4118 1654 4187 obscuritasque
1685 4118 2044 4183 vitetur,non

396 4219 480 4272 sie
514 4218 745 4270 dicatur
778 4219 840 4267 ut
871 4229 903 4266 a
935 4212 1143 4279 doctis,
1177 4210 1275 4263 sed
1304 4208 1496 4279 potius
1549 4210 1613 4259 ut
1670 4207 1740 4259 ab
1794 4203 2044 4257 indoctis

394 4307 508 4361 dici
540 4302 775 4358 solet.Si
801 4301 955 4355 enim
978 4316 1090 4353 non
1120 4297 1309 4367 piguit
1332 4296 1523 4349 dicere
1546 4294 1890 4363 interpretes
1919 4308 2047 4344 nos-

390 4398 534 4461 tros,
558 4394 671 4447 Non
703 4388 1043 4461 congregabo
1060 4383 1440 4441 conventicula
1455 4399 1641 4437 eorum
1664 4382 1727 4436 de
1754 4382 2041 4448 sanguini-

392 4486 489 4538 bus
520 4482 690 4551 (Psal.
715 4496 807 4547 xv,
844 4479 917 4545 4),
950 4474 1225 4546 quoniam
1280 4475 1590 4527 senserunt
1624 4470 1695 4524 ad
1729 4486 1845 4523 rem
1874 4468 2044 4538 perti-

389 4588 548 4638 nere,
575 4574 637 4622 ut
668 4584 732 4621 eo
752 4564 877 4620 loco
902 4561 1205 4634 pluraliter
1229 4559 1635 4615 enuntiaretur
1666 4557 1771 4611 hoc
1806 4572 2040 4625 nomen,

391 4660 543 4730 quod
583 4658 638 4711 in
672 4656 852 4711 latina
882 4653 1083 4723 lingua
1114 4648 1523 4704 tantummodo
1556 4646 1931 4716 singulariter
1954 4645 2040 4699 di-

391 4748 572 4814 citur;
607 4763 709 4800 cur
760 4742 993 4814 pietatis
1033 4741 1326 4793 doctorem
1384 4738 1577 4808 pigeat
1622 4734 1908 4806 imperitis
1958 4735 2039 4789 lo-

395 4841 693 4907 quentem,
730 4848 928 4886 ossum
952 4830 1143 4901 potius
1174 4843 1349 4898 quam
1374 4844 1436 4879 os
1461 4824 1752 4890 dicere,ne
1785 4823 1894 4877 ista
1917 4821 2038 4894 syl-

390 4924 523 4979 laba
548 4941 657 4977 non
693 4923 762 4975 ab
796 4938 862 4975 eo
920 4919 1072 4989 quod
1106 4924 1245 4971 sunt
1294 4933 1448 4983 ossa,
1506 4914 1604 4968 sed
1645 4914 1716 4967 ab
1766 4930 1831 4966 eo
1881 4912 2034 4983 quod

392 5020 530 5069 sunt
569 5030 669 5066 ora
719 5008 1096 5079 intelligatur,
1141 5006 1236 5058 ubi
1290 5006 1437 5058 Afra:
1485 5020 1655 5057 aures
1701 5003 1769 5056 de
1813 5018 2038 5072 correp-

390 5103 545 5158 tione
574 5099 861 5156 vocalium
894 5096 978 5151 vel
1007 5093 1386 5167 productione
1411 5110 1522 5146 non
1547 5090 1860 5162 judicent?
1890 5089 2036 5154 Quid

389 5192 544 5247 enim
580 5190 808 5261 prodest
844 5183 1150 5238 locutionis
1185 5182 1509 5251 integritas,
1545 5197 1717 5249 quam
1781 5195 1891 5232 non
1956 5194 2039 5231 se-

391 5280 590 5352 quitur
624 5277 950 5332 intellectus
979 5273 1288 5339 audientis,
1323 5288 1456 5323 eum
1486 5270 1759 5339 loquendi
1799 5269 2037 5323 omnino

462 5451 477 5483 1
514 5450 565 5494 lu
600 5447 747 5509 prius
764 5444 933 5489 editis.
958 5456 1071 5487 cum
1093 5438 1474 5509 i'nleI/i'quntur,
1500 5437 1698 5484 molesti
1714 5451 1811 5484 non
1833 5439 2040 5485 sinlvo-

402 5501 623 5561 ιεηιιωιὲ
653 5516 842 5569 ιιιμειιιε
867 5523 979 5553 cum
1006 5517 1172 5569 autent
1198 5501 1696 5569 nmi_intcl/iquulu7',
1720 5501 1913 5547 molcsit
1938 5515 2036 5549 non

398 5578 501 5622 sint
533 5562 817 5619 nolnn‘ihm
837 5570 1015 5623 Ιριιρηι.
1058 5566 1117 5611 Et
1150 5566 1201 5611 in
1233 5563 1540 5625 aliquorum,
1566 5568 1663 5625 etc.
1696 5562 2035 5611 Hunclocum

402 5638 504 5685 Mss
547 5636 784 5683 subsidio
823 5630 1160 5679 liberavimus
1189 5628 1253 5674 ab
1296 5624 1475 5686 inepto
1531 5624 1865 5684 glossemate,
1926 5630 1978 5674 et
2007 5640 2038 5674 a

399 5715 564 5763 prava
621 5696 1067 5763 llilCl‘ptltlcttull‘e,
1093 5706 1217 5759 quin
1250 5705 1297 5763 Ia
1334 5705 1388 5763 si:
1441 5690 1663 5759 invicem
1711 5689 2039 5737 distrahebat

400 5750 575 5825 partes
608 5750 981 5825 propositionis
1010 5750 1199 5825 hujus:
1240 5752 1295 5800 In
1328 5750 1475 5801 libris
1509 5756 1781 5799 autem.....
1830 5765 1927 5800 non
1963 5754 2038 5799 est

397 5817 489 5874 hoc
517 5817 741 5886 omnum
773 5821 929 5869 deseri
946 5817 1125 5865 mlum.

3704 271 3818 331 100

2169 384 2329 439 nulla
2362 387 2435 441 sit
2469 406 2665 455 causa,
2700 391 2747 446 si
2776 394 2929 462 quod
2964 394 3261 466 loquimur
3290 415 3405 452 non
3458 398 3814 470 intelligunt,

2167 482 2402 547 propter
2432 496 2579 548 quos
2615 487 2675 533 ut
2706 482 3033 553 intelligant
3057 485 3395 555 loquimur?
3419 489 3527 551 Qui
3551 506 3686 559 ergo
3709 490 3810 543 do-

2168 571 2275 633 cet,
2309 568 2512 622 vitabit
2552 571 2747 625 omnia
2769 575 2935 626 verba
2969 592 3092 643 quae
3118 594 3229 630 non
3264 578 3511 642 docent;
3545 584 3600 631 et
3632 577 3677 632 si
3710 596 3811 648 pro

2167 656 2250 710 eis
2280 656 2393 709 alia
2429 656 2670 728 integra,
2705 677 2827 730 qua:
2864 662 3285 731 intelligantur,
3317 675 3504 736 potest
3536 667 3813 731 dicere,id

2169 745 2355 815 magis
2382 745 2596 816 eliget:
2632 749 2678 800 si
2714 756 2906 803 autem
2943 768 3052 805 non
3090 760 3295 821 potest,
3343 755 3463 808 sive
3509 757 3651 825 quia
3699 773 3813 809 non

2166 837 2324 895 sunt,
2350 833 2468 885 sive
2490 835 2628 903 quia
2661 835 2715 888 in
2750 842 3061 906 praesentia
3088 857 3201 893 non
3245 848 3577 907 occurrunt,
3624 849 3819 897 utetur

2166 920 2339 975 etiam
2372 922 2561 977 verbis
2595 923 2790 979 minus
2823 927 3084 997 integris,
3119 928 3259 983 dum
3306 939 3495 985 tamen
3545 948 3636 987 res
3688 935 3813 1002 ipsa

2167 1010 2445 1064 doceatur
2465 1017 2640 1082 atque
2672 1014 2932 1069 discatur
2961 1018 3207 1088 integre.

2234 1101 2322 1153 25.
2349 1100 2416 1153 Et
2442 1101 2545 1154 hoc
2576 1102 2814 1171 quidem
2849 1121 2959 1158 non
2994 1106 3183 1160 solum
3210 1106 3267 1161 in
3300 1107 3813 1174 collocutionibus,

2165 1187 2285 1242 sive
2318 1188 2461 1242 fiant
2490 1205 2623 1243 cum
2658 1190 2852 1261 aliquo
2884 1209 3020 1261 uno,
3056 1193 3175 1249 sive
3214 1212 3345 1249 cum
3383 1195 3685 1267 pluribus;
3724 1215 3813 1252 ve-

2165 1293 2295 1331 rum
2322 1278 2497 1331 etiam
2532 1278 2715 1333 multo
2750 1282 2939 1352 magis
2965 1282 3020 1335 in
3058 1283 3289 1354 populis
3340 1286 3572 1355 quando
3621 1303 3814 1340 sermo

2164 1367 2471 1436 promitur,
2507 1372 2571 1421 ut
2602 1368 3000 1439 intelligamur
3034 1373 3373 1427 instandum
3406 1378 3514 1429 est.
3563 1374 3710 1438 Quia
3754 1376 3811 1429 in

2164 1454 2653 1510 eullocutionibus
2702 1463 2759 1511 et
2804 1459 3016 1530 cuique
3062 1462 3462 1533 interrogandi
3514 1470 3809 1533 potestas:

2165 1545 2257 1597 ubi
2294 1550 2491 1599 autem
2522 1562 2726 1600 omnes
2758 1552 2951 1602 tacent
3002 1555 3064 1604 ut
3112 1550 3386 1605 audiatur
3444 1568 3617 1618 unus,
3667 1558 3724 1607 et
3756 1555 3810 1606 in

2164 1648 2295 1687 eum
2332 1634 2551 1688 intenta
2572 1651 2669 1688 ora
2700 1642 3063 1704 convertunt,
3088 1638 3167 1693 ibi
3200 1642 3264 1693 ut
3287 1639 3537 1709 requirat
3566 1641 3813 1711 quisque

2163 1724 2315 1792 quod
2352 1740 2461 1777 non
2496 1722 2860 1792 intellexerit,
2906 1742 3009 1780 nec
3042 1728 3223 1782 moris
3254 1733 3342 1783 est
3387 1745 3489 1783 nec
3542 1729 3769 1784 decoris
3798 1747 3811 1795 ;

2162 1827 2227 1865 ac
2257 1829 2357 1881 per
2379 1812 2484 1865 hoc
2507 1812 2677 1866 debet
2708 1814 2961 1869 maxime
2985 1817 3524 1872 tacentisubveoire
3551 1835 3692 1873 cura
3722 1820 3809 1872 di-

2161 1901 2369 1955 centis.
2404 1901 2563 1955 Solet
2594 1907 2791 1956 autem
2819 1910 2976 1957 motu
3003 1921 3109 1959 suo
3143 1905 3476 1976 significare
3504 1910 3703 1961 utrum
3732 1908 3813 1960 in-

2160 1989 2451 2045 tellexcrit
2480 1991 2868 2061 cognoccendi
2904 1993 3072 2047 avida
3104 1993 3461 2050 multitudo:
3497 1996 3650 2064 quod
3702 1995 3812 2050 do-

2161 2094 2267 2133 nec
2316 2078 2629 2148 significet,
2662 2080 3015 2134 versandum
3050 2094 3139 2136 est
3172 2083 3326 2153 quod
3362 2085 3576 2152 agitur,
3610 2084 3809 2138 multi-

2160 2168 2333 2221 moda
2360 2167 2636 2221 varietate
2666 2167 2892 2221 dicendi
2921 2186 2933 2234 ;
2969 2170 3123 2239 quod
3156 2170 3213 2223 in
3239 2178 3522 2241 potestate
3566 2190 3678 2227 non
3710 2173 3809 2227 ha-

2158 2256 2319 2323 bent,
2355 2256 2452 2328 qui
2490 2262 2806 2327 prazparatn
2852 2261 2906 2310 et
2940 2258 3009 2311 ad
3054 2260 3296 2313 verbum
3326 2261 3664 2316 memoriter
3711 2278 3805 2316 re-

2156 2350 2314 2399 tenta
2340 2346 2736 2415 pronuntiant.
2778 2344 2899 2400 Mox
2928 2351 3121 2401 autem
3156 2352 3221 2401 ut
3262 2348 3623 2404 intellectum
3676 2367 3806 2405 esse

2158 2434 2505 2496 constiterit,
2539 2440 2639 2487 aut
2672 2451 2862 2487 sermo
2888 2435 3200 2503 finiendus,
3235 2444 3337 2491 aut
3386 2438 3445 2491 in
3478 2438 3592 2493 alia
3649 2446 3807 2494 tran-

2157 2524 2447 2578 seundum
2486 2527 2591 2577 est.
2626 2522 2785 2575 sicut
2833 2524 2986 2576 enim
3022 2531 3224 2593 gratus
3267 2531 3355 2580 est
3404 2526 3503 2596 qui
3555 2544 3809 2598 cognos-

2156 2612 2339 2666 cenda
2368 2610 2666 2675 enubilat;
2700 2611 2784 2665 sic
2831 2627 3114 2667 onerosus
3165 2620 3254 2668 est
3303 2615 3403 2685 qui
3447 2615 3679 2685 cognita
3720 2618 3808 2671 in-

2156 2701 2365 2765 culcat,
2402 2700 2487 2754 eis
2535 2700 2818 2753 duntaxat
2873 2716 3122 2770 quorum
3170 2708 3288 2756 tota
3344 2706 3695 2773 exspectatio
3745 2707 3802 2761 in

2154 2788 2531 2843 dissolvenda
2572 2804 2795 2856 eorum,
2854 2805 2981 2857 qua:
3033 2791 3393 2859 panduntur,
3459 2792 3805 2849 difﬁcultate

2154 2880 2459 2951 pendebat.
2486 2878 2629 2931 Nam
2664 2877 2990 2931 delectandi
3023 2879 3210 2948 gratia
3232 2880 3405 2934 etiam
3433 2888 3568 2935 nota
3598 2882 3803 2936 dicun-

2153 2975 2286 3035 tur;
2325 2968 2420 3021 ubi
2464 2984 2575 3021 non
2613 2968 2759 3037 ipsa,
2797 2968 2896 3019 sed
2924 2970 3136 3022 modus
3158 2985 3272 3038 quo
3311 2969 3589 3024 dicuntur
3618 2976 3795 3025 atten-

2155 3058 2332 3112 ditur.
2369 3056 2527 3121 Quod
2562 3056 2606 3109 si
2643 3061 2697 3110 et
2742 3055 3003 3125 ipsejain
3048 3063 3220 3111 notus
3252 3067 3362 3119 est.
3404 3067 3579 3130 atque
3632 3062 3801 3114 audi-

2152 3146 2378 3200 toribus
2412 3145 2620 3215 placet,
2644 3160 2787 3215 pene
2820 3143 2964 3197 nihil
2996 3145 3237 3201 interest
3261 3154 3459 3201 utrum
3497 3148 3546 3201 is
3581 3148 3680 3218 qui
3712 3150 3801 3202 di-

2152 3235 2442 3296 cit,dictor
2466 3232 2549 3287 vel
2574 3232 2753 3287 lector
2774 3233 3077 3288 sit.Solent
3113 3236 3265 3288 enim
3292 3243 3349 3289 et
3390 3252 3457 3290 ea
3478 3253 3602 3305 quas
3634 3254 3795 3291 com-

2154 3324 2323 3378 mode
2356 3322 2572 3393 scripta
2595 3328 2874 3390 sunt,non
2910 3325 3099 3376 solum
3124 3324 3194 3377 ab
3226 3324 3298 3378 iis
3344 3326 3562 3389 quibus
3597 3326 3798 3396 primi.

2152 3410 2940 3479 tusinnotescunt,jucunde
2968 3411 3111 3481 legi;
3143 3429 3341 3466 verum
3389 3414 3461 3468 ab
3502 3414 3572 3467 iis
3621 3415 3798 3469 etiam

2153 3502 2369 3572 quibus
2392 3500 2516 3569 jam
2544 3504 2675 3553 nota
2698 3503 3051 3570 sunt,neque
3074 3500 3265 3555 adhuc
3298 3500 3395 3556 illa
3416 3502 3487 3557 de
3519 3502 3801 3558 memoria

2153 3588 2361 3643 delevit
2390 3587 2623 3649 oblivio,
2661 3605 2770 3641 non
2814 3588 2940 3641 sine
2964 3590 3332 3657 jucunditate
3366 3590 3563 3659 relegi,
3598 3592 3679 3646 vel
3727 3593 3799 3645 ab

2153 3678 2417 3748 utrisque
2452 3676 2697 3730 libenter
2727 3676 2914 3730 audiri
2971 3677 3101 3739 Quae
3132 3687 3324 3732 autem
3373 3680 3623 3750 quisque
3671 3680 3797 3749 jam

2152 3767 2371 3821 oblitus
2430 3771 2535 3832 est,
2591 3782 2719 3818 cum
2774 3770 3200 3835 commonetur,
3260 3768 3518 3822 docetur.
3577 3768 3686 3823 Sed
3728 3769 3799 3823 de

2154 3856 2326 3909 modo
2358 3853 2681 3909 delectandi
2716 3870 2869 3907 nunc
2918 3871 3031 3907 non
3065 3872 3212 3924 ago;
3246 3856 3316 3910 de
3350 3857 3521 3910 modo
3553 3874 3667 3928 quo
3700 3858 3797 3911 do-

2153 3945 2318 3999 cendi
2343 3950 2481 3998 sunt
2511 3945 2847 4013 quidiscu‘c
2868 3943 3223 4011 desiderant,
3249 3944 3476 4015 loquor.
3513 3945 3564 4000 Is
3600 3952 3796 4000 autem

2151 4038 2242 4087 est
2272 4033 2552 4101 Optimus,
2585 4048 2700 4100 quo
2733 4030 2798 4084 fit
2831 4031 3011 4099 utqui
3044 4032 3229 4096 audit,
3263 4048 3462 4086 verum
3496 4032 3715 4101 audiat,
3740 4041 3799 4087 et

2152 4122 2305 4191 quod
2331 4119 2493 4173 audit
2524 4118 2832 4189 intelligat.
2864 4119 2947 4172 Ad
2984 4135 3158 4189 quem
3184 4123 3361 4175 tinem
3391 4137 3525 4175 cum
3558 4127 3795 4176 ventum

2152 4210 2347 4277 fuerit,
2389 4206 2531 4261 nihil
2569 4212 2704 4261 tunc
2739 4206 2993 4278 amplius
3018 4209 3089 4262 de
3119 4209 3245 4279 ipsa
3272 4228 3330 4263 re
3366 4216 3643 4277 tanquam
3677 4212 3798 4264 diu-

2150 4298 2269 4352 tius
2302 4295 2973 4351 docendalaborandum
3008 4304 3118 4361 est,
3169 4298 3269 4351 sed
3316 4298 3459 4352 forte
3512 4300 3581 4352 de
3641 4315 3797 4353 com-

2152 4386 2483 4441 mendanda
2532 4388 2592 4438 ut
2625 4386 2681 4436 in
2703 4385 2873 4438 corde
2902 4384 3147 4455 figatur:
3184 4386 3340 4455 quod
3373 4386 3423 4440 si
3469 4384 3797 4441 faciendum

2147 4474 2458 4539 videbitur,
2494 4474 2573 4525 ita
2608 4473 2865 4527 modeste
2888 4472 3218 4527 faciendum
3255 4480 3361 4541 est,
3400 4490 3469 4529 ne
3502 4475 3798 4545 pervenia-

2147 4569 2246 4618 tur
2276 4564 2344 4617 ad
2372 4561 2633 4616 taedium.

2146 4669 2380 4723 CAPUT
2410 4667 2801 4749 XL—‘Quarc’
2833 4669 3065 4749 conanti
3117 4668 3621 4749 doceredicendum
3676 4684 3799 4739 per-

2507 4742 2711 4809 spicua,
2748 4753 2855 4792 non
2895 4747 3082 4792 tamen
3113 4741 3430 4794 insuaviter.

2213 4830 2298 4884 26.
2330 4832 2574 4882 Prorsus
2597 4826 2717 4882 haec
2740 4831 2829 4881 est
2858 4826 2915 4880 in
2945 4828 3199 4883 docendo
3223 4827 3576 4899 eloquentia,
3603 4844 3719 4897 qua
3737 4826 3803 4882 fit

2142 4917 2527 4983 dicendo,non
2556 4915 2808 4969 utlibeat
2828 4916 2982 4984 quod
3007 4915 3407 4978 horrebat,ant
3432 4922 3494 4971 ut
3515 4917 3617 4970 tiat
3641 4917 3797 4985 quod

2144 5006 2503 5077 pigebat,sed
2530 5010 2590 5058 ut
2612 5008 2888 5074 appareat
2910 5005 3057 5072 quod
3076 5004 3475 5069 latebat.Quod
3503 5010 3699 5059 tamen
3750 5013 3801 5065 si

2142 5093 2671 5158 ﬁatinsuaviter,ad
2684 5108 2900 5161 paucos
2920 5093 3155 5163 quidem
3171 5093 3639 5148 studiosissimus
3654 5108 3801 5147 suus

2143 5183 2397 5254 pervenit
2432 5180 2781 5250 f'ruetus,qui
2815 5196 2881 5235 ca
2900 5196 3024 5251 qurc
3050 5180 3325 5236 discenda
3342 5186 3503 5245 sunt,
3531 5181 3801 5252 quamvis

2141 5275 2362 5343 abjecte
2396 5271 2727 5340 inculteque
2752 5270 3044 5337 dicantur,
3078 5272 3228 5324 scire
3259 5272 3611 5325 desiderant.
3637 5271 3797 5334 Quod

2142 5378 2274 5415 cum
2302 5360 2496 5430 adepti
2520 5360 2753 5424 fuerint,
2773 5358 2901 5428 ipsa
2930 5357 3359 5413 delectabiliter
3380 5361 3617 5413 veritate
3668 5375 3804 5429 pas-

2140 5454 2391 5505 cuntur:
2429 5450 2831 5517 bonorumque
2852 5446 3217 5516 ingeniorum
3247 5450 3497 5517 insEgnis
3517 5454 3607 5502 est
3632 5448 3800 5502 indo-

2142 5538 2245 5604 les,
2283 5539 2336 5591 in
2374 5538 2561 5591 verbis
2595 5554 2791 5591 verum
2818 5553 3033 5600 amare,
3072 5554 3184 5591 non
3220 5543 3410 5591 verba.
3446 5538 3591 5599 Quid
3634 5536 3791 5591 enim

2141 5628 2380 5699 prodest
2408 5625 2586 5679 clavis
2617 5642 2813 5687 aurea,
2839 5624 2887 5677 si
2922 5625 3143 5693 aperire
3166 5627 3317 5696 quod
3356 5627 3629 5681 volumus
3678 5641 3797 5681 non

2142 5720 2331 5787 potest
2349 5717 2375 5768 ἱ)
2396 5718 2509 5769 Aut
2533 5715 2670 5785 quid
2699 5716 2863 5767 obest
2886 5712 3154 5783 lignea,si
3180 5715 3286 5770 hoc
3303 5716 3538 5786 potest?
3566 5715 3801 5785 quando

2141 5804 2287 5859 nihil
2321 5804 2640 5875 qumrimus
2667 5802 2775 5858 nisi
2812 5807 3006 5874 patere
3040 5804 3191 5875 quod
3223 5804 3488 5860 clausum
3539 5811 3647 5861 est.
3690 5803 3801 5861 Sed
