4172 6196
340 392 448 452 H3

335 528 530 578 ornato
558 521 833 592 professis
867 519 1195 592 virginibus
1229 519 1520 591 proponit,
1545 523 1824 586 tanquam
1859 514 1971 567 sub

334 610 566 681 exempli
601 611 808 677 forma,
844 610 1001 680 quod
1038 609 1298 664 moribus
1332 607 1655 669 imitentur,
1690 608 1747 657 et
1784 600 1925 656 dicit
1957 618 1969 655 :

338 702 487 768 Virgo
514 708 646 763 erat,
682 715 790 753 non
822 700 998 753 solum
1029 713 1273 767 corpore,
1306 695 1398 751 sed
1429 700 1595 749 etiam
1624 700 1827 755 mente,
1846 704 1971 762 quae

331 790 493 841 multo
510 789 627 841 doli
648 788 857 840 ambitu
878 788 1155 840 sincerum
1178 786 1519 839 adulteraret
1540 783 1797 853 aﬂectum
1818 799 1837 834 :
1854 794 1969 834 cor-

330 880 395 931 de
416 876 851 939 humilis,verbis
866 876 1069 943 gravis,
1096 876 1274 929 animi
1290 868 1813 943 prudens,loquendi
1833 885 1966 938 par-

325 968 451 1029 cior,
482 966 708 1036 legendi
737 965 1075 1027 studiosior;
1108 979 1216 1017 non
1248 965 1306 1016 in
1355 964 1559 1016 incerto
1605 960 1963 1021 divitiarum,

324 1055 410 1108 sed
454 1056 507 1107 in
537 1070 698 1123 prece
725 1055 987 1124 pauperis
1016 1068 1167 1123 spem
1205 1066 1504 1123 reponens;
1549 1052 1761 1103 intenta
1792 1048 1961 1117 operi,

328 1142 618 1199 verecunda
651 1144 901 1198 sermoni
918 1158 939 1203 ;
960 1145 1237 1196 arbitrum
1257 1142 1457 1196 mentis
1479 1139 1640 1193 solita
1656 1154 1765 1192 non
1785 1138 1959 1190 homi—

321 1231 551 1297 nem,sed
572 1232 738 1286 Deum
766 1246 1013 1302 quaerere
1032 1248 1052 1292 ;
1084 1230 1301 1284 nullum
1322 1228 1677 1291 lmdere,bene
1696 1226 1834 1280 velte
1853 1241 1961 1279 om-

316 1320 466 1374 nibus
486 1336 507 1380 ;
527 1336 818 1390 assurgere
837 1320 1144 1388 majoribus
1168 1322 1324 1385 natu,
1348 1316 1663 1389 aequalibus
1688 1330 1797 1369 non
1820 1314 1961 1367 invi-

315 1410 466 1469 dere;
486 1408 681 1480 fugere
695 1408 1054 1476 jactantiam,
1075 1408 1357 1463 rationem
1378 1406 1551 1477 sequi,
1574 1419 1767 1459 amare
1786 1404 1956 1456 virtu-

316 1505 429 1551 tem.
447 1496 675 1565 Quando
698 1497 809 1551 ista
830 1497 915 1551 vel
932 1497 1088 1551 vultu
1110 1497 1247 1550 ltPSit
1275 1498 1527 1567 parentes
1548 1497 1572 1545 .9
1594 1492 1815 1563 quando
1844 1490 1953 1545 dis-

314 1587 468 1640 sensit
485 1602 537 1653 a,
540 1587 747 1655 propin
754 1587 876 1655 guis
891 1584 918 1639 ‘?
933 1584 1154 1655 quando
1170 1584 1370 1654 fastidi
1375 1585 1447 1637 vit
1462 1583 1589 1636 hum
1598 1583 1726 1635 item
1738 1580 1765 1633 ?
1779 1596 1957 1650 quan-

315 1674 372 1727 do
386 1676 509 1727 risit
530 1674 766 1728 debilem
781 1674 808 1727 ?
834 1673 1048 1745 quando
1068 1675 1259 1727 vitavit
1276 1674 1489 1742 inopem
1504 1674 1525 1723 .9
1548 1672 1645 1725 Eos
1661 1670 1801 1725 solos
1820 1667 1955 1721 soli-

312 1764 364 1815 ta
379 1771 538 1816 catus
554 1764 799 1816 virorum
818 1763 1205 1832 inviserc,quos
1224 1759 1605 1815 misericordia
1620 1775 1728 1813 non
1744 1758 1957 1812 erubes-

312 1855 463 1919 ceret,
486 1866 662 1922 neque
723 1852 1038 1921 praeteriret
1097 1850 1442 1904 verecundia.
1476 1848 1625 1902 Nihil
1662 1857 1874 1901 torvum
1896 1846 1954 1898 in

312 1940 494 2003 oculis,
516 1939 672 1993 nihil
702 1941 763 1992 in
793 1940 971 1993 verbis
997 1954 1208 2008 procax
1236 1937 1383 1991 nihil
1408 1939 1467 1991 in
1488 1941 1615 1991 actu
1636 1937 1953 1989 inverecun-

270 2090 280 2100 .
310 2028 428 2081 dum
448 2044 466 2087 :
486 2044 605 2083 non
623 2031 804 2099 gestus
824 2029 1184 2096 fractior,non
1209 2029 1449 2081 incessus
1468 2026 1827 2087 solutior,non
1852 2039 1956 2078 vos:

305 2116 655 2186 petulantior,
678 2124 737 2170 ut
766 2118 885 2186 ipsa
907 2118 1153 2186 corporis
1189 2117 1389 2185 species
1408 2115 1767 2168 simulacrum
1786 2115 1955 2182 fuerit

308 2206 570 2267 mentis,et
594 2203 782 2275 ﬁgura
801 2204 1122 2275 probitatis.
1150 2206 1301 2258 Bona
1321 2205 1521 2273 quippe
1540 2202 1729 2256 domus
1754 2203 1815 2256 in
1838 2203 1953 2271 ipso

308 2294 555 2348 vestibalo
599 2294 756 2347 debet
786 2294 1030 2362 agnosci,
1055 2308 1117 2346 ac
1142 2294 1321 2363 primo
1360 2291 1672 2362 pretendat
1701 2292 1954 2360 ingressu

310 2383 439 2435 nihil
454 2384 607 2436 intus
626 2384 811 2436 latere
827 2382 1469 2452 tenebrarum,tanquam
1489 2382 1729 2436 lucernae
1749 2379 1850 2433 tua:
1873 2382 1954 2433 in-

310 2475 388 2525 tus
407 2473 753 2541 posita,foris
778 2471 1126 2538 luceat.Quid
1143 2486 1237 2539 ego
1258 2486 1525 2540 exsequar
1549 2470 1797 2524 ciborum
1822 2484 1948 2533 par-

309 2562 616 2624 cimoniam,
654 2561 967 2630 ofﬁciorum
1008 2559 1431 2613 redundantia":
1468 2576 1487 2619 ;
1519 2560 1762 2613 alterum
1798 2558 1950 2611 ultra

307 2653 553 2702 naturam
577 2649 941 2718 superfuisse,
962 2647 1201 2703 alterum
1225 2648 1334 2718 ipsi
1354 2652 1567 2701 naturae
1585 2663 1723 2718 pene
1741 2647 1947 2715 defuis-

305 2753 353 2790 se
372 2739 436 2791 .91
442 2738 536 2792 llic
557 2738 720 2791 nulla
752 2739 1067 2791 intermissa
1089 2745 1352 2807 tempora,
1376 2736 1463 2790 hic
1484 2737 1945 2806 congeminatije-

297 2825 443 2891 junio
461 2825 611 2887 dies:
631 2828 746 2880 etsi
761 2827 977 2895 quando
998 2826 1290 2895 reﬁciendi
1306 2826 1650 2879 successisset
1672 2825 1941 2889 voluntas,

299 2914 434 2968 cibus
445 2917 772 2985 plerumque
781 2915 968 2969 obvius
985 2917 1079 2984 qui
1098 2922 1329 2968 mortem
1343 2922 1696 2979 arceret,non
1717 2913 1943 2966 delicias

302 3005 635 3058 ministraret
658 3004 925 3070 (Ambros.
951 3003 1016 3057 de
1045 3002 1484 3073 Virginibusdib.
1510 3002 1631 3067 2,in
1652 3002 1939 3073 princip.),

298 3095 396 3146 etc.
422 3093 542 3147 Haec
575 3098 775 3148 autem
802 3096 1108 3163 propterea
1134 3092 1193 3145 in
1228 3090 1490 3162 exemplo
1514 3092 1691 3161 hujus
1713 3096 1939 3161 tempe—

305 3180 404 3233 rati
436 3181 670 3250 generis
701 3181 889 3251 posui,
946 3181 1084 3251 quia
1116 3196 1226 3233 non
1259 3179 1351 3233 hic
1385 3179 1505 3251 agit
1537 3185 1601 3233 ut
1633 3179 1937 3250 virginita-

296 3272 398 3321 tem
420 3275 666 3324 voveant
688 3286 815 3340 quis
845 3270 1106 3324 nondum
1130 3273 1411 3324 voverunt
1440 3286 1453 3335 ;
1488 3269 1588 3323 sed
1622 3267 1825 3339 quales
1846 3285 1934 3322 es-

299 3372 353 3410 se
380 3358 625 3413 debeant
657 3374 787 3429 quae
808 3360 933 3428 jam
966 3363 1105 3412 vota:
1138 3363 1295 3413 sunt.
1341 3358 1485 3429 Nam
1520 3363 1584 3411 ut
1631 3356 1934 3429 aggredia-

300 3448 387 3500 tur
413 3447 647 3502 animus
680 3450 911 3501 tantum
946 3464 1009 3501 ac
1032 3446 1146 3502 tale
1176 3446 1563 3519 propositum.
1590 3447 1794 3515 grandi
1831 3445 1937 3499 uti-

302 3550 401 3604 que
428 3535 664 3591 dicendi
708 3551 919 3607 genere
950 3536 1121 3591 debet
1148 3535 1381 3590 excilari
1414 3543 1470 3590 et
1501 3535 1760 3590 accendi.
1821 3535 1930 3589 Sed

302 3630 499 3696 martyr
520 3624 852 3696 Cyprianus
882 3624 952 3679 de
982 3623 1184 3678 habitu
1216 3624 1533 3696 virginum,
1561 3641 1674 3679 non
1709 3624 1780 3677 de
1811 3640 1936 3678 sus-

302 3712 547 3783 cipiendo
596 3712 952 3785 virginitatis
1002 3713 1299 3784 pr0posito
1354 3712 1605 3784 scripsit.
1644 3713 1754 3766 Iste
1801 3728 1933 3766 vero

302 3801 591 3873 episcopus
614 3803 794 3857 ctiam
816 3802 888 3856 ad
913 3801 1022 3855 hoc
1039 3818 1138 3857 eas
1162 3818 1373 3873 magno
1396 3802 1661 3857 accendit
1681 3800 1931 3871 eloquio.

364 3960 441 4015 49.
481 3960 695 4016 Verum
728 3977 797 4015 ex
826 3977 892 4015 eo
922 3961 1075 4031 quod
1125 3961 1298 4015 ambo
1343 3964 1608 4031 egerunt,
1660 3960 1933 4014 dictionis

298 4049 516 4117 grandis
545 4048 816 4120 exempla
853 4050 1214 4104 memorabo.
1249 4050 1436 4103 Ambo
1471 4049 1685 4119 quippe
1718 4048 1925 4103 invecti

300 4142 421 4190 sunt
446 4138 503 4192 in
526 4155 628 4193 eas
648 4155 775 4209 quas
803 4138 1053 4193 formam
1078 4139 1394 4210 pigmentis
1417 4137 1699 4207 colorant,
1720 4136 1805 4192 vel
1832 4154 1933 4208 p0-

300 4224 402 4280 tius
430 4227 767 4282 decolorent
790 4242 803 4280 :
830 4241 1076 4296 quorum
1102 4226 1261 4297 prior
1281 4225 1380 4280 ille
1408 4242 1540 4279 cum
1575 4226 1682 4279 hoc
1716 4231 1931 4296 ageret,

301 4314 372 4367 ait
398 4314 544 4370 inter
572 4320 783 4371 caetera
805 4330 818 4373 ε
843 4315 902 4369 Si
925 4317 1051 4386 quis
1077 4315 1345 4386 pingendi
1365 4318 1574 4385 arti/ea:
1602 4316 1813 4369 vultum
1833 4316 1935 4370 ali-

300 4405 439 4472 cujus
466 4413 515 4459 et
543 4407 797 4475 speciem,
822 4407 874 4458 et
902 4406 1144 4473 corporis
1173 4405 1501 4474 qualitatem
1531 4405 1733 4479 mmulo
1758 4405 1938 4458 colore

303 4495 550 4559 signasset
576 4512 593 4547 :
630 4498 680 4546 et
709 4495 921 4563 signato
942 4494 1064 4561 jam
1110 4501 1593 4562 consummatoque
1620 4495 1935 4560 simulacro,

305 4596 484 4635 manus
510 4583 661 4636 alius
683 4584 935 4651 inferret,
958 4585 1020 4635 ut
1040 4581 1153 4647 iam
1176 4583 1448 4651 formata,
1462 4583 1583 4652 jam
1607 4582 1751 4651 picta
1772 4584 1938 4651 quasi

306 4674 523 4739 peritior
554 4673 908 4741 reformaret,
939 4672 1125 4739 gravis
1156 4673 1359 4732 prioris
1388 4670 1620 4727 artiﬁcis
1641 4670 1857 4740 injuria
1888 4680 1937 4723 et

308 4758 435 4821 iusta
455 4760 762 4830 indignatio
783 4759 1164 4814 videretur.Tu
1178 4763 1231 4813 te
1249 4761 1536 4814 existimas
1553 4760 1777 4829 impune
1797 4760 1937 4812 latu-

308 4865 422 4901 ram
450 4859 561 4903 tam
598 4850 862 4920 improbae
892 4850 1218 4903 temeritatis
1240 4850 1558 4913 audaciam,
1593 4849 1691 4902 Dei
1709 4847 1937 4917 artiﬁcis

306 4935 547 5003 offensam
569 4942 594 4988 γ
628 4938 687 4993 Ut
707 4938 859 4991 enim
880 4934 1179 5006 impudicta
1206 4938 1358 4991 circa
1381 4936 1646 5002 homines,
1663 4939 1717 4989 et
1735 4936 1937 4989 incesta

302 5023 428 5089 fucis
450 5025 886 5080 lenocinantibus
909 5040 1017 5079 non
1043 5026 1435 5093 sis,corruptis
1462 5024 1797 5093 violatisque
1815 5038 1941 5094 qui?

308 5111 393 5165 Dei
410 5125 550 5173 sunt.
558 5114 714 5184 pejor
732 5113 985 5167 adultera
1006 5113 1448 5180 delineris.Quod
1469 5114 1663 5167 ornari
1684 5118 1738 5167 te
1756 5120 1936 5182 putas,

307 5201 430 5270 quod
447 5211 610 5270 putas
631 5203 1146 5273 comi,impugnatio
1170 5208 1249 5257 est
1271 5204 1376 5257 ista
1394 5202 1571 5255 divini
1590 5202 1937 5271 operis,prae-

310 5291 552 5345 varicatio
574 5301 652 5345 est
681 5293 1230 5346 verilatis.Monentis
1253 5291 1491 5362 Apostoli
1506 5306 1610 5343 vox
1631 5293 1705 5343 est
1728 5307 1746 5344 :
1773 5313 1797 5338 ‹‹
1823 5292 1940 5343 Ea:-

310 5389 520 5447 purgate
542 5383 692 5433 vetus
714 5381 1133 5448 fermentum,ut
1156 5382 1278 5435 sitis
1302 5396 1443 5434 nova
1462 5378 1952 5448 conspersio,sicut-

314 5469 401 5519 etis
421 5471 618 5537 azymi.
632 5470 841 5522 Etenim
864 5468 1081 5522 Pascha
1100 5477 1345 5523 nostrum
1366 5469 1679 5523 immolatus
1694 5472 1769 5521 est
1784 5467 1940 5521 Chri-

316 5556 429 5611 stus.
462 5558 654 5627 Itaque
679 5561 819 5627 [esta
848 5558 1200 5624 celebremus,
1229 5574 1340 5612 non
1372 5560 1431 5613 in
1459 5562 1724 5628 fermento
1753 5558 1939 5623 veteri,

320 5659 470 5713 neque
498 5647 555 5699 in
580 5648 842 5714 fermento
873 5646 1109 5703 malitia
1127 5652 1178 5702 et
1200 5648 1489 5719 nequitiae,
1510 5647 1610 5700 sed
1642 5648 1697 5699 in
1729 5648 1941 5715 azymis

324 5734 642 5789 sinceritatis
661 5739 711 5789 et
733 5736 979 5790 veritatis
1004 5756 1030 5783 ι)
1052 5734 1096 5802 (Ι
1117 5735 1238 5791 Cor.
1262 5737 1377 5805 v,7,
1394 5736 1469 5804 9).
1495 5736 1635 5790 Num
1653 5735 1942 5789 sinceritas

327 5834 601 5888 perseverat
621 5830 675 5877 et
697 5827 863 5879 verita
874 5825 1138 5897 s,quando
1160 5840 1285 5897 qua
1303 5827 1524 5880 sincera
1544 5826 1669 5878 sunt
1687 5825 1943 5895 polluun-

1693 379 1923 439 LIBER
1972 377 2367 448 QUARTUS.

3618 377 3735 436 114

2082 521 2193 581 tur,
2226 522 2280 569 et
2310 518 2551 571 colorum
2581 518 2889 585 adulteriis,
2922 529 2973 575 et
3005 520 3434 574 medicaminum
3462 521 3479 552 ¹
3507 516 3654 586 fucis
3672 516 3730 567 in

2082 606 2429 660 mendacium
2452 624 2581 661 vera
2605 612 2897 663 mutantur
2914 614 2938 661 γ
2964 611 3224 663 Dominus
3247 613 3374 663 tuus
3394 607 3588 669 dicitur
3611 605 3728 660 Non

2076 700 2225 765 potes
2274 698 2456 764 facere
2504 698 2767 767 capillum
2820 715 2990 752 unum
3050 699 3233 752 album
3291 702 3386 751 aut
3439 695 3665 762 nigrum
3701 714 3721 742 ι

2080 784 2285 849 (Matth.
2321 802 2375 845 ν.
2407 786 2497 855 36)
2524 804 2535 851 ;
2571 794 2622 839 et
2651 794 2707 840 tu
2732 788 2801 841 ad
2835 788 3156 842 vincendum
3190 787 3407 840 Domini
3436 786 3519 838 tui
3549 798 3727 837 vocem

2078 875 2159 925 vis
2187 877 2239 926 te
2270 889 2380 927 esse
2433 876 2715 943 potiorem.
2769 876 2975 929 Audaci
3001 883 3199 930 conatu
3223 879 3271 928 et
3302 873 3571 939 sacrilego
3599 886 3722 925 con-

2076 964 2275 1031 tempta
2305 962 2487 1016 crines
2533 969 2657 1017 tuos
2680 965 2859 1031 inlicis
2880 981 2898 1023 .·
2930 966 3079 1020 malo
3106 964 3373 1033 praesagio
3402 964 3724 1031 futurorum

2074 1050 2308 1119 capillos
2328 1052 2449 1116 jam
2478 1050 2581 1105 tibi
2610 1052 2887 1119 ﬂammeos
2914 1054 3229 1118 auspicaris
3249 1049 3438 1123 (Cypr.
3468 1050 3638 1103 Tract.
3663 1049 3725 1103 de

2073 1139 2371 1210 disciplina
2397 1147 2449 1194 et
2476 1139 2666 1194 habitu
2702 1140 3025 1213 Virginum).
3060 1142 3323 1214 Longum
3348 1143 3437 1195 est
3466 1138 3722 1193 inserere

2072 1229 2271 1283 omnia
2301 1245 2429 1298 quis
2459 1234 2808 1299 sequuntur.

2140 1319 2228 1369 50.
2258 1317 2355 1370 Ille
2373 1332 2503 1371 vero
2528 1318 2815 1388 posterior
2833 1318 2975 1372 utin
3000 1318 3145 1373 tales
3167 1317 3382 1373 diceret
3407 1332 3419 1369 :
3445 1318 3581 1371 Hinc
3597 1316 3718 1383 illa,

2071 1406 2285 1476 inquit,
2306 1414 2609 1460 nascuntur
2629 1408 2905 1461 incentiva
2927 1408 3207 1473 vitiorum,
3235 1409 3290 1459 ut
3306 1407 3548 1477 quaesitis
3567 1403 3718 1461 colo-

2069 1495 2219 1548 ribus
2249 1511 2347 1547 ora
2374 1494 2699 1565 depingant,
2736 1497 2873 1549 dum
2904 1496 3040 1550 viris
3068 1496 3362 1567 displicere
3387 1494 3715 1564 formidant,

2067 1590 2118 1637 et
2138 1584 2202 1637 de
2231 1584 2509 1639 adulterio
2540 1583 2725 1639 vultus
2752 1585 3094 1639 meditentur
3124 1584 3461 1639 adulterium
3486 1585 3712 1639 castita-

2066 1675 2156 1726 tis.
2179 1676 2397 1743 ()uanta
2428 1672 2539 1727 haec
2557 1675 2819 1737 amentia,
2842 1676 3078 1745 efﬁgiem
3096 1682 3319 1728 mutare
3346 1674 3711 1743 natur$,pic-

2063 1765 2247 1815 turam
2276 1777 2539 1831 quaerere,
2576 1766 2625 1815 et
2655 1761 2783 1815 dum
2815 1770 3069 1816 verentur
3114 1762 3371 1815 maritale
3408 1761 3707 1831 judicium,

2061 1850 2297 1919 prodere
2316 1852 2337 1884 ³
2364 1867 2519 1904 suum
2537 1854 2562 1903 .9
2583 1851 2745 1905 Prior
2771 1853 2919 1905 enim
2949 1850 3015 1904 de
3035 1867 3090 1905 se
3113 1852 3593 1920 pronuntiat,quze
3614 1866 3707 1903 cu-

2063 1940 2143 2008 pit
2171 1943 2389 1993 mulare
2418 1940 2557 2009 quod
2587 1947 2724 1994 natu
2744 1948 2822 1993 est
2840 1958 2861 1992 .·
2882 1940 2960 1993 ita
2981 1940 3111 1993 dum
3141 1940 3247 1993 alii
3276 1938 3454 1994 studet
3470 1940 3704 2009 placere,

2060 2029 2220 2098 prius
2249 2030 2371 2093 ipsa
2390 2029 2499 2081 sibi
2521 2027 2972 2097 displicet.me
2991 2029 3263 2099 judicem,
3281 2029 3507 2094 mulier,
3531 2029 3707 2081 verio-

2064 2133 2183 2171 rem
2214 2119 2554 2188 requiremus
2583 2116 2949 2185 deformitatis
2971 2126 3100 2177 tuae,
3124 2134 3297 2189 quam
3325 2118 3709 2188 teipsam,quae

2064 2205 2239 2259 videri
2269 2208 2426 2260 times
2447 2208 2472 2258 .9
2501 2206 2560 2259 Si
2587 2204 2823 2276 pulchra
2853 2222 2927 2273 es,
2975 2221 3078 2260 cur
3116 2204 3505 2261 absconderis?
3532 2208 3583 2258 si
3611 2204 3709 2259 de-

2060 2296 2275 2365 formis,
2306 2310 2406 2347 cur
2437 2303 2487 2347 te
2505 2296 2803 2365 formosam
2838 2310 2951 2349 esse
2972 2296 3252 2361 mentiris,
3287 2310 3385 2349 nec
3414 2303 3526 2349 tua:
3554 2310 3705 2349 cons-

2061 2385 2403 2451 cientiwmec
2420 2384 2602 2438 alieni
2620 2386 2864 2451 gratiam
2882 2386 3091 2439 erroris
3106 2384 3411 2439 habitura?
3431 2382 3539 2437 Ille
3558 2385 3701 2437 enim

2060 2473 2292 2527 alteram
2320 2473 2523 2541 diligit,
2568 2477 2625 2527 tu
2672 2474 2837 2528 alteri
2866 2476 2946 2527 vis
2990 2474 3207 2544 placere
3237 2491 3255 2527 .·
3286 2482 3339 2527 et
3368 2473 3623 2527 irasceris
3652 2474 3705 2526 si

2059 2572 2201 2616 amet
2231 2564 2595 2632 atteram,qui
2623 2562 2939 2617 adulterare
2963 2580 3017 2617 in
3052 2570 3102 2617 te
3131 2564 3375 2617 docetur.
3401 2562 3558 2616 Mala
3577 2578 3699 2615 ma-

2057 2653 2235 2721 gistra
2266 2667 2320 2705 es
2351 2651 2584 2721 injuriae
2613 2656 2744 2706 tua}.
2771 2652 3097 2705 Lenocinari
3124 2654 3270 2705 enim
3304 2650 3700 2718 refugit,etiam

2056 2756 2181 2810 quer
2200 2748 2279 2795 est
2297 2756 2457 2810 passa
2497 2740 2784 2799 lenonem;
2815 2756 2878 2793 ac
2906 2741 3031 2794 licet
3060 2743 3186 2794 vitis
3216 2738 3441 2804 mulier,
3470 2755 3577 2793 non
3609 2739 3697 2792 al-

2054 2831 2161 2883 teri
2190 2834 2392 2893 tamen,
2411 2828 2502 2881 sed
2520 2829 2627 2881 sibi
2652 2832 2859 2898 peccat.
2886 2829 3282 2882 Toterabiliora
3309 2826 3696 2897 propemodum

2052 2919 2109 2972 in
2140 2918 2423 2972 adulterio
2446 2918 2691 2971 crimina
2717 2926 2877 2972 sunt:
2904 2918 2982 2971 ibi
3009 2920 3157 2971 enim
3184 2916 3469 2987 pudicitia,
3494 2915 3581 2971 hic
3599 2932 3697 2969 na-

2049 3012 2178 3062 tura
2200 3007 2549 3060 adulteratur
2566 3006 2835 3076 (Ambros.
2858 3007 2923 3060 de
2946 3007 3287 3073 Virginibus,
3312 3005 3407 3059 iib.
3444 3004 3693 3070 “Satis,

2051 3101 2114 3150 ut
2142 3096 2431 3155 existimo.
2466 3099 2705 3165 apparet
2749 3094 2998 3149 feminas
3045 3111 3116 3149 ne
3146 3111 3313 3149 suam
3350 3093 3497 3147 fucis
3525 3093 3691 3147 adul-

2046 3189 2237 3240 terent
2271 3186 2514 3238 formam
2547 3188 2626 3251 et,
2656 3183 2725 3237 ad
2761 3184 3040 3255 pudorem
3074 3188 3131 3238 et
3161 3184 3232 3237 ad
3281 3183 3549 3237 timorem
3582 3181 3691 3236 hac

2048 3273 2322 3328 facundia
2349 3272 2723 3326 vehementer
2752 3270 2993 3341 impelli.
3031 3271 3276 3325 Proinde
3322 3287 3508 3339 neque
3550 3271 3687 3324 sub-

2046 3363 2297 3418 missum
2331 3378 2518 3433 neque
2548 3361 3068 3433 temperatum,sed
3092 3360 3311 3432 grande
3333 3360 3573 3414 omnino
3590 3376 3686 3429 ge-

2046 3470 2157 3506 nus
2189 3451 2297 3506 hoc
2328 3450 2673 3506 elocutionis
2726 3450 3119 3519 agnoscimus.
3153 3450 3219 3502 Et
3267 3450 3324 3503 in
3358 3449 3448 3503 his
3494 3453 3683 3501 autem

2046 3557 2190 3609 quos
2222 3541 2369 3593 duos
2405 3554 2472 3591 ex
2502 3538 2779 3593 omnibus
2811 3553 3133 3609 proponere
3173 3536 3347 3601 volui,
3381 3541 3439 3591 et
3471 3537 3525 3589 in
3560 3536 3689 3590 aliis

2045 3628 2456 3685 ecclesiasticis
2479 3628 2618 3681 viris
2650 3632 2708 3681 et
2740 3627 2911 3695 bona,
2935 3632 2990 3680 et
3020 3627 3186 3692 bene,
3207 3626 3263 3679 id
3298 3633 3383 3679 est
3414 3625 3566 3679 sicut
3599 3641 3689 3679 res

2046 3717 2323 3790 postulat,
2348 3719 2535 3780 acute,
2559 3718 2760 3769 ornate
2791 3716 3177 3785 ardenterque
3206 3713 3555 3778 dicentibus,
3590 3730 3692 3784 per

2047 3806 2230 3861 multa
2246 3823 2310 3859 eo
2320 3823 2380 3858 ru
2393 3822 2446 3858 m
2460 3805 2680 3874 scripta
2695 3803 2779 3857 vel
2799 3804 2951 3857 dicta
2968 3808 3213 3873 possunt
3227 3803 3345 3857 haec
3359 3802 3693 3872 triagenera

2046 3894 2307 3967 reperiri,
2335 3897 2389 3947 et
2416 3893 2656 3946 assidua
2689 3891 2932 3945 lectione
2964 3891 3050 3945 vel
3082 3892 3398 3953 auditione,
3432 3889 3692 3944 admixta

2044 3985 2219 4039 etiam
2253 3980 3070 4048 exercitatione,studentibus
3100 3978 3437 4033 inolescere.

2044 4071 2275 4128 CAPUT
2305 4072 2475 4125 XXII.
2503 4070 2767 4124 Omnibus
2790 4069 3077 4138 generibus
3106 4068 3271 4122 dictio
3302 4065 3568 4121 varianda
3591 4074 3687 4121 est.

2113 4161 2322 4215 51.Nec
2346 4158 2657 4229 quisquam
2692 4162 2899 4227 praeter
2928 4156 3300 4226 disciplinam
3334 4172 3463 4210 esse
3492 4155 3689 4209 existi-

2046 4256 2165 4307 met
2193 4250 2275 4303 ita
2296 4249 2540 4302 miscere
2567 4265 2578 4301 :
2606 4248 2722 4299 imo
2747 4249 3031 4316 quantum
3056 4260 3311 4315 congrue
3335 4243 3455 4298 fieri
3480 4247 3691 4315 potest,

2044 4341 2319 4396 omnibus
2351 4337 2663 4407 generibus
2692 4334 2866 4388 dictio
2890 4334 3169 4387 varianda
3201 4337 3306 4388 est.
3340 4333 3482 4387 Nam
3507 4348 3690 4403 quan-

2046 4432 2117 4485 do
2153 4428 2371 4500 prolixa
2387 4432 2477 4481 est
2498 4426 2553 4479 in
2581 4442 2694 4479 uno
2714 4440 2944 4495 genere,
2980 4423 3177 4477 minus
3207 4422 3430 4476 detinet
3457 4422 3692 4476 audito-

2047 4536 2191 4574 rem.
2216 4518 2359 4572 Cum
2392 4531 2525 4568 vero
2558 4514 2622 4567 ﬁt
2646 4513 2704 4567 in
2730 4512 2885 4565 aliud
2912 4512 2984 4566 ab
3017 4511 3129 4565 alio
3153 4510 3457 4579 transitus,
3482 4510 3689 4565 etiam-

2047 4608 2096 4664 si
2131 4606 2361 4675 longius
2394 4610 2506 4671 eat,
2540 4601 2844 4656 decentius
2875 4600 3133 4672 procedit
3162 4600 3383 4653 oratio:
3420 4599 3691 4669 quamvis

2047 4697 2301 4750 habeant
2342 4698 2399 4745 et
2430 4690 2663 4761 singula
2708 4706 2920 4761 genera
2948 4690 3254 4743 varietates
3305 4703 3445 4742 suas
3476 4688 3536 4741 in
3569 4703 3693 4741 ser-

2048 4801 2218 4840 mone
2249 4779 2670 4852 eloquentium,
2700 4778 2911 4849 quibus
2944 4794 3058 4832 non
3092 4776 3369 4832 sinuntur
3397 4776 3455 4830 in
3487 4771 3692 4831 eorum

2048 4876 2145 4945 qui
2179 4873 2444 4927 audiunt.
2484 4868 2788 4939 frigescere
2820 4866 2902 4921 vel
2938 4872 3229 4937 tepescere
3261 4865 3553 4921 sensibus.
3586 4864 3693 4919 Vc-

2050 4969 2378 5017 rumtamen
2408 4956 2636 5012 facilius
2671 4956 3037 5010 submissum
3071 4954 3469 5025 solum,quam
3501 4953 3692 5008 solum

2049 5050 2268 5123 grande
2300 5046 2523 5100 diutius
2559 5044 2793 5099 tolerari
2849 5048 3058 5115 potest.
3110 5044 3435 5099 Commotio
3482 5043 3695 5112 quippe

2050 5138 2227 5196 animi
2263 5140 2480 5206 quanto
2515 5134 2701 5202 magis
2725 5134 3026 5187 excitanda
3059 5138 3165 5201 est,
3201 5136 3265 5186 ut
3294 5131 3461 5185 nobis
3495 5146 3696 5185 assen-

2049 5230 2228 5284 tiatur
2249 5223 2500 5287 auditor,
2524 5227 2686 5276 tanto
2714 5221 2911 5275 minus
2943 5220 2999 5274 in
3034 5238 3102 5276 ea
3130 5220 3229 5275 diu
3264 5219 3447 5274 teneri
3481 5221 3693 5290 potest,

2049 5333 2180 5375 cum
2218 5313 2391 5368 fuerit
2419 5314 2705 5383 quantum
2731 5310 2875 5364 satis
2924 5316 3012 5364 est
3062 5310 3327 5364 excitata.
3352 5312 3421 5361 Et
3448 5307 3577 5361 ideo
3601 5324 3695 5361 ca-

2051 5404 2301 5458 vendum
2336 5405 2447 5465 est,
2482 5416 2552 5453 ne
2584 5400 2723 5453 dum
2755 5397 3025 5452 volumus
3059 5397 3234 5451 altius
3266 5396 3488 5467 erigere
3537 5396 3692 5465 quod

2050 5499 2305 5551 erectum
2333 5494 2441 5555 est,
2474 5488 2647 5543 etiam
2682 5487 2817 5540 inde
2852 5487 3102 5551 decidat,
3131 5502 3245 5555 quo
3268 5486 3456 5539 fuerat
3478 5484 3692 5538 excita-

2118 5587 2131 5618 ¹
2180 5580 2314 5629 Editi
2345 5584 2398 5626 et
2427 5577 2547 5624 Mss.
2581 5575 2721 5637 apud
2758 5576 3131 5635 Augustinum,
3164 5577 3211 5621 et
3240 5576 3469 5637 cotorum
3498 5570 3695 5637 adulte-

2049 5647 2179 5694 rinis
2208 5632 2956 5697 medicaminumICastigamus
2986 5652 3045 5684 ex
3068 5637 3317 5698 Cypriani
3338 5635 3544 5683 libro.et
3563 5632 3691 5681 colo-

2049 5724 2165 5757 rum
2198 5704 2484 5757 adulteriis,
2515 5705 2564 5749 et
2595 5698 3011 5748 medicaminum.

2116 5774 2135 5806 ³
2167 5773 2241 5818 Ita
2273 5766 2414 5827 apud
2452 5763 2882 5827 Ambrosium.At
2911 5756 3691 5827 in_Augustiuianis‘cpdicibus

2051 5834 2273 5897 aliquot,
2300 5819 2536 5891 perdere.
2570 5826 2629 5873 In
2673 5824 2805 5883 aliis,
2829 5819 3124 5887 perdidere,
3153 5825 3261 5880 aut,
3292 5819 3625 5884 pediderunt.
