4074 6186
40 106 729 180 rw”

254 376 351 438 1M

251 512 386 566 catis
417 512 542 567 suis
577 513 801 569 misera
833 513 933 581 sit,
966 521 1063 569 aut
1095 518 1247 570 recte
1278 514 1447 570 factis
1480 516 1676 581 beata;
1710 513 1903 569 omnis

252 607 436 655 autem
471 601 841 657 irrationalis
865 608 969 657 aut
1001 604 1166 658 cedat
1196 603 1530 674 potentiori,
1567 608 1666 656 aut
1708 605 1909 671 pareat

254 689 609 745 meliori.aut
622 697 1005 762 comparetur
1023 691 1362 762 aequali,aut
1385 693 1728 745 certantem1
1746 706 1907 744 exer-

250 781 365 830 ceat
390 778 430 843 ¹,
457 782 565 831 aut
596 779 881 833 damnato
914 785 1155 833 noceat:
1191 784 1248 833 et
1287 794 1460 833 omne
1520 793 1733 848 corpus
1790 792 1909 829 suae

250 867 455 919 anima:
478 867 721 935 serviat,
744 872 1034 937 quantum
1060 884 1160 937 pro
1183 868 1313 936 ejus
1336 866 1584 932 meritis,
1618 870 1675 918 et
1692 880 1794 935 pro
1818 879 1905 917 re-

248 972 370 1010 rum
394 957 609 1011 ordine
626 958 875 1012 sinitur:
904 956 1133 1011 nullum
1159 956 1377 1011 malum
1405 962 1495 1010 est
1517 961 1736 1010 natura:
1781 954 1909 1007 uni-

245 1059 442 1107 versas,
478 1046 583 1099 sed
619 1062 729 1101 sua
756 1047 971 1117 cuique
1003 1046 1174 1117 culpa
1204 1045 1268 1098 fit
1298 1044 1543 1100 malum.
1565 1043 1738 1098 Porro
1774 1056 1907 1096 cum

244 1132 438 1187 anima
465 1150 571 1205 per
621 1135 715 1189 Dei
750 1135 1001 1206 gratiam
1030 1139 1383 1206 regenerata,
1419 1137 1475 1187 et
1507 1136 1563 1186 in
1615 1132 1907 1202 integrum

241 1222 607 1290 restituta,et
626 1223 712 1278 illi
733 1226 971 1280 subdita
989 1225 1086 1279 uni
1101 1241 1134 1279 a
1151 1240 1267 1295 quo
1280 1229 1367 1278 est
1383 1228 1597 1287 creata,
1624 1222 1911 1275 instaura-

246 1318 298 1365 te
319 1313 502 1368 etiam
526 1329 773 1385 corpore
795 1315 853 1369 in
880 1315 1189 1386 pristinam
1226 1314 1585 1377 ﬁrmitatem,
1619 1327 1732 1365 non
1774 1325 1907 1363 cum

244 1402 467 1456 mundo
489 1402 806 1473 possideri,
830 1404 931 1459 sed
984 1404 1270 1457 mundum
1321 1402 1617 1473 possidere
1649 1399 1907 1471 cmperit,

244 1489 479 1544 nullum
507 1491 562 1545 ei
585 1491 809 1547 malum
834 1492 976 1547 erit:
1001 1493 1138 1562 quia
1169 1492 1283 1546 ista
1304 1492 1511 1545 intima
1531 1488 1906 1561 pulchritudo

243 1578 668 1648 temporalium
692 1579 1192 1648 vicissitudinum,
1216 1596 1340 1649 quae
1365 1595 1497 1632 cum
1520 1578 1646 1648 ipsa
1673 1591 1904 1647 perage-

246 1666 560 1730 batur.suh
584 1668 717 1740 ipsa
755 1677 1097 1740 peragetur;
1140 1675 1193 1723 et
1234 1669 1361 1733 erit,
1396 1674 1459 1721 ut
1481 1667 1765 1738 scriptum
1796 1670 1905 1727 est,

248 1782 271 1805 α
304 1758 532 1813 Ccelum
556 1776 776 1815 novum
800 1766 857 1814 et
875 1766 1028 1815 terra
1051 1776 1196 1814 nova
1218 1782 1245 1807 ››
1268 1761 1419 1830 (Isai.
1448 1760 1719 1823 va,t7,et
1744 1759 1900 1827 Apoc.

246 1865 357 1907 χιι.
382 1850 456 1915 Ι).
485 1865 605 1902 non
630 1850 689 1902 in
716 1855 875 1919 parte
894 1849 1295 1903 laborantibus
1317 1847 1660 1913 animis,sed
1686 1848 1745 1900 in
1770 1846 1904 1899 uni-

246 1939 518 1992 versitate
543 1940 949 2009 regnantibus.
974 1962 999 1988 «
1025 1940 1233 1994 Omnia
1256 1962 1284 1988 »
1303 1939 1457 1994 enim
1485 1960 1512 1985 «
1535 1942 1743 2003 vestra,
1773 1958 1798 1981 ››
1824 1934 1907 1987 ἰη-

250 2028 371 2094 quit
393 2028 743 2097 Apostolus,
768 2052 795 2077 «
820 2045 921 2083 vos
945 2035 1137 2083 autem
1160 2029 1399 2093 Christi,
1423 2027 1687 2081 Christus
1709 2028 1901 2078 autem

254 2117 343 2169 Dei
371 2137 399 2162 n
422 2116 618 2185 (lﬂor.
646 2133 731 2183 in,
753 2117 883 2188 2‘3):
919 2122 998 2180 et.
1033 2140 1060 2166 «
1087 2122 1271 2188 Caput
1301 2115 1567 2170 mulieris
1598 2115 1700 2180 vir,
1726 2117 1903 2183 caput

250 2205 352 2258 viri
378 2205 695 2272 Christus;
726 2212 903 2277 caput
924 2211 1117 2261 autem
1162 2205 1376 2261 Christi
1399 2206 1553 2260 Deus
1576 2205 1678 2275 (Id.
1716 2221 1792 2272 x1,
1825 2206 1899 2274 3).

252 2295 537 2358 Quoniam
566 2295 750 2367 igitur
769 2295 976 2350 vitium
1001 2295 1207 2349 anima:
1232 2311 1345 2349 non
1368 2300 1579 2349 natura
1601 2296 1750 2363 ejus,
1801 2294 1899 2349 sed

252 2391 449 2438 contra
474 2390 754 2439 naturam
778 2384 906 2453 ejus
927 2389 1037 2448 est,
1090 2384 1355 2455 nihilque
1403 2384 1561 2438 aliud
1609 2388 1693 2438 est
1724 2400 1899 2454 quam

252 2479 553 2544 peccatum
589 2480 648 2528 et
682 2490 850 2544 pcena
868 2473 1086 2543 peccati
1112 2492 1124 2539 ;
1150 2474 1287 2529 inde
1310 2473 1657 2545 intelligitur
1678 2472 1899 2527 nullam

252 2562 644 2615 substantiam
681 2561 800 2615 sive
831 2563 1144 2617 essentiam
1178 2562 1409 2616 malum
1432 2578 1580 2616 esse.
1614 2560 1810 2630 Neque
1832 2560 1901 2614 de

250 2652 494 2720 peccatis
512 2651 825 2720 poenisque
838 2652 966 2718 ejus
979 2652 1185 2705 animae
1198 2651 1466 2715 efﬁcitur,
1479 2647 1903 2703 utuniversitas

250 2738 1213 2809 ulladeformitateturpetur.Quia
1227 2738 1527 2793 rationalis
1545 2736 1871 2792 substantia
1885 2778 1898 2803 ,

249 2847 368 2901 qua;
400 2831 473 2885 ab
497 2830 666 2884 omni
692 2835 927 2900 peccato
952 2831 1167 2885 munda
1197 2837 1305 2898 est,
1337 2833 1444 2885 Deo
1462 2830 1741 2898 subjecta,
1760 2829 1899 2882 sub-

238 2921 406 2990 jectis
438 2920 556 2975 sibi
579 2921 808 2975 caeteris
825 2920 1180 2975 dominatur.
1206 2923 1285 2976 Ea
1307 2938 1437 2975 vero
1462 2938 1588 2991 quae
1626 2918 1896 2990 peccavit,

244 3011 315 3063 ibi
340 3010 622 3064 ordinata
644 3011 863 3077 est,ubi
881 3026 1009 3065 esse
1030 3010 1171 3066 tales
1190 3012 1447 3077 decet,ut
1471 3015 1580 3065 beo
1605 3008 1901 3063 conditore

244 3107 413 3170 atque
445 3102 677 3153 rectore
707 3099 1106 3154 universitatis
1138 3101 1345 3155 decora
1369 3099 1797 3154 sintomnia.Et
1814 3102 1901 3152 est

245 3189 628 3254 pulchritudo
660 3188 945 3243 universas
976 3195 1252 3243 creaturas
1285 3205 1386 3259 per
1416 3188 1537 3242 hate
1567 3188 1679 3240 tria
1708 3184 1898 3239 incul-

243 3278 491 3347 pabilis;
527 3277 971 3331 damnationem
1007 3282 1398 3349 peccatorum,
1427 3276 1897 3331 exercitationem

235 3366 559 3435 justorum,
594 3365 1007 3437 perfectionem
1044 3367 1365 3421 beatorum.

247 3502 445 3551 CAPUI’
482 3500 665 3550 XXIV.
701 3527 761 3535 —
796 3499 1000 3563 Duplici
1029 3500 1112 3550 υἰα
1140 3500 1304 3551 saluti
1335 3502 1551 3551 homini:
1598 3503 1898 3563 consulitur,

304 3573 619 3621 auctoritate
648 3573 697 3618 el
727 3571 927 3619 ratione
954 3587 971 3619 :
1001 3586 1060 3619 (lc
1087 3572 1257 3634 primo
1290 3571 1354 3621 de
1382 3575 1706 3622 auctoritatis
1734 3573 1895 3623 subsi-

306 3644 390 3691 dio
420 3644 611 3705 agitur
641 3656 796 3705 usque
826 3642 899 3689 ad
926 3647 1076 3703 caput
1098 3646 1175 3690 29.

316 3741 808 3805 55.Quamobrem
834 3739 961 3811 ipsa
983 3757 1214 3812 quoque
1232 3742 1437 3796 animae
1457 3743 1900 3815 medicinaque

248 3831 436 3885 divina
471 3829 847 3902 providentia
879 3834 935 3883 et
956 3829 1232 3885 ineffabili
1260 3832 1639 3887 beneficentia
1658 3835 1899 3905 geritur,

245 3924 533 3994 gradatim
561 3922 957 3992 distincteque
976 3922 1369 3994 pulcherrima
1390 3928 1495 3978 est.
1527 3926 1903 3979 Distribuitur

244 4014 393 4066 enim
428 4014 490 4066 in
525 4010 937 4065 auctoritatem
972 4016 1144 4083 atque
1202 4012 1509 4067 rationem.
1570 4014 1901 4069 Auctoritas

246 4102 412 4155 fidem
433 4100 751 4173 flagitat,et
771 4100 980 4154 rationi
1001 4106 1285 4172 praeparat
1304 4102 1795 4157 hominemﬂatio
1830 4104 1898 4157 ad

244 4191 543 4247 intellectu
557 4208 611 4244 m
630 4190 1142 4263 cognitionemque
1158 4192 1290 4263 perd
1304 4193 1436 4247 ucit.
1449 4195 1795 4265 Quanquam
1812 4210 1903 4249 ne-

245 4297 353 4350 que
373 4280 792 4335 auctoritatem
819 4280 962 4334 ratio
976 4282 1211 4352 penitus
1227 4281 1461 4352 deserit,
1483 4299 1616 4337 cum
1632 4283 1894 4339 conside.

245 4380 403 4428 ratur
423 4374 518 4427 cui
544 4372 1002 4427 sitcredendum
1022 4390 1035 4439 ;
1059 4378 1115 4428 et
1137 4378 1287 4427 certe
1328 4391 1563 4429 summa
1599 4378 1687 4429 est
1716 4374 1903 4445 ipsius

238 4464 358 4532 jam
412 4464 665 4535 cognita:
701 4466 879 4533 atque
910 4462 1228 4534 perspicua:
1262 4464 1519 4519 veritatis
1558 4465 1895 4520 auctoritas.

241 4554 343 4608 Sed
379 4552 522 4626 quia
552 4552 614 4606 in
648 4552 995 4623 temporalia
1026 4553 1386 4624 devenimus,
1422 4559 1476 4610 et
1506 4572 1707 4610 eorum
1738 4572 1897 4609 amo-

246 4660 304 4697 re
334 4645 402 4698 ab
435 4642 679 4698 aeternis
714 4642 1091 4713 impedimur,
1125 4644 1392 4715 quaedam
1411 4645 1756 4717 temporalia
1780 4661 1898 4700 me-

245 4734 457 4797 dicina,
490 4750 623 4805 quae
661 4749 775 4785 non
811 4732 1081 4800 scientes,
1109 4733 1210 4787 sed
1233 4734 1536 4789 credentes
1556 4735 1623 4789 ad
1651 4733 1898 4789 salutem

244 4828 426 4889 vocat,
462 4838 582 4875 non
616 4826 840 4874 natura:
874 4824 929 4874 et
960 4820 1309 4877 excellentiae
1336 4823 1378 4892 ³,
1403 4824 1503 4878 sed
1540 4824 1728 4895 ipsius
1754 4830 1901 4879 tem-

248 4914 398 4983 poris
431 4911 641 4966 ordine
677 4912 835 4983 prior
866 4918 974 4967 est.
1008 4913 1151 4969 Nam
1186 4914 1244 4969 in
1279 4932 1451 4987 quem
1486 4915 1676 4971 locum
1740 4917 1901 4988 quis-

250 5016 357 5069 que
387 4999 690 5063 ceciderit,
724 4999 801 5053 ibi
840 5001 1011 5056 debet
1045 5002 1382 5058 incumbere
1414 5008 1477 5059 ut
1509 5011 1727 5077 surgat.
1755 5005 1901 5076 Ergo

251 5089 387 5159 ipsis
415 5088 761 5142 carnalibus
796 5089 1019 5157 formis,
1054 5092 1265 5161 quibus
1299 5092 1648 5161 detinemur,
1712 5095 1899 5149 niten-

251 5176 384 5231 dum
420 5182 531 5245 est,
568 5177 639 5231 ad
675 5194 775 5231 eas
808 5180 1241 5250 cognoscendas
1274 5198 1421 5252 quas
1455 5200 1588 5238 caro
1614 5200 1726 5237 non
1754 5201 1901 5239 nun-

250 5266 366 5321 tiat.
400 5268 516 5321 Eas
547 5266 706 5321 enim
740 5266 1001 5323 carnales
1033 5285 1191 5336 voco,
1226 5285 1355 5340 qua:
1386 5288 1488 5343 per
1519 5288 1751 5326 carnem
1772 5289 1903 5327 sen-

250 5355 338 5410 tiri
371 5359 623 5428 queunt,
659 5355 715 5409 id
749 5360 842 5410 est
873 5373 976 5427 per
1004 5356 1224 5425 oculos,
1262 5374 1357 5428 per
1393 5377 1587 5431 aures,
1640 5366 1906 5416 cmteros-

251 5461 357 5517 que
388 5447 659 5520 corporis
691 5463 924 5503 sensus.
959 5446 1059 5502 His
1090 5463 1227 5520 ergo
1259 5449 1594 5505 carnalibus
1647 5450 1733 5505 vel
1782 5467 1904 5507 cor-

310 5601 325 5631 ¹
365 5599 487 5647 Lov.
522 5604 577 5648 et
605 5601 761 5661 Arn.,
788 5601 1068 5648 certamen.
1100 5600 1199 5650 Sed
1231 5602 1547 5652 concinnius
1590 5604 1713 5654 Bad.
1744 5605 1827 5652 Er.
1860 5610 1915 5655 et

252 5660 368 5710 κω.
398 5668 544 5722 octo,
574 5660 887 5713 certantem.

311 5726 332 5761 ³
354 5725 480 5775 ﬂos.
514 5726 890 5791 quaniplures,
920 5739 1025 5775 non
1052 5728 1251 5775 natura:
1279 5726 1601 5781 excellentia.

1718 375 1948 441 LIBER
1994 375 2227 442 UNUS.

3556 382 3669 440 N2

2014 513 2313 583 poralibus
2348 514 2553 568 formis
2588 514 2870 568 inhaerere
2913 528 3110 568 amore
3160 528 3371 584 pueros
3434 529 3671 569 necesse

2012 607 2130 667 est;
2164 603 2562 657 adolescentes
2594 621 2728 657 vero
2763 619 2939 674 prope
2971 618 3208 657 necesse
3239 607 3361 668 est;
3386 601 3667 674 hincjam

2014 692 2363 754 procedente
2394 698 2561 745 aetate
2595 710 2705 746 non
2735 698 2825 748 est
2855 708 3112 747 necesse.

2015 781 2240 835 CAPUT
2280 780 2439 835 XXV.
2462 813 2529 820 —
2552 788 2803 851 Quorum
2824 782 3105 835 hominum
3131 796 3229 835 seu
3261 780 3532 835 librorum
3561 797 3661 836 au-

2325 854 2566 907 ctoritati
2598 852 2661 907 dc
2690 853 2787 907 Dei
2810 854 2961 906 cultu
2994 852 3347 907 credendum.

2084 940 2170 992 46.
2197 941 2482 1004 Quoniam
2511 941 2688 1011 igitur
2719 941 2912 994 divina
2933 940 3437 1011 providentia,non
3468 940 3659 997 solum

2015 1027 2266 1099 singulis
2285 1028 2626 1084 hominibus
2646 1029 2815 1099 quasi
2838 1030 3242 1100 privatim,sed
3269 1031 3537 1086 universo
3562 1046 3661 1100 ge-

2015 1116 2137 1171 neri
2172 1117 2431 1173 humano
2462 1123 2743 1189 tanquam
2769 1117 2997 1189 publice
3028 1118 3319 1187 consulit;
3352 1118 3492 1188 quid
3526 1134 3660 1173 cum

2016 1204 2264 1277 singulis
2286 1207 2672 1279 agatur,Deus
2698 1208 2795 1277 qui
2819 1209 2940 1278 agit
2960 1212 3132 1277 atque
3153 1206 3265 1278 ipsi
3289 1223 3424 1262 cum
3446 1207 3663 1279 quibus

2015 1295 2210 1365 agitur
2230 1296 2597 1359 sciunt.Quid
2619 1302 2812 1350 autem
2838 1302 3043 1366 agatur
3067 1312 3196 1350 cum
3224 1312 3432 1366 genere
3454 1295 3661 1351 huma-

2015 1401 2219 1453 na,per
2242 1384 2548 1441 historiam
2572 1384 2971 1439 commendari
2994 1384 3196 1447 voluit,
3222 1391 3278 1439 et
3296 1401 3396 1455 per
3416 1384 3663 1456 prophe-

2015 1471 2179 1526 tiam.
2205 1472 2636 1543 Teiuporalium
2670 1478 2866 1528 autem
2902 1490 3096 1527 rerum
3132 1472 3423 1543 fides,sive
3456 1478 3663 1544 priete-

2015 1561 2418 1628 ritarum,sive
2451 1563 2805 1630 futurarum,
2830 1563 3018 1633 magis
3050 1563 3338 1617 credendo
3371 1578 3549 1633 quam
3583 1562 3666 1617 in-

2012 1649 2323 1719 telligendo
2356 1650 2523 1705 valet.
2558 1652 2669 1705 Sed
2693 1656 2960 1705 nostrum
2992 1656 3081 1706 est
3111 1652 3500 1719 considerare,
3535 1651 3663 1722 qui-

2016 1738 2125 1792 bus
2154 1737 2244 1793 vel
2278 1738 2614 1793 hominibus
2646 1739 2733 1793 vel
2765 1738 2931 1793 libris
2962 1739 3319 1794 credendum
3352 1738 3429 1793 sit
3452 1741 3524 1793 ad
3559 1754 3660 1793 co-

2014 1825 2252 1881 landum
2285 1832 2437 1883 recte
2475 1829 2674 1893 Deum,
2709 1844 2833 1898 qua:
2869 1844 2985 1882 una
3015 1827 3175 1883 salus
3218 1833 3326 1883 est.
3360 1827 3546 1897 Hujus
3578 1827 3658 1882 rei

2012 1917 2199 1987 prima
2224 1917 2566 1988 disceptatio
2598 1923 2707 1983 est,
2744 1922 2938 1971 utrum
2986 1915 3058 1971 iis
3103 1916 3293 1987 potius
3325 1916 3656 1983 credamus,

2011 2005 2111 2075 qui
2142 2006 2212 2059 ad
2248 2005 2466 2061 multos
2497 2006 2657 2072 deos,
2683 2022 2755 2059 an
2787 2005 2860 2060 iis
2891 2005 2989 2076 qui
3021 2006 3092 2060 ad
3126 2022 3309 2059 unum
3342 2004 3525 2060 Deum
3558 2021 3657 2060 co-

2011 2094 2246 2149 lendum
2282 2112 2388 2150 nos
2416 2100 2638 2149 vocant.
2685 2093 2823 2158 Quis
2873 2094 3101 2148 dubitet
3139 2110 3238 2149 eos
3284 2092 3658 2164 potissimum

2010 2185 2341 2255 sequendos
2373 2184 2469 2255 qui
2501 2186 2573 2239 ad
2606 2200 2789 2238 unum
2814 2186 3039 2252 vocant,
3062 2182 3388 2254 prtesertim
3415 2198 3547 2236 cum
3573 2181 3661 2237 illi

2011 2271 2328 2327 multorum
2361 2272 2635 2339 cultores,
2660 2273 2730 2327 de
2759 2272 2863 2327 hoc
2897 2288 3011 2327 uno
3037 2273 3277 2327 Domino
3309 2276 3659 2326 cunctorum

2009 2366 2067 2415 et
2096 2367 2383 2417 rectorum
2417 2368 2474 2417 et
2504 2366 2722 2416 rectore
2752 2360 3166 2416 consentiant?
3197 2366 3253 2415 et
3276 2365 3432 2416 certe
3454 2360 3525 2415 ab
3546 2376 3660 2415 uno

2010 2450 2215 2521 incipit
2246 2468 2546 2507 numerus.
2585 2450 2751 2506 Prius
2781 2466 2918 2521 ergo
2950 2449 3046 2504 isti
3076 2448 3359 2521 sequendi
3382 2448 3660 2520 sunt,qui

2010 2555 2193 2593 unum
2223 2539 2400 2594 Deum
2434 2556 2735 2594 summum
2770 2539 2962 2594 solum
3012 2555 3211 2592 verum
3243 2538 3450 2608 Deum,
3482 2542 3539 2592 et
3564 2554 3660 2594 so-

2007 2626 2129 2681 lum
2158 2626 2469 2683 colendum
2502 2645 2631 2683 esse
2654 2628 2875 2682 dicunt.
2902 2627 2961 2681 Si
2984 2628 3136 2698 apud
3162 2626 3268 2681 hos
3298 2628 3511 2681 veritas
3542 2642 3658 2681 non

2007 2717 2273 2786 eloxerit,
2331 2723 2455 2772 tum
2504 2719 2741 2773 demum
2797 2715 3169 2787 migrandum
3219 2719 3307 2770 est
3357 2715 3456 2785 (a).
3498 2714 3659 2769 Sicut

2008 2806 2163 2859 enim
2196 2806 2252 2859 iu
2285 2806 2413 2877 ipsa
2462 2822 2655 2861 rerum
2708 2811 2919 2859 natura
2966 2804 3153 2874 major
3202 2809 3293 2858 est
3336 2802 3655 2859 auctoritas

2013 2896 2186 2949 unius
2219 2896 2289 2949 ad
2316 2912 2497 2949 unum
2519 2895 2717 2949 omnia
2748 2892 3082 2963 redigentis,
3109 2908 3212 2947 nec
3240 2892 3295 2946 in
3321 2908 3531 2963 genere
3549 2892 3654 2946 hu-

2010 3001 2182 3039 mano
2216 2984 2613 3038 multitudinis
2646 2981 2763 3038 ulla
2803 2981 3060 3053 potentia
3107 2986 3196 3037 est
3236 2980 3349 3036 nisi
3402 2997 3651 3036 consen-

2007 3074 2230 3139 tientis,
2265 3072 2321 3127 id
2354 3078 2441 3127 est
2472 3088 2655 3127 unum
2690 3070 3111 3137 sentientis;ita
3143 3076 3200 3125 in
3227 3069 3514 3141 religione
3545 3071 3650 3141 qui

2009 3163 2080 3217 ad
2117 3179 2298 3217 unum
2332 3166 2557 3231 vocant,
2583 3176 2785 3216 eorum
2819 3160 3006 3230 major
3036 3163 3092 3215 et
3115 3160 3225 3214 ﬁde
3258 3158 3489 3230 dignior
3520 3174 3651 3214 esse

2012 3252 2179 3307 debet
2204 3250 2547 3307 auctoritas.
2614 3310 2617 3313 λ

2082 3343 2165 3395 47.
2200 3340 2395 3396 Altera
2414 3338 2800 3395 consideratio
2832 3344 2922 3394 cst
2950 3336 3336 3393 dissensionis
3366 3337 3493 3407 ejus
3525 3352 3651 3407 qum

2010 3433 2081 3486 de
2104 3431 2277 3485 unius
2305 3430 2398 3484 Dei
2427 3428 2586 3484 cultu
2611 3428 2761 3483 inter
2782 3427 3048 3482 homines
3070 3431 3196 3482 orta
3220 3430 3327 3481 est.
3349 3426 3457 3482 Sed
3491 3442 3655 3481 acce—

2012 3521 2228 3592 pimus,
2251 3520 2501 3589 majores
2534 3523 2765 3573 nostros
2788 3533 2853 3571 eo
2884 3516 3068 3588 gradu
3098 3514 3233 3570 fidei
3258 3518 3297 3582 ¹,
3324 3530 3438 3585 quo
3457 3532 3489 3568 a
3513 3519 3658 3569 tem-

2012 3609 2621 3680 poralibusadzsterna
2638 3603 3333 3671 conscenditur,visibilia
3376 3601 3663 3658 miracula

2012 3701 2149 3768 (non
2183 3704 2336 3753 enim
2363 3697 2531 3752 aliter
2552 3696 2839 3768 poterant)
2865 3699 3096 3750 secutos
3116 3710 3244 3749 esse
3271 3710 3283 3746 :
3313 3710 3412 3765 per
3433 3710 3580 3764 quos
3603 3691 3661 3747 id

2014 3793 2206 3843 actum
2242 3791 2353 3851 est,
2389 3791 2453 3840 ut
2490 3786 2818 3841 necessaria
2848 3801 2963 3839 non
2996 3788 3192 3839 essent
3220 3782 3488 3853 posteris.
3521 3784 3663 3835 Cum

2014 3877 2170 3931 enim
2201 3876 2449 3931 Ecclesia
2483 3874 2771 3931 catholica
2794 3891 2897 3944 per
2917 3878 3103 3928 totum
3130 3874 3329 3927 orbem
3352 3872 3565 3926 diffusa
3584 3874 3665 3924 at-

2014 3983 2127 4035 quc
2159 3965 2402 4019 fundata
2419 3964 2517 4031 sit,
2544 3978 2649 4017 nec
2672 3961 2958 4016 miracula
2982 3960 3081 4015 illa
3098 3960 3155 4013 in
3180 3965 3379 4014 nostra
3403 3966 3667 4029 tempora

2015 4054 2224 4108 durare
2255 4053 2543 4123 permissa
2573 4054 2734 4118 sunt,
2769 4066 2841 4103 ne
2884 4050 3119 4103 animus
3152 4064 3381 4119 semper
3414 4046 3666 4101 visibilia

2015 4150 2314 4214 quaereret,
2340 4147 2621 4197 eteorum
2653 4139 3077 4195 consuetudine
3112 4138 3450 4209 frigesceret
3478 4152 3665 4208 genus

2014 4234 2368 4296 humanum,
2396 4246 2649 4302 quorum
2682 4229 2936 4283 novitate
2969 4226 3233 4297 ﬂagravit
3264 4226 3379 4298 (b):
3411 4242 3517 4280 nec
3540 4225 3666 4296 jam

2016 4321 2183 4378 nobis
2216 4321 2458 4375 dubium
2492 4336 2621 4374 esse
2654 4321 2880 4389 Oportet
2911 4316 2985 4370 iis
3014 4332 3144 4371 esse
3180 4315 3670 4385 credendum,qui

2014 4428 2146 4466 cum
2174 4428 2243 4465 ea
2273 4409 2655 4480 praedicarent
2682 4424 2809 4478 quae
2845 4404 3015 4477 pauci
3047 4408 3463 4475 assequuntur,
3495 4420 3556 4458 se
3592 4409 3669 4459 ta-

2016 4518 2143 4555 men
2177 4499 2504 4569 sequendos
2529 4495 2760 4568 populis
2785 4494 3136 4565 persuadere
3163 4492 3671 4564 potuerunt.Nunc

2016 4590 2172 4643 enim
2205 4587 2399 4658 agitur
2428 4584 2647 4656 quibus
2678 4584 3031 4639 credendum
3055 4581 3477 4652 sit,antequam
3515 4580 3673 4651 quis-

2016 4694 2127 4748 que
2154 4675 2231 4732 sit
2251 4676 2495 4730 idoneus
2528 4673 2800 4728 ineunda:
2827 4669 3036 4726 rationi
3064 4669 3134 4724 de
3156 4668 3373 4724 divinis
3403 4673 3460 4723 et
3490 4668 3666 4723 invis-

2020 4766 2242 4821 bilibus
2275 4764 2482 4829 rebus;
2519 4778 2654 4816 nam
2679 4760 2788 4831 ipsi
2825 4758 3036 4814 rationi
3060 4757 3412 4829 purgatioris
3435 4758 3666 4826 anima,

2014 4873 2143 4926 quae
2178 4854 2249 4909 ad
2282 4853 2650 4925 perspicuam
2676 4848 2975 4904 veritatem
3001 4846 3283 4918 pervenit,
3303 4845 3462 4901 nullo
3496 4847 3668 4903 modo

2017 4942 2332 5012 auctoritas
2364 4941 2622 4995 humana
2662 4937 3018 5010 praeponitur
3048 4954 3059 4991 :
3094 4936 3191 4991 sed
3227 4938 3295 4990 ad
3330 4934 3480 4990 hanc
3512 4934 3674 4989 nulla

2017 5031 2293 5104 superbia
2324 5030 2590 5101 perducit
2628 5029 2668 5061 9'
2722 5028 2855 5091 Quas
2888 5027 2937 5080 si
2970 5041 3083 5081 non
3116 5029 3289 5091 esset,
3326 5041 3438 5079 non
3474 5028 3675 5079 essent

2019 5120 2296 5187 haeretici,
2354 5136 2542 5189 neque
2590 5115 2975 5185 schismatici,
3009 5131 3112 5169 nec
3159 5113 3514 5180 circumcisi,
3568 5130 3671 5169 nec

2021 5216 2295 5268 creaturas
2336 5208 2921 5276 simulacrorumque
2953 5204 3227 5259 cultores.
3264 5204 3328 5257 Hi
3378 5206 3574 5257 autem
3628 5202 3677 5257 si

2023 5318 2137 5356 non
2169 5303 2365 5355 essent
2395 5302 2528 5352 ante
2557 5294 2968 5367 perfectionem
3021 5290 3240 5363 populi,
3274 5307 3398 5361 quae
3431 5291 3679 5361 promit—

2022 5391 2187 5456 titur,
2225 5388 2407 5443 multo
2439 5386 2664 5457 pigrius
2698 5383 2910 5439 veritas
2943 5386 3322 5451 quaereretur.

2090 5481 2107 5514 ί
2145 5478 2305 5525 Abest
2331 5475 2455 5539 ﬁdei
2486 5489 2517 5524 a
2546 5474 2677 5539 Mss._
2699 5470 3022 5539 quindecim,
3046 5482 3256 5539 necnon
3282 5482 3324 5539 ἢ
3344 5467 3472 5539 Bad:
3503 5473 3554 5517 et
3584 5466 3679 5516 Er.

2090 5542 2111 5575 ³
2138 5539 2295 5598 Editi,
2327 5529 2472 5587 nulla
2502 5529 2740 5600 superbia
2769 5538 2994 5582 humana
3010 5529 3679 5595 perduci’t.Abest.humana

2028 5619 2060 5653 α
2090 5603 2210 5651 Mss.

2092 5667 2163 5727 (a)
2196 5665 2469 5727 IVRetract.
2502 5676 2617 5725 cap.
2653 5664 2727 5721 l3,
2764 5674 2817 5709 n.
2844 5662 2891 5709 6.

2094 5726 2168 5791 (ὁ)
2198 5726 2328 5776 Ibid.
2361 5739 2415 5775 ιι.
2448 5729 2493 5774 7.
