4006 6180
322 211 436 274 159

316 346 546 418 incipit,
568 352 625 403 et
656 353 1045 423 progreditur,
1070 356 1125 407 et
1155 352 1600 423 desinit.llaque
1630 367 1744 405 non
1779 350 1969 421 potest

318 436 431 490 nisi
466 437 677 493 habere
709 440 1190 512 dimidium,dum
1216 443 1292 497 ibi
1320 441 1601 495 dividitur
1623 457 1737 509 qua
1757 437 1970 493 transit

318 526 388 579 ad
425 526 620 581 finem.
655 530 729 582 Ac
761 546 863 600 per
896 529 1002 585 hoc
1031 537 1087 586 et
1130 531 1320 585 brevis
1372 529 1605 600 syllabze
1649 532 1884 599 tempus
1914 526 1973 579 in

319 616 757 685 comparatione
772 616 1052 688 longioris
1069 614 1977 689 breve,ethorabrunalismstivae

318 702 474 757 horae
499 711 834 776 comparata
868 708 1059 762 minor
1081 714 1169 762 est
1192 708 1288 779 (τι).
1312 708 1403 762 Si:
1428 724 1586 762 mora
1612 706 1786 760 unius
1819 704 1972 758 hora:

320 791 390 845 ad
423 791 659 863 diem,et
680 794 792 849 diei
819 796 884 849 ad
924 813 1208 861 mensem,
1234 801 1290 850 et
1311 796 1531 850 mensis
1554 797 1624 850 ad
1653 810 1895 864 annum,
1921 797 1977 848 et

319 881 455 934 anni
473 882 541 935 ad
568 881 904 951 lustrum,et
925 884 1093 938 lustri
1112 886 1181 939 ad
1210 887 1457 955 majores
1476 885 1841 951 circuitus,ct
1862 867 1976 951 ipsi

320 970 390 1023 ad
426 970 758 1026 universum
794 977 1026 1043 tempus
1060 974 1223 1028 relati
1258 975 1461 1030 breves
1497 979 1635 1028 sunt
1664 992 1673 1037 ;
1711 989 1843 1027 cum
1878 970 1977 1025 illa

320 1058 446 1129 ipsa
480 1076 794 1116 numerosa
825 1063 1142 1130 successio,
1173 1067 1228 1117 et
1259 1064 1526 1135 quzedam
1562 1061 1973 1133 gradatio,sive

319 1147 618 1217 localium,
644 1150 761 1205 sive
784 1151 1194 1222 temporalium
1230 1156 1575 1223 spatiorum,
1602 1169 1716 1207 non
1744 1157 1972 1207 tumore

318 1236 402 1292 vel
423 1241 709 1305 mora,sed
726 1241 991 1295 ordinata
1004 1244 1405 1297 convenientia
1420 1242 1588 1315 pulch
1601 1242 1968 1312 rajudicetur.

390 1328 617 1399 81.lpse
639 1334 832 1383 autem
855 1330 1077 1386 ordinis
1101 1332 1311 1386 modus
1331 1331 1469 1385 vivit
1491 1332 1549 1386 in
1572 1333 1813 1387 veritate
1837 1351 1968 1405 per-

315 1420 509 1488 petua,
544 1435 647 1473 nec
681 1419 831 1474 mole
863 1425 1198 1490 vastus,nec
1230 1422 1621 1492 protractione
1652 1422 1924 1477 volubilis
1953 1442 1965 1491 ;

313 1507 413 1559 sed
450 1507 706 1577 potentia
737 1526 915 1581 supra
938 1525 1140 1564 omnes
1167 1510 1322 1565 locos
1350 1527 1621 1581 magnus,
1649 1513 1966 1567 aeternitate

312 1612 490 1667 super
506 1597 701 1651 omnia
721 1601 984 1669 tempora
1001 1599 1322 1655 immobilis
1342 1618 1353 1655 :
1371 1600 1497 1655 sine
1516 1606 1837 1672 quotamen
1861 1619 1963 1658 nec

307 1684 486 1741 ullius
523 1686 691 1742 molis
713 1688 955 1743 vastitas
983 1689 1041 1743 in
1068 1706 1249 1743 unum
1276 1690 1591 1761 redigi,nec
1616 1690 1794 1746 ullius
1812 1696 1961 1745 tem-

306 1776 463 1847 poris
485 1777 785 1847 productio
810 1783 1000 1849 potest
1029 1779 1101 1832 ab
1132 1796 1326 1835 errore
1358 1779 1638 1845 cohiberi,
1664 1786 1719 1834 et
1740 1780 1960 1851 aliquid

304 1879 432 1919 esse
457 1864 541 1918 vel
570 1882 782 1937 corpus
808 1872 870 1920 ut
894 1884 1108 1939 corpus
1132 1868 1320 1932 sit,vel
1348 1873 1539 1923 motus
1559 1873 1621 1922 ut
1644 1874 1839 1923 motus
1864 1870 1958 1923 sit.

310 1955 506 2024 Ipsum
542 1959 629 2009 est
648 1972 829 2010 unum
858 1956 1202 2029 principale,
1225 1974 1329 2012 nec
1353 1974 1455 2029 per
1472 1958 1705 2013 finitum
1732 1975 1835 2013 nec
1861 1976 1962 2029 per

306 2044 603 2099 infinitum
629 2062 1029 2111 crassum,nec
1047 2063 1149 2119 per
1168 2048 1395 2101 ﬁnitum
1410 2065 1515 2103 nec
1540 2065 1641 2119 per
1660 2048 1957 2105 infinitum

309 2133 610 2188 mutabile.
632 2133 755 2190 Non
790 2137 941 2191 enim
975 2136 1151 2191 habet
1176 2136 1333 2191 aliud
1358 2136 1637 2201 hic,aliud
1663 2138 1797 2193 alibi
1821 2157 1833 2205 ;
1855 2144 1958 2193 aut

304 2221 461 2278 aliud
488 2222 827 2288 nuno,aliud
851 2226 1234 2296 postea:quia
1256 2243 1487 2281 summe
1508 2244 1659 2281 unus
1683 2232 1772 2283 est
1790 2228 1959 2282 Pater

300 2311 597 2381 Veritatis,
631 2312 799 2367 Pater
828 2330 945 2368 suae
978 2313 1307 2386 Sapientiae,
1344 2332 1473 2386 quae
1506 2315 1665 2370 nulla
1694 2333 1761 2371 ex
1792 2321 1955 2387 parte

301 2400 962 2465 dissimilis,similitudo
987 2404 1116 2473 ejus
1139 2404 1295 2459 dicta
1317 2410 1406 2459 est
1426 2409 1482 2460 et
1502 2404 1864 2478 imago,quia
1884 2407 1954 2462 de

299 2491 427 2563 ipso
446 2497 552 2547 est.
578 2493 781 2565 Itaque
799 2494 975 2548 etiam
996 2494 1177 2550 Filius
1198 2500 1351 2551 recte
1375 2497 1590 2551 dicitur
1613 2515 1680 2552 ex
1699 2497 1953 2568 ipso,cae-

300 2586 425 2637 tera
438 2582 1238 2654 peripsum.Przecessitenim
1258 2586 1443 2641 forma
1457 2604 1546 2641 om
1557 2587 1655 2641 niu
1668 2604 1719 2642 m
1735 2604 1954 2643 summe

304 2671 557 2743 impleas
589 2689 772 2727 unum
806 2673 876 2728 de
907 2690 1023 2745 quo
1055 2679 1163 2739 est,
1194 2678 1260 2729 ut
1310 2681 1515 2731 caetera
1544 2693 1669 2747 quae
1701 2684 1859 2747 sunt,
1894 2678 1950 2732 in

303 2766 589 2834 quantum
624 2767 762 2817 sunt
790 2762 889 2817 uni
922 2763 1157 2835 similia,
1180 2781 1281 2837 per
1301 2782 1425 2820 eam
1448 2766 1694 2821 formam
1723 2768 1948 2823 ﬁerent.

302 2869 537 2926 CAPUT
568 2870 755 2923 XLIV.
792 2901 853 2910 ——
888 2872 989 2925 Dei
1020 2873 1202 2945 imago
1243 2873 1438 2939 Filius,
1480 2876 1555 2928 ad
1593 2890 1757 2945 quam
1803 2876 1951 2945 facta

993 2944 1264 3013 quaedam.

370 3030 459 3084 82.
495 3033 711 3084 Horum
749 3028 861 3083 alia
899 3032 982 3085 sic
1015 3037 1152 3087 sunt
1188 3050 1289 3101 per
1318 3033 1530 3105 ipsam,
1563 3037 1629 3088 ut
1658 3036 1728 3089 ad
1761 3034 1951 3107 ipsam

298 3118 475 3174 etiam
510 3119 719 3186 sint,ut
739 3122 933 3176 omnis
956 3121 1260 3176 rationalis
1288 3128 1343 3177 et
1366 3122 1776 3179 intellectualis
1799 3141 1951 3179 crea-

296 3212 451 3275 tura,
476 3208 532 3263 in
567 3226 683 3280 qua
715 3210 887 3266 homo
910 3211 1234 3266 rectissime
1256 3212 1472 3267 dicitur
1496 3213 1684 3267 tactus
1702 3214 1772 3269 ad
1802 3214 1951 3269 ima-

301 3298 497 3371 ginem
530 3304 587 3355 et
616 3299 1064 3356 similitudinem
1100 3300 1194 3356 Dei
1231 3317 1243 3355 :
1278 3318 1391 3356 non
1446 3303 1600 3357 enim
1650 3303 1817 3357 aliter
1863 3304 1951 3358 in-

303 3388 781 3444 commutabilem
815 3390 1113 3446 veritatem
1148 3395 1343 3462 posset
1371 3396 1565 3447 mente
1596 3394 1949 3465 conspicere.

303 3475 434 3533 Alia
464 3495 596 3532 vero
629 3479 709 3533 ita
738 3484 874 3534 sunt
906 3496 1009 3551 per
1037 3479 1226 3551 ipsam
1262 3482 1432 3550 facta,
1468 3485 1533 3536 ut
1582 3499 1694 3536 non
1729 3482 1849 3537 sint
1881 3484 1949 3538 ad

302 3567 514 3637 ipsam.
541 3572 607 3620 Et
639 3568 765 3622 ideo
799 3569 1101 3625 rationalis
1124 3570 1321 3625 anima
1348 3571 1394 3625 si
1424 3571 1675 3626 Creatori
1701 3589 1806 3627 suo
1838 3588 1953 3627 ser-

298 3656 439 3723 viat,
459 3673 492 3709 a
522 3673 635 3728 quo
663 3658 813 3712 facta
842 3663 947 3723 est,
974 3675 1077 3729 per
1107 3675 1280 3729 quem
1312 3660 1461 3714 facta
1490 3665 1658 3729 est,et
1684 3662 1753 3715 ad
1778 3678 1949 3732 quem

302 3746 453 3801 facta
484 3749 589 3813 est,
623 3750 833 3801 cuneta
864 3747 915 3801 ei
948 3752 1154 3802 caetera
1185 3748 1469 3804 servient:
1499 3755 1553 3804 et
1584 3742 1949 3821 vita‘ultima,

302 3851 429 3906 quze
461 3840 581 3889 tam
614 3835 803 3890 vicina
834 3836 918 3891 illi
950 3842 1059 3905 est,
1094 3842 1151 3891 et
1170 3843 1258 3893 est
1290 3839 1647 3909 adjutorium
1681 3842 1826 3910 ejus,
1853 3858 1956 3912 per

302 3926 458 3997 quod
493 3925 742 3997 imperat
774 3926 999 3998 corpori
1035 3944 1049 3994 ;
1081 3931 1139 3982 et
1181 3928 1375 3999 ipsum
1422 3946 1653 4001 corpus,
1695 3936 1955 3986 extrema

306 4019 517 4071 natura
547 4020 604 4070 et
629 4017 903 4086 essentia,
938 4016 1029 4071 cui
1063 4017 1222 4071 omni
1254 4018 1425 4073 modo
1457 4020 1680 4075 cedenti
1704 4022 1772 4075 ad
1807 4021 1955 4075 arbi-

304 4104 484 4159 trium
515 4105 934 4175 dominabitur,
971 4106 1195 4161 nullum
1228 4107 1298 4162 de
1332 4107 1426 4162 illo
1459 4109 1717 4165 sentiens
1751 4110 1960 4166 moles-

305 4193 448 4248 tiam
482 4211 494 4258 ;
548 4194 689 4264 quia
728 4196 854 4265 jam
900 4212 1012 4249 non
1046 4212 1111 4249 ex
1143 4195 1265 4260 illo,
1300 4213 1402 4251 nec
1433 4214 1535 4268 per
1564 4199 1707 4253 illud
1741 4206 1957 4271 qureret

303 4281 749 4353 beatitudinem,
775 4285 873 4338 sed
908 4300 975 4338 ex
1000 4285 1115 4340 Deo
1147 4302 1248 4355 per
1272 4285 1525 4356 seipsam
1551 4289 1955 4359 percipiet.Re-

302 4370 618 4425 formatum
650 4388 787 4443 ergo
818 4388 1029 4443 corpus
1054 4390 1118 4427 ac
1151 4374 1603 4444 sanctificatum,
1629 4378 1755 4432 sine
1784 4379 1956 4433 detri-

304 4464 502 4515 mento
534 4461 946 4532 corruptionis,
983 4466 1037 4515 et
1077 4461 1201 4517 sine
1232 4480 1406 4518 onere
1437 4464 1807 4522 difﬁcultatis
1849 4468 1953 4522 ad-

305 4548 684 4605 ministrabit.
706 4551 763 4605 ln
794 4550 1190 4606 resurrectione
1219 4554 1366 4606 enim
1394 4569 1567 4624 neque
1598 4555 1823 4623 nubent,
1858 4573 1954 4611 ne-

304 4658 409 4715 que
434 4642 735 4712 nubentur,
767 4643 860 4698 sed
888 4648 1051 4699 erunt
1078 4642 1224 4699 sicut
1254 4645 1446 4715 Ληρειί
1476 4647 1534 4700 in
1566 4650 1711 4701 cistis
1736 4648 1953 4718 (Matth.

305 4747 445 4798 XXII,
476 4734 587 4803 30).
620 4734 752 4787 Esca
788 4751 918 4789 vero
950 4736 1149 4804 ventri,
1193 4742 1246 4789 ct
1274 4740 1457 4790 venter
1484 4738 1618 4791 escis
1645 4755 1663 4791 :
1686 4738 1824 4792 Deus
1851 4755 1955 4795 au—

308 4825 421 4876 tem
450 4824 501 4875 et
531 4821 675 4875 hunc
704 4826 753 4877 ct
784 4824 913 4878 illas
933 4823 1170 4880 destruet
1191 4824 1235 4895 (Ι
1264 4824 1384 4880 Cor.
1418 4842 1496 4892 vx,
1525 4827 1608 4897 13)
1632 4852 1644 4895 ;
1678 4828 1954 4899 quoniam

306 4925 415 4965 non
446 4918 523 4965 est
553 4925 783 4981 regnum
817 4916 911 4967 Dei
940 4930 1061 4968 esca
1087 4918 1138 4969 et
1164 4924 1342 4986 potus,
1372 4916 1462 4971 sed
1484 4916 1728 4988 justitia,
1762 4927 1815 4974 et
1839 4936 1957 4990 pax

303 5008 355 5055 et
386 5000 650 5067 gaudium
681 5001 857 5071 (Rom.
888 5019 1003 5073 xxv,
1039 5004 1143 5073 17).

305 5114 802 5194 CAP_UT_XLV_.——
835 5118 1131 5194 liotuptatis
1153 5121 1510 5194 imbecillitas
1539 5125 1821 5194 protrudit
1859 5142 1956 5181 nos

374 5187 441 5241 ad
471 5187 795 5265 sublimiora
806 5232 827 5265 ._
843 5191 915 5245 De
937 5187 1204 5265 superbia:
1232 5195 1385 5261 vitio,
1407 5187 1578 5265 usque
1599 5196 1667 5250 ad
1687 5214 1809 5264 cap.
1835 5198 1904 5252 49
1940 5216 1950 5254 :

376 5259 635 5384 quomde
662 5275 762 5328 per
808 5262 905 5316 hoc
953 5262 1313 5318 admonemur
1367 5259 1445 5321 ad
1484 5259 1955 5339 ampelectandam

378 5339 527 5384 vzrtu
554 5348 657 5386 em.

377 5428 1031 5501 83.Quapropter,etiam
1055 5432 1115 5486 in
1138 5433 1250 5489 ista
1271 5436 1530 5506 corporis
1548 5436 1842 5509 voluptate
1864 5440 1955 5495 in—

371 5554 443 5612 (a)
479 5552 552 5621 Er
583 5567 767 5621 eorum
798 5557 1186 5621 consuetudine
1218 5559 1309 5621 qui
1341 5560 1406 5607 ab
1455 5564 1574 5609 ortu
1615 5561 1740 5611 solis
1770 5566 1835 5613 ad
1866 5580 1954 5615 oc-

308 5628 484 5686 casum
518 5615 799 5686 duodecim
830 5618 990 5686 horas
1037 5615 1343 5672 constanter
1372 5625 1745 5686 numerabant,
1783 5627 1954 5679 hieme

308 5678 601 5744 breviores,
631 5684 812 5733 astate
842 5680 1126 5747 longiores.

1317 220 1419 278 DE
1463 220 1672 278 VERA
1721 215 2163 286 RELIGIONE,
2214 215 2278 274 S.
2326 214 2755 277 AUGUSTINI

3615 221 3734 282 160

2075 347 2345 402 venimus
2368 348 2523 402 unde
2540 364 3020 404 commoneamur
3040 365 3168 405 eam
3186 354 3584 421 contemnere;
3611 370 3733 409 non

2079 436 2217 507 quia
2241 437 2460 491 malum
2488 443 2576 491 est
2604 442 2816 492 natura
2836 440 3219 510 corporis,sed
3245 441 3379 512 quia
3400 441 3459 496 in
3484 444 3735 498 extremi

2077 525 2212 580 boni
2248 524 2556 580 dilectione
2581 527 2831 598 turpiter
2858 528 3170 595 volutatur,
3193 531 3286 585 cui
3311 532 3516 603 primis
3548 533 3739 588 inha-

2079 630 2204 669 rcrc
2238 614 2467 685 fruique
2496 632 2840 672 concessum
2864 623 2975 673 est.
2999 622 3137 673 Cum
3160 620 3415 676 trahitur
3445 623 3739 694 auriga,et

2079 721 2194 759 sua:
2221 705 2566 761 temeritatis
2597 707 2696 761 dat
2733 725 2955 779 poenas,
2987 709 3270 780 quidquid
3322 710 3461 765 illud
3495 718 3584 766 est
3616 730 3734 783 quo

2079 795 2647 859 utebatur,accusat:
2673 797 2773 851 sed
2798 797 3067 868 imploret
3088 800 3600 871 auxilium.juhest
3626 802 3734 857 Do-

2079 883 2277 938 minus
2311 901 2525 953 rerum,
2556 885 2875 940 obsistetur
2901 886 3087 955 equis,
3109 887 3221 941 alia
3246 904 3363 956 jam
3398 891 3736 960 spectacula

2079 974 2148 1027 de
2181 972 2339 1028 illius
2371 974 2826 1045 prmcipitatione
2856 975 3223 1045 facientibus,
3270 981 3325 1031 et
3375 978 3488 1032 nisi
3514 980 3735 1035 subve-

2080 1061 2270 1116 niatur
2300 1062 2370 1116 de
2402 1066 2586 1117 morte
2618 1064 3231 1131 facturis,restituatur
3252 1067 3307 1120 in
3332 1066 3739 1141 locum,super

2079 1159 2235 1206 rotas
2270 1150 2600 1217 collocetur,
2636 1152 2996 1208 habenarum
3023 1154 3161 1223 jura
3190 1156 3529 1227 reddantur,
3568 1165 3737 1231 regat

2075 1240 2303 1296 cautius
2320 1241 2509 1296 obtem
2520 1245 2875 1312 perantes,et
2888 1242 3175 1298 edomitas
3193 1243 3431 1311 bestias;
3447 1251 3587 1301 tunc
3600 1265 3732 1304 sen-

2074 1328 2263 1401 tietqu
2273 1345 2363 1383 am
2381 1330 2523 1384 bene
2538 1334 2829 1397 currus,et
2840 1334 2964 1385 tota
2980 1330 3312 1401 illajunctio
3328 1334 3610 1391 fabricata
3624 1338 3726 1407 sit,

2072 1436 2197 1489 quae
2219 1418 2389 1474 ruina
2410 1421 2625 1489 ejus,et
2646 1420 2840 1492 ipsum
2861 1421 3242 1492 afﬂigebat,et
3263 1438 3499 1479 cursum
3522 1425 3730 1480 decen-

2072 1507 2312 1562 tissima:
2337 1509 2755 1564 moderationis
2778 1509 3082 1564 amiserat:
3101 1511 3241 1582 quia
3260 1516 3319 1567 et
3337 1512 3469 1567 huic
3497 1515 3730 1586 corpori

2071 1595 2531 1651 imbecillitatem
2566 1599 2791 1668 peperit
2821 1598 3029 1653 animai
3060 1598 3252 1654 male‘
3289 1602 3505 1657 utentis
3536 1603 3731 1658 avidi-

2069 1689 2160 1741 tas
2183 1687 2239 1741 in
2264 1685 2560 1758 paradiso,
2587 1704 2879 1758 usurpans
2896 1688 3141 1744 vetitum
3165 1692 3364 1745 cibum
3383 1696 3583 1747 contra
3604 1709 3730 1747 me-

2069 1775 2181 1830 dici
2217 1775 2613 1847 disciplinam,
2638 1793 2754 1847 qua
2786 1777 3143 1849 sempiterna
3172 1779 3507 1835 continetur
3536 1782 3726 1837 salus.

2138 1865 2226 1920 84.
2255 1866 2309 1919 Si
2345 1880 2481 1937 ergo
2512 1866 2568 1920 in
2606 1866 2718 1921 ista
2744 1867 2873 1938 ipsa
2902 1867 3148 1923 visibilis
3180 1868 3373 1925 carnis
3410 1870 3727 1926 imbecilli-

2068 1956 2210 2020 tate,
2244 1954 2341 2009 ubi
2367 1956 2537 2010 beata
2567 1955 2684 2009 vita
2717 1972 2847 2011 esse
2881 1973 2995 2011 non
3032 1962 3242 2029 potest,
3274 1958 3569 2014 invenitur
3613 1963 3724 2016 ad—

2065 2044 2311 2100 monitio
2342 2044 2520 2099 beata:
2552 2045 2677 2099 vitae
2711 2050 2949 2117 propter
2980 2048 3232 2119 speciem
3263 2049 3334 2104 de
3366 2065 3601 2105 summo
3625 2068 3724 2105 us-

2065 2150 2178 2206 que
2208 2135 2228 2166 ²
2251 2135 2321 2188 ad
2346 2133 2463 2188 ima
2483 2134 2808 2189 venientem
2828 2140 3047 2205 quanto
3070 2137 3254 2206 magis
3279 2138 3336 2192 in
3362 2139 3723 2210 appetitione

2064 2222 2387 2276 nobilitatis
2418 2226 2475 2277 et
2503 2222 2939 2293 excellentias,et
2965 2224 3026 2278 in
3052 2225 3211 2279 omni
3244 2228 3520 2297 superbia
3541 2244 3720 2283 vana-

2063 2328 2174 2382 que
2207 2327 2421 2383 pompa
2452 2311 2628 2380 hujus
2660 2312 2908 2366 mundi?
2944 2312 3090 2375 Quid
3141 2314 3296 2369 enim
3341 2314 3499 2370 aliud
3532 2316 3588 2371 in
3649 2333 3720 2373 ea

2064 2400 2236 2455 homo
2267 2400 2507 2471 appetit,
2543 2400 2655 2455 nisi
2704 2400 2863 2456 solus
2896 2418 3047 2469 esse,
3090 2402 3138 2456 si
3188 2403 3312 2458 ﬁeri
3361 2404 3567 2475 possit,
3619 2407 3717 2461 cui

2061 2494 2272 2544 cuncta
2318 2490 2583 2559 subjecta
2629 2489 2768 2559 sint,
2802 2506 3075 2562 perversa
3130 2492 3353 2547 scilicet
3382 2494 3713 2550 imitatione

2060 2578 2476 2650 omnipotentis
2507 2578 2660 2633 Dei?
2709 2580 2889 2643 Quem
2939 2580 2987 2636 si
3038 2582 3311 2637 subditus
3355 2583 3709 2651 imitaretur,

2060 2669 2382 2724 secundum
2409 2674 2696 2740 praecepta
2728 2670 2856 2740 ejus
2886 2670 3151 2738 vivendo,
3176 2688 3277 2744 per
3307 2688 3440 2728 eum
3472 2672 3715 2728 haberet

2061 2758 2297 2814 subdita
2327 2763 2551 2824 caetera,
2585 2774 2691 2813 nec
2722 2759 2792 2813 ad
2827 2763 3049 2814 tantam
3091 2760 3516 2817 deformitatem
3549 2762 3716 2817 veni-

2059 2852 2165 2914 ret,
2192 2853 2258 2901 ut
2279 2846 2585 2902 bestiolam
2607 2848 2863 2915 timeret,
2886 2849 2987 2919 qui
3009 2848 3132 2903 vult
3154 2850 3491 2906 hominibus
3523 2851 3717 2922 impe-

2060 2952 2207 2991 rare.
2242 2936 2427 2991 Habet
2456 2953 2591 3007 erg')
2623 2940 2679 2992 et
2709 2938 2987 3009 superbia
3034 2939 3349 3009 quemdam
3392 2940 3718 3010 appetitum

2060 3025 2305 3081 unitatis
2348 3030 2405 3080 et
2441 3027 2915 3098 omnipotentiae;
2968 3028 3067 3084 sed
3099 3028 3159 3083 in
3192 3044 3384 3084 rerum
3418 3033 3723 3100 tempora-

2058 3115 2204 3170 lium
2253 3115 2610 3188 principatu,
2661 3133 2786 3188 quaa
2831 3118 3030 3173 omnia
3077 3121 3387 3173 transeunt
3430 3123 3721 3191 tanquam

2060 3206 2290 3260 umbra.

2131 3296 2219 3349 85.
2269 3293 2479 3349 Invicti
2534 3310 2664 3350 esse
2694 3294 2987 3363 volumus,
3021 3299 3078 3351 et
3108 3301 3300 3364 recte;
3334 3297 3510 3353 habet
3550 3298 3709 3354 enim

2060 3386 2169 3441 hoc
2199 3384 2380 3439 animi
2411 3384 2595 3439 nostri
2630 3387 2841 3439 natura
2869 3389 3001 3456 post
3026 3384 3210 3441 Deum
3242 3402 3275 3441 a
3305 3403 3419 3458 quo
3481 3388 3554 3442 ad
3588 3389 3722 3457 ejus

2061 3473 2377 3545 imaginem
2412 3472 2601 3528 factus
2627 3478 2717 3528 est
2746 3490 2758 3528 :
2794 3473 2894 3529 sed
2922 3474 3049 3545 ejus
3082 3479 3371 3547 praecepta
3400 3481 3569 3531 erant
3588 3493 3687 3532 ser
3708 3508 3730 3518 -

2060 3564 2268 3629 vanda,
2294 3562 2508 3633 quibus
2530 3563 2776 3617 servatis
2799 3579 2970 3618 nemo
3003 3580 3107 3618 nos
3128 3564 3401 3619 vinceret.
3430 3565 3595 3621 Nunc
3619 3582 3718 3621 ve-

2063 3654 2293 3712 ro.dum
2322 3653 2451 3723 ipsa
2481 3654 2653 3723 cujus
2683 3652 2874 3708 verbis
2898 3652 3149 3723 turpiter
3169 3654 3717 3724 consensimus,do-

2064 3749 2258 3797 matur
2282 3741 2478 3797 dolore
2509 3742 2792 3813 pariendi,
2827 3747 2884 3797 et
2914 3759 3019 3798 nos
3052 3743 3110 3797 in
3153 3748 3306 3798 terra
3352 3743 3719 3811 laboramus,

2063 3835 2283 3887 etcum
2324 3847 2538 3903 magno
2587 3832 2868 3887 dedecore
2918 3848 3269 3903 superamur
3317 3832 3390 3887 ab
3442 3833 3724 3890 omnibus

2065 3937 2193 3991 quae
2226 3937 2331 3974 nos
2364 3937 2727 3976 commovere
2766 3938 2830 3976 ac
2862 3922 3205 3993 perturbare
3237 3922 3550 3993 potuerint.
3598 3923 3722 3977 Ita-

2066 4026 2179 4081 que
2210 4008 2488 4065 nolumus
2520 4011 2590 4065 ab
2624 4010 2965 4066 hominibus
2985 4011 3158 4078 vinei,
3183 4010 3408 4066 etiram
3443 4028 3555 4067 non
3579 4029 3722 4084 pos-

2065 4116 2273 4155 sumus
2303 4098 2550 4154 vincere.
2583 4101 2705 4165 Qua
2734 4099 3101 4171 turpitudine
3132 4099 3270 4171 quid
3300 4102 3722 4157 exsecrabilius

2067 4188 2177 4243 dici
2212 4188 2450 4260 potest?
2484 4189 2759 4244 Fatemur
2791 4189 3085 4244 hominem
3120 4189 3230 4245 hoc
3260 4205 3390 4245 esse
3422 4192 3577 4262 quod
3613 4208 3725 4248 nos

2066 4295 2294 4345 sumus,
2330 4277 2429 4349 qui
2461 4282 2652 4333 tamen
2686 4278 2795 4334 etsi
2826 4279 3039 4333 habeat
3066 4280 3225 4346 vitia,
3258 4296 3375 4335 non
3407 4284 3497 4335 est
3526 4284 3726 4336 tamen

2067 4367 2190 4439 ipse
2220 4367 2689 4430 vitium.Quanto
2712 4368 2894 4439 igitur
2924 4368 3228 4425 honestius
3260 4369 3435 4424 homo
3468 4385 3574 4424 nos
3602 4369 3728 4425 vin-

2068 4456 2145 4511 cit
2178 4473 2354 4528 quam
2387 4456 2592 4510 vitium
2621 4456 2648 4511 Ῥ
2679 4457 2821 4520 Quis
2859 4463 3053 4513 autem
3083 4459 3315 4514 dubitet
3346 4460 3606 4514 immane
3634 4460 3725 4514 vi-

2067 4546 2214 4601 tium
2243 4562 2373 4601 esse
2402 4544 2814 4614 invidentiam,
2850 4564 2969 4618 qua
2990 4564 3228 4604 necesse
3256 4553 3344 4604 est
3372 4552 3723 4619 torqueatur

2069 4640 2125 4691 et
2155 4635 2509 4706 subjiciatur
2538 4635 2639 4707 qui
2671 4652 2785 4691 non
2818 4636 2940 4691 vult
2984 4637 3042 4691 in
3076 4638 3251 4693 rebus
3292 4636 3725 4708 temporalibus

2067 4724 2218 4780 vinci
2240 4724 2267 4778 ?
2300 4724 2511 4781 Melius
2544 4729 2633 4781 est
2660 4740 2798 4797 ergo
2840 4730 2904 4781 ut
2953 4725 3128 4781 homo
3158 4743 3266 4782 nos
3296 4725 3507 4795 vincat,
3542 4743 3725 4798 quam

2068 4813 2388 4870 invidentia
2417 4813 2505 4869 vel
2540 4814 2843 4887 quodlibet
2872 4815 3031 4871 aliud
3062 4816 3293 4871 vitium.

2071 4931 2300 4987 CAPUT
2341 4930 2530 4985 XLVI.
2562 4960 2631 4970 —-
2664 4931 2900 4987 Invictus
2932 4933 3029 5003 qui
3083 4931 3139 4987 id
3182 4933 3359 4987 solum
3407 4936 3555 4987 amat
3586 4932 3730 5003 quod

2141 5004 2358 5058 amanti
2381 5004 2524 5073 eripi
2552 5018 2660 5057 non
2701 5007 2894 5071 potest,
2930 5004 2986 5058 id
3015 5008 3091 5059 est
3118 5007 3299 5060 Deum
3328 5020 3398 5059 ea:
3422 5010 3527 5060 toto
3564 5003 3733 5060 corde

2140 5081 2189 5130 et
2218 5076 2535 5147 proximum
2565 5076 2713 5130 sicut
2740 5078 3000 5147 seipsum.

2138 5166 2226 5221 85.
2262 5165 2371 5219 Sed
2406 5179 2511 5218 nec
2543 5164 2614 5218 ab
2634 5162 2870 5219 homine
2900 5164 3054 5220 vinci
3088 5167 3298 5236 potest,
3322 5162 3421 5233 qui
3452 5162 3589 5218 vitia
3619 5178 3732 5219 sua

2070 5254 2423 5311 vicerit.Non
2447 5254 2604 5309 enim
2626 5253 3021 5322 vincitur,nisi
3045 5255 3137 5309 cui
3155 5254 3403 5326 eripitur
3422 5254 3491 5309 ad
3519 5252 3731 5307 adver-

2070 5345 2223 5400 sario
2246 5345 2402 5417 quod
2422 5344 2713 5407 amat.Qui
2729 5361 2865 5417 ergo
2880 5344 3107 5400 amatid
3125 5343 3314 5400 solum
3331 5343 3486 5415 quod
3502 5342 3732 5398 amanti

2069 5434 2214 5506 eripi
2246 5451 2361 5490 non
2394 5437 2605 5505 potest,
2636 5432 2734 5489 ille
2766 5433 3173 5490 indubitanter
3204 5433 3458 5489 invictus
3489 5437 3729 5503 est,neo

2134 5565 2151 5598 ί
2184 5563 2242 5610 ln
2275 5561 2350 5620 B.,
2380 5558 2547 5609 male.
2580 5558 2949 5621 Restituimus,
2972 5560 3126 5622 male,
3151 5574 3216 5609 ex
3239 5560 3322 5609 Er.
3346 5560 3476 5611 Ven.
3509 5562 3564 5609 et
3591 5559 3724 5609 Lov.

2070 5624 2317 5737 Pﬁr'Edlilti
2332 5700 2343 5735 :
2360 5685 2435 5735 De
2454 5699 2650 5736 summo
2674 5685 2801 5737 bono
2821 5699 2995 5751 usque,
3017 5686 3120 5738 etc.
3137 5686 3205 5740 At
3223 5685 3376 5737 abest
3394 5684 3521 5736 ιοπο
3543 5698 3575 5736 a
3592 5683 3722 5737 Mss.
