3966 6194
226 335 326 396 197

219 472 370 526 Adam
407 491 419 526 :
456 473 608 540 Quia.
639 475 853 530 audisti
883 492 1063 531 vocem
1092 474 1344 530 mulieris
1377 483 1509 537 tuae,
1540 481 1590 528 et
1641 472 1876 527 mandu~

217 564 339 614 casti
370 561 437 615 de
467 563 626 630 ligno
653 563 724 617 de
756 581 861 636 quo
888 580 1263 636 praeceperam
1293 565 1416 630 tibi,
1450 579 1519 618 eo:
1549 563 1644 617 illo
1669 562 1784 616 solo
1815 577 1882 615 ne

225 650 417 711 ederes,
449 652 825 708 maledcdicta
847 661 995 708 terra
1026 658 1131 709 erit
1158 654 1261 708 tibi
1283 655 1341 707 in
1359 653 1606 708 omnibus
1627 651 1882 721 operibus

222 742 340 796 luis.
375 749 426 794 et
461 742 526 793 in
555 745 798 796 tristitia
848 753 901 798 et
945 743 1150 814 gemitu
1197 746 1290 798 tuo
1318 742 1674 797 marducabis
1722 756 1790 794 ea:
1820 755 1882 793 ea

226 829 467 882 omnibus
496 831 693 885 diebus
716 834 842 886 vitm
864 834 1194 902 tuw.Spinas
1216 838 1267 887 et
1285 833 1434 886 tribu.
1446 831 1523 885 los
1543 831 1882 900 germinabit

223 916 389 978 tibi,et
410 916 540 970 edes
573 919 844 987 pabulum
873 921 1000 987 agri
1022 921 1188 973 tuiJn
1223 919 1418 973 sudore
1439 919 1617 973 vultus
1648 920 1733 971 tui
1762 918 1881 970 cdes

222 1021 420 1074 panem
450 1010 636 1070 tuum,
654 1008 826 1062 donec
842 1010 1139 1062 revertaris
1163 1011 1222 1062 in
1244 1012 1470 1075 terram,
1489 1008 1554 1062 de
1569 1024 1673 1077 qua
1694 1024 1814 1061 sum
1821 1023 1880 1075 p-

224 1100 303 1149 tus
333 1111 428 1155 es;
461 1097 599 1168 quia
621 1106 768 1151 terra
788 1113 864 1163 es,
889 1101 940 1151 et
969 1100 1026 1152 in
1057 1101 1262 1153 terram
1302 1098 1428 1152 ibis.
1455 1099 1515 1152 Et
1555 1105 1684 1152 tunc
1714 1097 1882 1150 Altam

226 1185 478 1255 imposuit
500 1201 708 1240 nomen
726 1189 902 1240 uxori
918 1203 1054 1254 suae,
1099 1188 1218 1242 Vita
1235 1206 1256 1252 ;
1285 1189 1414 1258 quia
1443 1189 1618 1240 mater
1648 1188 1728 1240 est
1766 1200 1880 1239 om-

226 1276 369 1328 nium
388 1277 670 1329 vivorum.
696 1278 769 1328 Et
789 1279 921 1329 tunc
951 1277 1082 1344 fecit
1099 1277 1360 1330 Dominus
1383 1275 1524 1329 Deus
1547 1274 1669 1328 Adae
1691 1283 1738 1328 et
1761 1291 1880 1327 mu-

229 1362 352 1417 lieri
379 1364 504 1428 eius
537 1363 754 1418 tunicas
789 1365 1070 1434 pelliceas,
1116 1370 1169 1419 et
1200 1365 1381 1420 induit
1420 1365 1566 1420 illos.
1603 1366 1667 1419 Et
1695 1363 1837 1417 dixit
1862 1380 1880 1415 :

231 1457 352 1508 Ecce
371 1453 553 1506 Adam
572 1456 751 1521 factus
773 1462 852 1508 est
873 1458 1139 1524 tanquam
1167 1471 1310 1509 unus
1331 1470 1400 1509 ex
1421 1455 1595 1524 nobis,
1616 1452 1691 1508 ad
1708 1455 1880 1506 scien-

225 1544 354 1595 tiam
375 1541 742 1610 cognoscendi
762 1543 965 1597 bonum
988 1550 1038 1598 et
1057 1544 1281 1598 malum.
1307 1544 1373 1597 Et
1402 1547 1533 1598 tunc
1551 1559 1618 1597 ne
1636 1543 1880 1613 porrige-

229 1639 305 1684 ret
319 1646 556 1683 manum
574 1647 739 1685 suam
760 1632 932 1685 Adam
952 1631 1020 1686 ad
1040 1633 1292 1686 arborem
1325 1633 1453 1689 vita?
1473 1641 1525 1686 et
1549 1634 1786 1686 sumeret
1808 1632 1882 1682 si-

231 1719 280 1771 bi
304 1718 514 1781 inde,et
539 1718 722 1772 ederet
738 1728 790 1774 et
813 1723 1011 1774 viveret
1032 1723 1090 1775 in
1105 1722 1616 1786 arternumﬂimisit
1633 1737 1755 1775 eum
1781 1719 1880 1773 Do-

231 1809 410 1861 minus
432 1811 582 1862 Deus
597 1809 668 1862 de
681 1809 940 1878 paradiso
950 1811 1327 1874 suavitatis,ul
1338 1818 1661 1877 operaretur
1676 1813 1884 1862 terram

228 1896 287 1949 de
304 1913 414 1966 qua
445 1900 767 1966 etsumptus
786 1902 996 1967 fuerat.
1032 1899 1092 1951 Et
1113 1899 1306 1967 ejectus
1334 1900 1482 1967 foras
1521 1898 1585 1952 de
1604 1897 1883 1968 paradiso,

233 1994 482 2037 moratus
512 1987 594 2038 est
635 1995 827 2039 contra
857 1985 1174 2055 paradisum
1202 1986 1889 2058 voluptatis.EtCherubim

229 2083 275 2126 et
314 2073 487 2127 illam
535 2075 856 2142 ﬂammeam
905 2076 1182 2144 frameam
1232 2091 1356 2146 qum
1401 2079 1667 2139 versatur,
1709 2077 1889 2146 posuit

234 2163 368 2216 Deus
399 2163 480 2216 ad
510 2162 925 2217 custodiendam
956 2166 1101 2218 viam
1132 2166 1342 2220 arboris
1373 2167 1517 2222 vitae.

303 2269 538 2324 CAPUT
581 2269 650 2324 It.
685 2301 754 2310 —-
787 2269 1006 2326 Genesis
1036 2271 1104 2326 ad
1144 2273 1386 2328 litteram
1416 2273 1616 2344 ubique
1646 2288 1754 2326 non

846 2348 1017 2404 potest
1043 2348 1265 2415 exponi.

300 2431 353 2485 3.
384 2430 519 2484 Haec
551 2435 779 2485 secreta
802 2432 1108 2487 verborum
1141 2435 1186 2488 si
1241 2451 1352 2488 non
1406 2433 1893 2504 reprehendentes

235 2523 288 2572 et
323 2524 699 2589 accusantes,
736 2521 835 2574 sed
870 2529 1194 2591 quaerentes
1241 2528 1297 2576 et
1344 2526 1670 2576 reverentes
1712 2520 1891 2574 Mani-

234 2607 374 2661 chaei
430 2607 682 2662 mallent
725 2609 1040 2673 discutere,
1076 2627 1192 2665 non
1242 2616 1437 2664 essent
1480 2611 1676 2680 utique
1709 2608 1892 2662 Mani-

234 2696 416 2759 chrei;
456 2697 554 2750 sed
593 2697 837 2751 daretur
870 2698 1222 2767 petentibus,
1275 2704 1329 2753 et
1381 2703 1704 2770 quzerentes
1735 2698 1892 2750 inve-

236 2787 516 2851 nirent,et
540 2784 916 2856 pulsantibus
940 2787 1493 2858 aperiretur.Plures
1523 2787 1676 2842 enim
1707 2804 1894 2858 quaes-

237 2875 422 2928 tiones
450 2875 509 2927 in
538 2875 646 2928 hoc
669 2891 938 2931 sermone
964 2883 1314 2947 proponunt,
1343 2877 1438 2948 qui
1469 2877 1770 2948 diligentia
1805 2875 1898 2946 pia

238 2968 533 3030 quaerunt,
561 2979 736 3033 quam
764 2963 860 3018 isti
887 2965 1084 3020 miseri
1115 2972 1290 3037 atque
1320 2967 1484 3038 impii
1512 2983 1524 3019 :
1551 2966 1650 3020 sed
1685 2965 1792 3019 hoc
1815 2965 1898 3018 in-

241 3057 441 3118 terest,
463 3053 621 3122 quod
657 3051 739 3106 illi
773 3059 1041 3124 quierunt
1073 3062 1135 3108 ut
1164 3055 1487 3120 inveniant,
1509 3055 1604 3110 isti
1638 3053 1779 3109 nihil
1815 3054 1894 3109 la-

243 3142 472 3209 borant,
507 3141 620 3194 nisi
657 3158 771 3195 non
805 3143 1064 3198 invenire
1092 3145 1244 3214 quod
1279 3149 1567 3215 quaerunt.
1610 3144 1712 3198 Hic
1762 3159 1898 3216 ergo

240 3232 398 3282 totus
430 3245 628 3282 sermo
663 3228 850 3300 primo
885 3233 1207 3286 secundum
1242 3232 1547 3287 historiam
1580 3231 1897 3287 discutien-

244 3317 351 3370 dus
382 3322 496 3383 est,
533 3317 743 3371 deinde
777 3320 1098 3373 secundum
1147 3321 1509 3393 prephetiam
1562 3321 1894 3376 Secundum

243 3403 553 3459 historiam
606 3406 754 3458 facta
804 3413 1134 3474 narrantur,
1165 3409 1488 3464 secundum
1533 3409 1896 3481 prophetiam

247 3493 450 3547 futura
480 3494 972 3563 przenuntiantur.
1006 3497 1156 3552 Sane
1188 3497 1458 3569 quisquis
1490 3497 1738 3553 voluerit
1770 3515 1897 3552 om-

246 3583 341 3635 nia
373 3598 506 3652 quae
541 3582 700 3636 dicta
732 3587 889 3652 sunt,
925 3585 1244 3639 secundum
1272 3585 1524 3640 litteram
1556 3585 1898 3658 accipere,id

240 3678 326 3726 est
360 3688 481 3725 non
517 3670 688 3724 aliter
717 3670 1043 3744 intelligere
1075 3690 1248 3745 quam
1285 3675 1474 3730 littera
1503 3680 1694 3741 sonat,
1722 3681 1777 3729 et
1809 3693 1903 3746 po-

239 3761 420 3813 tuerit
465 3761 688 3814 evitare
739 3759 1155 3831 blasphemiae,
1189 3767 1243 3817 et
1273 3763 1470 3818 omnia
1523 3763 1904 3836 congruentia

241 3848 372 3902 ﬁdei
403 3848 712 3903 catholica
768 3850 1100 3920 praedicare,
1141 3869 1256 3906 non
1311 3852 1502 3907 solum
1559 3853 1610 3907 ei
1655 3870 1769 3908 non
1813 3858 1903 3908 est

241 3940 657 4000 invidendum,
694 3940 793 3993 sed
828 3939 1156 4012 praecipuus
1189 3942 1560 4013 multumque
1591 3943 1904 3999 laudabilis

239 4027 580 4083 intellector
613 4028 915 4084 habendus
942 4034 1048 4084 est.
1072 4029 1126 4083 Si
1160 4037 1350 4086 autem
1378 4031 1572 4087 nullus
1595 4033 1782 4089 exitus
1805 4035 1903 4088 da-

241 4123 355 4185 tur,
391 4124 460 4172 ut
483 4118 582 4190 pie
606 4122 665 4171 et
687 4117 860 4189 digne
878 4118 991 4173 Deo
1017 4136 1140 4190 quae
1165 4119 1380 4190 scripta
1410 4127 1549 4177 sunt
1574 4123 1904 4195 intelligan-

239 4212 355 4274 tur,
396 4206 514 4260 nisi
554 4205 800 4277 ﬁgurate
831 4211 1004 4278 atque
1047 4209 1107 4263 in
1150 4209 1560 4282 aenigmatibus
1613 4212 1906 4285 proposita

240 4296 350 4350 ista
380 4294 746 4360 credamus;
780 4294 1060 4352 habentes
1091 4299 1494 4355 auctoritatem
1527 4301 1906 4373 apostolicam

241 4401 272 4438 a
298 4384 532 4456 quibus
566 4388 689 4436 tam
724 4382 911 4438 multa
949 4385 1019 4440 de
1064 4384 1232 4442 libris
1281 4387 1502 4445 Veteris
1549 4389 1907 4445 Testamenti

239 4475 566 4529 solvuntur
642 4472 975 4544 aenigmata,
1033 4477 1274 4532 modum
1332 4495 1506 4550 quem
1548 4479 1910 4535 intendimus

242 4571 580 4630 teneamus,
619 4562 939 4632 adjuvante
972 4563 1069 4620 illo
1101 4565 1200 4637 qui
1231 4583 1336 4622 nos
1385 4573 1600 4639 petere,
1653 4585 1911 4640 quaerere

243 4661 298 4706 et
332 4654 577 4724 pulsare
613 4650 962 4707 adhortatur
991 4655 1195 4723 (Matth.
1229 4672 1329 4722 vu,
1361 4658 1453 4727 7);
1491 4662 1554 4712 ut
1597 4675 1800 4713 omnes
1829 4659 1908 4714 is-

244 4749 332 4797 tas
378 4742 606 4813 ﬁguras
667 4757 860 4795 rerum
923 4745 1242 4799 secundum
1306 4745 1654 4801 catholicam
1714 4748 1909 4816 fidem,

246 4833 367 4884 sive
399 4847 533 4900 quas
566 4830 639 4884 ad
683 4829 1011 4898 historiam,
1063 4834 1180 4888 sive
1234 4851 1361 4904 qua:
1422 4835 1492 4889 ad
1545 4836 1911 4908 prophetiam

250 4921 568 4989 pertinent,
605 4918 993 4989 explicemus,
1029 4938 1142 4976 non
1190 4924 1636 4994 prmjudicantes
1687 4924 1910 4979 meliori

248 5008 742 5078 diligentiorique
776 5011 1072 5075 tractatui,
1130 5011 1251 5067 sive
1298 5028 1397 5083 per
1458 5032 1582 5080 nos,
1643 5018 1762 5069 sive
1811 5030 1914 5086 per

250 5097 399 5150 alios
425 5097 649 5168 quibus
686 5097 967 5151 Dominus
1001 5098 1252 5155 revelare
1283 5101 1578 5173 dignatur.

247 5203 476 5280 C.\_PU_T
500 5203 677 5258 lll.——
704 5203 908 5280 I’iride
925 5207 1201 5280 agriquid
1217 5208 1480 5277 designat,
1496 5227 1632 5265 vers.
1658 5213 1711 5277 5,
1735 5228 1832 5280 cap
1854 5213 1907 5265 2.

329 5275 381 5328 4.
404 5277 598 5330 Factus
619 5284 699 5330 est
722 5291 854 5345 ergo
873 5274 1009 5346 dies,
1042 5274 1146 5348 quo
1185 5281 1277 5334 die
1307 5274 1439 5350 fecit
1463 5282 1605 5336 Deus
1639 5274 1833 5337 caelum
1864 5288 1915 5337 et

255 5374 483 5434 terram,
509 5369 559 5419 et
576 5381 741 5419 omne
768 5364 942 5420 viride
962 5368 1408 5439 agri,untequam
1428 5374 1602 5425 essent
1621 5387 1788 5442 super
1806 5376 1913 5426 ter-

256 5470 379 5507 ram
400 5457 438 5523 ¹,
471 5465 522 5510 et
546 5470 714 5509 omne
743 5453 1008 5518 pabulum
1037 5458 1182 5524 agri.
1219 5457 1502 5530 Superius
1533 5465 1757 5533 septem
1791 5461 1915 5518 dies

261 5551 838 5609 numeranturmunc
853 5544 1492 5620 unusdiciturdiesquo
1508 5549 1601 5604 die
1617 5550 1749 5604 fecit
1767 5555 1915 5606 Deus

263 5635 462 5688 calum
480 5639 534 5689 et
556 5640 806 5698 terram,
827 5638 880 5687 et
898 5650 1069 5690 omne
1082 5636 1263 5692 viride
1277 5638 1422 5710 agri,
1444 5644 1500 5694 et
1517 5656 1691 5696 omne
1727 5641 1912 5712 pabu-

323 5735 341 5768 ί
375 5732 522 5784 Ven.:
555 5733 860 5797 Antequam
891 5734 1019 5783 esset
1053 5747 1207 5800 super
1234 5736 1449 5788 terram.
1544 5738 1614 5789 Μ.

1581 333 1812 401 LIBElt
1859 338 2296 401 SECUNDUS.

3524 349 3639 408 198

1989 472 2311 543 lum,cujus
2333 477 2446 530 diei
2476 478 2709 531 nomine
2724 494 2896 532 omne
2912 481 3145 549 tempus
3159 479 3474 550 signiﬁcari
3492 481 3638 537 bene

1989 561 2518 632 intelligitur.Fecit
2536 566 2687 620 enim
2707 567 2859 621 Deus
2874 571 3290 638 omnetempus
3309 568 3482 622 simul
3501 586 3634 626 cum

1989 651 2262 706 omnibus
2291 654 2574 708 creaturis
2597 660 2711 708 tem
2724 655 3178 726 poralibus,quae
3201 661 3477 712 creaturae
3499 659 3638 714 visi-

1988 739 2132 792 biles
2154 740 2279 794 cceli
2303 747 2357 794 et
2379 747 2544 797 terrae
2569 745 2802 797 nomine
2828 745 3254 815 signiﬁcantur.
3283 746 3507 801 Movere
3535 764 3637 802 au-

1986 833 2102 882 tem
2131 847 2233 883 nos
2259 832 2430 885 debet
2455 835 2523 886 ad
2550 834 2952 903 qurerendum,
2973 835 3126 904 quod
3159 851 3290 889 cum
3316 835 3493 900 diem,
3539 836 3639 907 qui

1993 917 2178 971 factus
2202 925 2307 984 est,
2333 924 2388 973 et
2414 921 2646 988 emtum,
2671 928 2725 974 et
2749 927 2961 976 terram
2986 926 3377 978 nmninaaset1
3425 925 3640 996 adjecit

1989 1006 2160 1061 etiam
2174 1009 2377 1067 ,virirle
2394 1012 2593 1077 agri,et
2614 1027 2774 1065 omne
2788 1012 3200 1080 pabulumNon
3222 1012 3375 1067 enim
3401 1015 3636 1084 quando

1990 1095 2206 1149 dictum
2232 1101 2341 1163 est,
2379 1099 2434 1151 In
2458 1099 2732 1169 principio
2764 1101 2895 1167 fecit
2929 1101 3064 1153 Deus
3093 1101 3282 1154 caelum
3318 1105 3367 1154 et
3399 1107 3632 1171 terram,

1990 1188 2126 1237 tunc
2149 1185 2369 1240 dictum
2394 1191 2501 1250 est,
2527 1189 2741 1240 factum
2769 1204 2896 1242 esse
2921 1205 3088 1242 omne
3110 1189 3290 1244 viride
3311 1191 3434 1261 agri
3458 1195 3511 1244 et
3531 1209 3634 1262 pa-

1989 1273 2191 1327 bulum
2217 1291 2227 1328 :
2255 1275 2560 1330 manifeste
2583 1276 2735 1330 enim
2771 1276 3001 1346 legitur,
3037 1279 3187 1347 quod
3215 1279 3382 1333 tertio
3405 1279 3496 1335 die
3516 1281 3633 1335 fac-

1987 1365 2112 1416 tum
2138 1367 2227 1416 est
2250 1379 2422 1418 omne
2440 1363 2620 1418 viride
2653 1369 2707 1417 et
2732 1365 3009 1434 pabulum
3045 1367 3188 1437 agri.
3232 1367 3391 1430 Quod
3437 1373 3630 1424 autem

1989 1448 2208 1503 dictum
2226 1453 2398 1517 est,ln
2420 1453 2699 1523 principio
2719 1455 2850 1522 fecit
2863 1454 2998 1508 Deus
3011 1455 3204 1508 rarlum
3224 1462 3273 1508 et
3286 1463 3630 1525 terram,non

1989 1539 2240 1609 pertinet
2263 1540 2332 1593 ad
2358 1539 2609 1611 aliquem
2651 1541 2878 1595 dierum
2903 1559 2971 1596 ex
2997 1542 3113 1597 illis
3144 1548 3362 1614 septem
3399 1544 3626 1601 diebus.

1992 1625 2195 1679 Adhuc
2218 1627 2372 1681 enim
2398 1627 2484 1683 vel
2509 1629 2811 1683 materiam
2835 1629 3016 1700 ipsam
3035 1632 3184 1685 unde
3200 1631 3636 1690 factasuntom-

1993 1714 2240 1778 nia,coeli
2266 1722 2497 1771 etterrze
2523 1718 2756 1772 nomine
2778 1720 3267 1789 nuncupabatwel
3294 1727 3449 1777 certe
3472 1724 3638 1794 prius

1993 1809 2169 1859 totam
2197 1811 2547 1870 creaturam,
2572 1806 2695 1860 oculi
2721 1815 2778 1861 et
2798 1814 2853 1861 et
2876 1814 3039 1861 terra:
3063 1809 3297 1863 nomine
3317 1828 3638 1883 proposue-

1994 1897 2081 1947 rat
2108 1893 2439 1959 dicendo,ln
2463 1897 2732 1966 principio
2753 1897 2886 1964 fecit
2910 1898 3043 1951 Deus
3064 1898 3252 1952 caelum
3273 1904 3323 1953 et.
3343 1906 3638 1967 terram;et

1995 1987 2195 2054 postea
2221 1983 2612 2053 particulatim
2639 2002 2736 2055 per
2757 1987 3018 2040 ordinem
3049 1987 3274 2040 dierum
3299 1990 3448 2043 sicut
3470 2007 3641 2061 Opor-

1994 2073 2416 2142 tebat,propter
2440 2075 3010 2145 prophetiam,quam
3029 2077 3083 2128 in
3113 2076 3298 2147 primo
3322 2077 3467 2132 libro
3482 2096 3639 2134 com-

1996 2161 2573 2226 memoravimus,Dei
2599 2179 2770 2233 opera
2785 2168 3092 2218 exsecutus
3110 2165 3545 2235 exposuit.0uid
3565 2167 3642 2222 si-

1996 2249 2047 2303 bi
2069 2265 2204 2322 ergo
2228 2250 2350 2304 vult
2368 2253 2520 2321 quod
2541 2269 2696 2306 nunc
2721 2253 3019 2306 nominato
3039 2253 3179 2307 cmlo
3203 2260 3259 2308 et
3283 2261 3452 2324 terra,
3477 2256 3648 2310 addi-

1999 2338 2105 2402 dit,
2136 2338 2309 2392 viride
2330 2341 2456 2406 agri
2480 2342 2527 2394 et
2546 2341 2831 2410 pabulum,
2868 2346 2921 2395 et
2937 2341 3120 2395 tacuit
3140 2347 3342 2397 caetera
3359 2349 3477 2398 tam
3494 2345 3648 2399 mul-

2000 2431 2076 2493 ta,
2110 2443 2235 2497 quae
2269 2433 2406 2482 sunt
2441 2427 2494 2481 in
2528 2427 2670 2482 ccelo
2701 2435 2756 2484 et
2788 2432 2844 2484 in
2880 2435 3050 2496 terra,
3076 2430 3432 2486 veletiamin
3457 2433 3600 2488 mari
3633 2450 3646 2488 :

2003 2516 2110 2569 nisi
2137 2516 2272 2587 quia
2296 2516 2476 2571 viride
2500 2519 2622 2588 agri
2647 2517 2996 2573 invisibilem
3030 2524 3354 2575 creaturam
3388 2521 3512 2575 vult
3561 2522 3651 2576 inn

1999 2605 2201 2676 telligi,
2237 2607 2387 2660 sicut
2416 2611 2502 2661 est
2533 2607 2729 2660 anima
2751 2607 2778 2661 ?
2809 2611 2957 2676 Ager
2986 2607 3142 2662 enim
3174 2608 3321 2663 solet
3349 2609 3407 2663 in
3457 2611 3650 2682 Scrip-

1999 2695 2149 2750 turis
2183 2695 2426 2766 ﬁgurate
2457 2696 2709 2750 mundus
2741 2695 3038 2766 appellari.
3073 2697 3215 2750 Nam
3239 2697 3430 2767 etipse
3458 2700 3649 2754 Domi-

2003 2801 2133 2837 nus.
2170 2784 2314 2855 Ager
2333 2788 2408 2838 est
2430 2785 2538 2847 hic,
2563 2785 3014 2854 inquit,mundus
3035 2785 3240 2854 (Matth.
3263 2788 3645 2858 xm,38),cum

2001 2873 2162 2927 illam
2191 2872 2526 2943 parabolam
2563 2879 2895 2942 exponeret,
2935 2874 3029 2927 ubi
3066 2874 3214 2928 bono
3248 2875 3454 2930 semini
3509 2883 3650 2933 sunt

2003 2961 2314 3016 commixta
2345 2961 2586 3015 zizania.
2617 2962 2811 3016 Viride
2843 2978 2978 3033 ergo
3011 2963 3133 3034 agri
3169 2963 3530 3035 spiritualem
3566 2972 3652 3022 at-

2004 3065 2116 3120 que
2149 3048 2498 3103 invisibilem
2532 3054 2857 3103 creaturam
2890 3049 3053 3116 dicit,
3103 3057 3338 3122 propter
3389 3053 3644 3125 vigorem

2003 3138 2150 3204 vita,
2184 3143 2240 3190 et
2272 3139 2506 3192 nomine
2540 3138 2739 3209 pabuli
2770 3139 2970 3211 utique
3003 3146 3237 3212 propter
3281 3143 3460 3197 vitam
3504 3144 3649 3200 bene

2007 3227 2112 3281 hoc
2141 3227 2338 3298 ipsum
2370 3228 2826 3298 interpretamur
2854 3229 2950 3299 (α).

2075 3318 2126 3370 5.
2155 3317 2368 3370 [)eidde
2389 3317 2541 3386 quod
2566 3317 2811 3381 addidit,
2844 3321 3142 3389 antequam
3164 3329 3336 3375 essent
3365 3337 3529 3392 super
3545 3331 3649 3377 ter-

2005 3423 2148 3475 ram,
2183 3404 2532 3475 intelligitur
2561 3411 2874 3475 antequam
2911 3407 3107 3462 anima
3137 3415 3421 3479 peccaret.
3445 3411 3647 3467 Terre-

2007 3495 2098 3550 nis
2117 3495 2270 3548 enim
2287 3493 3322 3566 cupiditalibussordidata,tanquam
3341 3506 3648 3570 superter-

2007 3602 2130 3640 ram
2156 3589 2309 3651 nata,
2343 3583 2430 3638 vel
2463 3601 2638 3654 super
2661 3588 2875 3638 terram
2903 3602 3050 3652 esse,
3074 3592 3226 3641 recte
3240 3587 3474 3642 dicitur:
3499 3588 3658 3645 ideo-

2009 3691 2120 3743 que
2134 3673 2641 3738 addidit.,l\'ondum
2667 3675 2818 3727 enim
2831 3675 3049 3744 pluerat:
3076 3676 3216 3730 Deus
3236 3693 3402 3747 supra
3424 3682 3648 3734 terram.

2081 3779 2312 3836 CAPUT
2331 3779 2423 3834 IV.
2451 3811 2516 3818 —
2541 3779 2682 3848 Quid
2702 3780 3071 3855 sit,Nondum
3098 3781 3326 3853 pluerat
3347 3800 3524 3855 super
3541 3790 3654 3840 ter-

2637 3869 2783 3919 ram,
2816 3867 2952 3905 vers.
2977 3853 3030 3906 5.

2083 3940 2229 4006 Quia
2261 3945 2314 3994 et
2347 3957 2502 3995 nunc
2531 3940 2712 3994 viride
2744 3940 2868 4011 agri
2898 3940 3050 3994 Deus
3086 3940 3238 4008 facit,
3271 3944 3367 3996 sed
3401 3942 3654 4014 pluendo

2013 4047 2189 4101 super
2214 4034 2452 4093 terram,
2488 4029 2539 4082 id
2577 4033 2685 4096 est,
2724 4028 2855 4082 facit
2887 4029 3120 4082 animas
3161 4030 3503 4085 revirescere
3555 4049 3656 4102 per

2012 4119 2250 4174 verbum
2286 4133 2458 4172 suum
2490 4143 2502 4184 ;
2532 4119 2629 4170 sed
2664 4117 2732 4170 de
2765 4117 3022 4171 nubibus
3043 4133 3142 4171 eas
3167 4116 3451 4187 irrigat,id
3477 4125 3566 4173 est
3586 4121 3656 4176 de

2015 4205 2332 4278 Scripturis
2371 4204 2788 4275 Prophetarum
2818 4208 2873 4258 et
2913 4204 3532 4275 Apostolorum.Recte
3552 4224 3656 4262 au-

2016 4302 2133 4353 tem
2165 4294 2536 4367 appellantur
2554 4295 2759 4359 nubes,
2791 4294 2925 4365 quia
2942 4295 3118 4349 verba
3150 4295 3260 4349 ista
3290 4312 3416 4366 quae
3449 4299 3662 4352 sonant

2014 4390 2070 4440 et
2093 4400 2367 4456 percusso
2392 4399 2520 4438 aere
2543 4387 2869 4447 transeunt,
2896 4382 3093 4437 addita
3109 4381 3281 4436 etiam
3303 4383 3660 4438 obscuritate

2016 4474 2362 4545 allegoriaru
2375 4489 2426 4526 m
2447 4471 2615 4542 quasi
2633 4470 2827 4542 aliqua
2851 4470 3094 4541 caligine
3107 4470 3214 4525 obd
3227 4471 3544 4538 ucta,velut
3557 4488 3661 4526 nu-

2018 4569 2118 4623 bes
2140 4566 2309 4619 fiunt:
2327 4581 2452 4634 quae
2475 4563 2615 4616 dum
2631 4561 2934 4616 tractando
2954 4561 3382 4632 exprimuntur,
3408 4562 3660 4616 benein-

2014 4652 2411 4725 telligentibus
2430 4657 2710 4722 tanquam
2728 4650 2739 4702 i
2754 4649 2914 4704 mber
2926 4649 3185 4703 veritatis
3199 4649 3662 4705 infunditurﬁed

2018 4745 2124 4799 hoc
2151 4743 2407 4798 nondum
2429 4746 2553 4795 erat
2570 4746 2884 4810 antequam
2920 4739 3116 4791 anima
3156 4742 3449 4808 peccaret;
3475 4738 3535 4795 id
3557 4744 3664 4801 est.

2017 4837 2328 4902 antequam
2355 4830 2536 4883 viride
2585 4828 2706 4899 agri
2744 4832 2899 4881 esset
2936 4843 3112 4898 super
3146 4833 3382 4883 terram.
3409 4829 3664 4884 Nondum

2016 4924 2164 4978 enim
2185 4922 2406 4991 pluerat
2423 4919 2560 4972 Deus
2579 4931 2740 4986 super
2761 4921 2989 4983 terram,
3015 4931 3113 4969 nec
3133 4920 3248 4970 erat
3264 4917 3423 4972 homo
3442 4919 3536 4988 qui
3547 4933 3668 4986 ope-

2019 5020 2238 5066 raretur
2253 5011 2313 5064 in
2329 5004 2732 5062 ea.Laboranti
2748 5007 2902 5058 enim
2919 5004 3138 5058 homini
3160 5006 3211 5058 iu
3233 5007 3584 5061 terraimber
3597 5007 3665 5060 de

2021 5101 2276 5156 nubibus
2291 5095 2781 5162 ostnecessarius,
2808 5096 3106 5166 dequibus
3131 5096 3517 5166 nubibusjam
3542 5097 3666 5150 dic-

2021 5197 2143 5244 tum
2164 5188 2413 5242 est.Post
2432 5191 2729 5256 peccatum
2747 5189 2941 5237 autem
2959 5183 3131 5238 homo
3150 5183 3408 5238 laborare
3423 5183 3594 5254 coepit
3610 5183 3665 5239 in

2018 5271 2864 5342 terra,etnecessariashabcre
2901 5270 3030 5326 illas
3063 5271 3267 5325 nubes.
3293 5273 3436 5326 Ante
3465 5287 3665 5344 pecca-

2024 5375 2145 5423 tum
2172 5383 2324 5431 vero,
2353 5380 2486 5418 cum
2511 5360 2694 5414 viride
2714 5361 2836 5432 agri
2865 5368 2920 5416 et
2947 5361 3227 5432 pabulum
3249 5361 3475 5416 fecisset
3495 5365 3664 5429 Deus,

2021 5473 2133 5529 quo
2159 5455 2392 5510 nomine
2416 5454 2766 5508 invisibilem
2808 5454 3136 5506 creaturam
3179 5447 3495 5520 signiﬁcari
3522 5450 3669 5504 dixi-

2089 5549 2101 5580 τ
2134 5545 2304 5592 Editi:
2342 5543 2461 5589 Cum
2497 5541 2633 5592 diem
2663 5555 2760 5604 quo
2789 5541 2983 5602 factum
3016 5539 3092 5584 est
3119 5535 3296 5604 caelia);
3327 5541 3668 5604 et‘terrahno-

2021 5611 2281 5657 minasset.
2316 5608 2378 5654 At
2407 5606 2532 5653 Mss.
2563 5599 2754 5670 magno
2789 5599 3081 5650 'consensu
3115 5599 3295 5670 ferunt
3321 5615 3332 5648 :
3363 5599 3493 5670 Cum
3531 5599 3667 5650 diem

2022 5671 2115 5736 qui
2141 5669 2442 5736 fa_cl_us_esl,
2472 5669 2519 5715 et
2550 5663 2729 5736 cretum
2761 5671 2807 5711 et
2839 5671 3030 5736 tnerram
3060 5663 3388 5714 nominasset.

2084 5730 2156 5798 (a)
2185 5733 2205 5784 Ι
2235 5733 2470 5783 Retract.
2498 5743 2619 5795 cap.
2655 5733 2730 5789 10,
2762 5741 2815 5776 n.
2847 5730 2893 5777 3.
