4006 6180
340 367 456 426 199
1155 357 1256 420 DE
1302 357 1581 421 GENESl
1627 357 1944 418 CONTRA
1993 353 2352 428 MANICH.,
2399 356 2464 415 S.
2513 351 2941 416 AUGUSTINI
3645 348 3766 410 200

343 514 498 562 mus,
521 497 810 570 irrigabat
832 510 960 550 eam
984 493 1138 550 fonte
1158 493 1454 558 interiore,
1480 491 1727 562 loquens
1748 490 1808 544 in
1825 487 1996 544 intel-

336 587 550 643 lectum
571 587 793 657 ejuszut
811 601 923 639 non
949 583 1320 638 extrinsecus
1341 582 1512 636 verba
1536 580 1848 652 exciperet,
1872 582 2001 632 tan-

337 692 514 748 quam
537 693 603 730 ex
627 673 984 745 supradictis
1010 673 1268 726 nubibus
1294 670 1572 742 pluviam;
1599 669 1698 723 sed
1723 669 1879 724 fonte
1893 682 1997 722 suo

338 764 448 820 hoc
469 769 560 820 est
585 765 654 819 de
672 762 899 818 intimis
923 762 1049 816 suis
1078 764 1355 815 manante
1373 759 1637 824 veritate,
1660 758 2000 816 satiaretur,

340 870 570 927 CAPUT
596 870 666 925 V.
702 900 769 909 —
799 870 938 925 Fons
973 869 1216 938 irrigans
1268 871 1479 922 terram
1522 867 1840 936 allegorice.
1890 863 1993 918 Su-

925 940 1118 1011 perbia
1150 938 1286 1011 quid
1314 941 1405 994 sit.

402 1031 456 1086 6.
488 1033 626 1086 Fons
650 1030 803 1086 enim
818 1027 1177 1095 ascendebat,
1194 1027 1404 1100 inquit,
1425 1026 1489 1082 de
1514 1030 1684 1090 terra,
1709 1033 1759 1080 et
1781 1025 1990 1094 irriga-

335 1121 423 1175 bat
451 1136 667 1175 omnem
682 1121 886 1190 faciem
913 1123 1105 1174 terra}.
1134 1122 1209 1171 De
1231 1121 1384 1171 terra
1411 1115 1630 1170 scilicet
1656 1116 1725 1169 de
1752 1130 1868 1184 qua
1903 1111 1990 1166 di-

329 1211 507 1264 citur:
536 1213 670 1280 Spes
692 1225 814 1262 mea
845 1225 902 1264 es
937 1212 1017 1272 tu,
1052 1209 1231 1277 portio
1253 1223 1376 1260 mea
1411 1207 1469 1259 in
1502 1208 1655 1259 terra
1686 1203 1988 1256 viventium

326 1297 497 1367 (Psal.
523 1315 670 1362 CXLI,
699 1298 774 1368 6).
804 1297 1047 1362 Quando
1076 1300 1269 1350 autem
1307 1295 1508 1349 anima
1531 1293 1635 1347 tali
1666 1295 1823 1346 fonte
1859 1289 1987 1344 irri-

325 1388 593 1459 gabatur,
630 1386 890 1441 nondum
927 1401 1028 1457 per
1059 1384 1394 1456 superbiam
1430 1380 1986 1455 projeceratintlma

325 1478 693 1531 suaJnilium
719 1475 875 1530 enim
897 1474 1177 1545 superbiae
1199 1472 1443 1527 hominis
1468 1476 1782 1543 apostatm'e
1803 1485 1835 1524 a
1853 1471 1979 1526 Deo-

327 1564 396 1618 Et
427 1563 699 1636 quoniam
735 1563 790 1617 in
827 1563 1113 1618 exteriora
1145 1577 1247 1633 per
1278 1561 1614 1634 superbiam
1648 1565 1982 1615 tumescens

326 1654 501 1724 coepit
531 1671 642 1708 non
677 1653 904 1724 irrigari
935 1652 1093 1707 fonte
1123 1651 1350 1719 intimo,
1387 1652 1531 1706 bene
1563 1649 1982 1705 insultaturilli

323 1744 517 1798 verbis
540 1741 896 1814 propheticis
922 1742 1021 1813 (a),
1045 1746 1100 1795 et
1123 1740 1364 1795 dicitur:
1405 1739 1546 1808 Quid
1559 1739 1806 1810 superbit
1832 1743 1980 1794 terra

311 1831 540 1887 etcinis?
561 1833 837 1899 Quoniam
857 1833 915 1886 in
940 1832 1051 1886 vita
1069 1847 1168 1885 sua
1187 1831 1412 1902 projecit
1434 1831 1633 1885 intima
1650 1846 1751 1883 sua
1783 1829 1976 1898 (Ereti.

318 1921 566 1988 x,14,9,
598 1922 704 1993 10).
737 1920 892 1986 Quid
921 1926 1009 1975 est
1029 1921 1182 1974 enim
1209 1919 1480 1990 superbia
1517 1917 1696 1985 aliud,
1731 1918 1840 1973 nisi
1878 1919 1976 1972 de-

327 2015 483 2064 serto
509 2009 856 2066 secretario‘
882 2009 1248 2063 conscientia;
1273 2009 1412 2063 foris
1433 2007 1614 2062 videri
1646 2006 1788 2062 velle
1819 2008 1975 2078 quod

327 2116 441 2154 non
473 2098 606 2154 est?
637 2100 706 2153 Et
737 2099 866 2154 ideo
897 2097 1559 2169 laboransjaminterra
1581 2097 1972 2152 necessariam

321 2187 496 2243 habet
525 2187 780 2260 pluviam
816 2189 886 2242 de
919 2187 1200 2252 nubibus,
1234 2188 1289 2240 id
1323 2192 1411 2241 est
1431 2185 1752 2241 doctrinam
1776 2186 1845 2240 de
1869 2186 1974 2240 hu-

321 2278 514 2332 manis
546 2277 756 2345 verbis,
792 2281 855 2330 ut
886 2279 1062 2331 etiam
1097 2275 1204 2331 hoc
1235 2276 1406 2330 modo
1440 2274 1834 2346 possitabilla
1856 2274 1968 2330 ari-

315 2365 500 2421 ditate
532 2365 898 2431 revirescere,
933 2370 989 2419 et
1023 2365 1232 2419 iterum
1268 2365 1391 2419 fieri
1437 2364 1619 2418 viride
1666 2363 1808 2435 agri.
1857 2364 1968 2418 Sed

325 2454 548 2510 utinam
579 2453 666 2510 vel
704 2453 963 2525 pluviam
996 2453 1255 2508 veritatis
1291 2453 1360 2508 de
1403 2452 1549 2520 ipsis
1597 2452 1854 2507 nubibus
1900 2451 1969 2505 li-

316 2544 522 2598 benter
550 2543 822 2615 excipiat.
857 2543 1002 2597 Nam
1021 2546 1256 2614 propter
1285 2541 1447 2596 illam
1471 2542 1749 2596 Dominus
1773 2544 1970 2596 noster

311 2631 582 2687 nubilum
617 2631 811 2687 carnis
847 2636 1059 2686 nostra:
1086 2631 1365 2702 dignatus
1387 2629 1964 2696 assumere,imbrem

313 2722 501 2776 sancti
540 2721 835 2794 Evangelii
886 2720 1288 2793 largissimum
1334 2719 1571 2789 infudit,
1615 2718 1964 2791 promittens

307 2811 480 2866 etiam
505 2811 659 2882 quod
695 2811 740 2866 si
775 2808 906 2880 quis
931 2809 1138 2864 biberit
1158 2810 1226 2864 de
1257 2825 1408 2880 aqua
1429 2807 1868 2880 ejus,rediet,ad
1896 2807 1963 2862 il-

315 2899 436 2955 lum
472 2900 744 2954 intimum
778 2899 1018 2966 fontem,
1047 2899 1447 2953 uttorinsecus
1464 2915 1573 2953 non
1599 2903 1815 2968 querat
1834 2899 1962 2970 plu-

303 2989 478 3043 viam.
518 2989 663 3042 Dicit
683 2988 866 3042 enim:
889 2988 1003 3042 Fiet
1027 2989 1087 3041 in
1108 3003 1167 3042 eo
1190 2991 1315 3057 fons
1339 3002 1501 3058 aqua:
1523 2988 1775 3042 salientis
1801 2990 1858 3043 in
1883 2991 1960 3044 vi-

309 3087 424 3133 tam
451 3088 712 3134 aeternam
730 3079 906 3150 (Joan.
934 3095 1008 3146 Iv,
1036 3080 1144 3149 14).
1167 3079 1302 3145 Iste,
1324 3082 1516 3145 credo,
1537 3082 1664 3136 fons
1687 3087 1818 3136 ante
1835 3098 1959 3152 pec-

299 3172 495 3223 catum
528 3168 883 3224 ascendebat
915 3168 982 3222 de
1017 3172 1190 3230 terra,
1225 3173 1281 3222 et
1311 3167 1588 3240 irrigabat
1617 3187 1849 3225 omnem
1871 3172 1954 3225 fa-

295 3256 441 3311 ciem
475 3261 660 3320 terrae,
694 3258 833 3327 quia
866 3256 1106 3312 interior
1136 3262 1278 3322 erat,
1313 3258 1634 3312 etnubium
1662 3276 1774 3313 non
1800 3260 1954 3314 desi-

295 3345 539 3401 derabat
565 3344 880 3400 auxilium:
916 3345 1169 3401 Nondum
1199 3348 1349 3400 enim
1372 3349 1597 3416 pluerat
1633 3349 1767 3403 Deus
1794 3366 1956 3420 super

296 3443 524 3502 terram,
556 3451 654 3490 nec
671 3443 785 3490 erat
808 3435 967 3490 homo
990 3437 1083 3505 qui
1105 3445 1428 3503 operaretur
1450 3438 1507 3491 in
1529 3453 1611 3491 ea.
1637 3437 1779 3493 Cum
1795 3439 1949 3493 enim

303 3521 570 3589 dixisset,
602 3523 853 3578 Nondum
882 3527 1030 3578 enim
1056 3523 1278 3593 pluerat
1319 3529 1458 3579 Deus
1515 3541 1680 3598 super
1724 3534 1950 3595 terram,

304 3610 629 3680 subjecitet
654 3627 891 3665 causam
916 3627 1095 3680 quare
1119 3614 1378 3666 nondum
1405 3612 1664 3683 pluerat:
1689 3616 1824 3686 quia
1843 3632 1948 3671 non

298 3707 422 3754 erat
453 3699 612 3754 homo
641 3701 740 3771 qui
769 3704 1091 3771 operaretur
1122 3703 1180 3754 in
1208 3717 1292 3756 ea.
1326 3702 1490 3757 Tunc
1522 3708 1718 3758 autem
1782 3705 1948 3760 homo

298 3788 471 3859 coepit
501 3787 724 3858 operari
753 3788 812 3842 in
846 3795 1017 3855 terra,
1052 3805 1183 3843 cum
1211 3795 1340 3860 post
1363 3797 1663 3861 peccatum
1687 3794 1757 3848 de
1781 3793 1950 3849 beata

296 3877 419 3932 vita
467 3876 754 3932 dimissus
806 3882 913 3940 est,
951 3894 1066 3948 qua
1124 3877 1183 3932 in
1216 3879 1489 3950 paradiso
1514 3882 1947 3938 lruebatur.Sic

290 3966 449 4021 enim
481 3965 764 4036 scriptum
798 3971 920 4022 est:
957 3969 1019 4021 Et
1039 3967 1254 4022 dimisit
1277 3985 1402 4023 eum
1427 3971 1699 4025 Dominus
1722 3973 1862 4026 Deus
1883 3974 1948 4028 de

289 4055 556 4125 paradiso
566 4072 664 4110 sua
674 4057 951 4121 vitatis,ut
962 4060 1496 4126 operareturterram
1512 4059 1576 4114 de
1589 4076 1693 4131 qua
1708 4065 1760 4115 et
1771 4077 1949 4132 sump-

295 4151 380 4200 tus
397 4145 577 4214 fuerat
594 4160 612 4196 :
637 4145 791 4199 unde
805 4161 911 4199 suo
935 4145 1060 4200 loco
1084 4147 1454 4217 requiremus
1476 4149 1681 4220 (Infra,
1705 4149 1942 4221 cap.22).

294 4232 457 4295 Quod
491 4247 646 4286 nunc
678 4233 747 4286 ad
781 4232 887 4287 hoc
910 4235 1464 4299 commemoravi,ut
1487 4237 1946 4309 intelligeremus

292 4319 585 4376 laboranti
616 4320 840 4375 homini
871 4320 928 4375 in
962 4327 1137 4387 terra,
1162 4321 1219 4377 id
1247 4328 1336 4378 est
1357 4323 1418 4378 in
1443 4330 1809 4396 peccatorum
1837 4326 1947 4382 ari-

292 4409 473 4464 ditate
503 4408 842 4475 constituto,
866 4411 1259 4467 necessariam
1283 4429 1410 4467 esse
1435 4413 1502 4468 de
1525 4413 1945 4472 humanisver-

286 4496 378 4554 bis
408 4496 667 4552 divinam
699 4498 1054 4568 doctrinam,
1095 4505 1378 4571 tanquam
1412 4502 1482 4556 de
1515 4503 1772 4560 nubibus
1816 4505 1945 4576 plu-

282 4586 658 4643 viam.'l‘alis
689 4592 887 4642 autem
948 4588 1196 4643 scientia
1251 4591 1605 4646 destruetur.
1667 4593 1943 4650 Videmus

288 4676 444 4732 enim
478 4693 632 4730 nunc
659 4675 717 4731 in
753 4676 1080 4748 aenigmate,
1119 4683 1400 4750 tanquam
1433 4680 1491 4733 in
1538 4681 1738 4737 nubilo
1789 4684 1947 4756 sagi-

294 4781 433 4820 nam
465 4772 790 4837 quterentes
819 4783 830 4822 :
869 4772 1006 4822 tunc
1040 4773 1235 4823 autem
1273 4769 1416 4824 facie
1433 4771 1504 4825 ad
1529 4771 1733 4826 faciem
1758 4773 1799 4842 (Ι
1822 4773 1942 4828 Cor.

294 4871 420 4921 xm,
449 4855 502 4924 8,
539 4855 646 4926 12),
682 4857 915 4927 quando
951 4858 1219 4913 universa
1240 4857 1413 4913 facies
1436 4862 1944 4917 terrzenostrasin-

295 4943 506 4998 teriore
549 4943 703 4998 fonte
748 4962 914 5015 aquae
953 4945 1218 5001 salientis
1280 4947 1638 5018 irrigabitur.
1695 4949 1838 5006 Nam
1892 4953 1940 5006 si

292 5033 513 5087 fontem
565 5033 816 5104 aliquem
867 5033 1042 5104 hujus
1091 5035 1341 5091 visibilis
1382 5055 1544 5108 aqua:
1585 5039 1942 5096 voluerimus

288 5120 633 5193 intelligere,
669 5123 739 5176 de
757 5139 872 5193 quo
891 5123 1114 5178 dictum
1131 5129 1241 5190 est,
1261 5127 1397 5180 Fons
1419 5133 1600 5183 autem
1621 5129 1942 5186 ascendebat

286 5208 352 5262 de
371 5212 541 5274 terra,
565 5215 616 5265 et
664 5211 935 5280 irrigabat
974 5228 1188 5265 omnem
1219 5215 1417 5282 faciem
1441 5224 1601 5270 terres
1625 5233 1644 5277 ;
1691 5235 1803 5273 non
1854 5223 1943 5273 est

283 5298 598 5354 verisimile
630 5299 784 5370 quod
816 5315 950 5354 cum
974 5304 1091 5354 tam
1118 5301 1289 5356 multi
1323 5303 1508 5359 fontes
1532 5321 1838 5376 perennes,
1861 5308 1940 5363 sis

284 5401 352 5440 ve
383 5386 661 5451 rivorum,
697 5387 813 5443 sive
847 5388 1159 5444 fluviorum
1198 5407 1299 5461 per
1331 5391 1662 5449 universam
1725 5400 1940 5452 terram

290 5474 680 5542 inveniantur,
716 5475 878 5532 solus
926 5476 1021 5533 ille
1081 5478 1437 5549 siccaveriﬁ,
1499 5483 1599 5553 qui
1660 5484 1940 5557 irrigabat

290 5579 521 5620 omnem
551 5565 758 5620 faciem
790 5571 974 5622 terres.

351 5716 364 5750 '
402 5715 561 5766 Editi.
591 5719 798 5766 secreto.
831 5719 954 5767 Mss.
987 5718 1290 5779 duodecim,
1321 5721 1617 5774 secretario.

347 5779 370 5814 ⁸
393 5779 554 5830 Juxta
585 5779 669 5830 Er.
701 5783 754 5830 et
782 5781 932 5842 Lov.,
959 5781 1214 5832 siccuerit.
1313 5785 1381 5834 Μ.

373 5843 423 5910 a)
452 5845 470 5895 ι
503 5844 731 5895 Retract.
764 5857 881 5910 cap.
913 5849 990 5896 10.
1020 5857 1073 5895 n.
1107 5845 1154 5896 3.

2178 487 2409 542 CAPUT
2426 487 2581 542 Vl.—
2616 487 2929 543 Invisibiiia
2942 487 3139 557 quibus
3152 483 3427 540 vocabulis
3438 483 3756 554 signantur.

2171 579 2226 631 7.
2260 578 2378 632 Sub
2412 577 2502 632 his
2534 594 2670 649 ergo
2702 576 2904 649 paucis
2935 575 3125 630 verbis
3173 574 3444 629 universa
3482 575 3756 628 creatura

2104 666 2272 722 nobis
2302 666 2604 722 insinuata
2633 671 2716 722 est
2745 671 2876 720 ante
2915 670 3215 734 peccatum
3249 663 3478 718 animae.
3505 661 3755 718 Nomine

2099 755 2254 810 enim
2289 757 2414 810 ρωΙὶ
2447 761 2503 811 et
2532 761 2700 811 terra:
2729 752 3258 810 universavisibilis
3277 757 3542 807 creatura
3565 750 3751 823 signi-

2100 841 2269 899 ficata
2300 849 2427 902 est:
2459 849 2514 900 et
2545 846 2779 900 nomine
2813 845 2944 911 diei,
2983 844 3318 897 universum
3365 846 3641 911 tempus;
3693 843 3750 893 et

2097 933 2333 989 nomine
2364 934 2637 990 viridium
2669 938 2723 989 et
2757 933 2948 1004 pabuli
3001 931 3147 1004 agri,
3176 935 3443 986 creatura
3476 927 3748 982 invisibi-

2095 1021 2202 1091 lis;
2235 1029 2291 1078 et
2323 1024 2554 1079 nomine
2587 1023 2763 1078 fontis
2795 1021 3163 1078 ascendentis
3195 1029 3243 1076 et
3279 1018 3580 1090 irrigantis
3613 1033 3747 1072 om-

2095 1129 2226 1167 nem
2249 1114 2465 1168 ‘faciem
2498 1118 2684 1181 terrai,
2719 1112 3024 1167 inundatio
3055 1109 3318 1165 veritatis
3349 1108 3609 1163 animam
3642 1122 3744 1160 sa-

2091 1201 2244 1257 tians
2277 1207 2408 1257 ante
2442 1208 2764 1275 peccatum.
2801 1202 2932 1256 Dies
2964 1205 3156 1256 autem
3193 1200 3321 1269 iste,
3355 1199 3526 1268 cujus
3548 1194 3741 1250 nomi-

2092 1307 2162 1346 ne
2197 1292 2534 1347 universum
2569 1297 2800 1364 tempus
2834 1290 3151 1364 significari
3176 1285 3742 1352 diximus,insinuat

2090 1380 2258 1434 nobis
2283 1397 2396 1436 non
2431 1381 2619 1436 solum
2654 1380 2963 1450 visibilem,
3014 1379 3114 1434 sed
3164 1378 3341 1432 etiam
3382 1373 3738 1430 invisibilem

2089 1475 2416 1525 creaturam
2452 1475 2684 1542 tempus
2718 1487 2886 1542 posse
2918 1470 3167 1524 sentire:
3202 1467 3354 1538 quod
3410 1465 3480 1520 de
3541 1463 3740 1518 anima

2088 1559 2254 1614 nobis
2286 1560 2854 1631 manifestatur,quae
2885 1562 3049 1613 tanta
3071 1557 3342 1612 varietate
3362 1553 3737 1609 all‘ectionum

2087 1665 2349 1719 suarum,
2383 1654 2438 1704 et
2470 1649 2595 1720 ipso
2629 1649 2793 1720 lapsu
2829 1665 2942 1720 quo
2976 1647 3190 1702 misera
3219 1647 3371 1700 facta
3402 1648 3508 1707 est,
3542 1648 3601 1698 et
3651 1657 3740 1696 re-

2085 1742 2380 1812 paratione
2411 1757 2527 1812 qua
2557 1757 2763 1796 rursus
2790 1741 2850 1794 in
2884 1739 3218 1794 beatitatem
3254 1736 3423 1805 redit,
3477 1739 3744 1805 tempore

2084 1829 2294 1884 mutari
2330 1846 2502 1902 posse
2532 1829 2916 1885 convincitur.
2952 1829 3021 1883 Et
3049 1828 3178 1882 ideo
3222 1841 3335 1881 non
3368 1823 3592 1879 dictum
3621 1826 3735 1886 est,

2083 1919 2220 1974 Cum
2248 1922 2428 1990 factus
2457 1929 2589 1974 esset
2611 1919 2742 1989 dies,
2777 1935 2879 1990 quo
2909 1918 2998 1972 die
3022 1918 3149 1988 fecit
3173 1921 3314 1972 Deus
3333 1914 3526 1969 caelum
3541 1917 3595 1966 et
3616 1914 3728 1965 ter-

2081 2025 2222 2076 ram,
2255 2013 2514 2077 tantum;
2547 2009 2759 2080 quibus
2793 2007 3132 2063 nominibus
3164 2003 3411 2059 visibilis
3459 2005 3731 2056 creatura

2079 2097 2418 2154 intimatur:
2453 2099 2553 2153 sed
2586 2097 2847 2152 additum
2877 2101 2967 2151 est
2997 2096 3192 2165 etiam,
3217 2092 3416 2158 viride,
3447 2096 3499 2146 et
3554 2090 3727 2161 pabu-

2078 2189 2192 2241 lum
2221 2189 2386 2255 agri;
2419 2204 2532 2258 quo
2553 2190 2787 2242 nomine
2814 2183 3165 2240 invisibilem
3183 2186 3532 2249 creaturam,
3558 2195 3731 2250 prop-

2074 2280 2162 2331 ter
2191 2276 2446 2348 vigorem
2480 2282 2534 2331 et
2561 2277 2762 2340 vitam,
2788 2274 3106 2347 significari
3134 2273 3417 2338 diximus,
3440 2269 3610 2325 sicuti
3637 2272 3730 2322 est

2075 2365 2290 2420 anima.
2323 2367 2393 2420 Et
2425 2365 2505 2420 ita
2536 2366 2756 2421 dictum
2791 2369 2898 2435 est,
2933 2364 3067 2419 Cum
3093 2366 3276 2434 [actus
3307 2367 3438 2416 esset
3456 2359 3592 2428 dies,
3617 2373 3723 2428 quo

2071 2454 2160 2508 die
2186 2455 2318 2522 fecit
2342 2457 2480 2510 Deus
2511 2456 2713 2510 caelum
2736 2463 2784 2509 et
2818 2464 3042 2524 terram,
3067 2455 3118 2506 et
3148 2467 3305 2508 omne
3336 2449 3530 2515 viride,
3563 2452 3612 2504 et
3628 2464 3725 2518 pa-

2073 2544 2260 2598 bulum
2290 2547 2416 2613 agri
2435 2563 2454 2607 ;
2488 2549 2550 2599 ut
2580 2545 2662 2600 sic
2682 2543 3142 2615 intelligeremus
3165 2558 3279 2596 non
3304 2538 3492 2595 solum
3516 2537 3721 2592 visibi-

2068 2632 2206 2697 lem,
2239 2634 2339 2689 sed
2372 2635 2544 2689 etiam
2579 2631 2932 2689 invisibilem
2967 2637 3292 2687 creaturam
3327 2629 3617 2702 pertinere
3646 2627 3718 2681 ad

2069 2727 2322 2794 tempus,
2358 2728 2590 2794 propter
2621 2722 3106 2786 mutabilitatem;
3160 2720 3297 2792 quia
3352 2717 3514 2774 solus
3563 2717 3720 2771 Deus

2069 2811 2568 2866 incommutabilis
2599 2817 2705 2880 est,
2740 2812 2836 2882 qui
2870 2815 2958 2865 est
2989 2815 3121 2865 ante
3153 2815 3430 2880 tempora.

2200 2901 2436 2956 CAPUT
2466 2901 2586 2955 νη.
2623 2933 2687 2940 -
2723 2902 2906 2955 Limus
2935 2900 3072 2970 quid
3093 2899 3286 2953 habeat
3319 2897 3582 2969 mysterii.

2134 2990 2356 3044 8.Nunc
2369 2991 2671 3045 videamus
2697 2994 2824 3061 post
2849 2990 3132 3044 universas
3153 2992 3429 3043 creaturae
3448 2985 3717 3040 insinua-

2061 3079 2280 3133 tionem
2314 3085 2432 3134 tam
2467 3079 2710 3134 visibilis
2742 3096 2917 3149 quam
2955 3077 3284 3134 invisibilis.
3310 3082 3364 3132 et
3390 3074 3720 3130 universale

2061 3168 2602 3223 beneﬁciumdivini
2624 3168 2799 3224 fontis
2821 3185 2956 3241 erga
2984 3165 3331 3222 invisibilem
3358 3173 3716 3224 creaturam.

2061 3257 2200 3328 quid
2233 3258 2301 3312 de
2333 3257 2567 3312 homine
2601 3257 2938 3327 specialiter
2969 3256 3296 3321 intimetur,
3329 3256 3481 3326 quod
3505 3255 3572 3308 ad
3605 3271 3712 3310 nos

2061 3347 2312 3401 maxime
2345 3348 2612 3416 pertinet.
2650 3347 2842 3400 Primo
2876 3345 3030 3400 enim
3065 3346 3217 3417 quod
3253 3345 3321 3400 de
3353 3345 3490 3398 limo
3542 3348 3710 3398 terrae

2057 3436 2208 3490 Deus
2223 3436 2516 3490 hominem
2537 3437 2609 3490 fin
2623 3435 3102 3502 xit,solethabere
3118 3435 3497 3506 quaestionem
3516 3434 3714 3504 qualis

2055 3523 2150 3578 ille
2165 3524 2342 3578 limus
2369 3523 2654 3588 fuerit,vel
2680 3541 2802 3595 qua:
2829 3524 3069 3579 materia
3085 3522 3319 3578 nomine
3335 3523 3457 3576 limi
3479 3522 3715 3593 signiﬁ-

2055 3615 2291 3668 catasit.
2319 3613 2403 3668 Illi
2426 3619 2617 3668 autem
2637 3613 3136 3668 inimiciveterum
3157 3613 3483 3677 Librorum,
3510 3610 3718 3666 omnia

2055 3701 2366 3757 carnaliter
2397 3702 2710 3770 intuentes,
2746 3708 2802 3756 et
2832 3708 3136 3774 pr0pterea
3166 3718 3395 3772 semper
3417 3707 3709 3767 errantes,

2053 3793 2227 3846 etiam
2262 3793 2369 3847 hoc
2404 3791 2824 3862 reprehendere
2857 3791 3205 3846 mordaciter
3222 3790 3428 3856 solent,
3458 3791 3612 3862 quod
3634 3791 3712 3844 de

2052 3885 2192 3938 limo
2220 3883 2372 3937 Deus
2406 3883 2702 3938 hominem
2738 3882 2920 3936 ﬁnxit.
2956 3881 3168 3937 Dicunt
3202 3882 3386 3937 enim:
3422 3883 3608 3946 Quare
3627 3882 3702 3936 de

2048 3973 2190 4027 limo
2224 3973 2357 4027 fecit
2388 3972 2539 4027 Deus
2571 3972 2914 4027 hominem?
2945 3989 3014 4025 an
3049 3971 3307 4027 defuerat
3335 3973 3384 4026 ei
3417 3971 3624 4027 melior
3644 3976 3709 4028 et;

2052 4061 2306 4118 caelestis
2338 4061 2602 4123 materia,
2629 4062 2781 4115 unde
2813 4060 3109 4115 hominem
3143 4061 3374 4127 faceret,
3399 4058 3546 4116 utde
3568 4060 3708 4117 labe

2049 4156 2280 4206 terrena
2302 4155 2420 4204 tam
2440 4148 2702 4221 fragilem
2727 4149 3464 4220 mortalemqueformaret?
3477 4150 3599 4204 Non
3620 4151 3706 4204 in-

2049 4240 2379 4311 telligentes
2411 4239 2598 4311 primo
2632 4255 2807 4309 quam
2835 4237 3035 4294 multis
3058 4239 3588 4310 significationibus
3614 4239 3704 4294 vel

2051 4336 2204 4384 terra
2219 4328 2304 4384 vel
2327 4345 2394 4400 aq
2408 4346 2478 4382 ua
2492 4329 2548 4383 in
2565 4329 2881 4400 Scripturis
2896 4333 3110 4399 ponatu
3123 4328 3186 4383 rzl
3199 4329 3350 4384 imus
3363 4330 3513 4384 enim
3530 4345 3600 4400 aq
3611 4347 3702 4384 ua:

2053 4423 2110 4472 et
2141 4424 2306 4473 terra:
2346 4417 2684 4472 commixtio
2718 4422 2824 4472 est.
2860 4417 3122 4473 Dicimus
3154 4418 3309 4472 enim
3340 4417 3606 4472 tabidum
3640 4423 3705 4474 et

2053 4507 2256 4577 fragile
2283 4511 2339 4561 et
2373 4507 2542 4561 morti
2576 4507 2937 4561 destinatum
2970 4523 3180 4577 corpus
3213 4506 3537 4562 humanum
3564 4512 3703 4579 post

2051 4601 2355 4667 peccatum
2378 4611 2507 4650 esse
2533 4595 2800 4666 coepisse.
2827 4595 2950 4649 Non
2977 4596 3129 4650 enim
3161 4595 3216 4649 in
3247 4601 3443 4651 nostro
3457 4614 3705 4668 corpore

2049 4684 2146 4739 isti
2161 4685 2577 4739 exhorrescunt
2598 4684 2707 4738 nisi
2732 4684 3350 4754 mortalitatem,quam
3369 4687 3501 4740 dam
3514 4688 3706 4741 natio-

2050 4791 2122 4828 ne
2159 4774 2502 4828 meruimus.
2535 4774 2679 4838 Quid
2703 4777 2897 4828 autem
2925 4774 3275 4844 mirum,aut
3297 4774 3534 4830 difficile
3558 4775 3703 4846 Deo,

2048 4862 2700 4918 etiamsidelimoistius
2728 4870 2889 4917 terra
2904 4864 3201 4919 hominem
3218 4863 3704 4931 fecit,taletamen

2048 4970 2260 5024 corpus
2277 4954 2405 5022 ejus
2418 4953 2827 5024 efficere,quod
2845 4955 3200 5024 corruptioni
3220 4971 3333 5009 non
3349 4955 3706 5025 subjaceret,

2049 5043 2095 5095 si
2115 5043 2286 5096 homo
2303 5047 2649 5113 prreceptum
2667 5041 2766 5096 Dei
2781 5043 3116 5097 custodiens
3135 5059 3370 5114 peccare
3385 5043 3708 5099 noluisset?

2046 5132 2101 5186 Si
2126 5132 2279 5186 enim
2305 5131 2560 5201 speciem
2585 5131 2708 5185 coeli
2731 5131 2917 5202 ipsius
2933 5132 3006 5185 de
3029 5131 3234 5199 nihilo,
3257 5131 3347 5186 vel
3369 5133 3438 5187 de
3463 5133 3710 5188 informi

2047 5223 2291 5276 materia
2307 5220 2553 5275 dicimus
2567 5219 2941 5290 factam.quia
2955 5221 3400 5292 omnipotentem
3419 5222 3711 5278 artiﬁcem

2046 5311 2371 5378 credimus;
2397 5308 2535 5380 quid
2561 5310 2776 5365 mirum
2799 5309 2848 5364 si
2871 5327 3104 5382 corpus,
3125 5311 3286 5382 quod
3311 5311 3382 5366 de
3405 5310 3548 5367 limo
3563 5327 3708 5383 qua-

2044 5398 2340 5469 licumque
2360 5399 2577 5454 factum
2594 5403 2703 5465 est,
2729 5400 2916 5470 potuit
2943 5400 3016 5454 ab
3049 5400 3440 5472 omnipotenti
3472 5402 3703 5458 artiﬁce

2044 5488 2160 5545 tale
2185 5487 2397 5554 tieri,ut
2421 5487 2580 5542 nulla
2614 5488 2901 5554 molestia,
2935 5488 3100 5546 nulla
3123 5490 3446 5562 indigentia
3468 5489 3702 5546 crucia-

2044 5582 2131 5634 ret
2158 5577 2454 5633 hominem
2488 5585 2622 5633 ante
2673 5583 2998 5650 peccatum,
3034 5584 3089 5635 et
3123 5580 3287 5636 nulla
3318 5580 3703 5653 corruptione

2041 5667 2368 5724 tabesceret
2398 5667 2424 5722 ‘?

2110 5758 2164 5812 9.
2201 5756 2403 5830 Itaque
2433 5758 2727 5829 superflue
2741 5759 3191 5831 quaeriturunde
3208 5759 3466 5816 hominis
3487 5776 3707 5833 corpus

2042 5847 2197 5906 Deus
2218 5847 2420 5906 fecerit
2445 5865 2457 5916 ;
2491 5847 2539 5903 si
2568 5850 2764 5906 tamen
2796 5865 2951 5905 nunc
2974 5848 3044 5905 de
3065 5850 3326 5921 corporis
3357 5849 3711 5906 formatione
