3966 6194
222 383 327 446 209

221 511 463 585 loquitur
488 530 503 581 ;
537 517 721 586 atque
744 513 826 570 ita
839 515 1196 585 turbatur,et
1219 530 1415 571 vocem
1439 513 1599 569 illam
1624 514 1868 585 prophe-

224 609 284 658 tae
315 603 682 670 manifestat,
716 622 835 676 qua
864 604 1091 660 dictum
1120 609 1228 672 est,
1262 606 1339 659 Ad
1386 607 1658 676 meipsum
1686 606 1879 659 anima

222 710 329 747 mea
348 694 575 748 turbata
592 703 672 749 est
686 694 880 765 (Psal.
896 696 1100 765 XLI,7).
1121 694 1320 766 Itaque
1330 695 1453 764 jam
1479 694 1876 765 interrogatur

220 784 553 852 Adam,non
585 785 700 839 Deo
724 786 1025 839 nesciente
1059 784 1154 839 ubi
1186 788 1359 849 esset,
1396 783 1493 838 sed
1530 787 1771 853 cogente
1802 784 1871 837 ad

219 870 642 927 confessionem
667 871 889 942 peccati
919 888 932 926 :
968 888 1083 927 non
1114 871 1269 926 enim
1302 876 1361 926 et
1384 871 1669 927 Dominus
1699 874 1874 925 Jesus

217 960 472 1015 Christus
497 965 624 1014 tam
652 961 842 1016 multa
865 976 991 1032 quas
1007 959 1749 1031 interrogabat,nesciebat.
1769 963 1872 1014 Re-

219 1049 441 1120 spondit
462 1057 837 1117 autem,voce
850 1050 979 1119 ejus
1003 1048 1609 1114 audita,abscondisse
1626 1065 1707 1118 se,
1733 1065 1872 1119 quo-

217 1139 363 1193 niam
389 1139 594 1193 nudus
616 1143 792 1193 esset.
818 1139 947 1193 Jam
974 1138 1301 1193 miserrimo
1324 1155 1516 1193 errore
1549 1137 1867 1208 respondit,

216 1227 373 1298 quasi
408 1232 527 1283 Deo
561 1231 765 1299 posset
796 1228 1106 1299 displicere
1136 1229 1352 1295 nudus,
1386 1228 1539 1282 sicut
1568 1244 1702 1282 eum
1744 1227 1869 1297 ipse

215 1309 437 1362 fecerat.
474 1308 579 1363 Est
609 1312 809 1363 autem
839 1307 949 1362 hoc
996 1308 1208 1363 erroris
1259 1307 1581 1378 proprium,
1615 1312 1680 1360 ut
1710 1306 1866 1377 quod

214 1400 412 1470 cuique
436 1400 1039 1472 displicet,hocetiam
1064 1399 1178 1454 Deo
1202 1400 1511 1470 displicere
1530 1398 1863 1454 arbitretur.

212 1489 346 1544 Illud
361 1494 566 1544 autem
580 1488 1373 1560 sublimiterintelligendum
1399 1492 1488 1543 est
1502 1487 1655 1559 quod
1671 1486 1865 1542 Domi-

213 1595 310 1633 nus
331 1578 413 1633 ait
436 1596 451 1633 :
483 1580 623 1645 Quis
646 1579 925 1633 nuntiavit
944 1578 1045 1633 libi
1064 1577 1204 1648 quod
1223 1578 1401 1631 nudus
1417 1592 1575 1645 esses,
1594 1577 1711 1631 nisi
1732 1579 1864 1648 quia

212 1668 276 1722 ab
304 1668 404 1721 illa
424 1669 634 1722 arbore
652 1666 719 1722 de
741 1684 846 1738 qua
867 1666 1106 1721 dixerim
1127 1667 1247 1731 tibi,
1282 1683 1349 1721 ea:
1367 1667 1470 1721 illa
1493 1667 1611 1721 sola
1626 1682 1695 1721 ne
1708 1681 1863 1719 man-

210 1758 451 1823 ducares,
477 1772 553 1811 ex
574 1755 1035 1811 illamanducasli
1054 1755 1294 1810 ?Nudus
1308 1755 1464 1809 enim
1486 1758 1663 1809 erata
1684 1754 1863 1809 simu-

212 1845 549 1913 latione,sed
576 1845 941 1901 vestiebatur
960 1843 1087 1899 luce
1109 1843 1323 1898 divina.
1352 1842 1510 1898 Unde
1532 1858 1773 1899 aversus
1804 1846 1862 1898 et

209 1937 271 1989 ad
301 1934 575 2005 seipsum
600 1949 939 2002 conversus,
960 1935 1108 2003 quod
1142 1932 1516 2003 signiﬁcatde
1536 1930 1636 1986 illa
1657 1931 1862 1986 arbore

210 2022 959 2091 manducasse,nuditatem
984 2038 1150 2077 suam
1168 2020 1404 2086 vidit,et
1422 2018 1723 2091 displicuit
1746 2019 1858 2074 sibi

206 2129 267 2168 ex
293 2130 357 2169 eo
391 2113 557 2184 quod
595 2128 712 2167 non
745 2111 998 2166 habebat
1027 2111 1248 2183 aliquid
1282 2111 1607 2182 proprium.

204 2202 431 2257 CAPUT
472 2200 645 2257 XVII.
690 2231 755 2240 —-
798 2201 1036 2271 Rejectio
1063 2201 1241 2270 σαίρω
1280 2202 1329 2254 et
1366 2202 1638 2271 serpentis
1674 2215 1856 2270 paena.

263 2293 349 2347 25.
386 2290 622 2346 Deinde
644 2291 770 2360 jam
804 2305 967 2344 more
995 2288 1279 2360 superbia
1311 2288 1369 2342 in
1400 2305 1462 2343 se
1484 2305 1598 2343 non
1622 2291 1862 2343 accusat

200 2382 341 2453 quod
368 2378 681 2435 consensit
696 2377 1057 2446 mulieri,sed
1078 2376 1133 2430 in
1154 2376 1456 2431 mulierem
1473 2376 1861 2431 refunditcul-

197 2488 325 2541 pan.
354 2486 531 2525 suam
566 2486 581 2535 ;
609 2472 667 2522 et
697 2467 779 2521 sic
809 2465 1103 2521 subtiliter
1130 2465 1299 2537 quasi
1331 2467 1399 2521 de
1433 2467 1648 2521 astutia
1679 2482 1857 2538 quam

197 2561 367 2614 miser
401 2562 778 2628 conceperat,
809 2556 994 2611 voluit
1023 2558 1091 2610 ad
1126 2558 1319 2626 ipsum
1354 2560 1532 2610 Deum
1567 2555 1859 2627 pertinere

195 2649 339 2716 quod
375 2646 664 2719 peccavit.
690 2646 815 2700 Non
840 2645 996 2699 enim
1020 2645 1122 2711 ait,
1139 2644 1343 2699 Mulier
1364 2643 1525 2699 dedit
1545 2643 1691 2699 mihi
1718 2662 1730 2711 ;
1754 2645 1856 2699 sed

196 2738 419 2792 addidit
435 2737 668 2805 dicens,
690 2735 899 2790 Mulier
914 2750 1078 2805 quam
1095 2733 1292 2788 dedisti
1307 2734 1470 2788 mihi.
1488 2732 1642 2790 Nihil
1657 2736 1745 2789 est
1762 2749 1858 2787 au-

194 2831 307 2881 tem
331 2832 457 2881 tam
492 2824 785 2880 familiare
818 2823 1217 2895 peccantibus,
1251 2839 1429 2893 quam
1455 2822 1711 2877 tribuere
1742 2827 1855 2877 Deo

193 2912 334 2967 velle
352 2912 779 2982 undecumque
795 2914 1176 2965 accusantur:
1204 2910 1385 2964 ethoc
1400 2910 1469 2964 de
1490 2908 1856 2964 illavenasu-

199 3003 507 3073 perbiaemt
530 3001 813 3073 quoniam
838 3000 921 3055 sic
944 3000 1114 3055 homo
1140 2999 1397 3071 peccavit
1422 3016 1554 3055 cum
1573 2998 1698 3054 vult
1727 3016 1857 3054 esse

197 3109 302 3162 par
330 3093 470 3157 Deo,
502 3091 563 3146 id
582 3095 673 3145 est
702 3090 851 3145 liber
871 3105 997 3145 esse
1028 3091 1100 3145 ab
1124 3091 1252 3160 ejus
1277 3088 1561 3155 dominio,
1584 3088 1739 3143 sicut
1759 3087 1857 3142 ille

194 3182 442 3236 abomni
467 3179 731 3235 dominio
753 3178 1309 3249 liberest,quoniam
1336 3178 1460 3249 ipse
1473 3182 1561 3233 est
1575 3177 1855 3232 Dominus

197 3270 463 3325 omnium
491 3268 806 3340 ;quoniam
836 3268 894 3321 in
920 3269 1221 3339 majestate
1246 3283 1349 3339 par
1369 3265 1594 3322 illiesse
1614 3282 1728 3320 non
1752 3282 1853 3336 po-

194 3359 469 3429 tuit,jam
500 3357 707 3429 lapsus
734 3356 1009 3427 etjacens
1035 3355 1093 3409 in
1118 3359 1352 3427 peccato
1372 3371 1500 3419 suo,
1523 3370 1718 3425 parem
1742 3354 1854 3409 sibi

190 3463 320 3502 eum
344 3447 540 3502 facere
561 3450 822 3500 conetur.
853 3444 955 3499 Vel
976 3444 1167 3515 potius
1198 3443 1364 3499 illum
1392 3442 1517 3498 vult
1547 3444 1854 3498 ostendere

190 3552 483 3605 peccasse,
510 3551 575 3589 se
596 3538 797 3589 autem
818 3550 947 3588 esse
970 3531 1658 3589 innocentem.Etmulier
1678 3533 1855 3586 inter-

190 3628 385 3694 rogata
410 3623 591 3677 refert
611 3622 848 3691 culpam
872 3622 931 3675 in
958 3627 1287 3690 serpentem
1311 3637 1323 3673 :
1349 3620 1512 3691 quasi
1529 3625 1631 3676 aut
1652 3620 1747 3675 ille
1769 3620 1853 3675 sic

192 3716 492 3783 acceperat
528 3725 766 3764 uxorem
791 3714 857 3763 ut
887 3709 936 3763 ei
960 3710 1407 3779 obtemperaret,
1439 3712 1496 3763 et
1518 3725 1634 3763 non
1653 3708 1852 3780 potius

194 3806 252 3854 nt
280 3801 478 3872 ipsam
514 3799 628 3853 sibi
652 3799 1053 3868 obtemperare
1074 3798 1325 3863 faceret;
1360 3796 1717 3851 autillanon
1751 3812 1851 3867 po-

188 3893 331 3944 terat
362 3889 467 3944 Dei
502 3892 861 3960 praeceptum
892 3886 1087 3958 potius
1117 3885 1434 3957 custodire,
1469 3903 1645 3959 quam
1676 3886 1853 3942 verba

191 3977 479 4049 serpentis
514 3977 847 4031 admittere.

253 4069 341 4123 26.
365 4067 503 4123 Jam
527 4081 771 4137 serpens
795 4081 911 4119 non
944 4064 1469 4135 interrogatur,sed
1504 4063 1662 4136 prior
1683 4080 1850 4120 exce—

188 4156 268 4227 pit
298 4171 560 4227 paenam,
588 4155 729 4225 quia
759 4170 862 4210 nec
892 4153 1154 4208 conﬁteri
1188 4156 1491 4224 peccatum
1518 4157 1851 4225 potest,uec

185 4245 359 4301 habet
391 4245 641 4300 omnino
673 4244 828 4297 unde
859 4259 920 4297 se
947 4249 1199 4297 excuset.
1224 4243 1349 4298 Non
1379 4248 1574 4299 autem
1594 4260 1751 4298 nunc
1783 4258 1851 4299 ea

183 4334 484 4389 damnatio
507 4332 723 4387 diaboli
750 4332 984 4398 dicitur,
1011 4348 1139 4403 quae
1153 4331 1585 4402 ultimojudicio
1600 4349 1851 4388 reserva-

181 4424 377 4489 tur,de
398 4440 523 4494 qua
546 4422 813 4493 loquitur
832 4421 1117 4475 Dominus
1139 4437 1272 4475 cum
1303 4421 1464 4487 dicit,
1488 4424 1563 4476 Ile
1589 4424 1648 4476 in
1670 4424 1851 4493 ignem

179 4524 471 4577 uernum,
506 4512 606 4583 qui
631 4517 978 4582 praeparatus
1007 4517 1082 4564 est
1134 4510 1353 4565 diabolo
1406 4517 1459 4564 et
1495 4512 1709 4578 angelis
1736 4511 1851 4580 ejus

181 4604 390 4671 (latin.
419 4618 553 4669 xxv,
579 4601 671 4671 41)
698 4618 711 4668 ;
738 4599 839 4654 sed
865 4615 932 4653 ea
952 4615 1121 4669 poena
1142 4600 1269 4669 ejus
1294 4599 1525 4666 dicitur,
1548 4616 1665 4670 qua
1680 4600 1849 4654 nobis

179 4692 481 4747 cavendus
499 4689 795 4758 estPoena
816 4688 973 4743 enim
996 4689 1123 4757 ejus
1144 4693 1252 4757 est,
1273 4688 1414 4742 utin
1436 4692 1723 4759 potestate
1746 4688 1849 4745 ha-

180 4783 316 4836 beat
335 4797 437 4836 eos
454 4780 554 4851 qui
570 4778 666 4833 Dei
688 4782 976 4849 praecepta
996 4780 1401 4831 contemnunt.
1426 4776 1543 4833 Hoc
1576 4779 1731 4833 enim
1754 4794 1850 4833 ex-

181 4871 441 4942 plicatur
461 4869 556 4924 his
580 4868 795 4931 verbis,
816 4866 1032 4938 quibus
1056 4866 1112 4920 in
1145 4882 1278 4921 eum
1304 4867 1594 4937 profertur
1611 4872 1848 4922 senten-

184 4962 301 5013 tia:
328 4966 385 5014 et
410 4958 552 5012 inde
577 4958 766 5027 major
794 4961 1086 5027 poenaest,
1106 4954 1245 5025 quia
1266 4955 1335 5008 de
1358 4956 1463 5010 hac
1494 4960 1609 5010 tam
1632 4955 1850 5010 infelici

184 5055 479 5121 potestate
500 5047 755 5115 laetatur,
782 5045 882 5117 qui
914 5044 1136 5099 solebat
1158 5048 1469 5115 antequam
1503 5046 1754 5113 caderet,
1780 5048 1851 5102 de

184 5138 426 5193 sublimi
450 5136 696 5191 veritate
718 5134 1042 5206 gauderein
1071 5149 1185 5203 qua
1206 5148 1314 5186 non
1335 5128 1513 5188 stetit.
1534 5134 1748 5190 Etideo
1766 5136 1849 5189 illi

182 5230 360 5281 etiam
388 5242 605 5298 pecora
629 5226 1071 5297 praeponuntur,
1095 5238 1210 5276 non
1236 5222 1294 5275 in
1328 5227 1631 5294 potestate,
1657 5226 1756 5281 sed
1791 5226 1849 5279 in

183 5315 663 5370 conservatione‘
693 5316 915 5367 natura
930 5328 1048 5365 suae
1065 5327 1076 5363 :
1095 5310 1231 5382 quia
1246 5327 1485 5382 peccora
1501 5330 1613 5369 non
1639 5315 1850 5371 amise-

187 5410 323 5459 runt
358 5403 789 5459 beatitudinem
821 5400 1082 5472 aliquam
1131 5400 1446 5469 caelestem,
1481 5419 1659 5473 quam
1698 5422 1850 5462 nun-

190 5510 365 5564 quam
402 5492 763 5556 habuerunt,
796 5490 897 5545 sed
931 5489 989 5544 in
1035 5506 1141 5543 sua
1173 5493 1382 5545 natura
1414 5508 1589 5563 quam
1622 5511 1851 5567 accepe-

254 5648 267 5679 ¹
302 5645 442 5694 Editi
456 5647 592 5710 _Am.
622 5644 713 5710 Er:
738 5646 790 5691 et
808 5640 916 5710 duo
940 5641 1082 5700 Mss,
1104 5641 1443 5710 conversione.
1475 5644 1626 5710 [_.ov.,
1649 5646 1852 5710 aliquot

196 5709 352 5757 etiam
383 5705 802 5772 suifragantibus
819 5706 960 5764 Msa,
981 5705 1375 5772 conversatione.
1400 5706 1504 5757 Sed
1529 5709 1721 5760 melius
1738 5705 1847 5762 Ite-

199 5772 314 5835 gius
340 5772 511 5822 codex
538 5768 722 5834 (lique
754 5768 878 5830 duo,
905 5768 1303 5819 conservatione.

1577 382 1810 444 LIBER
1853 381 2285 445 SECUNDUS.

1988 516 2127 567 runt
2148 514 2438 583 peragunt
2468 512 2667 567 vitam.
2693 514 2920 569 Dicitur
2958 527 3095 586 ergo
3126 512 3297 569 huic:
3328 516 3553 571 Pectore
3581 521 3636 571 et

1983 606 2175 657 ventre
2204 617 2372 673 repes.
2419 602 2580 665 Quod
2619 604 2859 673 quidem
2889 608 2947 659 et
2975 605 3034 658 in
3087 603 3325 660 colubro
3360 605 3631 661 animad-
3738 668 3749 683 ι

1982 691 2251 756 vertitur,
2282 696 2335 745 et
2368 707 2436 745 ex
2466 691 2564 747 illo
2595 693 2893 748 animante
2924 692 3142 747 visibili
3190 695 3261 748 ad
3292 694 3449 749 hunc
3490 694 3635 749 invi-

1984 780 2212 835 sibilem
2248 779 2551 834 inimicum
2604 791 2871 836 nostrum
2922 782 3137 837 locutio
3178 782 3484 853 ﬁguratur.
3516 783 3630 837 No-

1984 870 2142 923 mine
2173 868 2327 923 enim
2362 869 2635 939 pectoris,
2660 870 3026 939 signiﬁcatur
3055 870 3521 941 superbia,'quia
3552 869 3632 924 ibi

1982 959 2323 1013 dominatur
2351 959 2606 1029 impetus
2637 958 2856 1013 animi:
2893 958 3129 1014 nomine
3161 963 3357 1014 autem
3390 961 3628 1029 ventris,

1980 1047 2348 1117 signiﬁcatur
2403 1046 2634 1101 carnale
2694 1048 3072 1114 desiderium,
3133 1048 3272 1119 quia
3324 1048 3444 1103 haec
3494 1066 3630 1119 pars

1980 1135 2214 1191 mollior
2245 1135 2496 1189 sentitur
2525 1135 2582 1189 in
2617 1152 2876 1206 corpore.
2911 1138 2977 1190 Et
3026 1136 3160 1206 quia
3189 1136 3280 1191 his
3325 1138 3499 1193 rebus
3532 1137 3630 1193 ille

1978 1224 2162 1295 serpit
2191 1224 2261 1278 ad
2294 1240 2392 1279 eos
2423 1240 2569 1295 quos
2594 1224 2719 1279 vult
2750 1225 3013 1295 decipere
3039 1242 3051 1291 ;
3076 1228 3381 1295 propterea
3404 1226 3626 1280 dictum

1977 1320 2084 1383 est,
2119 1318 2338 1371 Pectore
2367 1320 2419 1369 et
2455 1320 2639 1370 ventre
2669 1332 2838 1385 repes.

2047 1431 2275 1486 CAPUT
2306 1430 2502 1485 XVIII.
2538 1462 2606 1471 ——-
2637 1431 2912 1502 Serpentis
2940 1448 3065 1487 eum
3094 1434 3205 1488 Eva
3233 1434 3549 1489 inimicitia.

2046 1538 2135 1591 27.
2166 1539 2230 1592 Et
2256 1540 2483 1606 terram,
2517 1537 2732 1609 inquit,
2765 1539 3122 1595 manducabis
3152 1540 3402 1597 omnibus
3432 1542 3627 1600 diebus

1976 1629 2100 1683 vita:
2130 1631 2282 1683 tum:
2314 1628 2371 1681 id
2406 1631 2495 1682 est
2524 1627 2799 1683 omnibus
2834 1629 3042 1684 diebus
3065 1630 3281 1701 quibus
3316 1630 3441 1703 agis
3473 1632 3625 1689 hanc

1974 1720 2345 1789 potestatem,
2377 1720 2510 1771 ante
2560 1715 2721 1773 illam
2782 1716 3053 1772 ultimam
3106 1736 3337 1790 poenam
3369 1720 3625 1791 judicii;

1972 1806 2093 1861 haec
2123 1806 2279 1861 enim
2329 1805 2445 1859 vita
2484 1806 2611 1877 ejus
2661 1806 2908 1875 videtur,
2936 1808 3003 1863 de
3036 1823 3152 1879 qua
3198 1809 3415 1880 gaudet
3445 1814 3621 1882 atque

1971 1894 2274 1966 gloriatur.
2314 1896 2538 1949 Terram
2568 1911 2704 1966 ergo
2738 1896 3122 1963 manducabis,
3166 1897 3395 1953 duobus
3426 1899 3618 1955 modis

1972 1982 2221 2054 intelligi
2255 1986 2478 2053 potest:
2514 1983 2600 2038 vel
2633 1983 2703 2038 ad
2738 1986 2790 2039 te
2824 1984 3219 2056 pertinebunt,
3254 2004 3403 2058 quos
3432 1991 3616 2043 terre-

1972 2097 2047 2135 na
2079 2078 2397 2151 cupiditate
2427 2080 2745 2151 deceperis,
2777 2081 2833 2135 id
2874 2086 2961 2136 est
2992 2087 3342 2154 peccatores,
3377 2084 3478 2154 qui
3500 2089 3618 2140 ter-

1971 2185 2046 2223 rea
2077 2167 2313 2223 nomine
2355 2167 2802 2239 signiﬁcantur;
2849 2170 2937 2224 vel
2987 2173 3138 2226 certe
3166 2188 3353 2243 genus
3378 2174 3613 2228 tertium

1970 2256 2307 2312 temtationis
2338 2255 2431 2311 his
2460 2257 2649 2312 verbis
2695 2257 3002 2329 ﬁguratur,
3044 2260 3197 2330 quod
3248 2268 3339 2317 est
3368 2260 3616 2317 curiosi-

1971 2347 2329 2401 tas.Terram
2352 2345 2509 2401 enim
2535 2347 2635 2417 qui
2660 2347 2997 2413 manducat,
3024 2349 3355 2420 profundat,
3376 2358 3431 2405 et
3458 2356 3615 2406 tene-

1970 2437 2143 2491 brosa
2168 2440 2450 2507 penetrat,
2491 2441 2752 2491 ettamen
2775 2436 3123 2509 temporalia
3144 2443 3317 2509 atque
3364 2446 3616 2496 terrena.

2039 2526 2270 2581 28.Non
2293 2530 2486 2581 autem
2506 2525 2823 2581 inimicitia:
2852 2532 3153 2597 ponuntur
3174 2528 3325 2583 inter
3349 2529 3543 2600 ipsum
3564 2534 3621 2585 et

1970 2617 2176 2684 virum,
2200 2618 2302 2672 sed
2326 2616 2480 2672 inter
2504 2614 2697 2689 ipsum
2722 2621 2778 2672 et
2801 2617 3128 2673 mulierem.
3151 2618 3447 2690 Numquid
3481 2620 3620 2690 quia

1968 2705 2121 2762 viros
2142 2723 2255 2761 non
2280 2705 2497 2777 decipit
2515 2710 2572 2761 et
2588 2706 2920 2761 tentat?Sed
2950 2706 3323 2761 manifestum
3348 2712 3438 2763 est
3460 2708 3613 2779 quod

1969 2796 2204 2868 decipit.
2231 2798 2314 2851 An
2340 2796 2478 2867 quia
2500 2796 2695 2866 ipsum
2724 2797 2910 2850 Adam
2937 2812 3049 2850 non
3071 2796 3314 2867 decepit,
3349 2798 3450 2852 sed
3484 2813 3614 2852 mu-

1966 2885 2168 2940 lierem
2183 2884 2349 2955 ejus?
2363 2884 2474 2938 Sed
2488 2882 2771 2954 numquid
2787 2887 3091 2955 propterea
3104 2900 3219 2940 non
3232 2889 3321 2940 est
3337 2884 3612 2942 inimicus

1967 2973 2116 3044 ejus,
2141 2973 2209 3028 ad
2227 2988 2400 3043 quem
2424 2972 2800 3043 pervenitper
2821 2972 3128 3029 mulierem
3148 2991 3315 3029 suam
3330 2974 3433 3030 illa
3455 2976 3615 3031 dece-

1967 3062 2109 3134 ptio,
2137 3061 2385 3116 maxime
2417 3060 2553 3133 quia
2570 3062 2641 3117 de
2663 3061 2997 3132 futurojam
3022 3063 3255 3133 dicitur,
3284 3067 3613 3120 Inimicitias

1961 3168 2171 3223 ponam
2186 3154 2330 3206 inter
2345 3159 2393 3205 te
2410 3156 2463 3207 et
2483 3149 2782 3207 mulierem
2803 3150 2829 3205 ‘2
2848 3151 2903 3205 Si
2927 3155 3121 3208 autem
3142 3154 3293 3223 quod
3317 3171 3430 3209 non
3454 3155 3612 3210 dein-

1966 3257 2101 3312 ceps
2123 3239 2349 3311 decepit
2368 3240 2577 3304 Adam,
2600 3257 2705 3295 nec
2725 3240 2914 3313 ipsam
2938 3242 3114 3296 Evam
3147 3242 3419 3314 deinceps
3445 3244 3610 3299 dece-

1964 3332 2069 3403 pit.
2104 3332 2291 3395 Quare
2320 3346 2458 3401 ergo
2486 3330 2567 3383 ita
2592 3329 2830 3396 dicitur,
2863 3330 2977 3385 nisi
3009 3331 3147 3402 quia
3178 3330 3272 3385 hic
3306 3333 3613 3388 manifeste

1965 3419 2295 3474 ostenditur
2309 3436 2422 3473 non
2437 3434 2609 3488 posse
2623 3435 2729 3473 nos
2744 3436 2777 3472 a
2806 3418 3037 3473 diabolo
3059 3420 3409 3487 tentari,nisi
3430 3420 3611 3490 peril-

1963 3508 2080 3564 lam
2101 3506 2415 3563 animalem
2431 3512 2809 3578 partem,quae
2831 3507 3000 3577 quasi
3016 3508 3611 3581 mulierisimaginem

1960 3597 2051 3652 vel
2084 3595 2415 3668 exemplum
2441 3596 2499 3649 in
2525 3612 2639 3650 uno
2666 3596 2793 3666 ipso
2825 3595 3063 3651 homine
3094 3597 3372 3663 ostendit,
3395 3599 3467 3653 de
3498 3614 3614 3668 qua

1963 3703 2028 3741 su
2040 3686 2365 3757 periusjam
2382 3683 2568 3739 multa
2587 3683 3046 3750 diximus?Quod
3062 3689 3256 3740 autem
3270 3689 3445 3741 etiam
3462 3686 3613 3741 inter

1962 3791 2159 3830 semen
2184 3773 2420 3844 diaboli,
2445 3779 2501 3828 et
2523 3789 2723 3829 semen
2748 3773 3012 3829 mulieris
3035 3779 3335 3844 ponuntur
3356 3774 3608 3829 inimici-

1958 3864 2072 3933 tias,
2108 3863 2474 3935 signiﬁcatur
2505 3863 2725 3917 semine
2748 3862 2962 3917 diaboli
2984 3879 3252 3933 perversa
3269 3865 3567 3935 suggestio
3592 3880 3606 3930 ;

1960 3952 2184 4009 semine
2205 3956 2401 4007 autem
2427 3949 2946 4015 mulieris,fructus
2967 3950 3105 4005 boni
3126 3950 3462 4021 operis,quo
3477 3968 3606 4022 per-

1958 4058 2135 4098 versis
2168 4040 2530 4112 suggestioni
2592 4039 2831 4095 resistit.
2886 4040 2952 4095 Et
2995 4039 3123 4094 ideo
3172 4039 3442 4094 observat
3480 4040 3607 4111 ipse

1960 4132 2223 4204 plantam
2247 4129 2604 4197 mulieris,ut
2627 4129 2676 4183 si
2701 4128 2935 4199 quando
2963 4127 3023 4182 in
3048 4126 3248 4183 illicita
3276 4127 3492 4183 labitur
3514 4129 3611 4185 de-

1959 4220 2191 4276 lectatio
2215 4220 2257 4287 ¹,
2288 4222 2429 4273 tunc
2466 4217 2626 4273 illam
2659 4216 2886 4288 capiat:
2916 4222 2973 4272 et
3004 4216 3105 4271 illa
3134 4216 3402 4272 observat
3432 4224 3610 4289 caput

1960 4310 2113 4381 ejus,
2146 4312 2210 4364 ut
2241 4324 2373 4363 eum
2396 4306 2595 4377 inipso
2623 4306 2789 4361 initio
2805 4305 2969 4360 malis
3000 4305 3298 4361 suasionis
3315 4305 3606 4362 excludat.

2104 4424 2342 4480 CAPUT
2375 4422 2523 4479 XIX.
2554 4454 2622 4463 —
2654 4423 2726 4477 De
2750 4422 2927 4492 paznis
2960 4422 3187 4476 mulieri
3216 4422 3465 4494 inﬂictis.

2031 4533 2120 4587 29.
2154 4532 2284 4587 Jam
2304 4531 2374 4585 de
2399 4546 2565 4601 poena
2589 4528 2858 4583 mulieris
2883 4526 3045 4583 nulla
3068 4527 3310 4598 quaestio
3342 4532 3464 4584 est:
3493 4546 3612 4585 ma-

1961 4621 2170 4677 nifeste
2183 4621 2337 4676 enim
2354 4618 2775 4690 multiplicatos
2788 4616 3013 4672 dolores
3032 4616 3407 4687 habet,atque
3422 4617 3611 4689 suspi-

1961 4711 2047 4765 ria
2070 4712 2126 4764 in
2154 4710 2329 4780 hujus
2352 4709 2478 4762 vitis
2495 4707 2960 4770 calamitatibus;
2985 4705 3279 4776 etquodin
3305 4706 3607 4761 doloribus

1962 4800 2149 4871 pariat
2172 4796 2622 4869 ﬁlios,quamvis
2644 4801 2701 4850 et
2731 4796 2785 4849 in
2811 4794 2922 4849 ista
2944 4793 3163 4848 visibili
3188 4792 3431 4850 muliere
3453 4811 3607 4850 com-

1962 4888 2210 4961 pleatur,
2243 4892 2435 4941 tamen
2478 4886 2548 4940 ad
2594 4884 2754 4939 illam
2806 4882 3167 4938 secretiorem
3217 4884 3605 4939 consideratio

1963 4977 2284 5032 revocanda
2314 4978 2419 5031 est.
2444 4975 2588 5029 Nam
2613 4978 2670 5029 et
2693 4973 2751 5027 in
2777 4972 3081 5043 pecoribus
3104 4972 3333 5029 feminae
3354 4991 3488 5030 cum
3512 4975 3607 5030 do-

1960 5064 2080 5122 lore
2102 5064 2337 5136 pariunt
2362 5063 2596 5131 ﬁlios,et
2618 5062 2738 5117 haec
2757 5066 2845 5117 est
2862 5061 2918 5116 in
2943 5061 3060 5118 illis
3085 5063 3452 5119 mortalitatis
3469 5080 3607 5119 con-

1962 5155 2104 5210 ditio
2131 5153 2324 5225 potius
2349 5169 2525 5224 quam
2552 5168 2722 5223 poena
2749 5152 2989 5224 peccati.
3019 5152 3213 5208 Potest
3232 5168 3369 5225 ergo
3392 5152 3515 5207 ﬁeri
3547 5156 3612 5208 ut

1961 5244 2136 5299 etiam
2159 5242 2217 5297 in
2239 5242 2467 5298 feminis
2488 5241 2828 5297 hominibus
2850 5241 3184 5297 mortalium
3212 5258 3520 5313 corporum
3539 5243 3617 5299 sit

1961 5334 2074 5389 ista
2093 5331 2485 5388 conditio.Sed
2511 5331 2619 5386 hoc
2642 5335 3032 5403 estmagnum
3058 5330 3442 5403 supplicium,
3459 5333 3615 5404 quod

1961 5423 2032 5478 ad
2065 5423 2238 5478 istam
2263 5437 2575 5494 corporum
2599 5419 3019 5477 mortalitatem
3051 5436 3119 5475 ex
3141 5419 3242 5476 illa
3264 5420 3615 5477 immortali-

1962 5516 2080 5567 tate
2114 5515 2841 5567 wneruntNerumtamen
2868 5526 3147 5581 magnum
3175 5516 3607 5566 sacramentum

1960 5774 1978 5822 Ι
2028 5714 2053 5823 ‘t
2075 5713 2196 5823 ltliss,
2228 5725 2339 5761 non
2369 5711 2523 5773 pauci
2546 5709 2826 5759 liabentzsi
2854 5705 3257 5773 quandoillicita
3277 5707 3498 5758 elabitur
3519 5708 3603 5757 de-

1980 5789 2031 5823 ec
2056 5788 2085 5823 a
2114 5789 2177 5823 ιο.

1980 5788 2177 5824 ecmuo.
