3966 6194
3362 300 3417 321 ’δι-ι

180 366 274 426 213
1481 362 1711 425 LIBER
1755 362 2191 426 SECUNDUS.

182 498 308 563 tatis,
335 500 386 553 et
407 500 556 553 Deus
585 513 832 570 corpora
862 513 1064 553 eorum
1086 499 1140 554 in
1164 499 1338 555 istam
1363 497 1779 554 mortalitatem
1890 496 1973 552 sis
1995 513 2141 553 esse.
2162 498 3081 573 SicutloquiturApostolus,cum
3106 498 3277 555 dicit:
3301 500 3377 555 Ne
3396 502 3540 570 forte

181 589 335 643 carnis
358 587 616 654 mutavit,
653 588 755 642 ubi
788 588 972 643 latent
1003 589 1177 644 corda
1222 587 1545 643 mendacia.
1580 587 1779 657 Neque
1888 585 1975 641 det
2006 588 2119 641 illis
2153 590 2289 644 Deus
2306 592 2687 659 pmnitentiam
2710 591 2781 645 ad
2800 588 3223 661 cognoscendam
3248 589 3537 645 veritatem

178 677 300 733 enim
323 677 370 730 in
400 676 515 731 illis
549 677 894 748 corporibus
927 677 1260 733 coelestibus
1290 678 1374 733 sic
1408 677 1585 732 latere
1609 692 1781 748 posse
1889 676 1955 745 (II
1993 678 2125 733 Tim.
2153 694 2214 744 ιι,
2237 680 2348 747 ‘25),
2376 680 2572 735 Potest
2593 697 2728 751 ergo
2749 681 2928 735 videri
2958 684 3262 751 propterea
3281 679 3454 734 homo
3475 680 3535 733 in

175 766 507 838 cogitationes
543 767 901 822 credendum
936 772 1042 837 est,
1076 767 1574 838 quemadmodum
1608 766 1667 819 in
1689 764 1780 819 his
1886 763 2114 821 labores
2138 768 2316 837 hujus
2337 770 2463 823 vitae
2485 786 2612 824 esse
2635 769 2941 836 dimissus,
2968 774 3033 823 ut
3070 768 3386 840 aliquando
3410 784 3536 823 ma-

172 856 465 928 corporibus
493 854 676 911 latent
703 858 834 912 :sed
861 857 1014 911 sicut
1041 856 1303 911 nonnulli
1334 860 1526 911 motus
1551 855 1777 909 animo-
1889 870 2030 907 num
2066 856 2323 927 porrigat
2345 858 2413 911 ad
2441 859 2706 912 arborem
2739 862 2942 927 vitze,et
2963 858 3116 911 vivat
3144 857 3201 911 in
3227 863 3532 912 aternum.

170 963 270 1001 rum
292 951 565 1016 apparent
588 945 645 999 in
673 945 864 1008 vultu,
896 950 952 1001 et
1001 946 1250 1001 maxime
1273 945 1330 999 in
1355 944 1562 1011 oculis,
1598 944 1681 998 sic
1723 944 1781 997 in
1888 946 2093 997 Manus
2128 951 2320 999 autem
2357 948 2641 1015 porrectio
2672 947 2817 1001 bene
2840 945 3128 1017 signiﬁcat
3158 963 3410 1013 crucem,
3438 964 3537 1018 per

169 1035 246 1090 illa
272 1034 675 1106 perspicuitate
706 1051 772 1089 ac
812 1034 1189 1105 simplicitate
1221 1034 1544 1088 ccelestium
1580 1049 1779 1101 corpo-
1890 1048 2068 1101 quam
2096 1034 2211 1087 vita
2241 1040 2455 1088 aeterna
2486 1041 2883 1106 recuperatur.
2922 1036 3199 1098 Quamvis
3257 1036 3435 1090 etiam
3488 1036 3537 1090 si

170 1141 270 1178 rurn
299 1138 493 1179 omnes
516 1122 758 1177 omnino
792 1128 986 1178 motus
1018 1123 1195 1177 animi
1230 1122 1409 1177 latere
1454 1139 1568 1176 non
1623 1121 1782 1176 arbi-
1889 1121 1988 1176 illo
2018 1124 2188 1177 modo
2220 1124 2647 1195 intelligamus,
2674 1141 2741 1179 ne
2770 1142 2997 1179 manum
3025 1127 3367 1194 porrigat,et
3394 1128 3541 1181 vivat

169 1216 277 1267 tror.
302 1213 492 1282 Itaque
525 1211 611 1265 illi
642 1213 1028 1267 merebuntur
1058 1212 1485 1267 habitationem
1517 1211 1680 1265 illam
1728 1214 1786 1265 et
1891 1212 1948 1266 in
1967 1222 2389 1280 aeternummon
2416 1214 2636 1283 injusta
2662 1232 2827 1284 poena
2849 1220 2937 1267 est
2959 1219 3408 1283 postpeccatum
3452 1216 3538 1268 in-

171 1299 652 1357 commutationem
685 1301 744 1354 in
774 1301 1097 1373 angelicam
1135 1302 1405 1369 formam,
1459 1301 1559 1370 qui
1608 1300 1781 1355 etiam
1890 1301 2207 1355 terclusum
2235 1318 2361 1356 esse
2386 1304 2609 1356 aditum
2630 1304 2700 1357 ad
2725 1303 3286 1373 sapientiam.donec
3310 1303 3408 1358 Dei
3432 1304 3538 1357 mi-

164 1392 204 1445 in
230 1392 319 1445 hac
346 1391 462 1445 vita
485 1407 625 1445 cum
660 1391 891 1462 possint
913 1392 1023 1446 sub
1058 1391 1273 1445 tunicis
1295 1390 1551 1462 pelliceis
1586 1389 1782 1445 occul—
1891 1390 2209 1445 sericordia
2240 1392 2536 1445 mensuris
2566 1396 2900 1461 temporum
2934 1391 3239 1446 reviviscat
3259 1391 3355 1462 qui
3384 1409 3539 1447 mor-

166 1486 255 1535 iare
282 1479 609 1546 mendacia,
643 1481 892 1534 oderunt
924 1486 1117 1536 tamen
1150 1496 1217 1535 ea
1240 1484 1513 1534 etcavent
1538 1479 1784 1550 ﬂagran-
1890 1483 2028 1533 tuus
2052 1481 2569 1547 est,etinveniatur
2586 1481 2683 1551 qui
2710 1480 3278 1551 perierat.Dimissus
3301 1486 3384 1536 est
3404 1497 3539 1552 ergo

168 1570 355 1624 tissimo
384 1585 588 1625 amore
621 1569 976 1634 veritatis,et
1006 1570 1115 1624 hoc
1150 1568 1343 1624 solum
1374 1574 1601 1641 tegunt,
1626 1569 1783 1639 quod
1891 1570 1961 1623 de
1996 1569 2263 1639 paradiso
2287 1570 2683 1639 suavitatis,ut
2714 1574 3055 1641 operaretur
3074 1575 3289 1625 terram
3316 1571 3385 1626 de
3425 1588 3541 1642 qua

164 1658 190 1711 ii
216 1658 294 1729 qui
325 1658 600 1727 audiunt,
632 1658 782 1713 ferre
814 1675 929 1712 non
955 1663 1236 1728 possunt;
1272 1658 1373 1713 sed
1404 1656 1569 1712 nulla
1620 1674 1785 1711 men-
1893 1663 2163 1729 sumptus
2195 1662 2316 1713 erat
2343 1702 2355 1724 ,
2390 1659 2447 1713 id
2482 1663 2591 1726 est,
2616 1663 2681 1713 ut
2710 1658 2771 1713 in
2805 1676 3047 1730 corpore
3094 1659 3205 1714 isto
3227 1659 3538 1727 laboraret,

166 1748 372 1802 tiuntur.
404 1746 618 1802 Veniet
649 1745 805 1801 enim
838 1751 1069 1818 tempus
1102 1752 1165 1801 ut
1196 1746 1341 1801 nihil
1374 1746 1552 1801 etiam
1593 1751 1786 1801 conte-
1891 1747 2035 1803 etibi
2053 1748 2101 1802 si
2121 1752 2320 1817 posset
2340 1747 2651 1803 collocaret
2673 1748 2783 1803 sibi
2807 1749 3081 1803 meritum
3107 1748 3543 1804 redeundi.Mo-

164 1842 298 1907 gatnr
327 1854 339 1891 :
371 1836 520 1891 nihil
554 1840 651 1891 est
677 1836 834 1891 enim
866 1837 1158 1891 occultum
1191 1837 1345 1907 quod
1375 1853 1486 1891 non
1509 1835 1783 1890 manifes-
1894 1842 2054 1891 ratus
2084 1841 2173 1891 est
2196 1841 2390 1892 autem
2425 1841 2627 1892 contra
2656 1837 2996 1909 paradisum
3030 1838 3087 1891 in
3113 1837 3355 1892 miseria
3382 1853 3541 1907 :quze

165 1925 578 1996 tabitur(ll!attli.
604 1926 785 1994 11,26).
810 1924 1059 1979 Tamdiu
1081 1931 1273 1979 autem
1295 1924 1351 1978 in
1378 1924 1647 1995 paradiso
1664 1923 1786 1978 fue-
1892 1926 2096 1996 utique
2128 1926 2312 1981 beatae
2332 1926 2463 1981 vitae
2484 1926 2778 1981 contraria
2797 1930 2905 1981 est.
2927 1926 3073 1981 Nam
3100 1927 3329 1982 beatam
3361 1926 3540 1982 vitam

167 2018 273 2068 runt
298 2014 410 2083 isti,
444 2013 723 2083 quamvis
760 2014 885 2083 jam
945 2014 1055 2068 sub
1109 2012 1399 2068 sententia
1454 2012 1787 2068 damnantis
1892 2014 2149 2085 paradisi
2181 2014 2419 2070 nomine
2440 2015 2829 2087 significatam
2855 2016 3148 2071 existimo.

166 2103 259 2171 Dei,
287 2104 462 2158 donec
476 2107 725 2157 ventum
756 2106 913 2157 esset
942 2102 1011 2156 ad
1048 2100 1317 2172 pelliceas
1342 2101 1589 2167 tunicas,
1624 2102 1677 2156 id
1699 2106 1789 2156 est

166 2194 216 2246 ad
243 2192 404 2261 hujus
423 2193 561 2247 vitae
591 2190 1028 2247 mortalitatem.
1061 2193 1184 2256 Quo
1204 2190 1362 2246 enim
1385 2192 1602 2261 majore
1635 2191 1785 2245 indi-

164 2282 230 2336 cio
246 2282 418 2353 potuit
434 2281 768 2352 signiﬁcari
789 2297 945 2335 mors
964 2298 1139 2350 quam
1164 2280 1458 2335 sentimus
1478 2281 1537 2335 in
1550 2297 1788 2352 corpore

166 2387 303 2440 quam
336 2370 591 2442 pellibus
631 2387 759 2442 quae
793 2370 1041 2425 mortuis
1073 2370 1379 2441 pecoribus
1410 2370 1635 2425 detrahi
1690 2387 1785 2425 so-

165 2458 298 2514 lent?
326 2460 525 2531 Itaque
541 2476 681 2514 cum
702 2463 905 2513 contra
926 2463 1301 2529 praeceptum,
1328 2476 1441 2513 non
1466 2459 1790 2515 imitatione

164 2547 516 2619 legitima,sed
539 2549 754 2603 illicita
776 2548 1233 2620 superbia,Deus
1269 2564 1398 2604 esse
1429 2549 1651 2619 appetit
1686 2548 1787 2603 ho-

167 2654 256 2706 mo,
276 2655 445 2709 usque
472 2640 548 2694 ad
584 2637 919 2693 belluarum
946 2638 1363 2693 mortalitatem
1384 2639 1647 2708 dejectus
1676 2642 1787 2693 est.

216 2728 289 2783 33.
321 2730 448 2784 Ideo
481 2729 573 2784 sic
608 2726 696 2782 illi
728 2728 820 2783 lex
854 2728 1048 2782 divina
1082 2727 1325 2782 insultat
1372 2744 1469 2783 ore
1506 2728 1598 2783 Dei
1626 2746 1638 2796 ;
1674 2745 1791 2800 qua

168 2816 510 2874 insultatione
546 2835 664 2873 nos
690 2818 1081 2873 admonemur
1130 2823 1422 2888 quantum
1476 2834 1790 2888 possumus

169 2922 335 2961 cavere
366 2908 740 2979 superbiam.

222 2951 740 3053 'ciirii’i’ﬁiﬁ‘i
759 2997 1025 3067 εωρηιεεο
1055 2996 1187 3053 id...
1211 2996 1344 3066 ρηίά
1373 2996 1681 3067 alia”...
2150 2954 2458 3053 Ρνοριειῖεει
2481 2953 2825 3051 θ.ιίιειωξηεε
2850 2952 3081 3050 dicier,
3106 2951 3243 3022 quia
3269 2952 3387 3051 ιξτίι
3410 2968 3550 3022 qvo-

224 3090 256 3098 _
375 3090 385 3098 .
416 3087 428 3098 .
575 3086 599 3098 -
672 3089 683 3098 .
843 3094 850 3098 _
890 3095 897 3098 _
1590 3087 1600 3098 .
1630 3089 1638 3097 .
1784 3086 1794 3098 .
1898 3044 2211 3098 dammodo
2235 3059 2427 3097 omnis
2449 3040 2771 3097 tribulatlo.
2798 3042 2908 3096 Sed
2932 3040 3089 3095 aliud
3111 3046 3302 3096 estur1
3325 3042 3397 3095 ad
3412 3057 3551 3096 con-

1900 3133 2318 3204 sumptionem,
2344 3136 2401 3185 et
2433 3131 2592 3186 aliud
2617 3135 2704 3185 est
2727 3130 2816 3184 uri
2839 3130 2909 3184 ad
2933 3130 3364 3201 purgationem.
3399 3130 3547 3185 Nam

1900 3227 1958 3277 et
1987 3220 2295 3292 Apostolus
2328 3220 2504 3275 dicit:
2541 3221 2681 3292 Quis
2721 3219 3158 3283 scandalizatur,
3193 3223 3245 3274 et
3290 3235 3385 3290 ego
3438 3236 3550 3274 non

1902 3328 2038 3366 uror
2069 3312 2136 3381 (ll
2163 3310 2289 3365 Cor.
2314 3327 2392 3373 x1,
2419 3311 2511 3381 29)
2536 3310 2562 3363 ‘?
2582 3310 2814 3365 Sediste
2839 3308 3079 3363 affectus
3103 3308 3390 3380 purgabat
3411 3324 3546 3363 eum

1904 3400 2113 3473 magis,
2153 3400 2291 3473 quia
2327 3400 2398 3454 de
2428 3399 2712 3454 charitate
2742 3398 3025 3454 veniebat.
3060 3398 3126 3451 Et
3156 3396 3268 3451 illa:
3302 3396 3546 3453 tribula-

1902 3491 2092 3547 tiones
2114 3507 2260 3561 quas
2277 3489 2422 3561 justi
2448 3488 2849 3560 patiuntur,ad
2872 3486 3044 3542 istam
3070 3486 3364 3557 pertinent
3385 3489 3549 3541 llam-

1908 3596 2097 3636 meam
2133 3580 2447 3633 frameam:
2484 3579 2756 3646 Quoniam
2790 3578 2852 3631 in
2886 3578 3009 3647 igne
3036 3575 3304 3646 probata):
3351 3592 3553 3631 aurum

1909 3674 1957 3724 et
1986 3672 2299 3739 argentum,
2331 3676 2381 3722 et
2413 3668 2656 3722 homines
2679 3665 3039 3738 acceptabiles
3058 3667 3115 3719 in
3138 3667 3358 3720 camino
3377 3664 3559 3720 humi-

1917 3759 2169 3813 liationis
2190 3757 2389 3829 (Eccli.
2424 3775 2485 3824 ιι,
2517 3758 2594 3827 5).
2628 3756 2697 3809 Et
2727 3754 2976 3810 iterum:
3011 3759 3149 3809 Vasa
3179 3756 3339 3822 ﬁguli
3362 3756 3560 3825 probat

1913 3850 2135 3919 loraaw,
2169 3852 2218 3902 et
2250 3846 2496 3901 homines
2537 3847 2713 3915 justas
2760 3846 2992 3899 tentatio
3029 3844 3406 3899 tribulationis
3458 3843 3560 3914 (Id.

1914 3954 2089 4005 xxvn,
2121 3938 2197 4004 6),
2231 3935 2516 3998 Quoniam
2541 3951 2676 4005 ergo
2707 3950 2863 4004 quem
2884 3934 3070 4000 diligit
3100 3933 3263 3997 Dous,
3290 3934 3562 4002 corripit;

1916 4029 1965 4081 et
1994 4026 2244 4096 ﬂagellat
2277 4039 2490 4077 omnem
2519 4024 2698 4092 ﬁlium
2728 4037 2887 4092 quem
2920 4022 3115 4090 recipit
3146 4020 3327 4091 (Hebr.
3349 4021 3563 4089 xu,6);

1920 4108 2071 4162 sicut
2104 4106 2244 4160 dicit
2274 4104 2604 4176 Apostolus.
2627 4105 2869 4159 Scientes
2883 4104 3141 4174 quoniam
3163 4101 3445 4155 tribulatio
3462 4117 3565 4172 pa-

1894 2149 2121 2205 CAPUT
2162 2150 2437 2205 XXIII.-—
2461 2150 2758 2276 Cherubitm
2785 2160 2838 2276 let
2853 2153 3076 2222 framea
3106 2150 3385 2207 versatilis
3416 2153 3549 2223 quid

2614 2238 2682 2276 no
2711 2239 2779 2276 en
2812 2263 2822 2276 .

2614 2231 2822 2277 notent.

1964 2330 2053 2383 35.
2088 2330 2281 2385 Posuit
2307 2333 2499 2385 autem
2529 2330 2667 2383 Deus
2690 2329 2986 2385 Cherubim
3015 2338 3065 2385 et
3092 2331 3404 2400 ﬂammeam
3422 2334 3539 2402 fra-

1893 2435 2079 2475 meam
2109 2434 2234 2490 quae
2260 2427 2536 2489 versatur,
2562 2436 2689 2489 quae
2723 2435 2832 2474 uno
2859 2418 3094 2475 nomine
3116 2420 3410 2475 versatilis
3432 2420 3545 2476 dici

1896 2514 2106 2581 potest,
2139 2510 2211 2564 ad
2239 2508 2655 2565 custodiendam
2683 2511 2830 2563 viam
2860 2509 3071 2564 arboris
3098 2512 3243 2565 vitae.
3271 2509 3435 2564 Sicut
3464 2509 3547 2564 illi

1896 2598 2098 2654 volunt
2120 2599 2220 2670 qui
2254 2599 2481 2653 hebrzea
2514 2598 2687 2654 verba
2718 2598 2774 2652 in
2828 2598 3146 2670 Scripturis
3183 2597 3550 2669 interpretati

1896 2688 2375 2755 sunt,Cherubim
2390 2687 2569 2743 latine
2581 2686 2844 2743 Scientite
2860 2686 3159 2757 plenitudo
3173 2704 3299 2742 esse
3312 2687 3547 2742 dicitur.

1897 2775 2195 2831 Flammea
2225 2792 2357 2830 vero
2383 2776 2603 2831 framea
2633 2773 2943 2843 versatilis,
2982 2774 3335 2845 temporales
3367 2791 3548 2847 pcenaa

1897 2863 2329 2936 intelliguntur,
2366 2863 2645 2935 quoniam
2690 2868 2956 2934 tempora
3007 2862 3371 2918 volubilitate
3420 2879 3549 2918 ver-

221 3090 332 3142 Ecce
352 3087 524 3142 Adam
555 3086 751 3159 factus
772 3094 851 3141 est
880 3095 1142 3156 tanquam
1208 3102 1351 3141 unus
1400 3102 1469 3140 ea:
1504 3087 1664 3141 nobis
1724 3086 1794 3141 ad

169 3175 419 3229 scientiam
431 3175 805 3246 cognoscendi
835 3174 1031 3228 bonum
1050 3180 1099 3229 cl
1121 3175 1495 3238 malum.Quae
1518 3175 1796 3247 ambigua

172 3262 355 3320 locutio
389 3264 650 3337 ﬁguram
686 3263 854 3318 facit:
881 3281 1039 3327 nam,
1061 3266 1237 3334 factus
1265 3269 1345 3319 est
1365 3273 1631 3335 tanquam
1654 3282 1795 3321 unus

172 3367 225 3404 ex
239 3354 394 3423 nobis,
417 3352 745 3426 dupliciter
763 3352 1007 3425 intelligi
1032 3358 1251 3423 potest:
1272 3353 1358 3408 vel
1382 3370 1526 3407 unus
1544 3370 1613 3409 ex
1641 3355 1797 3408 nobis

176 3441 314 3511 quasi
346 3442 911 3514 etipseDeus,quod
941 3441 1190 3512 pertinet
1207 3442 1275 3495 ad
1317 3441 1795 3509 insultationem;

175 3531 303 3585 sicut
329 3532 571 3599 dicitur,
612 3548 767 3586 unus
787 3548 855 3585 ex
885 3531 1277 3596 senatoribus,
1303 3531 1505 3603 utique
1530 3537 1795 3587 senator:

173 3627 252 3675 aut
282 3623 613 3693 certe,quia
635 3620 829 3691 etipse
852 3620 995 3675 deus
1026 3624 1196 3685 esset,
1218 3621 1486 3692 quamvis
1518 3620 1802 3676 Creatoris

174 3712 246 3765 sui
273 3712 703 3779 beneficio,non
735 3710 1017 3774 natura,si
1041 3711 1149 3764 sub
1183 3712 1311 3780 ejus
1342 3715 1627 3781 potestate
1675 3727 1803 3765 ma-

179 3816 289 3855 nere
315 3800 719 3870 voluisset,sic
750 3800 971 3855 dictum
987 3805 1174 3867 est,ex
1194 3802 1379 3861 nobis;
1404 3801 1695 3871 quomodo
1719 3799 1805 3854 di-

179 3890 319 3957 citur,
348 3910 415 3947 ex
444 3890 802 3947 consulibus
830 3916 843 3957 ;
876 3894 993 3959 aut,
1031 3907 1131 3962 pro
1164 3890 1525 3958 consulibus,
1560 3890 1659 3961 qui
1680 3891 1807 3961 jam

179 3996 272 4033 non
294 3986 393 4036 est.
423 3981 541 4036 Sed
584 3979 652 4034 ad
690 3995 863 4050 quam
890 3995 1009 4033 rem
1032 3980 1218 4035 factus
1240 3986 1326 4034 est
1349 3984 1629 4050 tanquam
1658 3995 1811 4033 unus

177 4084 231 4122 ex
256 4071 458 4126 nobis?
492 4070 583 4123 Ad
605 4068 907 4123 scientiam
943 4068 1164 4123 scilicet
1184 4068 1566 4139 dignoscendi
1602 4068 1813 4124 bonist

180 4159 315 4225 mali,
340 4163 399 4215 ut
430 4160 550 4215 iste
578 4175 680 4229 per
708 4157 1169 4227 experimentum
1194 4156 1443 4212 disceret
1472 4158 1609 4211 dum
1632 4158 1815 4213 sentit

184 4248 578 4322 malum,quod
611 4248 764 4302 Deus
784 4263 883 4318 per
899 4245 1243 4317 sapientiam
1269 4246 1428 4301 novit
1448 4265 1460 4314 ;
1477 4250 1533 4301 et
1556 4251 1815 4318 potesta-

182 4344 276 4394 tem
300 4338 453 4393 illam
485 4336 930 4407 Omnipotentis
955 4353 1130 4407 quam
1150 4338 1267 4407 pati
1291 4335 1479 4392 noluit
1502 4336 1706 4392 beatus
1728 4340 1814 4392 at-

181 4443 275 4497 que
291 4427 691 4495 consentiens,
717 4442 887 4496 pcena
907 4442 1015 4479 sua
1037 4425 1221 4480 discat
1244 4441 1373 4481 esse
1392 4425 1812 4481 inevitabilem.

239 4517 317 4571 34.
348 4520 409 4573 Et
432 4523 572 4572 tunc
588 4533 657 4570 ne
676 4516 988 4585 porrigeret
1007 4514 1185 4569 Adam
1203 4532 1432 4570 manum
1453 4531 1611 4569 suam
1634 4516 1702 4569 ad
1723 4531 1816 4569 ar-

184 4606 341 4662 borem
371 4610 519 4677 vita,
542 4613 599 4661 et
626 4605 833 4659 viveret
852 4607 909 4657 in
940 4613 1227 4669 aeternum,
1251 4604 1465 4659 dimisit
1496 4604 1661 4658 illum
1680 4604 1819 4657 Deus

184 4694 237 4750 de
261 4698 533 4767 paradiso.
572 4697 720 4750 Bene
741 4694 965 4748 dictum
986 4699 1093 4757 est,
1115 4692 1348 4757 dimisit,
1373 4710 1511 4762 non,
1535 4692 1817 4759 exclusit;

185 4788 238 4839 ut
263 4786 382 4858 ipso
407 4789 783 4857 peccatorum
817 4800 1057 4838 suorum
1085 4783 1340 4854 pondere
1360 4787 1642 4852 tanquam
1661 4780 1819 4835 inlo-

186 4890 300 4930 cum
330 4875 441 4931 sibi
474 4890 808 4946 congruum
844 4873 1137 4927 videretur
1170 4871 1381 4943 urgeri.
1406 4872 1562 4937 Quod
1598 4870 1823 4941 patitur

184 4963 511 5037 plerumque
526 4962 722 5019 malus
735 4962 912 5017 homo
930 4978 1063 5016 cum
1082 4961 1233 5015 inter
1246 4962 1428 5016 bonos
1439 4960 1627 5016 vivere
1645 4976 1825 5032 coepe-

184 5055 317 5120 rit,si
339 5072 400 5109 se
423 5056 483 5109 in
513 5052 724 5109 melius
742 5055 1105 5107 commutare
1128 5050 1407 5105 noluerit:
1433 5066 1501 5104 ex
1519 5049 1620 5103 illa
1637 5049 1821 5104 bono-

189 5159 299 5197 rum
314 5140 1051 5215 congregatione,pondcre
1065 5139 1229 5193 mala:
1247 5157 1362 5193 sua:
1381 5138 1825 5194 consuetudinis

193 5232 443 5301 pellitur;
470 5231 625 5287 etilli
660 5247 795 5285 eum
818 5246 933 5283 non
960 5228 1281 5283 excludunt
1311 5227 1825 5293 reluctantem,sed

192 5318 480 5375 dimittunt
506 5318 1027 5391 cupientem.Quod
1047 5322 1240 5373 autem
1264 5316 1483 5371 dictum
1504 5317 1693 5385 est,Nc
1709 5332 1831 5386 por-

192 5410 369 5479 rigeret
386 5410 561 5465 Adam
576 5427 805 5463 manum
831 5424 989 5462 suam
1010 5407 1077 5461 ad
1095 5407 1344 5461 arborem
1360 5406 1684 5474 vitce,etiam
1710 5406 1830 5461 haec

197 5498 686 5570 ambigualocutio
704 5500 812 5552 est.
846 5497 1167 5568 Loquimur
1187 5495 1341 5550 enim
1386 5496 1489 5559 sic,
1517 5512 1650 5549 cum
1688 5493 1830 5548 dici—

194 5602 329 5653 mus,
362 5587 497 5644 ideo
520 5593 574 5644 te
605 5602 839 5651 moneo,
874 5601 944 5640 ne
975 5584 1189 5640 iterum
1222 5583 1401 5639 facias
1434 5584 1589 5655 quod
1616 5583 1829 5651 fecisti,
2008 5616 2017 5645 ι
2048 5614 2194 5667 LO“,
2216 5607 2601 5670 plenitudinem
2632 5618 2738 5670 em
2767 5602 3013 5670 ερξεηφξ,
3042 5602 3093 5648 ει
3110 5602 3353 5670 ﬂammea
3388 5604 3590 5670 [ναηιεα

195 5676 438 5733 volentes
471 5677 667 5750 utique
700 5680 765 5730 ut
799 5692 911 5729 non
948 5676 1117 5729 facint
1150 5692 1161 5728 :
1198 5679 1253 5727 et
1287 5674 1496 5727 iterum
1543 5671 1644 5735 sic,
1702 5673 1831 5725 ldeo
1939 5679 2062 5721 (rus-ri
2087 5662 2487 5750 ινιιίν·ἰ.’ςίρ¹‹ςιὶείιιι
2514 5662 3254 5750 :m‘liquiorcspditinnkf's:pisi
3279 5662 3591 5750 qqocl‘op'ilit":

1718 5761 1789 5794 ος,
1814 5724 1829 5790 ξ
1942 5736 2313 5785 ιιγηίμιςεικδθά
2338 5736 2453 5794 ipsa
2484 5724 2742 5794 orationis
2760 5730 2922 5794 series
2946 5727 3135 5789 prohat
3161 5724 3445 5794 legendum
3468 5736 3587 5772 cum

202 5769 245 5862 ξε
528 5786 592 5823 ne
617 5768 767 5825 rem
790 5765 874 5822 sis
898 5766 1107 5835 bonus.
1126 5764 1382 5820 volentes
1407 5764 1607 5862 suique
1634 5766 1697 5815 ut
1718 5764 1831 5829 sit:
1940 5764 2093 5857 iis;
2114 5764 3445 5862 usitatas;;::;;Ia:;r;aaaza,;;rasas

202 5853 255 5910 id
280 5860 387 5933 est,
416 5872 619 5917 moneo
650 5859 732 5931 te,
766 5871 884 5915 non
926 5855 1246 5928 desperans
1277 5852 1433 5927 quod
1476 5852 1666 5909 bonus
1698 5866 1837 5923 pos~
1944 5852 2131 5915 lodire'.

1920 4196 2194 4263 tientiam,
2254 4197 2535 4264 operatur,
2594 4192 2875 4262 patientia
2941 4191 3126 4243 autem
3181 4187 3566 4259 probationem

1921 4286 2094 4354 (Rom.
2119 4301 2173 4353 v,
2198 4283 2251 4350 3,
2288 4283 2361 4353 4),
2401 4286 2458 4337 et
2493 4280 2745 4352 legimus
2779 4284 2834 4335 et
2878 4277 3176 4346 audimus,
3219 4282 3276 4334 et
3322 4278 3566 4333 creden-

1921 4378 2057 4432 dum
2102 4380 2192 4431 est
2230 4375 2495 4430 arborem
2544 4374 2699 4439 vitae,
2746 4370 3173 4443 plenitudinem
3215 4369 3470 4426 scientiae
3510 4375 3568 4426 et

1922 4470 2255 4525 ﬂammeam
2276 4468 2554 4522 frameam
2593 4464 2938 4520 custodire‘.
2974 4463 3154 4517 Nemo
3202 4478 3337 4535 ergo
3378 4466 3569 4534 potest

1923 4556 2305 4629 perveniread
2326 4553 2759 4618 arboremvitze,
2779 4551 2892 4606 nisi
2912 4566 3014 4622 per
3043 4550 3151 4605 has
3182 4550 3349 4617 duas,
3381 4547 3434 4603 id
3480 4552 3570 4603 est

1926 4662 2026 4717 per
2047 4642 2416 4699 tolerantiam
2442 4640 2866 4706 molestiarum,
2900 4644 2957 4693 et
3012 4638 3266 4693 scientiae
3312 4636 3568 4706 plenitu-

1927 4734 2145 4788 dinem.

1994 4822 2082 4877 36.
2106 4822 2215 4876 Sed
2247 4818 2553 4875 tolerantia
2584 4816 2986 4871 molestiarum
3023 4813 3300 4870 omnibus
3349 4813 3467 4870 fere
3512 4812 3573 4868 in

1928 4913 2034 4967 hac
2079 4912 2195 4967 vita
2225 4908 2532 4963 subeunda
2562 4911 2669 4974 est,
2728 4903 3109 4960 tendentibus
3172 4904 3243 4957 ad
3306 4904 3575 4959 arborem

1922 5003 2080 5057 vitae:
2120 4998 2417 5071 plenitudo
2465 4998 2662 5049 autem
2694 4993 2952 5049 scientiae
2998 4992 3233 5049 videtur
3282 4991 3578 5064 pauciori-

1930 5092 2042 5146 bus
2075 5086 2409 5160 provenire;
2434 5091 2496 5139 ut
2526 5084 2695 5155 quasi
2727 5100 2842 5137 non
2873 5098 3078 5137 omnes
3101 5080 3203 5153 qui
3234 5080 3580 5152 perveniunt

1932 5182 2002 5235 ad
2026 5179 2289 5233 arborem
2313 5174 2570 5244 vitae,per
2593 5172 2848 5229 scientia:
2874 5170 3299 5243 plenitudinem
3316 5170 3575 5238 veniant,

1933 5268 2201 5341 quamvis
2232 5283 2436 5322 omnes
2468 5266 2842 5323 tolerantiam
2894 5263 3321 5328 molestiarum,
3382 5262 3439 5316 id
3488 5264 3583 5317 est

1936 5363 2267 5415 ﬂammeam
2301 5360 2581 5412 frameam
2613 5356 2970 5417 versatitcm,
2994 5351 3270 5407 sentiant.
3301 5350 3411 5405 Sed
3432 5350 3477 5406 si
3494 5355 3579 5406 at-

1935 5451 2209 5506 tendatur
2238 5448 2390 5518 quod
2440 5444 2759 5518 Apostolus
2826 5443 2990 5509 dicit,
3051 5440 3355 5494 Plenitudo
3401 5444 3582 5495 autem
