4006 6180
238 381 331 439 241

241 512 441 583 quintus.
472 506 576 561 Hic
600 509 913 577 postquam
946 505 1109 569 dixit,
1142 507 1205 560 Et
1231 508 1310 561 sic
1334 509 1542 576 factum
1569 509 1667 568 est,
1728 521 1841 559 non

237 594 644 654 subdiditsicuti
663 594 809 649 solet
825 593 1672 666 exsecutionem,quasi1terum
1692 593 1843 647 facta

236 688 361 751 sint;
390 686 499 753 jam
530 683 687 738 enim
718 683 989 754 superius
1018 682 1239 737 dictum
1272 688 1413 737 erat.
1452 686 1565 737 Nec
1588 698 1656 736 ea
1678 682 1847 735 bene-

232 774 601 843 dictione,quae
627 772 697 827 ad
730 772 1085 842 gignendam
1110 770 1328 841 prolem
1365 771 1631 841 pertinet,
1653 768 1848 840 aliqua

233 879 354 918 nova
380 867 585 915 natura
614 860 1038 925 fabricabatur;
1074 861 1175 913 sed
1201 876 1327 931 quae
1360 860 1511 913 facta
1540 863 1706 913 erant
1748 874 1849 928 per

227 949 1169 1014 successionem,conservabantur.
1194 948 1261 1001 Et
1290 947 1418 1001 ideo
1450 963 1556 1001 nec
1589 946 1733 1000 illud
1766 945 1847 999 di-

228 1044 360 1094 ctum
389 1043 489 1101 est,
515 1038 583 1091 Et
602 1036 747 1090 vidit
779 1041 927 1091 Deus
959 1036 1098 1107 quia
1133 1036 1465 1090 bonumest
1493 1051 1505 1089 :
1531 1037 1654 1104 jam
1689 1034 1846 1087 enim

226 1144 302 1183 res
329 1127 446 1198 ipsa
474 1125 792 1197 placuerat,
827 1141 953 1195 qua:
997 1129 1224 1178 tantum
1280 1124 1568 1179 servanda
1617 1126 1740 1177 erat
1788 1123 1847 1174 in

225 1217 431 1272 fetibus.
468 1214 621 1269 Nihil
646 1214 740 1268 hic
784 1213 980 1283 itaque
1004 1213 1312 1283 repetitum
1359 1216 1469 1277 est,
1521 1211 1635 1265 nisi
1694 1211 1848 1281 quod

228 1305 310 1368 ait,
343 1306 399 1359 Et
424 1306 637 1372 factum
666 1309 747 1357 est
776 1304 855 1355 sic
870 1321 891 1354 .·
914 1301 1230 1372 statimque
1264 1302 1590 1371 subjectum
1621 1301 1690 1354 de
1720 1316 1850 1354 ves-

226 1409 342 1463 pera
373 1397 420 1444 et
446 1407 650 1444 mane:
686 1390 902 1460 quibus
955 1390 1296 1455 nominatis,
1339 1394 1634 1443 transacta
1677 1406 1852 1457 opera

225 1482 283 1535 de
310 1480 536 1534 informi
571 1478 813 1532 materia
842 1483 898 1532 et
928 1479 1118 1548 specie
1143 1494 1269 1548 qua:
1304 1477 1648 1548 imponitur,
1668 1477 1851 1547 signi-

222 1569 361 1624 ﬁcari
390 1568 616 1622 dictum
648 1570 755 1621 est.
788 1566 912 1621 Nisi
958 1567 1103 1620 forte
1135 1566 1356 1636 aliquid
1417 1564 1628 1620 melius
1677 1570 1852 1635 atque

223 1656 519 1713 sublimius
549 1656 802 1709 occurrit
827 1655 1243 1721 quaerentibus.

277 1755 357 1809 53.
388 1756 452 1808 Et
481 1755 632 1808 dixit
664 1756 823 1822 Deus,
854 1752 1053 1823 Ejiciat
1081 1758 1235 1807 terra
1265 1754 1509 1806 animam
1539 1754 1723 1806 vivam
1768 1768 1849 1807 se-

221 1844 431 1899 cundum
450 1860 613 1898 suum
636 1858 807 1910 genus
822 1859 843 1903 ;
864 1841 1306 1913 quadrupedum,
1338 1849 1391 1895 et
1418 1842 1780 1911 serpentium,
1802 1849 1853 1895 et

225 1934 516 1987 bestiarum
547 1935 714 1986 terrae
734 1930 1026 1985 secundum
1044 1946 1235 1999 genus,
1261 1934 1312 1983 et
1340 1945 1537 1996 pecora
1552 1928 1853 1982 secundum

221 2037 385 2089 genus.
412 2023 477 2075 Et
511 2027 715 2086 factum
746 2021 937 2073 estsic.
967 2018 1106 2072 Cum
1132 2018 1352 2071 dictum
1378 2016 1552 2070 fuerit
1581 2019 1849 2081 animam,

223 2126 312 2163 cur
338 2110 607 2163 additum
633 2109 710 2161 sit
737 2109 949 2171 vivam;
981 2106 1186 2176 etquid
1216 2106 1294 2160 sit
1320 2106 1621 2160 secundum
1653 2120 1849 2174 genus:

220 2202 267 2251 et
285 2198 348 2251 de
369 2196 546 2251 solita
576 2195 949 2250 conclusione
972 2211 1090 2265 qua
1119 2194 1407 2261 dicitur,et
1427 2195 1635 2261 factum
1661 2194 1847 2259 estsic,

220 2285 349 2340 sicut
380 2286 667 2355 superius
690 2288 1003 2337 tractatum
1028 2288 1134 2348 est,
1170 2282 1595 2337 consideranda
1624 2288 1679 2336 et
1708 2281 1852 2335 acci-

218 2374 408 2444 pienda
434 2376 748 2428 sunt.Cum
772 2378 966 2426 autem
991 2371 1045 2425 in
1069 2371 1253 2425 latina
1274 2370 1475 2441 lingua
1494 2370 1733 2424 nomine
1754 2371 1851 2424 be-

219 2463 440 2517 stiarum
473 2478 655 2516 omne
685 2460 1018 2515 irrationale
1049 2460 1264 2514 animal
1291 2460 1639 2529 generaliter
1668 2460 1849 2529 signi-

216 2552 427 2615 ficetur;
461 2551 562 2604 hic
606 2554 801 2603 tamen
849 2548 1276 2619 distinguendae
1310 2554 1450 2601 sunt
1491 2547 1736 2617 species,
1788 2552 1853 2601 ut

220 2640 349 2709 quad
360 2639 608 2710 ropedes
624 2636 981 2708 accipiamus
996 2637 1192 2691 omnia
1209 2638 1273 2707 ju
1286 2643 1506 2704 menta;
1531 2643 1851 2707 serpentes,

218 2729 397 2783 omnia
426 2728 697 2797 repentis.
722 2744 735 2793 ;
762 2726 981 2780 bestias
1006 2725 1089 2780 vel
1106 2726 1491 2793 feras,omnia
1517 2727 1852 2797 quadrupe-

219 2817 301 2871 dia
331 2816 658 2871 indomita:
693 2831 899 2886 pecora
924 2831 1076 2884 vero,
1111 2815 1517 2885 quadrupedis
1578 2831 1707 2884 quae
1738 2832 1852 2869 non

221 2905 496 2976 operando
520 2904 827 2973 adjuvant,
861 2904 958 2957 sed
984 2904 1125 2957 dant
1156 2902 1410 2973 aliquem
1445 2904 1698 2957 fructum
1722 2920 1856 2972 pas-

220 2994 489 3047 cautibus.

281 3088 506 3144 CAPUT
538 3087 679 3142 XVI.
706 3088 877 3141 -54,
914 3090 977 3142 Et
1004 3089 1136 3158 fecit
1169 3089 1304 3142 Deus
1337 3088 1536 3142 bestias
1559 3097 1716 3143 terra:
1768 3104 1855 3142 se-

219 3178 440 3233 cundum
469 3193 665 3246 genus,
690 3181 741 3230 et
757 3193 962 3247 pecora
994 3175 1295 3232 secundum
1326 3194 1514 3247 genus,
1569 3188 1618 3231 ει
1666 3179 1857 3233 omnia

218 3268 472 3337 serpentia
500 3269 674 3321 terrae
688 3265 984 3319 secundum
999 3281 1194 3337 genus.
1215 3265 1341 3320 Haec
1356 3266 1582 3320 iteratio
1597 3269 1748 3336 quod
1765 3267 1853 3320 di-

218 3360 363 3408 ctum
393 3358 501 3419 est,
528 3357 599 3409 Et
626 3355 759 3423 fecit
789 3358 954 3418 Deus,
985 3369 1117 3408 cum
1150 3354 1276 3423 jam
1308 3354 1528 3407 dictum
1571 3359 1747 3418 esset,
1792 3357 1855 3410 Et

216 3445 407 3511 factum
434 3445 515 3497 esl
543 3444 627 3496 sic
644 3458 665 3503 ;
698 3443 1020 3497 secundum
1054 3442 1413 3512 superiorem
1438 3442 1700 3513 regulam
1718 3460 1853 3499 con-

218 3531 509 3586 sideretur.
543 3531 694 3585 Sane
718 3530 809 3585 hic
839 3547 1113 3601 pecorum
1138 3531 1374 3585 nomine
1396 3531 1593 3585 omnia
1616 3536 1755 3602 puto
1780 3533 1855 3587 si-

218 3619 477 3690 gniﬁcata
506 3635 642 3674 esse
673 3619 1079 3690 quadrupedis
1109 3636 1235 3690 quae
1259 3621 1520 3674 subcura
1551 3620 1859 3675 hominum

218 3708 421 3763 vivunt.
452 3710 517 3764 Et
549 3708 691 3763 vidit
712 3709 851 3762 Deus
870 3709 1001 3779 quia
1017 3709 1217 3763 bonum
1235 3712 1344 3763 est:
1376 3708 1543 3763 solite
1576 3709 1862 3780 accipien-

222 3797 371 3854 dum.

280 3896 363 3948 55.
398 3899 466 3950 Et
495 3895 628 3949 dixi
656 3897 815 3960 Deus,
849 3895 1149 3949 Faciamus
1169 3894 1444 3949 hominem
1476 3895 1545 3949 ad
1566 3897 1862 3966 imaginem

218 3986 262 4034 et
309 3983 739 4037 similitudinem
772 3992 1040 4038 nostram.
1096 3984 1163 4037 Et
1208 3984 1301 4037 hic
1346 3985 1863 4041 animadvertenda

220 4072 469 4139 quedam
488 4076 548 4126 et
560 4071 981 4141 conjunctio,et
997 4072 1270 4127 discretio
1294 4073 1859 4129 animantium.Nam

220 4160 407 4213 eodem
443 4161 541 4215 die
560 4161 780 4214 factum
803 4160 1098 4214 hominem
1127 4161 1288 4225 dicit,
1313 4178 1427 4231 quo
1456 4161 1695 4216 bestias.
1717 4164 1863 4217 Sunt

217 4247 357 4302 enim
372 4249 560 4303 simul
579 4250 779 4303 omnia
802 4255 1031 4304 terrena
1051 4249 1409 4315 animantia;
1433 4255 1488 4304 et
1514 4255 1708 4304 tamen
1726 4269 1859 4322 pro-

218 4340 334 4404 pter
352 4337 764 4392 excellentiam
784 4338 1046 4403 rationis,
1070 4340 1391 4393 secundum
1412 4355 1588 4409 quam
1612 4340 1683 4393 ad
1715 4340 1860 4393 ima-

218 4423 399 4493 ginem
429 4425 535 4480 Dei
569 4431 626 4480 et
648 4425 1094 4481 similitudinem
1128 4426 1379 4480 efﬁcitur
1402 4427 1599 4495 homo,
1633 4444 1863 4497 separa-

217 4511 311 4567 tim
343 4514 414 4567 de
446 4514 552 4569 illo
586 4514 823 4584 dicitur,
874 4512 1186 4585 postquam
1236 4515 1305 4569 de
1346 4515 1567 4570 caeteris
1616 4517 1862 4571 terrenis

218 4600 615 4658 animantibus
647 4604 817 4658 solite
835 4604 1178 4659 conclusum
1210 4610 1320 4672 est,
1363 4604 1629 4669 dicendo,
1682 4608 1742 4659 Et
1772 4607 1862 4659 vi-

218 4690 290 4744 dit
317 4693 455 4747 Deus
486 4694 625 4764 quia
658 4694 860 4746 bonum
888 4702 988 4746 est.

280 4790 365 4846 56.
400 4791 911 4847 Considerandum
954 4790 1122 4844 etiam
1159 4789 1323 4855 illud,
1353 4791 1504 4861 quod
1552 4791 1607 4845 in
1641 4792 1862 4846 caeteris

219 4893 325 4932 non
352 4879 501 4933 dixit
522 4880 699 4942 Deus,
731 4879 1051 4939 Faciamus;
1085 4884 1149 4932 ut
1180 4879 1289 4932 hoc
1311 4886 1542 4950 qudque
1574 4880 1744 4934 modo
1765 4896 1861 4933 vo-

220 4961 384 5019 luerit
418 4966 678 5038 Spiritus
714 4971 954 5021 sanctus
996 4966 1264 5020 humanae
1302 4972 1522 5020 naturae
1563 4966 1862 5022 insinuare

220 5057 637 5122 praestantiam.
663 5055 973 5109 Cuiautem
1001 5054 1385 5108 nuncdictum
1412 5062 1520 5119 est,
1554 5058 1859 5124 Faciamus,

221 5140 322 5194 nisi
354 5144 447 5196 cui
470 5143 850 5197 dicebaturin
875 5144 1118 5212 caeteris,
1148 5144 1321 5198 Fiat?
1346 5143 1553 5197 Omnia
1586 5146 1737 5198 enim
1762 5163 1863 5216 per

218 5229 401 5299 ipsum
456 5233 613 5285 facta
666 5238 825 5293 sunt,
868 5238 923 5285 et
954 5232 1080 5285 sine
1124 5232 1250 5301 ipso
1307 5232 1516 5286 factum
1570 5239 1659 5286 est
1717 5234 1859 5287 nihil

220 5317 385 5383 (Joan.
410 5336 450 5383 1,
482 5319 566 5388 3).
597 5318 707 5372 Sed
733 5317 867 5387 quid
904 5323 1184 5389 putamus
1225 5319 1390 5373 aliter
1440 5320 1661 5374 dictum
1711 5338 1858 5388 esse,

221 5405 349 5474 Fiat,
384 5406 500 5461 nisi
535 5415 597 5460 ul
628 5408 751 5478 ipse
778 5408 987 5462 laceret
1007 5408 1181 5477 jussu
1208 5408 1395 5462 Patris
1422 5426 1434 5475 ;
1460 5413 1515 5462 et
1541 5408 1728 5475 aliter,
1760 5412 1863 5464 Fa-

225 5497 447 5566 ciamus,
483 5496 684 5551 nisiut
713 5497 885 5550 ambo
918 5497 1132 5567 pariter
1182 5496 1472 5550 facerent?
1528 5503 1613 5552 An
1665 5501 1863 5553 omnia

228 5595 342 5649 qua:
377 5583 518 5637 fecit
554 5584 734 5653 Pater,
765 5601 866 5655 per
890 5584 1074 5638 ﬁlium
1108 5584 1265 5653 facit,
1307 5588 1363 5638 et
1404 5584 1533 5640 ideo
1574 5603 1729 5641 nunc
1761 5590 1859 5641 Fa-

231 5671 427 5725 ciamus
448 5673 677 5726 dictum
707 5677 816 5741 est,
842 5676 907 5726 ut
952 5672 1064 5743 ipsi
1121 5672 1367 5746 homini,
1418 5679 1651 5745 propter
1689 5692 1863 5745 quem

235 5756 527 5831 Scriptura
562 5761 686 5831 ipsa
716 5761 868 5815 facta
885 5765 993 5826 est,
1025 5762 1105 5815 ita
1134 5762 1193 5815 in
1224 5762 1414 5833 seipso
1445 5764 1865 5819 demonstrare-

1480 372 1710 433 [ΑΒῧῆ
1757 372 2309 432 IMPERFECTUS
2326 417 2338 431 .

3483 372 3598 428 249

1958 509 2052 557 tur
2073 520 2140 557 ea
2170 521 2295 575 quas
2332 504 2506 561 Filius
2538 506 2764 561 dicente
2791 507 2958 561 Patre
2994 508 3147 573 facit,
3196 507 3372 561 etiam
3405 507 3601 577 ipsum

1958 592 2185 645 Patrem
2211 593 2429 659 facere;
2457 599 2521 647 ut
2548 595 2701 665 quod
2726 596 2782 648 in
2806 596 3025 649 caeteris
3048 595 3368 664 dicebatur,
3389 599 3531 666 Fiat,
3554 605 3604 651 et

1954 682 2165 750 factum
2185 688 2283 747 est,
2307 681 2401 735 hic
2424 688 2770 753 exponatur,
2797 700 2911 737 non
2935 684 3251 754 separatim
3274 683 3455 739 fuisse
3482 684 3602 740 dic-

1956 769 2173 823 tionem
2208 774 2263 823 et
2293 772 2609 841 separatim
2638 770 3020 837 elI'ectionem,
3055 773 3157 826 sed
3188 778 3500 843 utrumque
3533 774 3606 828 si-

1960 858 2103 921 mul,
2126 874 2260 912 cum
2293 858 2386 912 hic
2434 860 2966 928 dicitur,Faciamus
2986 860 3013 913 ‘?

2028 965 2115 1017 57.
2152 966 2215 1018 Et
2244 965 2389 1019 dixit
2422 967 2879 1033 Deus,Faciamus
2910 967 3184 1021 hominem
3204 968 3284 1022 ad
3303 968 3605 1035 imaginem

1958 1057 2009 1106 et
2026 1054 2463 1107 similitudinem
2490 1057 2969 1110 nostram.0mnis
2990 1057 3178 1127 imago
3213 1057 3426 1110 similis
3450 1064 3537 1112 est
3553 1060 3604 1113 ei

1958 1143 2128 1211 cujus
2159 1141 2352 1212 imago
2387 1149 2502 1210 est;
2541 1162 2643 1198 nec
2671 1150 2860 1198 tamen
2894 1162 3067 1198 omne
3099 1146 3251 1216 quod
3287 1146 3477 1200 simile
3520 1152 3608 1201 est

1961 1230 2155 1291 alicui,
2179 1230 2353 1285 etiam
2388 1232 2579 1302 imago
2611 1240 2699 1287 est
2729 1234 3056 1301 ejuszsicut
3082 1234 3139 1286 in
3173 1236 3410 1304 speculo
3438 1241 3493 1289 et
3517 1235 3608 1306 pi-

1961 1323 2145 1383 ctura,
2181 1317 2319 1386 quia
2350 1318 2635 1388 imagines
2664 1326 2821 1383 sunt,
2853 1320 3028 1373 etiam
3062 1320 3287 1374 similes
3320 1326 3487 1389 sunt;
3522 1328 3605 1377 ta-

1964 1421 2095 1458 men
2120 1406 2169 1459 si
2202 1404 2348 1460 alter
2378 1424 2445 1461 ex
2478 1407 2660 1461 altero
2694 1413 2868 1461 natus
2903 1425 3017 1461 non
3039 1414 3146 1474 est,
3175 1409 3370 1463 nullus
3402 1426 3604 1464 eorum

1966 1494 2155 1564 imago
2179 1494 2416 1549 alterius
2451 1496 2560 1549 dici
2580 1496 2993 1566 potest.Imago
3008 1498 3163 1550 enim
3188 1502 3327 1551 tunc
3358 1504 3605 1566 est,cum

1961 1582 2031 1635 de
2061 1582 2256 1652 aliquo
2288 1584 2651 1653 exprimitur.
2684 1585 2798 1637 Cur
2827 1601 2982 1654 ergo,
3010 1600 3141 1637 cum
3176 1585 3397 1639 dictum
3429 1593 3606 1651 esset,

1962 1670 2029 1723 ad
2062 1672 2389 1740 imaginem,
2418 1673 2683 1725 additum
2719 1676 2892 1735 est,et
2921 1673 3353 1728 similitudinem
3380 1700 3393 1739 ;
3435 1676 3605 1744 quasi

1962 1760 2148 1828 possit
2178 1775 2304 1813 esse
2324 1761 2514 1830 imago
2538 1760 2883 1815 dissimilis?
2912 1760 3216 1815 Sufficeret
3232 1778 3366 1832 ergo
3380 1764 3447 1816 ad
3466 1764 3603 1816 ima-

1959 1848 2139 1917 ginem
2166 1848 2374 1901 dicere.
2398 1852 2479 1901 An
2515 1848 2669 1902 aliud
2688 1854 2777 1903 est
2806 1848 3019 1914 simile,
3054 1834 3212 1903 aliud
3247 1850 3603 1917 similitudo;

1963 1936 2114 1989 sicut
2146 1936 2302 1989 aliud
2337 1941 2423 1989 est
2456 1943 2671 2003 castus,
2707 1937 2863 1991 aliud
2899 1939 3173 2005 castitas;
3208 1937 3366 1992 aliud
3422 1939 3607 2003 fortis,

1963 2023 2438 2089 aliudfortitudo;
2472 2031 2534 2079 ut
2556 2027 3054 2095 quemadmodum
3071 2043 3450 2098 quaecumque
3470 2032 3610 2081 sunt

1962 2113 2154 2183 fortia,
2187 2113 2527 2168 fortitudine
2562 2116 2701 2169 sunt
2732 2115 2901 2169 fortia
2932 2133 2946 2181 ;
2976 2120 3032 2169 et
3060 2132 3441 2187 quaecumque
3472 2121 3612 2171 sunt

1911 2217 1920 2228 '
1962 2207 2145 2267 casta,
2179 2204 2442 2256 castitate
2475 2207 2613 2256 sunt
2634 2207 2822 2258 casta:
2858 2203 2939 2257 ita
2960 2220 3338 2274 quzecumque
3370 2211 3508 2259 sunt
3538 2206 3611 2260 si-

1962 2290 2143 2359 milia,
2176 2291 2561 2345 similitudine
2589 2292 2707 2345 sint
2736 2292 2986 2345 similia?
3018 2293 3139 2346 Non
3186 2300 3379 2347 autem
3416 2294 3606 2365 imago

1962 2384 2159 2432 nostra
2190 2379 2331 2432 satis
2364 2380 2595 2450 preprie
2625 2380 2840 2434 dicitur
2869 2380 3192 2433 similitudo
3229 2387 3425 2435 nostra
3455 2399 3604 2447 esse,

1962 2485 2094 2522 cum
2125 2474 2319 2521 tamen
2352 2468 2581 2538 proprie
2612 2469 2840 2523 dicatur
2882 2469 3095 2523 similis
3144 2471 3311 2524 nobis
3348 2488 3505 2525 esse:
3544 2476 3606 2525 ut

1962 2556 2043 2610 ibi
2066 2556 2142 2608 sit
2173 2572 2239 2610 ea
2268 2556 2614 2619 similitudo,
2647 2574 2763 2627 qua
2785 2558 3002 2611 similia
3044 2565 3181 2611 sunt
3222 2575 3605 2631 quaecumque

1966 2645 2316 2707 similia,ubi
2340 2650 2426 2699 est
2457 2652 2509 2699 et
2538 2647 2928 2715 castitas,qua
2950 2651 3111 2700 casta
3142 2653 3282 2700 sunt
3314 2664 3607 2717 quaecum-

1966 2751 2079 2804 que
2106 2739 2243 2787 sunt
2275 2738 2454 2789 casta.
2496 2735 2741 2788 Castitas
2782 2738 2977 2787 autem
3039 2734 3258 2788 nullius
3291 2737 3609 2805 participa-

1965 2824 2123 2877 tione
2155 2828 2314 2876 casta
2344 2830 2452 2891 est,
2485 2823 2584 2876 sed
2619 2824 2746 2892 ejus
2795 2823 3234 2893 participatione
3264 2829 3403 2878 sunt
3451 2829 3613 2879 casta

1967 2928 2351 2983 quascumque
2385 2917 2545 2966 casta
2564 2916 2722 2966 sunt.
2749 2914 2882 2976 Quae
2907 2912 3107 2982 utique
3138 2913 3194 2965 in
3228 2917 3339 2967 Deo
3371 2918 3477 2979 est,
3511 2914 3610 2967 ubi

1967 3006 2053 3055 est
2084 3000 2253 3055 etiam
2290 3000 2388 3055 illa
2417 3001 2726 3071 sapientia,
2760 3018 2886 3071 quas
2920 3018 3033 3054 non
3086 3002 3489 3072 participando
3526 3019 3611 3057 sa-

1968 3091 2130 3160 piens
2144 3094 2249 3155 est,
2286 3090 2384 3143 sed
2401 3091 2571 3160 cujus
2588 3089 3036 3160 participatione
3050 3091 3284 3159 sapiens
3306 3094 3397 3145 est
3414 3091 3613 3146 anima

1968 3195 2350 3249 quaecumque
2383 3179 2618 3249 sapiens
2648 3183 2755 3232 est.
2791 3180 3153 3249 Quapropter
3201 3179 3375 3233 etiam
3409 3180 3612 3233 simili-

1966 3267 2105 3321 tudo
2136 3266 2257 3336 Dei,
2293 3283 2393 3337 per
2414 3283 2591 3337 quam
2626 3266 2772 3320 facta
2796 3272 2933 3320 sunt
2959 3267 3178 3333 omnia,
3213 3267 3443 3338 proprie
3466 3269 3612 3322 dici-

1966 3360 2063 3408 tur
2088 3354 2450 3421 similitudo;
2484 3354 2619 3422 quia
2652 3371 2763 3408 non
2790 3354 3231 3425 participatione
3263 3355 3511 3425 alicujus
3534 3356 3610 3411 si-

1970 3441 2257 3496 militudis
2290 3440 2502 3495 similis
2524 3446 2632 3509 est,
2666 3443 2762 3495 sed
2790 3442 2917 3511 ipsa
2941 3447 3029 3495 est
3051 3440 3241 3512 prima
3264 3441 3613 3509 similitudo,

1970 3531 2139 3599 cujus
2170 3528 2611 3600 participatione
2642 3528 2860 3584 similia
2890 3535 3048 3598 sunt,
3084 3546 3466 3601 quascumque
3514 3548 3616 3602 per

1970 3618 2130 3673 illam
2168 3618 2303 3672 fecit
2330 3618 2503 3672 Deus.

2040 3716 2127 3770 58.
2155 3715 2447 3786 Expositio
2468 3731 2603 3787 ergo
2640 3716 2885 3769 fortasse
2915 3718 3022 3781 est,
3058 3716 3210 3785 quod
3244 3717 3509 3771 additum
3527 3721 3617 3772 est

1972 3806 2047 3861 ad
2076 3804 2523 3868 similitudinem,
2545 3821 2675 3858 cum
2710 3804 2827 3873 jam
2860 3804 3079 3858 dictum
3111 3808 3285 3871 esset,
3313 3805 3384 3859 ad
3415 3807 3612 3873 imagi-

1970 3911 2127 3953 nem;
2152 3899 2214 3946 ut
2245 3892 2651 3946 ostenderetur
2679 3908 2804 3945 eam
2840 3909 2966 3962 quae
2990 3892 3181 3964 imago
3203 3893 3359 3947 dicta
3383 3899 3609 3959 est,non

1973 3985 2052 4038 ita
2066 3981 2316 4036 similem
2332 3997 2458 4033 esse
2474 3980 2783 4049 Deo,quasi
2798 3979 3046 4049 alicujus
3066 3980 3471 4035 similitudinis
3486 3999 3614 4051 par-

1970 4068 2438 4142 ticipantem,sed
2452 4068 2600 4121 hanc
2622 4066 2810 4137 ipsam
2826 4084 2953 4122 esse
2966 4068 3616 4139 similitudinem,cujus

1972 4159 2388 4231 participarent
2407 4155 2604 4210 omnia
2618 4172 2747 4226 quae
2768 4155 3043 4210 dicuntur
3064 4172 3191 4211 esse
3213 4156 3618 4213 similia.Sicut

1971 4249 2100 4319 ipsa
2121 4254 2209 4300 est
2240 4251 2295 4300 et
2324 4244 2582 4309 castitas,
2619 4245 2789 4314 cujus
2812 4244 3257 4315 participatione
3276 4252 3446 4301 castae
3478 4251 3618 4300 sunt

1972 4337 2179 4391 animos
2205 4353 2217 4392 :
2253 4338 2309 4389 et
2340 4332 2644 4403 sapientia,
2665 4334 2833 4402 cujus
2856 4333 3303 4404 participatione
3324 4336 3617 4405 sapientes

1971 4425 2331 4481 suntanimae
2349 4448 2363 4489 ;
2381 4428 2438 4477 et
2455 4421 3023 4493 pulchritudo,cujus
3038 4422 3480 4493 participatione
3496 4423 3621 4493 pul-

1973 4516 2113 4570 chra
2128 4518 2267 4569 sunt
2289 4527 2674 4584 quascumque
2696 4510 2939 4581 pulchra
2967 4511 3191 4565 sunt.Si
3212 4512 3367 4565 enim
3384 4516 3616 4565 tantum

1972 4602 2423 4658 similitudinem
2454 4600 2691 4665 diceret,
2719 4616 2831 4653 non
2865 4600 3223 4669 signiﬁcaret
3243 4600 3315 4653 ab
3338 4600 3465 4669 ipso
3489 4616 3617 4655 esse

1973 4693 2230 4766 genitam
2258 4708 2270 4743 :
2306 4690 2354 4743 si
2380 4692 2572 4743 autem
2596 4689 3002 4741 tantummodo
3030 4687 3345 4757 imaginem
3378 4687 3616 4754 diceret,

1973 4780 2326 4853 significaret
2353 4779 2423 4832 ab
2448 4778 2572 4848 ipso
2595 4776 2831 4847 quidem
2862 4775 3254 4846 genitam,sed
3289 4791 3403 4829 non
3436 4776 3619 4846 signi-

1974 4871 2171 4924 ficaret
2204 4869 2281 4921 ita
2313 4866 2587 4931 similem,
2612 4870 2671 4919 ut
2703 4881 2817 4917 non
2844 4868 3075 4918 tantum
3096 4862 3333 4929 similis,
3367 4865 3467 4919 sed
3491 4863 3618 4935 ipsa

1973 4957 2298 5012 similitudo
2329 4960 2500 5009 esset.
2538 4953 2607 5007 Ut
2633 4966 2825 5007 autem
2852 4952 2996 5005 nihil
3030 4952 3249 5007 castius
3282 4953 3410 5023 ipsa
3442 4954 3615 5007 casti-

1974 5052 2110 5109 tate,
2145 5050 2200 5099 et
2225 5043 2366 5097 nihil
2392 5042 2709 5113 sapientius
2744 5041 2871 5110 ipsa
2902 5042 3210 5111 sapientia,
3244 5051 3294 5095 et
3328 5041 3473 5095 nihil
3498 5040 3617 5112 pul-

1973 5134 2172 5189 chrius
2194 5133 2323 5203 ipsa
2346 5130 2808 5201 pulchritudine;
2834 5130 2913 5183 ita
2945 5129 3087 5183 nihil
3114 5130 3514 5199 similiusipsa
3537 5130 3614 5182 si-

1975 5222 2306 5277 militudine
2339 5217 2962 5287 dici,autcogitari,aut
2991 5235 3118 5273 esse
3140 5220 3375 5271 omnino
3405 5223 3610 5288 potest.

1972 5311 2133 5366 Unde
2163 5308 2507 5379 intelligitur
2538 5308 2618 5360 ita
2647 5307 2800 5360 Patri
2833 5323 2961 5360 esse
2992 5305 3245 5360 similem
3277 5306 3613 5361 similitudi-

1974 5417 2104 5455 nem
2138 5416 2329 5465 suam,
2355 5402 2418 5451 ut
2447 5397 2573 5468 ejus
2605 5403 2872 5450 naturam
2919 5394 3260 5466 plenissime
3307 5396 3612 5466 perfectis-

1972 5490 2235 5557 simeque
2258 5486 2517 5557 impleat.

2040 5587 2128 5639 59.
2154 5588 2446 5650 Quantum
2480 5588 2673 5638 autem
2707 5582 2777 5637 ad
2810 5582 3062 5652 speciem
3097 5583 3270 5637 rebus
3309 5582 3612 5654 imponen-

1973 5676 2107 5729 dam
2125 5673 2312 5729 valeat
2342 5674 2437 5727 Dei
2472 5671 2816 5739 similitudo,
2842 5687 2943 5741 per
2960 5688 3134 5740 quam
3160 5673 3308 5725 facta
3336 5676 3475 5726 sunt
3496 5688 3614 5725 om-

1973 5764 2092 5831 nia,
2125 5777 2465 5835 quanquam
2496 5760 2783 5815 humanas
2798 5759 3177 5830 cogitationes
3215 5759 3497 5815 altissime
3518 5776 3612 5813 su-
