  <div class='ocr_page' id='page_1' title='image "/cluster/home/n/w/nwhite01/storage/ocr_20150623/34/hvd.32044096580576/127.png"; bbox 0 0 4006 6180; ppageno 0'>
   <div class='ocr_carea' id='block_1_1' title="bbox 416 354 537 412">
    <p class='ocr_par' dir='ltr' id='par_1_1' title="bbox 416 354 537 412">
     <span class='ocr_line' id='line_1_1' title="bbox 416 354 537 412; baseline 0.008 -1"><span class='ocrx_word' id='word_1_1' title='bbox 416 354 537 412; x_wconf 73' lang='lat'>243</span> 
     </span>
    </p>
   </div>
   <div class='ocr_carea' id='block_1_2' title="bbox 415 482 2072 559">
    <p class='ocr_par' dir='ltr' id='par_1_2' title="bbox 415 482 2072 559">
     <span class='ocr_line' id='line_1_2' title="bbox 415 482 2072 559; baseline -0.003 -18"><span class='ocrx_word' id='word_1_2' title='bbox 415 490 602 557; x_wconf 88' lang='lat' dir='ltr'>peret,</span> <span class='ocrx_word' id='word_1_3' title='bbox 634 485 768 541; x_wconf 92' lang='lat' dir='ltr'>licet</span> <span class='ocrx_word' id='word_1_4' title='bbox 796 490 992 541; x_wconf 91' lang='lat' dir='ltr'>tamen</span> <span class='ocrx_word' id='word_1_5' title='bbox 1014 492 1331 559; x_wconf 82' lang='lat' dir='ltr'>utcumque</span> <span class='ocrx_word' id='word_1_6' title='bbox 1362 487 1665 555; x_wconf 88' lang='lat' dir='ltr'>arbitrari;</span> <span class='ocrx_word' id='word_1_7' title='bbox 1714 484 1765 540; x_wconf 90' lang='lat' dir='ltr'>si</span> <span class='ocrx_word' id='word_1_8' title='bbox 1809 482 2072 539; x_wconf 83' lang='lat' dir='ltr'>conside-</span> 
     </span>
    </p>
   </div>
   <div class='ocr_carea' id='block_1_3' title="bbox 412 572 2064 648">
    <p class='ocr_par' dir='ltr' id='par_1_3' title="bbox 412 572 2064 648">
     <span class='ocr_line' id='line_1_3' title="bbox 412 572 2064 648; baseline -0.003 -19"><span class='ocrx_word' id='word_1_9' title='bbox 412 591 612 629; x_wconf 86' lang='lat' dir='ltr'>remus</span> <span class='ocrx_word' id='word_1_10' title='bbox 643 590 876 629; x_wconf 90' lang='lat' dir='ltr'>omnem</span> <span class='ocrx_word' id='word_1_11' title='bbox 910 577 1329 642; x_wconf 87' lang='lat' dir='ltr'>naturam,sive</span> <span class='ocrx_word' id='word_1_12' title='bbox 1361 594 1489 648; x_wconf 71' lang='lat' dir='ltr'>quae</span> <span class='ocrx_word' id='word_1_13' title='bbox 1520 572 2064 635; x_wconf 77' lang='lat' dir='ltr'>sentientibus.sive</span> 
     </span>
    </p>
   </div>
   <div class='ocr_carea' id='block_1_4' title="bbox 400 654 2066 734">
    <p class='ocr_par' dir='ltr' id='par_1_4' title="bbox 400 654 2066 734">
     <span class='ocr_line' id='line_1_4' title="bbox 400 654 2066 734; baseline -0.002 -16"><span class='ocrx_word' id='word_1_14' title='bbox 400 654 543 734; x_wconf 83' lang='lat' dir='ltr'>quae</span> <span class='ocrx_word' id='word_1_15' title='bbox 565 664 1049 719; x_wconf 86' lang='lat' dir='ltr'>ratiocinantibus</span> <span class='ocrx_word' id='word_1_16' title='bbox 1080 666 1657 731; x_wconf 86' lang='lat' dir='ltr'>occurrit,similibus</span> <span class='ocrx_word' id='word_1_17' title='bbox 1678 664 1829 718; x_wconf 73' lang='lat' dir='ltr'>inter</span> <span class='ocrx_word' id='word_1_18' title='bbox 1850 677 1912 716; x_wconf 89' lang='lat' dir='ltr'>se</span> <span class='ocrx_word' id='word_1_19' title='bbox 1934 676 2066 731; x_wconf 88' lang='lat' dir='ltr'>par-</span> 
     </span>
    </p>
   </div>
   <div class='ocr_carea' id='block_1_5' title="bbox 412 748 2069 825">
    <p class='ocr_par' dir='ltr' id='par_1_5' title="bbox 412 748 2069 825">
     <span class='ocr_line' id='line_1_5' title="bbox 412 748 2069 825; baseline -0.002 -19"><span class='ocrx_word' id='word_1_20' title='bbox 412 752 570 807; x_wconf 84' lang='lat' dir='ltr'>tibus</span> <span class='ocrx_word' id='word_1_21' title='bbox 600 768 829 807; x_wconf 87' lang='lat' dir='ltr'>servare</span> <span class='ocrx_word' id='word_1_22' title='bbox 855 754 1135 808; x_wconf 73' lang='lat' dir='ltr'>unitatis‘</span> <span class='ocrx_word' id='word_1_23' title='bbox 1177 755 1450 825; x_wconf 77' lang='lat' dir='ltr'>efﬁgiem.</span> <span class='ocrx_word' id='word_1_24' title='bbox 1485 755 1631 809; x_wconf 89' lang='lat' dir='ltr'>Nam</span> <span class='ocrx_word' id='word_1_25' title='bbox 1664 771 1733 808; x_wconf 82' lang='lat' dir='ltr'>ex</span> <span class='ocrx_word' id='word_1_26' title='bbox 1776 748 2069 822; x_wconf 86' lang='lat' dir='ltr'>sapientia</span> 
     </span>
    </p>
   </div>
   <div class='ocr_carea' id='block_1_6' title="bbox 412 838 2065 910">
    <p class='ocr_par' dir='ltr' id='par_1_6' title="bbox 412 838 2065 910">
     <span class='ocr_line' id='line_1_6' title="bbox 412 838 2065 910; baseline 0 -17"><span class='ocrx_word' id='word_1_27' title='bbox 412 840 513 894; x_wconf 86' lang='lat' dir='ltr'>Dei</span> <span class='ocrx_word' id='word_1_28' title='bbox 544 841 837 910; x_wconf 76' lang='lat' dir='ltr'>sapientes</span> <span class='ocrx_word' id='word_1_29' title='bbox 855 846 1136 896; x_wconf 85' lang='lat' dir='ltr'>vocantur</span> <span class='ocrx_word' id='word_1_30' title='bbox 1157 843 1365 897; x_wconf 63' lang='lat' dir='ltr'>animm</span> <span class='ocrx_word' id='word_1_31' title='bbox 1390 841 1788 907; x_wconf 83' lang='lat' dir='ltr'>rationales,et</span> <span class='ocrx_word' id='word_1_32' title='bbox 1820 838 2065 894; x_wconf 87' lang='lat' dir='ltr'>ulterius</span> 
     </span>
    </p>
   </div>
   <div class='ocr_carea' id='block_1_7' title="bbox 417 928 2064 1011">
    <p class='ocr_par' dir='ltr' id='par_1_7' title="bbox 417 928 2064 1011">
     <span class='ocr_line' id='line_1_7' title="bbox 417 928 2064 1011; baseline 0.001 -29"><span class='ocrx_word' id='word_1_33' title='bbox 417 928 522 984; x_wconf 92' lang='lat' dir='ltr'>hoc</span> <span class='ocrx_word' id='word_1_34' title='bbox 558 946 769 984; x_wconf 87' lang='lat' dir='ltr'>nomen</span> <span class='ocrx_word' id='word_1_35' title='bbox 802 947 917 984; x_wconf 88' lang='lat' dir='ltr'>non</span> <span class='ocrx_word' id='word_1_36' title='bbox 937 931 1255 1002; x_wconf 80' lang='lat' dir='ltr'>porrigitur</span> <span class='ocrx_word' id='word_1_37' title='bbox 1279 950 1291 987; x_wconf 91' lang='lat'><strong>:</strong></span> <span class='ocrx_word' id='word_1_38' title='bbox 1328 950 1464 987; x_wconf 89' lang='lat' dir='ltr'>nam</span> <span class='ocrx_word' id='word_1_39' title='bbox 1487 930 1819 1011; x_wconf 28' lang='lat' dir='ltr'>neque&#39;ulla</span> <span class='ocrx_word' id='word_1_40' title='bbox 1839 944 2064 1001; x_wconf 81' lang='lat' dir='ltr'>pecora,</span> 
     </span>
    </p>
   </div>
   <div class='ocr_carea' id='block_1_8' title="bbox 416 1008 2065 1095">
    <p class='ocr_par' dir='ltr' id='par_1_8' title="bbox 416 1008 2065 1095">
     <span class='ocr_line' id='line_1_8' title="bbox 416 1008 2065 1095; baseline -0.001 -24"><span class='ocrx_word' id='word_1_41' title='bbox 416 1021 473 1071; x_wconf 93' lang='lat' dir='ltr'>et</span> <span class='ocrx_word' id='word_1_42' title='bbox 492 1010 689 1072; x_wconf 85' lang='lat' dir='ltr'>&#39;multo</span> <span class='ocrx_word' id='word_1_43' title='bbox 714 1008 911 1072; x_wconf 90' lang='lat' dir='ltr'>minus</span> <span class='ocrx_word' id='word_1_44' title='bbox 941 1020 1198 1090; x_wconf 84' lang='lat' dir='ltr'>arbores,</span> <span class='ocrx_word' id='word_1_45' title='bbox 1234 1026 1336 1075; x_wconf 90' lang='lat' dir='ltr'>aut</span> <span class='ocrx_word' id='word_1_46' title='bbox 1358 1021 1577 1092; x_wconf 84' lang='lat' dir='ltr'>ignem,</span> <span class='ocrx_word' id='word_1_47' title='bbox 1609 1008 1697 1075; x_wconf 87' lang='lat' dir='ltr'>vel</span> <span class='ocrx_word' id='word_1_48' title='bbox 1729 1034 1943 1095; x_wconf 73' lang='lat' dir='ltr'>aerem,</span> <span class='ocrx_word' id='word_1_49' title='bbox 1978 1016 2065 1072; x_wconf 88' lang='lat' dir='ltr'>vel</span> 
     </span>
    </p>
   </div>
   <div class='ocr_carea' id='block_1_9' title="bbox 416 1098 2063 1179">
    <p class='ocr_par' dir='ltr' id='par_1_9' title="bbox 416 1098 2063 1179">
     <span class='ocr_line' id='line_1_9' title="bbox 416 1098 2063 1179; baseline -0.001 -19"><span class='ocrx_word' id='word_1_50' title='bbox 416 1122 653 1176; x_wconf 90' lang='lat' dir='ltr'>aquam,</span> <span class='ocrx_word' id='word_1_51' title='bbox 680 1098 769 1161; x_wconf 89' lang='lat' dir='ltr'>vel</span> <span class='ocrx_word' id='word_1_52' title='bbox 813 1110 1027 1161; x_wconf 88' lang='lat' dir='ltr'>terram</span> <span class='ocrx_word' id='word_1_53' title='bbox 1088 1109 1416 1179; x_wconf 91' lang='lat' dir='ltr'>sapientam</span> <span class='ocrx_word' id='word_1_54' title='bbox 1478 1123 1795 1179; x_wconf 83' lang='lat' dir='ltr'>possumus</span> <span class='ocrx_word' id='word_1_55' title='bbox 1854 1106 2063 1174; x_wconf 83' lang='lat' dir='ltr'>dicere,</span> 
     </span>
    </p>
   </div>
   <div class='ocr_carea' id='block_1_10' title="bbox 414 1196 2062 1275">
    <p class='ocr_par' dir='ltr' id='par_1_10' title="bbox 414 1196 2062 1275">
     <span class='ocr_line' id='line_1_10' title="bbox 414 1196 2062 1275; baseline 0 -27"><span class='ocrx_word' id='word_1_56' title='bbox 414 1212 753 1266; x_wconf 83' lang='lat' dir='ltr'>quanquam</span> <span class='ocrx_word' id='word_1_57' title='bbox 787 1206 887 1266; x_wconf 75' lang='lat' dir='ltr'>per</span> <span class='ocrx_word' id='word_1_58' title='bbox 918 1196 1105 1266; x_wconf 82' lang='lat' dir='ltr'>ipsam</span> <span class='ocrx_word' id='word_1_59' title='bbox 1159 1198 1256 1251; x_wconf 90' lang='lat' dir='ltr'><strong>Dei</strong></span> <span class='ocrx_word' id='word_1_60' title='bbox 1315 1198 1662 1269; x_wconf 81' lang='lat' dir='ltr'>sapientiam</span> <span class='ocrx_word' id='word_1_61' title='bbox 1713 1197 1832 1251; x_wconf 88' lang='lat' dir='ltr'>sint</span> <span class='ocrx_word' id='word_1_62' title='bbox 1887 1196 2062 1275; x_wconf 86' lang='lat' dir='ltr'>etiam</span> 
     </span>
    </p>
   </div>
   <div class='ocr_carea' id='block_1_11' title="bbox 412 1280 2064 1355">
    <p class='ocr_par' dir='ltr' id='par_1_11' title="bbox 412 1280 2064 1355">
     <span class='ocr_line' id='line_1_11' title="bbox 412 1280 2064 1355; baseline 0.002 -19"><span class='ocrx_word' id='word_1_63' title='bbox 412 1284 609 1337; x_wconf 86' lang='lat' dir='ltr'>omnia</span> <span class='ocrx_word' id='word_1_64' title='bbox 639 1280 757 1337; x_wconf 71' lang='lat' dir='ltr'>haec</span> <span class='ocrx_word' id='word_1_65' title='bbox 788 1282 846 1338; x_wconf 87' lang='lat' dir='ltr'>in</span> <span class='ocrx_word' id='word_1_66' title='bbox 882 1291 1169 1355; x_wconf 89' lang='lat' dir='ltr'>quantum</span> <span class='ocrx_word' id='word_1_67' title='bbox 1207 1292 1363 1342; x_wconf 89' lang='lat' dir='ltr'>sunt.</span> <span class='ocrx_word' id='word_1_68' title='bbox 1387 1291 1461 1341; x_wconf 85' lang='lat' dir='ltr'>At</span> <span class='ocrx_word' id='word_1_69' title='bbox 1491 1304 1623 1341; x_wconf 87' lang='lat' dir='ltr'>vero</span> <span class='ocrx_word' id='word_1_70' title='bbox 1657 1285 1881 1341; x_wconf 90' lang='lat' dir='ltr'>similes</span> <span class='ocrx_word' id='word_1_71' title='bbox 1913 1285 2064 1340; x_wconf 89' lang='lat' dir='ltr'>inter</span> 
     </span>
    </p>
   </div>
   <div class='ocr_carea' id='block_1_12' title="bbox 410 1372 2061 1443">
    <p class='ocr_par' dir='ltr' id='par_1_12' title="bbox 410 1372 2061 1443">
     <span class='ocr_line' id='line_1_12' title="bbox 410 1372 2061 1443; baseline 0.001 -16"><span class='ocrx_word' id='word_1_72' title='bbox 410 1390 473 1427; x_wconf 91' lang='lat' dir='ltr'>se</span> <span class='ocrx_word' id='word_1_73' title='bbox 502 1378 557 1425; x_wconf 93' lang='lat' dir='ltr'>et</span> <span class='ocrx_word' id='word_1_74' title='bbox 589 1372 811 1443; x_wconf 87' lang='lat' dir='ltr'>lapides</span> <span class='ocrx_word' id='word_1_75' title='bbox 840 1373 1113 1441; x_wconf 88' lang='lat' dir='ltr'>dicimus,</span> <span class='ocrx_word' id='word_1_76' title='bbox 1140 1381 1197 1429; x_wconf 88' lang='lat' dir='ltr'>et</span> <span class='ocrx_word' id='word_1_77' title='bbox 1228 1376 1527 1443; x_wconf 83' lang='lat' dir='ltr'>animalia,</span> <span class='ocrx_word' id='word_1_78' title='bbox 1574 1382 1629 1432; x_wconf 92' lang='lat' dir='ltr'>et</span> <span class='ocrx_word' id='word_1_79' title='bbox 1662 1376 1953 1440; x_wconf 87' lang='lat' dir='ltr'>homines,</span> <span class='ocrx_word' id='word_1_80' title='bbox 2004 1380 2061 1430; x_wconf 91' lang='lat' dir='ltr'>et</span> 
     </span>
    </p>
   </div>
   <div class='ocr_carea' id='block_1_13' title="bbox 407 1460 2061 1535">
    <p class='ocr_par' dir='ltr' id='par_1_13' title="bbox 407 1460 2061 1535">
     <span class='ocr_line' id='line_1_13' title="bbox 407 1460 2061 1535; baseline 0.003 -21"><span class='ocrx_word' id='word_1_81' title='bbox 407 1460 678 1533; x_wconf 86' lang='lat' dir='ltr'>Angelos.</span> <span class='ocrx_word' id='word_1_82' title='bbox 703 1460 833 1516; x_wconf 89' lang='lat' dir='ltr'>Jam</span> <span class='ocrx_word' id='word_1_83' title='bbox 858 1479 988 1517; x_wconf 90' lang='lat' dir='ltr'>vero</span> <span class='ocrx_word' id='word_1_84' title='bbox 1020 1464 1080 1516; x_wconf 92' lang='lat' dir='ltr'>in</span> <span class='ocrx_word' id='word_1_85' title='bbox 1106 1464 1357 1535; x_wconf 79' lang='lat' dir='ltr'>singulis</span> <span class='ocrx_word' id='word_1_86' title='bbox 1389 1468 1585 1531; x_wconf 87' lang='lat' dir='ltr'>rebus,</span> <span class='ocrx_word' id='word_1_87' title='bbox 1619 1470 1675 1521; x_wconf 91' lang='lat' dir='ltr'>et</span> <span class='ocrx_word' id='word_1_88' title='bbox 1704 1471 1941 1531; x_wconf 89' lang='lat' dir='ltr'>terram,</span> <span class='ocrx_word' id='word_1_89' title='bbox 1997 1481 2061 1519; x_wconf 91' lang='lat' dir='ltr'>eo</span> 
     </span>
    </p>
   </div>
   <div class='ocr_carea' id='block_1_14' title="bbox 408 1549 2064 1626">
    <p class='ocr_par' dir='ltr' id='par_1_14' title="bbox 408 1549 2064 1626">
     <span class='ocr_line' id='line_1_14' title="bbox 408 1549 2064 1626; baseline 0.004 -23"><span class='ocrx_word' id='word_1_90' title='bbox 408 1549 563 1620; x_wconf 91' lang='lat' dir='ltr'>quod</span> <span class='ocrx_word' id='word_1_91' title='bbox 589 1549 815 1605; x_wconf 88' lang='lat' dir='ltr'>similes</span> <span class='ocrx_word' id='word_1_92' title='bbox 856 1551 1009 1605; x_wconf 91' lang='lat' dir='ltr'>inter</span> <span class='ocrx_word' id='word_1_93' title='bbox 1049 1569 1111 1607; x_wconf 90' lang='lat' dir='ltr'>se</span> <span class='ocrx_word' id='word_1_94' title='bbox 1150 1553 1361 1609; x_wconf 91' lang='lat' dir='ltr'>haheat</span> <span class='ocrx_word' id='word_1_95' title='bbox 1389 1560 1587 1626; x_wconf 87' lang='lat' dir='ltr'>partes</span> <span class='ocrx_word' id='word_1_96' title='bbox 1634 1572 1788 1618; x_wconf 88' lang='lat' dir='ltr'>suas,</span> <span class='ocrx_word' id='word_1_97' title='bbox 1826 1554 1948 1608; x_wconf 86' lang='lat' dir='ltr'>iieri</span> <span class='ocrx_word' id='word_1_98' title='bbox 1999 1557 2064 1609; x_wconf 85' lang='lat' dir='ltr'>ut</span> 
     </span>
    </p>
   </div>
   <div class='ocr_carea' id='block_1_15' title="bbox 405 1632 2057 1714">
    <p class='ocr_par' dir='ltr' id='par_1_15' title="bbox 405 1632 2057 1714">
     <span class='ocr_line' id='line_1_15' title="bbox 405 1632 2057 1714; baseline 0.003 -22"><span class='ocrx_word' id='word_1_99' title='bbox 405 1634 561 1694; x_wconf 82' lang='lat' dir='ltr'>terra</span> <span class='ocrx_word' id='word_1_100' title='bbox 580 1638 687 1706; x_wconf 88' lang='lat' dir='ltr'><strong>sit;</strong></span> <span class='ocrx_word' id='word_1_101' title='bbox 721 1644 777 1695; x_wconf 89' lang='lat' dir='ltr'>et</span> <span class='ocrx_word' id='word_1_102' title='bbox 808 1656 1021 1710; x_wconf 90' lang='lat' dir='ltr'>aquam</span> <span class='ocrx_word' id='word_1_103' title='bbox 1048 1641 1309 1713; x_wconf 90' lang='lat' dir='ltr'>qualibet</span> <span class='ocrx_word' id='word_1_104' title='bbox 1333 1660 1564 1714; x_wconf 89' lang='lat' dir='ltr'>quoque</span> <span class='ocrx_word' id='word_1_105' title='bbox 1596 1649 1758 1714; x_wconf 90' lang='lat' dir='ltr'>parte</span> <span class='ocrx_word' id='word_1_106' title='bbox 1807 1632 2057 1698; x_wconf 89' lang='lat' dir='ltr'>similem</span> 
     </span>
    </p>
   </div>
   <div class='ocr_carea' id='block_1_16' title="bbox 405 1729 2057 1804">
    <p class='ocr_par' dir='ltr' id='par_1_16' title="bbox 405 1729 2057 1804">
     <span class='ocr_line' id='line_1_16' title="bbox 405 1729 2057 1804; baseline 0.002 -21"><span class='ocrx_word' id='word_1_107' title='bbox 405 1744 534 1783; x_wconf 90' lang='lat' dir='ltr'>esse</span> <span class='ocrx_word' id='word_1_108' title='bbox 562 1729 785 1783; x_wconf 81' lang='lat' dir='ltr'>caeteris</span> <span class='ocrx_word' id='word_1_109' title='bbox 814 1730 1100 1799; x_wconf 91' lang='lat' dir='ltr'>partibus,</span> <span class='ocrx_word' id='word_1_110' title='bbox 1138 1747 1243 1786; x_wconf 90' lang='lat' dir='ltr'>nec</span> <span class='ocrx_word' id='word_1_111' title='bbox 1296 1732 1467 1787; x_wconf 92' lang='lat' dir='ltr'>aliter</span> <span class='ocrx_word' id='word_1_112' title='bbox 1514 1749 1729 1804; x_wconf 88' lang='lat' dir='ltr'>aquam</span> <span class='ocrx_word' id='word_1_113' title='bbox 1769 1749 1901 1788; x_wconf 90' lang='lat' dir='ltr'>esse</span> <span class='ocrx_word' id='word_1_114' title='bbox 1960 1749 2057 1803; x_wconf 90' lang='lat' dir='ltr'>po-</span> 
     </span>
    </p>
   </div>
   <div class='ocr_carea' id='block_1_17' title="bbox 407 1816 2058 1889">
    <p class='ocr_par' dir='ltr' id='par_1_17' title="bbox 407 1816 2058 1889">
     <span class='ocr_line' id='line_1_17' title="bbox 407 1816 2058 1889; baseline 0.003 -20"><span class='ocrx_word' id='word_1_115' title='bbox 407 1816 618 1883; x_wconf 83' lang='lat' dir='ltr'>tuisse;</span> <span class='ocrx_word' id='word_1_116' title='bbox 642 1820 699 1872; x_wconf 90' lang='lat' dir='ltr'>et</span> <span class='ocrx_word' id='word_1_117' title='bbox 729 1818 1185 1889; x_wconf 88' lang='lat' dir='ltr'>quamtumlibet</span> <span class='ocrx_word' id='word_1_118' title='bbox 1213 1821 1389 1888; x_wconf 89' lang='lat' dir='ltr'>aeris,</span> <span class='ocrx_word' id='word_1_119' title='bbox 1423 1821 1473 1875; x_wconf 92' lang='lat' dir='ltr'>si</span> <span class='ocrx_word' id='word_1_120' title='bbox 1519 1826 1724 1877; x_wconf 67' lang='lat' dir='ltr'>cmtero</span> <span class='ocrx_word' id='word_1_121' title='bbox 1756 1825 1909 1875; x_wconf 83' lang='lat' dir='ltr'>esset</span> <span class='ocrx_word' id='word_1_122' title='bbox 1942 1821 2058 1874; x_wconf 90' lang='lat' dir='ltr'>dis-</span> 
     </span>
    </p>
   </div>
   <div class='ocr_carea' id='block_1_18' title="bbox 406 1902 2061 1979">
    <p class='ocr_par' dir='ltr' id='par_1_18' title="bbox 406 1902 2061 1979">
     <span class='ocr_line' id='line_1_18' title="bbox 406 1902 2061 1979; baseline 0.004 -22"><span class='ocrx_word' id='word_1_123' title='bbox 406 1902 617 1970; x_wconf 88' lang='lat' dir='ltr'>simile,</span> <span class='ocrx_word' id='word_1_124' title='bbox 650 1904 811 1959; x_wconf 93' lang='lat' dir='ltr'>nullo</span> <span class='ocrx_word' id='word_1_125' title='bbox 844 1912 1013 1974; x_wconf 87' lang='lat' dir='ltr'>pacto</span> <span class='ocrx_word' id='word_1_126' title='bbox 1039 1923 1230 1961; x_wconf 90' lang='lat' dir='ltr'>aerem</span> <span class='ocrx_word' id='word_1_127' title='bbox 1278 1925 1407 1962; x_wconf 91' lang='lat' dir='ltr'>esse</span> <span class='ocrx_word' id='word_1_128' title='bbox 1466 1908 1763 1979; x_wconf 80' lang='lat' dir='ltr'>potuisse;</span> <span class='ocrx_word' id='word_1_129' title='bbox 1815 1914 1871 1964; x_wconf 94' lang='lat' dir='ltr'>et</span> <span class='ocrx_word' id='word_1_130' title='bbox 1908 1908 2061 1979; x_wconf 85' lang='lat' dir='ltr'>ignis</span> 
     </span>
    </p>
   </div>
   <div class='ocr_carea' id='block_1_19' title="bbox 406 1988 2065 2065">
    <p class='ocr_par' dir='ltr' id='par_1_19' title="bbox 406 1988 2065 2065">
     <span class='ocr_line' id='line_1_19' title="bbox 406 1988 2065 2065; baseline 0.004 -20"><span class='ocrx_word' id='word_1_131' title='bbox 406 1988 626 2047; x_wconf 90' lang='lat' dir='ltr'>lucisve</span> <span class='ocrx_word' id='word_1_132' title='bbox 655 1993 1025 2063; x_wconf 83' lang='lat' dir='ltr'>particulam,</span> <span class='ocrx_word' id='word_1_133' title='bbox 1052 2011 1118 2049; x_wconf 93' lang='lat' dir='ltr'>eo</span> <span class='ocrx_word' id='word_1_134' title='bbox 1147 1997 1302 2065; x_wconf 92' lang='lat' dir='ltr'>quod</span> <span class='ocrx_word' id='word_1_135' title='bbox 1336 2014 1450 2050; x_wconf 92' lang='lat' dir='ltr'>non</span> <span class='ocrx_word' id='word_1_136' title='bbox 1476 1997 1553 2050; x_wconf 91' lang='lat' dir='ltr'>sit</span> <span class='ocrx_word' id='word_1_137' title='bbox 1584 1997 1893 2052; x_wconf 89' lang='lat' dir='ltr'>dissimilis</span> <span class='ocrx_word' id='word_1_138' title='bbox 1938 1996 2065 2051; x_wconf 85' lang='lat' dir='ltr'>reli-</span> 
     </span>
    </p>
   </div>
   <div class='ocr_carea' id='block_1_20' title="bbox 409 2081 2063 2155">
    <p class='ocr_par' dir='ltr' id='par_1_20' title="bbox 409 2081 2063 2155">
     <span class='ocr_line' id='line_1_20' title="bbox 409 2081 2063 2155; baseline 0.004 -21"><span class='ocrx_word' id='word_1_139' title='bbox 409 2081 543 2151; x_wconf 90' lang='lat' dir='ltr'>quis</span> <span class='ocrx_word' id='word_1_140' title='bbox 575 2081 861 2151; x_wconf 85' lang='lat' dir='ltr'>partibus,</span> <span class='ocrx_word' id='word_1_141' title='bbox 899 2082 1022 2136; x_wconf 81' lang='lat' dir='ltr'>ﬁeri</span> <span class='ocrx_word' id='word_1_142' title='bbox 1057 2088 1119 2136; x_wconf 93' lang='lat' dir='ltr'>ut</span> <span class='ocrx_word' id='word_1_143' title='bbox 1152 2083 1228 2138; x_wconf 92' lang='lat' dir='ltr'>sit</span> <span class='ocrx_word' id='word_1_144' title='bbox 1259 2086 1411 2155; x_wconf 90' lang='lat' dir='ltr'>quod</span> <span class='ocrx_word' id='word_1_145' title='bbox 1457 2090 1547 2139; x_wconf 82' lang='lat' dir='ltr'>est</span> <span class='ocrx_word' id='word_1_146' title='bbox 1577 2087 1636 2138; x_wconf 67' lang='lat'>9:</span> <span class='ocrx_word' id='word_1_147' title='bbox 1672 2086 1751 2140; x_wconf 89' lang='lat' dir='ltr'>ita</span> <span class='ocrx_word' id='word_1_148' title='bbox 1802 2086 1873 2140; x_wconf 89' lang='lat' dir='ltr'>de</span> <span class='ocrx_word' id='word_1_149' title='bbox 1919 2103 2063 2141; x_wconf 90' lang='lat' dir='ltr'>uno-</span> 
     </span>
    </p>
   </div>
   <div class='ocr_carea' id='block_1_21' title="bbox 410 2169 2066 2245">
    <p class='ocr_par' dir='ltr' id='par_1_21' title="bbox 410 2169 2066 2245">
     <span class='ocr_line' id='line_1_21' title="bbox 410 2169 2066 2245; baseline 0.004 -22"><span class='ocrx_word' id='word_1_150' title='bbox 410 2186 642 2241; x_wconf 89' lang='lat' dir='ltr'>quoque</span> <span class='ocrx_word' id='word_1_151' title='bbox 676 2169 939 2240; x_wconf 89' lang='lat' dir='ltr'>lapidum</span> <span class='ocrx_word' id='word_1_152' title='bbox 963 2170 1046 2225; x_wconf 88' lang='lat' dir='ltr'>vel</span> <span class='ocrx_word' id='word_1_153' title='bbox 1073 2172 1351 2226; x_wconf 89' lang='lat' dir='ltr'>arborum</span> <span class='ocrx_word' id='word_1_154' title='bbox 1373 2172 1460 2228; x_wconf 87' lang='lat' dir='ltr'>vel</span> <span class='ocrx_word' id='word_1_155' title='bbox 1486 2190 1723 2244; x_wconf 90' lang='lat' dir='ltr'>corpore</span> <span class='ocrx_word' id='word_1_156' title='bbox 1749 2175 2066 2245; x_wconf 83' lang='lat' dir='ltr'>cujuslibet</span> 
     </span>
    </p>
   </div>
   <div class='ocr_carea' id='block_1_22' title="bbox 409 2258 2063 2333">
    <p class='ocr_par' dir='ltr' id='par_1_22' title="bbox 409 2258 2063 2333">
     <span class='ocr_line' id='line_1_22' title="bbox 409 2258 2063 2333; baseline 0.003 -20"><span class='ocrx_word' id='word_1_157' title='bbox 409 2258 728 2313; x_wconf 83' lang='lat' dir='ltr'>animantis</span> <span class='ocrx_word' id='word_1_158' title='bbox 753 2258 1007 2313; x_wconf 87' lang='lat' dir='ltr'>discerni</span> <span class='ocrx_word' id='word_1_159' title='bbox 1043 2266 1100 2313; x_wconf 91' lang='lat' dir='ltr'>et</span> <span class='ocrx_word' id='word_1_160' title='bbox 1131 2260 1376 2332; x_wconf 80' lang='lat' dir='ltr'>intelligi</span> <span class='ocrx_word' id='word_1_161' title='bbox 1410 2267 1619 2333; x_wconf 86' lang='lat' dir='ltr'>potest,</span> <span class='ocrx_word' id='word_1_162' title='bbox 1645 2265 1798 2333; x_wconf 90' lang='lat' dir='ltr'>quod</span> <span class='ocrx_word' id='word_1_163' title='bbox 1832 2280 1946 2317; x_wconf 92' lang='lat' dir='ltr'>non</span> <span class='ocrx_word' id='word_1_164' title='bbox 1979 2280 2063 2318; x_wconf 91' lang='lat' dir='ltr'>so-</span> 
     </span>
    </p>
   </div>
   <div class='ocr_carea' id='block_1_23' title="bbox 408 2342 2059 2421">
    <p class='ocr_par' dir='ltr' id='par_1_23' title="bbox 408 2342 2059 2421">
     <span class='ocr_line' id='line_1_23' title="bbox 408 2342 2059 2421; baseline 0.004 -22"><span class='ocrx_word' id='word_1_165' title='bbox 408 2342 532 2399; x_wconf 93' lang='lat' dir='ltr'>lum</span> <span class='ocrx_word' id='word_1_166' title='bbox 555 2363 689 2400; x_wconf 91' lang='lat' dir='ltr'>cum</span> <span class='ocrx_word' id='word_1_167' title='bbox 721 2345 850 2400; x_wconf 90' lang='lat' dir='ltr'>aliis</span> <span class='ocrx_word' id='word_1_168' title='bbox 884 2346 971 2401; x_wconf 90' lang='lat' dir='ltr'>sui</span> <span class='ocrx_word' id='word_1_169' title='bbox 1004 2349 1235 2418; x_wconf 87' lang='lat' dir='ltr'>generis</span> <span class='ocrx_word' id='word_1_170' title='bbox 1268 2350 1573 2416; x_wconf 90' lang='lat' dir='ltr'>rebus,scd</span> <span class='ocrx_word' id='word_1_171' title='bbox 1606 2350 1663 2404; x_wconf 88' lang='lat' dir='ltr'>in</span> <span class='ocrx_word' id='word_1_172' title='bbox 1700 2351 1911 2421; x_wconf 84' lang='lat' dir='ltr'>seipsis</span> <span class='ocrx_word' id='word_1_173' title='bbox 1940 2352 2059 2406; x_wconf 83' lang='lat' dir='ltr'>sin-</span> 
     </span>
    </p>
   </div>
   <div class='ocr_carea' id='block_1_24' title="bbox 406 2435 2061 2508">
    <p class='ocr_par' dir='ltr' id='par_1_24' title="bbox 406 2435 2061 2508">
     <span class='ocr_line' id='line_1_24' title="bbox 406 2435 2061 2508; baseline 0.004 -20"><span class='ocrx_word' id='word_1_174' title='bbox 406 2435 562 2507; x_wconf 84' lang='lat' dir='ltr'>gulis</span> <span class='ocrx_word' id='word_1_175' title='bbox 591 2452 704 2489; x_wconf 91' lang='lat' dir='ltr'>non</span> <span class='ocrx_word' id='word_1_176' title='bbox 745 2440 961 2503; x_wconf 88' lang='lat' dir='ltr'>essent,</span> <span class='ocrx_word' id='word_1_177' title='bbox 997 2436 1109 2491; x_wconf 90' lang='lat' dir='ltr'>nisi</span> <span class='ocrx_word' id='word_1_178' title='bbox 1132 2441 1325 2508; x_wconf 90' lang='lat' dir='ltr'>partes</span> <span class='ocrx_word' id='word_1_179' title='bbox 1356 2437 1509 2494; x_wconf 91' lang='lat' dir='ltr'>inter</span> <span class='ocrx_word' id='word_1_180' title='bbox 1538 2457 1598 2494; x_wconf 91' lang='lat' dir='ltr'>se</span> <span class='ocrx_word' id='word_1_181' title='bbox 1630 2439 1853 2495; x_wconf 91' lang='lat' dir='ltr'>similes</span> <span class='ocrx_word' id='word_1_182' title='bbox 1884 2440 2061 2495; x_wconf 90' lang='lat' dir='ltr'>habe-</span> 
     </span>
    </p>
   </div>
   <div class='ocr_carea' id='block_1_25' title="bbox 406 2524 2058 2599">
    <p class='ocr_par' dir='ltr' id='par_1_25' title="bbox 406 2524 2058 2599">
     <span class='ocr_line' id='line_1_25' title="bbox 406 2524 2058 2599; baseline 0.004 -22"><span class='ocrx_word' id='word_1_183' title='bbox 406 2528 553 2579; x_wconf 84' lang='lat' dir='ltr'>rent.</span> <span class='ocrx_word' id='word_1_184' title='bbox 586 2528 653 2577; x_wconf 85' lang='lat' dir='ltr'>Et</span> <span class='ocrx_word' id='word_1_185' title='bbox 683 2530 844 2579; x_wconf 90' lang='lat' dir='ltr'>tanto</span> <span class='ocrx_word' id='word_1_186' title='bbox 876 2529 964 2579; x_wconf 92' lang='lat' dir='ltr'>est</span> <span class='ocrx_word' id='word_1_187' title='bbox 984 2524 1290 2596; x_wconf 87' lang='lat' dir='ltr'>pulchrius</span> <span class='ocrx_word' id='word_1_188' title='bbox 1316 2543 1549 2597; x_wconf 88' lang='lat' dir='ltr'>corpus,</span> <span class='ocrx_word' id='word_1_189' title='bbox 1612 2534 1831 2599; x_wconf 90' lang='lat' dir='ltr'>quanto</span> <span class='ocrx_word' id='word_1_190' title='bbox 1889 2530 2058 2584; x_wconf 65' lang='lat' dir='ltr'>simia</span> 
     </span>
    </p>
   </div>
   <div class='ocr_carea' id='block_1_26' title="bbox 404 2610 2060 2689">
    <p class='ocr_par' dir='ltr' id='par_1_26' title="bbox 404 2610 2060 2689">
     <span class='ocr_line' id='line_1_26' title="bbox 404 2610 2060 2689; baseline 0.004 -22"><span class='ocrx_word' id='word_1_191' title='bbox 404 2610 649 2667; x_wconf 89' lang='lat' dir='ltr'>lioribus</span> <span class='ocrx_word' id='word_1_192' title='bbox 674 2611 825 2668; x_wconf 90' lang='lat' dir='ltr'>inter</span> <span class='ocrx_word' id='word_1_193' title='bbox 857 2629 919 2667; x_wconf 91' lang='lat' dir='ltr'>se</span> <span class='ocrx_word' id='word_1_194' title='bbox 951 2615 1219 2685; x_wconf 88' lang='lat' dir='ltr'>partibus</span> <span class='ocrx_word' id='word_1_195' title='bbox 1252 2615 1375 2670; x_wconf 89' lang='lat' dir='ltr'>suis</span> <span class='ocrx_word' id='word_1_196' title='bbox 1406 2621 1653 2671; x_wconf 84' lang='lat' dir='ltr'>constat.</span> <span class='ocrx_word' id='word_1_197' title='bbox 1697 2618 1827 2672; x_wconf 86' lang='lat' dir='ltr'>Jam</span> <span class='ocrx_word' id='word_1_198' title='bbox 1891 2635 2060 2689; x_wconf 90' lang='lat' dir='ltr'>porro</span> 
     </span>
    </p>
   </div>
   <div class='ocr_carea' id='block_1_27' title="bbox 407 2700 2061 2770">
    <p class='ocr_par' dir='ltr' id='par_1_27' title="bbox 407 2700 2061 2770">
     <span class='ocr_line' id='line_1_27' title="bbox 407 2700 2061 2770; baseline 0.004 -13"><span class='ocrx_word' id='word_1_199' title='bbox 407 2700 763 2770; x_wconf 90' lang='lat' dir='ltr'>animarum,</span> <span class='ocrx_word' id='word_1_200' title='bbox 796 2718 912 2757; x_wconf 91' lang='lat' dir='ltr'>non</span> <span class='ocrx_word' id='word_1_201' title='bbox 940 2702 1131 2759; x_wconf 90' lang='lat' dir='ltr'>solum</span> <span class='ocrx_word' id='word_1_202' title='bbox 1164 2702 1412 2758; x_wconf 91' lang='lat' dir='ltr'>aliarum</span> <span class='ocrx_word' id='word_1_203' title='bbox 1446 2721 1579 2759; x_wconf 89' lang='lat' dir='ltr'>cum</span> <span class='ocrx_word' id='word_1_204' title='bbox 1621 2704 1752 2761; x_wconf 91' lang='lat' dir='ltr'>aliis</span> <span class='ocrx_word' id='word_1_205' title='bbox 1800 2706 2061 2763; x_wconf 81' lang='lat' dir='ltr'>amicitia</span> 
     </span>
    </p>
   </div>
   <div class='ocr_carea' id='block_1_28' title="bbox 409 2785 2058 2865">
    <p class='ocr_par' dir='ltr' id='par_1_28' title="bbox 409 2785 2058 2865">
     <span class='ocr_line' id='line_1_28' title="bbox 409 2785 2058 2865; baseline 0.004 -22"><span class='ocrx_word' id='word_1_206' title='bbox 409 2785 703 2843; x_wconf 89' lang='lat' dir='ltr'>similibus</span> <span class='ocrx_word' id='word_1_207' title='bbox 724 2787 746 2820; x_wconf 91' lang='grc'>³</span> <span class='ocrx_word' id='word_1_208' title='bbox 776 2789 1040 2844; x_wconf 90' lang='lat' dir='ltr'>moribus</span> <span class='ocrx_word' id='word_1_209' title='bbox 1062 2790 1273 2855; x_wconf 79' lang='lat' dir='ltr'>confit;</span> <span class='ocrx_word' id='word_1_210' title='bbox 1300 2791 1400 2846; x_wconf 91' lang='lat' dir='ltr'>sed</span> <span class='ocrx_word' id='word_1_211' title='bbox 1419 2792 1593 2845; x_wconf 87' lang='lat' dir='ltr'>etiam</span> <span class='ocrx_word' id='word_1_212' title='bbox 1612 2792 1668 2846; x_wconf 92' lang='lat' dir='ltr'>in</span> <span class='ocrx_word' id='word_1_213' title='bbox 1704 2810 2058 2865; x_wconf 83' lang='lat' dir='ltr'>unaquaque</span> 
     </span>
    </p>
   </div>
   <div class='ocr_carea' id='block_1_29' title="bbox 409 2874 2060 2952">
    <p class='ocr_par' dir='ltr' id='par_1_29' title="bbox 409 2874 2060 2952">
     <span class='ocr_line' id='line_1_29' title="bbox 409 2874 2060 2952; baseline 0.005 -23"><span class='ocrx_word' id='word_1_214' title='bbox 409 2875 600 2930; x_wconf 90' lang='lat' dir='ltr'>anima</span> <span class='ocrx_word' id='word_1_215' title='bbox 630 2874 853 2931; x_wconf 88' lang='lat' dir='ltr'>similes</span> <span class='ocrx_word' id='word_1_216' title='bbox 884 2878 1145 2932; x_wconf 90' lang='lat' dir='ltr'>actiones</span> <span class='ocrx_word' id='word_1_217' title='bbox 1172 2880 1347 2948; x_wconf 86' lang='lat' dir='ltr'>atque</span> <span class='ocrx_word' id='word_1_218' title='bbox 1376 2879 1640 2949; x_wconf 81' lang='lat' dir='ltr'>virtutes,</span> <span class='ocrx_word' id='word_1_219' title='bbox 1669 2881 1796 2935; x_wconf 89' lang='lat' dir='ltr'>sine</span> <span class='ocrx_word' id='word_1_220' title='bbox 1844 2882 2060 2952; x_wconf 82' lang='lat' dir='ltr'>quibus</span> 
     </span>
    </p>
   </div>
   <div class='ocr_carea' id='block_1_30' title="bbox 410 2964 2059 3045">
    <p class='ocr_par' dir='ltr' id='par_1_30' title="bbox 410 2964 2059 3045">
     <span class='ocr_line' id='line_1_30' title="bbox 410 2964 2059 3045; baseline 0.004 -26"><span class='ocrx_word' id='word_1_221' title='bbox 410 2964 740 3019; x_wconf 83' lang='lat' dir='ltr'>constantia</span> <span class='ocrx_word' id='word_1_222' title='bbox 768 2981 893 3019; x_wconf 81' lang='lat' dir='ltr'>esse</span> <span class='ocrx_word' id='word_1_223' title='bbox 924 2982 1037 3019; x_wconf 94' lang='lat' dir='ltr'>non</span> <span class='ocrx_word' id='word_1_224' title='bbox 1070 2971 1280 3037; x_wconf 79' lang='lat' dir='ltr'>potest,</span> <span class='ocrx_word' id='word_1_225' title='bbox 1302 2968 1533 3045; x_wconf 86' lang='lat' dir='ltr'>beatam</span> <span class='ocrx_word' id='word_1_226' title='bbox 1560 2969 1741 3023; x_wconf 92' lang='lat' dir='ltr'>vitam</span> <span class='ocrx_word' id='word_1_227' title='bbox 1775 2970 2059 3027; x_wconf 88' lang='lat' dir='ltr'>indicant.</span> 
     </span>
    </p>
   </div>
   <div class='ocr_carea' id='block_1_31' title="bbox 409 3051 2059 3129">
    <p class='ocr_par' dir='ltr' id='par_1_31' title="bbox 409 3051 2059 3129">
     <span class='ocr_line' id='line_1_31' title="bbox 409 3051 2059 3129; baseline 0.004 -22"><span class='ocrx_word' id='word_1_228' title='bbox 409 3051 640 3107; x_wconf 87' lang='lat' dir='ltr'>Similia</span> <span class='ocrx_word' id='word_1_229' title='bbox 666 3068 796 3107; x_wconf 84' lang='lat' dir='ltr'>vero</span> <span class='ocrx_word' id='word_1_230' title='bbox 828 3052 1025 3107; x_wconf 88' lang='lat' dir='ltr'>omnia</span> <span class='ocrx_word' id='word_1_231' title='bbox 1045 3054 1187 3121; x_wconf 64' lang='lat' dir='ltr'>hac,</span> <span class='ocrx_word' id='word_1_232' title='bbox 1223 3072 1337 3109; x_wconf 90' lang='lat' dir='ltr'>non</span> <span class='ocrx_word' id='word_1_233' title='bbox 1371 3062 1567 3111; x_wconf 88' lang='lat' dir='ltr'>autem</span> <span class='ocrx_word' id='word_1_234' title='bbox 1608 3058 1797 3129; x_wconf 88' lang='lat' dir='ltr'>ipsam</span> <span class='ocrx_word' id='word_1_235' title='bbox 1852 3058 2059 3113; x_wconf 87' lang='lat' dir='ltr'>simili-</span> 
     </span>
    </p>
   </div>
   <div class='ocr_carea' id='block_1_32' title="bbox 410 3141 2061 3217">
    <p class='ocr_par' dir='ltr' id='par_1_32' title="bbox 410 3141 2061 3217">
     <span class='ocr_line' id='line_1_32' title="bbox 410 3141 2061 3217; baseline 0.005 -23"><span class='ocrx_word' id='word_1_236' title='bbox 410 3141 675 3195; x_wconf 86' lang='lat' dir='ltr'>tudinem</span> <span class='ocrx_word' id='word_1_237' title='bbox 710 3159 1025 3212; x_wconf 87' lang='lat' dir='ltr'>possumus</span> <span class='ocrx_word' id='word_1_238' title='bbox 1057 3144 1267 3197; x_wconf 90' lang='lat' dir='ltr'>dicere.</span> <span class='ocrx_word' id='word_1_239' title='bbox 1288 3144 1675 3217; x_wconf 87' lang='lat' dir='ltr'>Quapropter,</span> <span class='ocrx_word' id='word_1_240' title='bbox 1702 3147 1750 3200; x_wconf 92' lang='lat' dir='ltr'>si</span> <span class='ocrx_word' id='word_1_241' title='bbox 1788 3148 2061 3203; x_wconf 89' lang='lat' dir='ltr'>rebusin-</span> 
     </span>
    </p>
   </div>
   <div class='ocr_carea' id='block_1_33' title="bbox 410 3228 2061 3306">
    <p class='ocr_par' dir='ltr' id='par_1_33' title="bbox 410 3228 2061 3306">
     <span class='ocr_line' id='line_1_33' title="bbox 410 3228 2061 3306; baseline 0.005 -23"><span class='ocrx_word' id='word_1_242' title='bbox 410 3233 499 3285; x_wconf 89' lang='lat' dir='ltr'>ter</span> <span class='ocrx_word' id='word_1_243' title='bbox 524 3245 585 3284; x_wconf 90' lang='lat' dir='ltr'>se</span> <span class='ocrx_word' id='word_1_244' title='bbox 608 3228 902 3285; x_wconf 90' lang='lat' dir='ltr'>similibus</span> <span class='ocrx_word' id='word_1_245' title='bbox 934 3232 1286 3288; x_wconf 85' lang='lat' dir='ltr'>universitas</span> <span class='ocrx_word' id='word_1_246' title='bbox 1317 3239 1564 3300; x_wconf 86' lang='lat' dir='ltr'>constat,</span> <span class='ocrx_word' id='word_1_247' title='bbox 1592 3234 1910 3306; x_wconf 74' lang='lat' dir='ltr'>utsingulte</span> <span class='ocrx_word' id='word_1_248' title='bbox 1943 3238 2061 3292; x_wconf 88' lang='lat' dir='ltr'>sint</span> 
     </span>
    </p>
   </div>
   <div class='ocr_carea' id='block_1_34' title="bbox 410 3318 2059 3393">
    <p class='ocr_par' dir='ltr' id='par_1_34' title="bbox 410 3318 2059 3393">
     <span class='ocr_line' id='line_1_34' title="bbox 410 3318 2059 3393; baseline 0.006 -22"><span class='ocrx_word' id='word_1_249' title='bbox 410 3318 699 3389; x_wconf 90' lang='lat' dir='ltr'>quidquid</span> <span class='ocrx_word' id='word_1_250' title='bbox 732 3325 887 3385; x_wconf 89' lang='lat' dir='ltr'>sunt,</span> <span class='ocrx_word' id='word_1_251' title='bbox 913 3326 969 3375; x_wconf 91' lang='lat' dir='ltr'>et</span> <span class='ocrx_word' id='word_1_252' title='bbox 999 3338 1202 3377; x_wconf 90' lang='lat' dir='ltr'>omnes</span> <span class='ocrx_word' id='word_1_253' title='bbox 1226 3323 1414 3393; x_wconf 84' lang='lat' dir='ltr'>ipsam</span> <span class='ocrx_word' id='word_1_254' title='bbox 1446 3324 1881 3379; x_wconf 86' lang='lat' dir='ltr'>universitatem</span> <span class='ocrx_word' id='word_1_255' title='bbox 1906 3343 2059 3381; x_wconf 87' lang='lat' dir='ltr'>com-</span> 
     </span>
    </p>
   </div>
   <div class='ocr_carea' id='block_1_35' title="bbox 408 3406 2057 3485">
    <p class='ocr_par' dir='ltr' id='par_1_35' title="bbox 408 3406 2057 3485">
     <span class='ocr_line' id='line_1_35' title="bbox 408 3406 2057 3485; baseline 0.005 -25"><span class='ocrx_word' id='word_1_256' title='bbox 408 3406 625 3478; x_wconf 87' lang='lat' dir='ltr'>pleant,</span> <span class='ocrx_word' id='word_1_257' title='bbox 662 3424 839 3479; x_wconf 91' lang='lat' dir='ltr'>quam</span> <span class='ocrx_word' id='word_1_258' title='bbox 867 3411 1016 3464; x_wconf 89' lang='lat' dir='ltr'>Deus</span> <span class='ocrx_word' id='word_1_259' title='bbox 1047 3416 1104 3464; x_wconf 92' lang='lat' dir='ltr'>et</span> <span class='ocrx_word' id='word_1_260' title='bbox 1128 3411 1389 3465; x_wconf 91' lang='lat' dir='ltr'>condidit</span> <span class='ocrx_word' id='word_1_261' title='bbox 1434 3417 1491 3467; x_wconf 90' lang='lat' dir='ltr'>et</span> <span class='ocrx_word' id='word_1_262' title='bbox 1520 3414 1835 3485; x_wconf 82' lang='lat' dir='ltr'>gubernat;</span> <span class='ocrx_word' id='word_1_263' title='bbox 1855 3431 1954 3484; x_wconf 90' lang='lat' dir='ltr'>per</span> <span class='ocrx_word' id='word_1_264' title='bbox 1984 3416 2057 3471; x_wconf 88' lang='lat' dir='ltr'>si-</span> 
     </span>
    </p>
   </div>
   <div class='ocr_carea' id='block_1_36' title="bbox 406 3495 2056 3571">
    <p class='ocr_par' dir='ltr' id='par_1_36' title="bbox 406 3495 2056 3571">
     <span class='ocr_line' id='line_1_36' title="bbox 406 3495 2056 3571; baseline 0.005 -22"><span class='ocrx_word' id='word_1_265' title='bbox 406 3495 801 3550; x_wconf 90' lang='lat' dir='ltr'>militudinem</span> <span class='ocrx_word' id='word_1_266' title='bbox 833 3498 961 3567; x_wconf 82' lang='lat' dir='ltr'>ejus</span> <span class='ocrx_word' id='word_1_267' title='bbox 992 3500 1265 3568; x_wconf 83' lang='lat' dir='ltr'>profecto,</span> <span class='ocrx_word' id='word_1_268' title='bbox 1287 3501 1387 3571; x_wconf 91' lang='lat' dir='ltr'>qui</span> <span class='ocrx_word' id='word_1_269' title='bbox 1419 3502 1683 3555; x_wconf 88' lang='lat' dir='ltr'>condidit</span> <span class='ocrx_word' id='word_1_270' title='bbox 1710 3503 1925 3570; x_wconf 89' lang='lat' dir='ltr'>omnia,</span> <span class='ocrx_word' id='word_1_271' title='bbox 1952 3521 2056 3559; x_wconf 88' lang='lat' dir='ltr'>su-</span> 
     </span>
    </p>
   </div>
   <div class='ocr_carea' id='block_1_37' title="bbox 405 3584 2053 3657">
    <p class='ocr_par' dir='ltr' id='par_1_37' title="bbox 405 3584 2053 3657">
     <span class='ocr_line' id='line_1_37' title="bbox 405 3584 2053 3657; baseline 0.006 -20"><span class='ocrx_word' id='word_1_272' title='bbox 405 3584 868 3655; x_wconf 90' lang='lat' dir='ltr'>pereminentem</span> <span class='ocrx_word' id='word_1_273' title='bbox 901 3592 1076 3657; x_wconf 89' lang='lat' dir='ltr'>atque</span> <span class='ocrx_word' id='word_1_274' title='bbox 1108 3588 1652 3644; x_wconf 89' lang='lat' dir='ltr'>incommutabilem</span> <span class='ocrx_word' id='word_1_275' title='bbox 1685 3596 1739 3645; x_wconf 86' lang='lat' dir='ltr'>et</span> <span class='ocrx_word' id='word_1_276' title='bbox 1790 3591 2053 3647; x_wconf 90' lang='lat' dir='ltr'>inconta-</span> 
     </span>
    </p>
   </div>
   <div class='ocr_carea' id='block_1_38' title="bbox 401 3672 2055 3743">
    <p class='ocr_par' dir='ltr' id='par_1_38' title="bbox 401 3672 2055 3743">
     <span class='ocr_line' id='line_1_38' title="bbox 401 3672 2055 3743; baseline 0.007 -19"><span class='ocrx_word' id='word_1_277' title='bbox 401 3672 744 3726; x_wconf 87' lang='lat' dir='ltr'>minabilem</span> <span class='ocrx_word' id='word_1_278' title='bbox 765 3674 787 3706; x_wconf 80' lang='grc'><strong>⁴</strong></span> <span class='ocrx_word' id='word_1_279' title='bbox 824 3673 963 3727; x_wconf 89' lang='lat' dir='ltr'>talia</span> <span class='ocrx_word' id='word_1_280' title='bbox 998 3675 1147 3729; x_wconf 85' lang='lat' dir='ltr'>facta</span> <span class='ocrx_word' id='word_1_281' title='bbox 1178 3681 1335 3743; x_wconf 89' lang='lat' dir='ltr'>sunt,</span> <span class='ocrx_word' id='word_1_282' title='bbox 1371 3683 1436 3731; x_wconf 91' lang='lat' dir='ltr'>ut</span> <span class='ocrx_word' id='word_1_283' title='bbox 1465 3678 1760 3733; x_wconf 86' lang='lat' dir='ltr'>similibus</span> <span class='ocrx_word' id='word_1_284' title='bbox 1792 3680 1943 3735; x_wconf 88' lang='lat' dir='ltr'>inter</span> <span class='ocrx_word' id='word_1_285' title='bbox 1994 3699 2055 3736; x_wconf 92' lang='lat' dir='ltr'>se</span> 
     </span>
    </p>
   </div>
   <div class='ocr_carea' id='block_1_39' title="bbox 401 3757 2054 3843">
    <p class='ocr_par' dir='ltr' id='par_1_39' title="bbox 401 3757 2054 3843">
     <span class='ocr_line' id='line_1_39' title="bbox 401 3757 2054 3843; baseline 0.005 -27"><span class='ocrx_word' id='word_1_286' title='bbox 401 3757 670 3833; x_wconf 88' lang='lat' dir='ltr'>partibus</span> <span class='ocrx_word' id='word_1_287' title='bbox 692 3759 937 3833; x_wconf 88' lang='lat' dir='ltr'>pulchra</span> <span class='ocrx_word' id='word_1_288' title='bbox 968 3762 1107 3829; x_wconf 89' lang='lat' dir='ltr'>sint,</span> <span class='ocrx_word' id='word_1_289' title='bbox 1140 3765 1210 3818; x_wconf 88' lang='lat' dir='ltr'>ad</span> <span class='ocrx_word' id='word_1_290' title='bbox 1244 3764 1431 3836; x_wconf 88' lang='lat' dir='ltr'>ipsam</span> <span class='ocrx_word' id='word_1_291' title='bbox 1477 3771 1671 3843; x_wconf 82' lang='lat' dir='ltr'>tamen</span> <span class='ocrx_word' id='word_1_292' title='bbox 1714 3768 2054 3824; x_wconf 89' lang='lat' dir='ltr'>similitudi-</span> 
     </span>
    </p>
   </div>
   <div class='ocr_carea' id='block_1_40' title="bbox 400 3850 2053 3921">
    <p class='ocr_par' dir='ltr' id='par_1_40' title="bbox 400 3850 2053 3921">
     <span class='ocr_line' id='line_1_40' title="bbox 400 3850 2053 3921; baseline 0.005 -17"><span class='ocrx_word' id='word_1_293' title='bbox 400 3866 537 3905; x_wconf 87' lang='lat' dir='ltr'>nem</span> <span class='ocrx_word' id='word_1_294' title='bbox 572 3850 772 3904; x_wconf 90' lang='lat' dir='ltr'>omnia</span> <span class='ocrx_word' id='word_1_295' title='bbox 802 3867 917 3904; x_wconf 92' lang='lat' dir='ltr'>non</span> <span class='ocrx_word' id='word_1_296' title='bbox 953 3850 1104 3905; x_wconf 86' lang='lat' dir='ltr'>facta</span> <span class='ocrx_word' id='word_1_297' title='bbox 1135 3852 1272 3921; x_wconf 91' lang='lat' dir='ltr'>sint,</span> <span class='ocrx_word' id='word_1_298' title='bbox 1307 3854 1407 3908; x_wconf 90' lang='lat' dir='ltr'>sed</span> <span class='ocrx_word' id='word_1_299' title='bbox 1441 3853 1564 3909; x_wconf 91' lang='lat' dir='ltr'>sola</span> <span class='ocrx_word' id='word_1_300' title='bbox 1596 3855 1927 3910; x_wconf 89' lang='lat' dir='ltr'>substantia</span> <span class='ocrx_word' id='word_1_301' title='bbox 1962 3875 2053 3912; x_wconf 87' lang='lat' dir='ltr'>ra-</span> 
     </span>
    </p>
   </div>
   <div class='ocr_carea' id='block_1_41' title="bbox 396 3936 2053 4015">
    <p class='ocr_par' dir='ltr' id='par_1_41' title="bbox 396 3936 2053 4015">
     <span class='ocr_line' id='line_1_41' title="bbox 396 3936 2053 4015; baseline 0.005 -22"><span class='ocrx_word' id='word_1_302' title='bbox 396 3936 665 3993; x_wconf 88' lang='lat' dir='ltr'>tionalis:</span> <span class='ocrx_word' id='word_1_303' title='bbox 704 3956 880 4009; x_wconf 90' lang='lat' dir='ltr'>quare</span> <span class='ocrx_word' id='word_1_304' title='bbox 910 3940 1109 3995; x_wconf 90' lang='lat' dir='ltr'>omnia</span> <span class='ocrx_word' id='word_1_305' title='bbox 1144 3958 1247 4012; x_wconf 89' lang='lat' dir='ltr'>per</span> <span class='ocrx_word' id='word_1_306' title='bbox 1268 3942 1479 4014; x_wconf 90' lang='lat' dir='ltr'>ipsam,</span> <span class='ocrx_word' id='word_1_307' title='bbox 1505 3944 1603 3999; x_wconf 88' lang='lat' dir='ltr'>sed</span> <span class='ocrx_word' id='word_1_308' title='bbox 1626 3946 1695 3999; x_wconf 89' lang='lat' dir='ltr'>ad</span> <span class='ocrx_word' id='word_1_309' title='bbox 1729 3945 1917 4015; x_wconf 87' lang='lat' dir='ltr'>ipsam</span> <span class='ocrx_word' id='word_1_310' title='bbox 1938 3964 2053 4002; x_wconf 91' lang='lat' dir='ltr'>non</span> 
     </span>
    </p>
   </div>
   <div class='ocr_carea' id='block_1_42' title="bbox 399 4028 812 4084">
    <p class='ocr_par' dir='ltr' id='par_1_42' title="bbox 399 4028 812 4084">
     <span class='ocr_line' id='line_1_42' title="bbox 399 4028 812 4084; baseline -0.007 -1"><span class='ocrx_word' id='word_1_311' title='bbox 399 4028 513 4083; x_wconf 89' lang='lat' dir='ltr'>nisi</span> <span class='ocrx_word' id='word_1_312' title='bbox 550 4028 746 4084; x_wconf 91' lang='lat' dir='ltr'>anima</span> <span class='ocrx_word' id='word_1_313' title='bbox 773 4030 812 4080; x_wconf 80' lang='grc'>⁵.</span> 
     </span>
    </p>
   </div>
   <div class='ocr_carea' id='block_1_43' title="bbox 468 4112 2056 4195">
    <p class='ocr_par' dir='ltr' id='par_1_43' title="bbox 468 4112 2056 4195">
     <span class='ocr_line' id='line_1_43' title="bbox 468 4112 2056 4195; baseline 0.006 -25"><span class='ocrx_word' id='word_1_314' title='bbox 468 4118 559 4171; x_wconf 82' lang='lat'>60.</span> <span class='ocrx_word' id='word_1_315' title='bbox 585 4112 907 4173; x_wconf 84' lang='lat' dir='ltr'>Rationalis</span> <span class='ocrx_word' id='word_1_316' title='bbox 924 4118 1121 4189; x_wconf 85' lang='lat' dir='ltr'>itaque</span> <span class='ocrx_word' id='word_1_317' title='bbox 1148 4120 1481 4176; x_wconf 86' lang='lat' dir='ltr'>substantia</span> <span class='ocrx_word' id='word_1_318' title='bbox 1496 4126 1553 4177; x_wconf 93' lang='lat' dir='ltr'>et</span> <span class='ocrx_word' id='word_1_319' title='bbox 1568 4139 1670 4193; x_wconf 89' lang='lat' dir='ltr'>per</span> <span class='ocrx_word' id='word_1_320' title='bbox 1692 4120 1881 4195; x_wconf 85' lang='lat' dir='ltr'>ipsam</span> <span class='ocrx_word' id='word_1_321' title='bbox 1904 4124 2056 4179; x_wconf 88' lang='lat' dir='ltr'>facta</span> 
     </span>
    </p>
   </div>
   <div class='ocr_carea' id='block_1_44' title="bbox 398 4204 2054 4283">
    <p class='ocr_par' dir='ltr' id='par_1_44' title="bbox 398 4204 2054 4283">
     <span class='ocr_line' id='line_1_44' title="bbox 398 4204 2054 4283; baseline 0.004 -23"><span class='ocrx_word' id='word_1_322' title='bbox 398 4210 508 4274; x_wconf 88' lang='lat' dir='ltr'>est,</span> <span class='ocrx_word' id='word_1_323' title='bbox 542 4206 599 4258; x_wconf 89' lang='lat' dir='ltr'>et</span> <span class='ocrx_word' id='word_1_324' title='bbox 632 4204 700 4258; x_wconf 91' lang='lat' dir='ltr'>ad</span> <span class='ocrx_word' id='word_1_325' title='bbox 736 4205 924 4275; x_wconf 89' lang='lat' dir='ltr'>ipsam</span> <span class='ocrx_word' id='word_1_326' title='bbox 949 4224 961 4259; x_wconf 90' lang='lat'>:</span> <span class='ocrx_word' id='word_1_327' title='bbox 983 4224 1096 4261; x_wconf 92' lang='lat' dir='ltr'>non</span> <span class='ocrx_word' id='word_1_328' title='bbox 1129 4208 1284 4263; x_wconf 91' lang='lat' dir='ltr'>enim</span> <span class='ocrx_word' id='word_1_329' title='bbox 1317 4214 1405 4265; x_wconf 91' lang='lat' dir='ltr'>est</span> <span class='ocrx_word' id='word_1_330' title='bbox 1426 4210 1547 4264; x_wconf 90' lang='lat' dir='ltr'>ulla</span> <span class='ocrx_word' id='word_1_331' title='bbox 1569 4218 1775 4265; x_wconf 90' lang='lat' dir='ltr'>natura</span> <span class='ocrx_word' id='word_1_332' title='bbox 1800 4212 2054 4283; x_wconf 87' lang='lat' dir='ltr'>interpo-</span> 
     </span>
    </p>
   </div>
   <div class='ocr_carea' id='block_1_45' title="bbox 400 4293 2055 4371">
    <p class='ocr_par' dir='ltr' id='par_1_45' title="bbox 400 4293 2055 4371">
     <span class='ocr_line' id='line_1_45' title="bbox 400 4293 2055 4371; baseline 0.005 -24"><span class='ocrx_word' id='word_1_333' title='bbox 400 4293 1028 4363; x_wconf 87' lang='lat' dir='ltr'>sita.Quandoquidem</span> <span class='ocrx_word' id='word_1_334' title='bbox 1054 4311 1221 4349; x_wconf 89' lang='lat' dir='ltr'>mens</span> <span class='ocrx_word' id='word_1_335' title='bbox 1244 4296 1699 4369; x_wconf 89' lang='lat' dir='ltr'>humana(quod</span> <span class='ocrx_word' id='word_1_336' title='bbox 1720 4316 1832 4354; x_wconf 90' lang='lat' dir='ltr'>non</span> <span class='ocrx_word' id='word_1_337' title='bbox 1858 4296 2055 4371; x_wconf 78' lang='lat' dir='ltr'>sentit,</span> 
     </span>
    </p>
   </div>
   <div class='ocr_carea' id='block_1_46' title="bbox 399 4381 2057 4457">
    <p class='ocr_par' dir='ltr' id='par_1_46' title="bbox 399 4381 2057 4457">
     <span class='ocr_line' id='line_1_46' title="bbox 399 4381 2057 4457; baseline 0.005 -22"><span class='ocrx_word' id='word_1_338' title='bbox 399 4381 515 4436; x_wconf 91' lang='lat' dir='ltr'>nisi</span> <span class='ocrx_word' id='word_1_339' title='bbox 547 4398 679 4435; x_wconf 91' lang='lat' dir='ltr'>cum</span> <span class='ocrx_word' id='word_1_340' title='bbox 716 4382 1035 4452; x_wconf 88' lang='lat' dir='ltr'>purissima</span> <span class='ocrx_word' id='word_1_341' title='bbox 1056 4390 1113 4437; x_wconf 92' lang='lat' dir='ltr'>et</span> <span class='ocrx_word' id='word_1_342' title='bbox 1131 4384 1472 4441; x_wconf 88' lang='lat' dir='ltr'>beatissima</span> <span class='ocrx_word' id='word_1_343' title='bbox 1493 4388 1601 4457; x_wconf 91' lang='lat' dir='ltr'>est)</span> <span class='ocrx_word' id='word_1_344' title='bbox 1625 4387 1772 4441; x_wconf 89' lang='lat' dir='ltr'>nulli</span> <span class='ocrx_word' id='word_1_345' title='bbox 1806 4388 2057 4444; x_wconf 76' lang='lat' dir='ltr'>cohaeret</span> 
     </span>
    </p>
   </div>
   <div class='ocr_carea' id='block_1_47' title="bbox 398 4469 2057 4547">
    <p class='ocr_par' dir='ltr' id='par_1_47' title="bbox 398 4469 2057 4547">
     <span class='ocr_line' id='line_1_47' title="bbox 398 4469 2057 4547; baseline 0.004 -21"><span class='ocrx_word' id='word_1_346' title='bbox 398 4469 511 4526; x_wconf 87' lang='lat' dir='ltr'>nisi</span> <span class='ocrx_word' id='word_1_347' title='bbox 546 4470 657 4541; x_wconf 89' lang='lat' dir='ltr'>ipsi</span> <span class='ocrx_word' id='word_1_348' title='bbox 680 4472 933 4536; x_wconf 83' lang='lat' dir='ltr'>veritati,</span> <span class='ocrx_word' id='word_1_349' title='bbox 965 4488 1094 4542; x_wconf 84' lang='lat' dir='ltr'>quae</span> <span class='ocrx_word' id='word_1_350' title='bbox 1121 4472 1446 4527; x_wconf 86' lang='lat' dir='ltr'>similitudo</span> <span class='ocrx_word' id='word_1_351' title='bbox 1470 4484 1527 4529; x_wconf 85' lang='lat' dir='ltr'>et</span> <span class='ocrx_word' id='word_1_352' title='bbox 1555 4474 1748 4547; x_wconf 88' lang='lat' dir='ltr'>imago</span> <span class='ocrx_word' id='word_1_353' title='bbox 1778 4476 1969 4532; x_wconf 89' lang='lat' dir='ltr'>Patris</span> <span class='ocrx_word' id='word_1_354' title='bbox 2000 4484 2057 4532; x_wconf 91' lang='lat' dir='ltr'>et</span> 
     </span>
    </p>
   </div>
   <div class='ocr_carea' id='block_1_48' title="bbox 398 4559 2053 4637">
    <p class='ocr_par' dir='ltr' id='par_1_48' title="bbox 398 4559 2053 4637">
     <span class='ocr_line' id='line_1_48' title="bbox 398 4559 2053 4637; baseline 0.004 -23"><span class='ocrx_word' id='word_1_355' title='bbox 398 4559 691 4630; x_wconf 89' lang='lat' dir='ltr'>sapientia</span> <span class='ocrx_word' id='word_1_356' title='bbox 736 4559 970 4614; x_wconf 89' lang='lat' dir='ltr'>dicitur.</span> <span class='ocrx_word' id='word_1_357' title='bbox 1005 4565 1176 4615; x_wconf 83' lang='lat' dir='ltr'>Recte</span> <span class='ocrx_word' id='word_1_358' title='bbox 1208 4561 1388 4633; x_wconf 89' lang='lat' dir='ltr'>igitur</span> <span class='ocrx_word' id='word_1_359' title='bbox 1416 4566 1738 4618; x_wconf 88' lang='lat' dir='ltr'>secundum</span> <span class='ocrx_word' id='word_1_360' title='bbox 1773 4566 1879 4620; x_wconf 91' lang='lat' dir='ltr'>hoc</span> <span class='ocrx_word' id='word_1_361' title='bbox 1902 4568 2053 4637; x_wconf 91' lang='lat' dir='ltr'>quod</span> 
     </span>
    </p>
   </div>
   <div class='ocr_carea' id='block_1_49' title="bbox 397 4647 2053 4720">
    <p class='ocr_par' dir='ltr' id='par_1_49' title="bbox 397 4647 2053 4720">
     <span class='ocr_line' id='line_1_49' title="bbox 397 4647 2053 4720; baseline 0.004 -19"><span class='ocrx_word' id='word_1_362' title='bbox 397 4647 644 4702; x_wconf 89' lang='lat' dir='ltr'>interius</span> <span class='ocrx_word' id='word_1_363' title='bbox 675 4652 731 4702; x_wconf 85' lang='lat' dir='ltr'>et</span> <span class='ocrx_word' id='word_1_364' title='bbox 763 4648 1091 4720; x_wconf 86' lang='lat' dir='ltr'>principale</span> <span class='ocrx_word' id='word_1_365' title='bbox 1119 4648 1376 4704; x_wconf 88' lang='lat' dir='ltr'>hominis</span> <span class='ocrx_word' id='word_1_366' title='bbox 1408 4656 1515 4719; x_wconf 88' lang='lat' dir='ltr'>est,</span> <span class='ocrx_word' id='word_1_367' title='bbox 1541 4652 1596 4704; x_wconf 89' lang='lat' dir='ltr'>id</span> <span class='ocrx_word' id='word_1_368' title='bbox 1622 4658 1708 4706; x_wconf 83' lang='lat' dir='ltr'>est</span> <span class='ocrx_word' id='word_1_369' title='bbox 1731 4655 2053 4709; x_wconf 90' lang='lat' dir='ltr'>secundum</span> 
     </span>
    </p>
   </div>
   <div class='ocr_carea' id='block_1_50' title="bbox 400 4736 2057 4813">
    <p class='ocr_par' dir='ltr' id='par_1_50' title="bbox 400 4736 2057 4813">
     <span class='ocr_line' id='line_1_50' title="bbox 400 4736 2057 4813; baseline 0.004 -23"><span class='ocrx_word' id='word_1_370' title='bbox 400 4738 680 4802; x_wconf 89' lang='lat' dir='ltr'>mentem,</span> <span class='ocrx_word' id='word_1_371' title='bbox 716 4736 1021 4809; x_wconf 90' lang='lat' dir='ltr'>accipitur,</span> <span class='ocrx_word' id='word_1_372' title='bbox 1053 4741 1350 4794; x_wconf 77' lang='lat' dir='ltr'>Faciamus</span> <span class='ocrx_word' id='word_1_373' title='bbox 1370 4741 1729 4795; x_wconf 86' lang='lat' dir='ltr'>hominemad</span> <span class='ocrx_word' id='word_1_374' title='bbox 1761 4743 2057 4813; x_wconf 78' lang='lat' dir='ltr'>imaginem</span> 
     </span>
    </p>
   </div>
   <div class='ocr_carea' id='block_1_51' title="bbox 394 4823 2054 4901">
    <p class='ocr_par' dir='ltr' id='par_1_51' title="bbox 394 4823 2054 4901">
     <span class='ocr_line' id='line_1_51' title="bbox 394 4823 2054 4901; baseline 0.004 -21"><span class='ocrx_word' id='word_1_375' title='bbox 394 4834 451 4880; x_wconf 78' lang='lat' dir='ltr'>et</span> <span class='ocrx_word' id='word_1_376' title='bbox 474 4823 894 4880; x_wconf 78' lang='lat' dir='ltr'>similitudinem</span> <span class='ocrx_word' id='word_1_377' title='bbox 932 4836 1201 4883; x_wconf 78' lang='lat' dir='ltr'>nostram.</span> <span class='ocrx_word' id='word_1_378' title='bbox 1244 4829 1325 4883; x_wconf 78' lang='lat' dir='ltr'>Ex</span> <span class='ocrx_word' id='word_1_379' title='bbox 1351 4827 1450 4883; x_wconf 95' lang='lat' dir='ltr'>illo</span> <span class='ocrx_word' id='word_1_380' title='bbox 1483 4829 1639 4884; x_wconf 91' lang='lat' dir='ltr'>enim</span> <span class='ocrx_word' id='word_1_381' title='bbox 1671 4832 1827 4901; x_wconf 88' lang='lat' dir='ltr'>quod</span> <span class='ocrx_word' id='word_1_382' title='bbox 1859 4830 1916 4885; x_wconf 91' lang='lat' dir='ltr'>in</span> <span class='ocrx_word' id='word_1_383' title='bbox 1948 4832 2054 4887; x_wconf 93' lang='lat' dir='ltr'>ho-</span> 
     </span>
    </p>
   </div>
   <div class='ocr_carea' id='block_1_52' title="bbox 401 4911 2055 4990">
    <p class='ocr_par' dir='ltr' id='par_1_52' title="bbox 401 4911 2055 4990">
     <span class='ocr_line' id='line_1_52' title="bbox 401 4911 2055 4990; baseline 0.005 -25"><span class='ocrx_word' id='word_1_384' title='bbox 401 4911 559 4966; x_wconf 92' lang='lat' dir='ltr'>mine</span> <span class='ocrx_word' id='word_1_385' title='bbox 588 4912 981 4984; x_wconf 89' lang='lat' dir='ltr'>principatum</span> <span class='ocrx_word' id='word_1_386' title='bbox 1016 4921 1192 4983; x_wconf 90' lang='lat' dir='ltr'>tenet,</span> <span class='ocrx_word' id='word_1_387' title='bbox 1214 4919 1369 4988; x_wconf 90' lang='lat' dir='ltr'>quod</span> <span class='ocrx_word' id='word_1_388' title='bbox 1404 4934 1538 4972; x_wconf 90' lang='lat' dir='ltr'>cum</span> <span class='ocrx_word' id='word_1_389' title='bbox 1563 4918 1901 4990; x_wconf 87' lang='lat' dir='ltr'>disjungita</span> <span class='ocrx_word' id='word_1_390' title='bbox 1932 4920 2055 4975; x_wconf 91' lang='lat' dir='ltr'>bel-</span> 
     </span>
    </p>
   </div>
   <div class='ocr_carea' id='block_1_53' title="bbox 397 5000 2054 5079">
    <p class='ocr_par' dir='ltr' id='par_1_53' title="bbox 397 5000 2054 5079">
     <span class='ocr_line' id='line_1_53' title="bbox 397 5000 2054 5079; baseline 0.006 -26"><span class='ocrx_word' id='word_1_391' title='bbox 397 5000 700 5069; x_wconf 89' lang='lat' dir='ltr'>luis,totus</span> <span class='ocrx_word' id='word_1_392' title='bbox 725 5006 813 5055; x_wconf 90' lang='lat' dir='ltr'>est</span> <span class='ocrx_word' id='word_1_393' title='bbox 836 5001 1010 5057; x_wconf 93' lang='lat' dir='ltr'>homo</span> <span class='ocrx_word' id='word_1_394' title='bbox 1040 5005 1665 5061; x_wconf 65' lang='lat' dir='ltr'>mstimandus.Ca2tera</span> <span class='ocrx_word' id='word_1_395' title='bbox 1698 5007 1757 5061; x_wconf 91' lang='lat' dir='ltr'>in</span> <span class='ocrx_word' id='word_1_396' title='bbox 1782 5024 1846 5062; x_wconf 94' lang='lat' dir='ltr'>eo</span> <span class='ocrx_word' id='word_1_397' title='bbox 1870 5026 2054 5079; x_wconf 82' lang='lat' dir='ltr'>quan—</span> 
     </span>
    </p>
   </div>
   <div class='ocr_carea' id='block_1_54' title="bbox 398 5088 2055 5167">
    <p class='ocr_par' dir='ltr' id='par_1_54' title="bbox 398 5088 2055 5167">
     <span class='ocr_line' id='line_1_54' title="bbox 398 5088 2055 5167; baseline 0.005 -24"><span class='ocrx_word' id='word_1_398' title='bbox 398 5106 575 5159; x_wconf 89' lang='lat' dir='ltr'>quam</span> <span class='ocrx_word' id='word_1_399' title='bbox 610 5088 667 5143; x_wconf 92' lang='lat' dir='ltr'>in</span> <span class='ocrx_word' id='word_1_400' title='bbox 701 5106 808 5144; x_wconf 91' lang='lat' dir='ltr'>suo</span> <span class='ocrx_word' id='word_1_401' title='bbox 848 5106 1059 5161; x_wconf 87' lang='lat' dir='ltr'>genere</span> <span class='ocrx_word' id='word_1_402' title='bbox 1091 5092 1337 5162; x_wconf 89' lang='lat' dir='ltr'>pulchra</span> <span class='ocrx_word' id='word_1_403' title='bbox 1366 5095 1505 5162; x_wconf 88' lang='lat' dir='ltr'>sint,</span> <span class='ocrx_word' id='word_1_404' title='bbox 1540 5102 1733 5150; x_wconf 86' lang='lat' dir='ltr'>tamen</span> <span class='ocrx_word' id='word_1_405' title='bbox 1786 5113 1916 5151; x_wconf 91' lang='lat' dir='ltr'>cum</span> <span class='ocrx_word' id='word_1_406' title='bbox 1954 5114 2055 5167; x_wconf 92' lang='lat' dir='ltr'>pe-</span> 
     </span>
    </p>
   </div>
   <div class='ocr_carea' id='block_1_55' title="bbox 400 5170 2056 5256">
    <p class='ocr_par' dir='ltr' id='par_1_55' title="bbox 400 5170 2056 5256">
     <span class='ocr_line' id='line_1_55' title="bbox 400 5170 2056 5256; baseline 0.005 -26"><span class='ocrx_word' id='word_1_407' title='bbox 400 5170 633 5231; x_wconf 89' lang='lat' dir='ltr'>coribus</span> <span class='ocrx_word' id='word_1_408' title='bbox 667 5179 1005 5233; x_wconf 87' lang='lat' dir='ltr'>communia</span> <span class='ocrx_word' id='word_1_409' title='bbox 1036 5186 1195 5248; x_wconf 89' lang='lat' dir='ltr'>sunt,</span> <span class='ocrx_word' id='word_1_410' title='bbox 1231 5198 1296 5235; x_wconf 88' lang='lat' dir='ltr'>ac</span> <span class='ocrx_word' id='word_1_411' title='bbox 1317 5199 1419 5252; x_wconf 89' lang='lat' dir='ltr'>per</span> <span class='ocrx_word' id='word_1_412' title='bbox 1440 5182 1548 5237; x_wconf 93' lang='lat' dir='ltr'>hoc</span> <span class='ocrx_word' id='word_1_413' title='bbox 1578 5183 1637 5237; x_wconf 93' lang='lat' dir='ltr'>in</span> <span class='ocrx_word' id='word_1_414' title='bbox 1669 5183 1905 5239; x_wconf 90' lang='lat' dir='ltr'>homine</span> <span class='ocrx_word' id='word_1_415' title='bbox 1930 5203 2056 5256; x_wconf 88' lang='lat' dir='ltr'>par-</span> 
     </span>
    </p>
   </div>
   <div class='ocr_carea' id='block_1_56' title="bbox 400 5264 2052 5339">
    <p class='ocr_par' dir='ltr' id='par_1_56' title="bbox 400 5264 2052 5339">
     <span class='ocr_line' id='line_1_56' title="bbox 400 5264 2052 5339; baseline 0.006 -21"><span class='ocrx_word' id='word_1_416' title='bbox 400 5264 783 5335; x_wconf 85' lang='lat' dir='ltr'>vipcndenda.</span> <span class='ocrx_word' id='word_1_417' title='bbox 815 5265 936 5323; x_wconf 89' lang='lat' dir='ltr'>Nisi</span> <span class='ocrx_word' id='word_1_418' title='bbox 962 5268 1104 5321; x_wconf 84' lang='lat' dir='ltr'>forte</span> <span class='ocrx_word' id='word_1_419' title='bbox 1136 5270 1284 5339; x_wconf 91' lang='lat' dir='ltr'>quod</span> <span class='ocrx_word' id='word_1_420' title='bbox 1320 5270 1390 5322; x_wconf 89' lang='lat' dir='ltr'>ad</span> <span class='ocrx_word' id='word_1_421' title='bbox 1440 5270 1790 5325; x_wconf 89' lang='lat' dir='ltr'>intuendum</span> <span class='ocrx_word' id='word_1_422' title='bbox 1841 5272 2052 5328; x_wconf 78' lang='lat' dir='ltr'>cmlum</span> 
     </span>
    </p>
   </div>
   <div class='ocr_carea' id='block_1_57' title="bbox 404 5354 2051 5432">
    <p class='ocr_par' dir='ltr' id='par_1_57' title="bbox 404 5354 2051 5432">
     <span class='ocr_line' id='line_1_57' title="bbox 404 5354 2051 5432; baseline 0.007 -26"><span class='ocrx_word' id='word_1_423' title='bbox 404 5354 593 5425; x_wconf 80' lang='lat' dir='ltr'>ﬁgura</span> <span class='ocrx_word' id='word_1_424' title='bbox 614 5354 858 5408; x_wconf 89' lang='lat' dir='ltr'>humani</span> <span class='ocrx_word' id='word_1_425' title='bbox 892 5356 1149 5426; x_wconf 86' lang='lat' dir='ltr'>corporis</span> <span class='ocrx_word' id='word_1_426' title='bbox 1208 5362 1397 5411; x_wconf 88' lang='lat' dir='ltr'>erecta</span> <span class='ocrx_word' id='word_1_427' title='bbox 1459 5364 1566 5423; x_wconf 84' lang='lat' dir='ltr'>est,</span> <span class='ocrx_word' id='word_1_428' title='bbox 1623 5359 1775 5414; x_wconf 88' lang='lat' dir='ltr'>valet</span> <span class='ocrx_word' id='word_1_429' title='bbox 1830 5356 2051 5432; x_wconf 86' lang='lat' dir='ltr'>aliquid</span> 
     </span>
    </p>
   </div>
   <div class='ocr_carea' id='block_1_58' title="bbox 468 5459 1209 5517">
    <p class='ocr_par' dir='ltr' id='par_1_58' title="bbox 468 5459 1209 5517">
     <span class='ocr_line' id='line_1_58' title="bbox 468 5459 1209 5517; baseline 0.005 -12"><span class='ocrx_word' id='word_1_430' title='bbox 468 5462 483 5493; x_wconf 78' lang='grc'><strong>1</strong></span> <span class='ocrx_word' id='word_1_431' title='bbox 510 5459 605 5507; x_wconf 82' lang='lat' dir='ltr'>Ms.</span> <span class='ocrx_word' id='word_1_432' title='bbox 630 5460 815 5517; x_wconf 88' lang='lat' dir='ltr'>Vatic.,</span> <span class='ocrx_word' id='word_1_433' title='bbox 841 5460 1209 5510; x_wconf 75' lang='lat' dir='ltr'>universitatis.</span> 
     </span>
    </p>
   </div>
   <div class='ocr_carea' id='block_1_59' title="bbox 466 5523 1773 5583">
    <p class='ocr_par' dir='ltr' id='par_1_59' title="bbox 466 5523 1773 5583">
     <span class='ocr_line' id='line_1_59' title="bbox 466 5523 1773 5583; baseline 0.005 -15"><span class='ocrx_word' id='word_1_434' title='bbox 466 5525 488 5553; x_wconf 81' lang='grc'>²</span> <span class='ocrx_word' id='word_1_435' title='bbox 521 5523 674 5574; x_wconf 86' lang='lat' dir='ltr'>Editi.</span> <span class='ocrx_word' id='word_1_436' title='bbox 699 5524 835 5583; x_wconf 76' lang='lat' dir='ltr'>quod</span> <span class='ocrx_word' id='word_1_437' title='bbox 854 5538 953 5571; x_wconf 81' lang='lat' dir='ltr'>non</span> <span class='ocrx_word' id='word_1_438' title='bbox 983 5530 1074 5571; x_wconf 79' lang='lat' dir='ltr'>cst.</span> <span class='ocrx_word' id='word_1_439' title='bbox 1108 5525 1271 5573; x_wconf 85' lang='lat' dir='ltr'>Abest</span> <span class='ocrx_word' id='word_1_440' title='bbox 1298 5539 1400 5574; x_wconf 87' lang='lat' dir='ltr'>non</span> <span class='ocrx_word' id='word_1_441' title='bbox 1420 5540 1451 5575; x_wconf 90' lang='lat' dir='ltr'>a</span> <span class='ocrx_word' id='word_1_442' title='bbox 1481 5527 1575 5575; x_wconf 88' lang='lat' dir='ltr'>Ms.</span> <span class='ocrx_word' id='word_1_443' title='bbox 1607 5526 1773 5576; x_wconf 87' lang='lat' dir='ltr'>Vatic.</span> 
     </span>
    </p>
   </div>
   <div class='ocr_carea' id='block_1_60' title="bbox 465 5584 1253 5655">
    <p class='ocr_par' dir='ltr' id='par_1_60' title="bbox 465 5584 1253 5655">
     <span class='ocr_line' id='line_1_60' title="bbox 465 5584 1253 5655; baseline 0.003 -24"><span class='ocrx_word' id='word_1_444' title='bbox 465 5585 487 5655; x_wconf 52' lang='grc' dir='ltr'>ξ</span> <span class='ocrx_word' id='word_1_445' title='bbox 515 5584 609 5655; x_wconf 40' lang='lat' dir='ltr'>liis.</span> <span class='ocrx_word' id='word_1_446' title='bbox 629 5584 824 5655; x_wconf 66' lang='lat' dir='ltr'>_\_’atip_.,</span> <span class='ocrx_word' id='word_1_447' title='bbox 842 5599 958 5655; x_wconf 63' lang='lat' dir='ltr'>qua</span> <span class='ocrx_word' id='word_1_448' title='bbox 973 5586 1253 5655; x_wconf 64' lang='lat' dir='ltr'>similibus.</span> 
     </span>
    </p>
   </div>
   <div class='ocr_carea' id='block_1_61' title="bbox 466 5645 2050 5709">
    <p class='ocr_par' dir='ltr' id='par_1_61' title="bbox 466 5645 2050 5709">
     <span class='ocr_line' id='line_1_61' title="bbox 466 5645 2050 5709; baseline 0.003 -15"><span class='ocrx_word' id='word_1_449' title='bbox 466 5648 487 5679; x_wconf 75' lang='grc' dir='ltr'><strong><em>ὀ</em></strong></span> <span class='ocrx_word' id='word_1_450' title='bbox 518 5645 597 5695; x_wconf 84' lang='lat' dir='ltr'>Sic</span> <span class='ocrx_word' id='word_1_451' title='bbox 629 5646 724 5694; x_wconf 79' lang='lat' dir='ltr'>Ms.</span> <span class='ocrx_word' id='word_1_452' title='bbox 756 5645 923 5696; x_wconf 83' lang='lat' dir='ltr'>Vatic.</span> <span class='ocrx_word' id='word_1_453' title='bbox 957 5650 1022 5697; x_wconf 86' lang='lat' dir='ltr'>At</span> <span class='ocrx_word' id='word_1_454' title='bbox 1050 5651 1228 5709; x_wconf 80' lang='lat' dir='ltr'>excusi</span> <span class='ocrx_word' id='word_1_455' title='bbox 1254 5650 1474 5698; x_wconf 85' lang='lat' dir='ltr'>habent:</span> <span class='ocrx_word' id='word_1_456' title='bbox 1502 5651 1608 5709; x_wconf 83' lang='lat' dir='ltr'>Qua</span> <span class='ocrx_word' id='word_1_457' title='bbox 1625 5650 1857 5698; x_wconf 70' lang='lat' dir='ltr'>candidi!</span> <span class='ocrx_word' id='word_1_458' title='bbox 1876 5652 2050 5700; x_wconf 86' lang='lat' dir='ltr'>omnia</span> 
     </span>
    </p>
   </div>
   <div class='ocr_carea' id='block_1_62' title="bbox 402 5708 2049 5771">
    <p class='ocr_par' dir='ltr' id='par_1_62' title="bbox 402 5708 2049 5771">
     <span class='ocr_line' id='line_1_62' title="bbox 402 5708 2049 5771; baseline 0.004 -17"><span class='ocrx_word' id='word_1_459' title='bbox 402 5718 853 5771; x_wconf 65' lang='lat' dir='ltr'>sumrmnmenter,</span> <span class='ocrx_word' id='word_1_460' title='bbox 879 5715 1030 5771; x_wconf 79' lang='lat' dir='ltr'>atque</span> <span class='ocrx_word' id='word_1_461' title='bbox 1059 5708 1569 5769; x_wconf 51' lang='lat' dir='ltr'>inconimutal&#39;iliter,</span> <span class='ocrx_word' id='word_1_462' title='bbox 1601 5714 1648 5759; x_wconf 79' lang='lat' dir='ltr'>ei</span> <span class='ocrx_word' id='word_1_463' title='bbox 1673 5712 2049 5761; x_wconf 79' lang='lat' dir='ltr'>incontamina-</span> 
     </span>
    </p>
   </div>
   <div class='ocr_carea' id='block_1_63' title="bbox 406 5770 594 5819">
    <p class='ocr_par' dir='ltr' id='par_1_63' title="bbox 406 5770 594 5819">
     <span class='ocr_line' id='line_1_63' title="bbox 406 5770 594 5819; baseline 0.005 -2"><span class='ocrx_word' id='word_1_464' title='bbox 406 5770 594 5819; x_wconf 77' lang='lat' dir='ltr'>biliier.</span> 
     </span>
    </p>
   </div>
   <div class='ocr_carea' id='block_1_64' title="bbox 471 5833 1593 5897">
    <p class='ocr_par' dir='ltr' id='par_1_64' title="bbox 471 5833 1593 5897">
     <span class='ocr_line' id='line_1_64' title="bbox 471 5833 1593 5897; baseline 0.004 -16"><span class='ocrx_word' id='word_1_465' title='bbox 471 5838 489 5865; x_wconf 73' lang='grc'><strong>⁵</strong></span> <span class='ocrx_word' id='word_1_466' title='bbox 518 5836 613 5882; x_wconf 77' lang='lat' dir='ltr'>Ms.</span> <span class='ocrx_word' id='word_1_467' title='bbox 646 5833 833 5891; x_wconf 50' lang='lat' dir='ltr'>Vatia,</span> <span class='ocrx_word' id='word_1_468' title='bbox 860 5833 951 5881; x_wconf 69' lang='lat' dir='ltr'>sed</span> <span class='ocrx_word' id='word_1_469' title='bbox 978 5833 1049 5881; x_wconf 78' lang='lat' dir='ltr'>ad</span> <span class='ocrx_word' id='word_1_470' title='bbox 1077 5835 1237 5897; x_wconf 78' lang='lat' dir='ltr'>ipsum</span> <span class='ocrx_word' id='word_1_471' title='bbox 1270 5849 1371 5883; x_wconf 82' lang='lat' dir='ltr'>mm</span> <span class='ocrx_word' id='word_1_472' title='bbox 1401 5836 1593 5885; x_wconf 81' lang='lat' dir='ltr'>omnia.</span> 
     </span>
    </p>
   </div>
   <div class='ocr_carea' id='block_1_65' title="bbox 1142 345 3114 426">
    <p class='ocr_par' dir='ltr' id='par_1_65' title="bbox 1142 345 3114 426">
     <span class='ocr_line' id='line_1_65' title="bbox 1142 345 3114 426; baseline -0.001 -13"><span class='ocrx_word' id='word_1_473' title='bbox 1142 354 1245 413; x_wconf 87' lang='lat' dir='ltr'>DE</span> <span class='ocrx_word' id='word_1_474' title='bbox 1289 354 1596 426; x_wconf 85' lang='lat' dir='ltr'>GENESI,</span> <span class='ocrx_word' id='word_1_475' title='bbox 1644 354 1711 413; x_wconf 92' lang='lat' dir='ltr'>S.</span> <span class='ocrx_word' id='word_1_476' title='bbox 1758 346 2211 411; x_wconf 72' lang='lat' dir='ltr'>AUGUSTINI.</span> <span class='ocrx_word' id='word_1_477' title='bbox 2261 345 2493 406; x_wconf 76' lang='lat' dir='ltr'>LIBER</span> <span class='ocrx_word' id='word_1_478' title='bbox 2536 347 3114 412; x_wconf 83' lang='lat' dir='ltr'>IMPERFECTUS.</span> 
     </span>
    </p>
   </div>
   <div class='ocr_carea' id='block_1_66' title="bbox 3692 367 3794 425">
    <p class='ocr_par' dir='ltr' id='par_1_66' title="bbox 3692 367 3794 425">
     <span class='ocr_line' id='line_1_66' title="bbox 3692 367 3794 425; baseline 0.02 -2"><span class='ocrx_word' id='word_1_479' title='bbox 3692 367 3794 425; x_wconf 70' lang='lat'>9“</span> 
     </span>
    </p>
   </div>
   <div class='ocr_carea' id='block_1_67' title="bbox 2182 479 3791 554">
    <p class='ocr_par' dir='ltr' id='par_1_67' title="bbox 2182 479 3791 554">
     <span class='ocr_line' id='line_1_67' title="bbox 2182 479 3791 554; baseline 0.01 -19"><span class='ocrx_word' id='word_1_480' title='bbox 2182 479 2361 535; x_wconf 87' lang='lat' dir='ltr'>etiam</span> <span class='ocrx_word' id='word_1_481' title='bbox 2394 484 2459 535; x_wconf 90' lang='lat' dir='ltr'>ut</span> <span class='ocrx_word' id='word_1_482' title='bbox 2487 498 2699 553; x_wconf 90' lang='lat' dir='ltr'>corpus</span> <span class='ocrx_word' id='word_1_483' title='bbox 2728 483 2929 554; x_wconf 89' lang='lat' dir='ltr'>ipsum</span> <span class='ocrx_word' id='word_1_484' title='bbox 2960 485 3032 540; x_wconf 87' lang='lat' dir='ltr'>ad</span> <span class='ocrx_word' id='word_1_485' title='bbox 3086 486 3527 545; x_wconf 83' lang='lat' dir='ltr'>similitudinem</span> <span class='ocrx_word' id='word_1_486' title='bbox 3553 493 3646 549; x_wconf 80' lang='lat' dir='ltr'>Dei</span> <span class='ocrx_word' id='word_1_487' title='bbox 3690 496 3791 552; x_wconf 80' lang='lat' dir='ltr'>fac-</span> 
     </span>
    </p>
   </div>
   <div class='ocr_carea' id='block_1_68' title="bbox 2181 571 3794 643">
    <p class='ocr_par' dir='ltr' id='par_1_68' title="bbox 2181 571 3794 643">
     <span class='ocr_line' id='line_1_68' title="bbox 2181 571 3794 643; baseline 0.011 -21"><span class='ocrx_word' id='word_1_488' title='bbox 2181 573 2308 623; x_wconf 91' lang='lat' dir='ltr'>tum</span> <span class='ocrx_word' id='word_1_489' title='bbox 2339 571 2642 639; x_wconf 83' lang='lat' dir='ltr'>credatur;</span> <span class='ocrx_word' id='word_1_490' title='bbox 2671 577 2735 626; x_wconf 89' lang='lat' dir='ltr'>ut</span> <span class='ocrx_word' id='word_1_491' title='bbox 2784 575 3289 643; x_wconf 81' lang='lat' dir='ltr'>quemadmodum</span> <span class='ocrx_word' id='word_1_492' title='bbox 3319 594 3353 632; x_wconf 85' lang='lat' dir='ltr'>a</span> <span class='ocrx_word' id='word_1_493' title='bbox 3398 578 3571 639; x_wconf 77' lang='lat' dir='ltr'>Patre,</span> <span class='ocrx_word' id='word_1_494' title='bbox 3600 581 3691 637; x_wconf 85' lang='lat' dir='ltr'>illa</span> <span class='ocrx_word' id='word_1_495' title='bbox 3733 586 3794 639; x_wconf 86' lang='lat' dir='ltr'>si-</span> 
     </span>
    </p>
   </div>
   <div class='ocr_carea' id='block_1_69' title="bbox 2177 656 3790 735">
    <p class='ocr_par' dir='ltr' id='par_1_69' title="bbox 2177 656 3790 735">
     <span class='ocr_line' id='line_1_69' title="bbox 2177 656 3790 735; baseline 0.01 -24"><span class='ocrx_word' id='word_1_496' title='bbox 2177 656 2446 712; x_wconf 88' lang='lat' dir='ltr'>militudo</span> <span class='ocrx_word' id='word_1_497' title='bbox 2492 675 2608 714; x_wconf 90' lang='lat' dir='ltr'>non</span> <span class='ocrx_word' id='word_1_498' title='bbox 2665 662 2965 732; x_wconf 82' lang='lat' dir='ltr'>avertitur,</span> <span class='ocrx_word' id='word_1_499' title='bbox 3016 663 3098 717; x_wconf 88' lang='lat' dir='ltr'>ita</span> <span class='ocrx_word' id='word_1_500' title='bbox 3147 681 3358 735; x_wconf 87' lang='lat' dir='ltr'>corpus</span> <span class='ocrx_word' id='word_1_501' title='bbox 3417 667 3721 726; x_wconf 86' lang='lat' dir='ltr'>humanum</span> <span class='ocrx_word' id='word_1_502' title='bbox 3763 690 3790 727; x_wconf 78' lang='grc' dir='ltr'>ι</span> 
     </span>
    </p>
   </div>
   <div class='ocr_carea' id='block_1_70' title="bbox 2176 744 3785 827">
    <p class='ocr_par' dir='ltr' id='par_1_70' title="bbox 2176 744 3785 827">
     <span class='ocr_line' id='line_1_70' title="bbox 2176 744 3785 827; baseline 0.009 -28"><span class='ocrx_word' id='word_1_503' title='bbox 2176 744 2319 799; x_wconf 60' lang='lat' dir='ltr'>casio</span> <span class='ocrx_word' id='word_1_504' title='bbox 2359 764 2475 802; x_wconf 80' lang='lat' dir='ltr'>non</span> <span class='ocrx_word' id='word_1_505' title='bbox 2506 748 2583 803; x_wconf 84' lang='lat' dir='ltr'>sit</span> <span class='ocrx_word' id='word_1_506' title='bbox 2612 766 2906 817; x_wconf 82' lang='lat' dir='ltr'>aversum,</span> <span class='ocrx_word' id='word_1_507' title='bbox 2939 752 3091 807; x_wconf 84' lang='lat' dir='ltr'>sicut</span> <span class='ocrx_word' id='word_1_508' title='bbox 3122 753 3369 809; x_wconf 88' lang='lat' dir='ltr'>aliorum</span> <span class='ocrx_word' id='word_1_509' title='bbox 3400 771 3633 827; x_wconf 87' lang='lat' dir='ltr'>corpora</span> <span class='ocrx_word' id='word_1_510' title='bbox 3678 761 3785 813; x_wconf 75' lang='lat' dir='ltr'>ani~</span> 
     </span>
    </p>
   </div>
   <div class='ocr_carea' id='block_1_71' title="bbox 2176 833 3789 917">
    <p class='ocr_par' dir='ltr' id='par_1_71' title="bbox 2176 833 3789 917">
     <span class='ocr_line' id='line_1_71' title="bbox 2176 833 3789 917; baseline 0.009 -28"><span class='ocrx_word' id='word_1_511' title='bbox 2176 833 2423 890; x_wconf 84' lang='lat' dir='ltr'>malium</span> <span class='ocrx_word' id='word_1_512' title='bbox 2454 854 2657 894; x_wconf 86' lang='lat' dir='ltr'>aversa</span> <span class='ocrx_word' id='word_1_513' title='bbox 2677 844 2837 909; x_wconf 84' lang='lat' dir='ltr'>sunt,</span> <span class='ocrx_word' id='word_1_514' title='bbox 2868 840 3005 911; x_wconf 86' lang='lat' dir='ltr'>quia</span> <span class='ocrx_word' id='word_1_515' title='bbox 3036 852 3221 913; x_wconf 84' lang='lat' dir='ltr'>prona</span> <span class='ocrx_word' id='word_1_516' title='bbox 3250 842 3309 897; x_wconf 91' lang='lat' dir='ltr'>in</span> <span class='ocrx_word' id='word_1_517' title='bbox 3340 843 3530 899; x_wconf 85' lang='lat' dir='ltr'>alvum</span> <span class='ocrx_word' id='word_1_518' title='bbox 3562 853 3789 917; x_wconf 87' lang='lat' dir='ltr'>proster-</span> 
     </span>
    </p>
   </div>
   <div class='ocr_carea' id='block_1_72' title="bbox 2177 926 3791 1007">
    <p class='ocr_par' dir='ltr' id='par_1_72' title="bbox 2177 926 3791 1007">
     <span class='ocr_line' id='line_1_72' title="bbox 2177 926 3791 1007; baseline 0.01 -29"><span class='ocrx_word' id='word_1_519' title='bbox 2177 930 2419 980; x_wconf 80' lang='lat' dir='ltr'>nuntur.</span> <span class='ocrx_word' id='word_1_520' title='bbox 2452 926 2563 982; x_wconf 84' lang='lat' dir='ltr'>Sed</span> <span class='ocrx_word' id='word_1_521' title='bbox 2596 932 2790 985; x_wconf 84' lang='lat' dir='ltr'>tamen</span> <span class='ocrx_word' id='word_1_522' title='bbox 2821 930 2931 985; x_wconf 90' lang='lat' dir='ltr'>hoc</span> <span class='ocrx_word' id='word_1_523' title='bbox 2961 942 3076 986; x_wconf 86' lang='lat' dir='ltr'>non</span> <span class='ocrx_word' id='word_1_524' title='bbox 3110 932 3270 987; x_wconf 87' lang='lat' dir='ltr'>omni</span> <span class='ocrx_word' id='word_1_525' title='bbox 3312 934 3481 989; x_wconf 87' lang='lat' dir='ltr'>modo</span> <span class='ocrx_word' id='word_1_526' title='bbox 3530 936 3791 1007; x_wconf 82' lang='lat' dir='ltr'>accipien-</span> 
     </span>
    </p>
   </div>
   <div class='ocr_carea' id='block_1_73' title="bbox 2177 1013 3787 1094">
    <p class='ocr_par' dir='ltr' id='par_1_73' title="bbox 2177 1013 3787 1094">
     <span class='ocr_line' id='line_1_73' title="bbox 2177 1013 3787 1094; baseline 0.007 -27"><span class='ocrx_word' id='word_1_527' title='bbox 2177 1013 2472 1072; x_wconf 69' lang='lat' dir='ltr'>dumesti</span> <span class='ocrx_word' id='word_1_528' title='bbox 2504 1033 2639 1072; x_wconf 90' lang='lat' dir='ltr'>nam</span> <span class='ocrx_word' id='word_1_529' title='bbox 2671 1034 2884 1090; x_wconf 89' lang='lat' dir='ltr'>corpus</span> <span class='ocrx_word' id='word_1_530' title='bbox 2916 1026 3186 1075; x_wconf 89' lang='lat' dir='ltr'>nostrum</span> <span class='ocrx_word' id='word_1_531' title='bbox 3232 1038 3266 1076; x_wconf 89' lang='lat' dir='ltr'>a</span> <span class='ocrx_word' id='word_1_532' title='bbox 3308 1021 3449 1077; x_wconf 78' lang='lat' dir='ltr'>oculo</span> <span class='ocrx_word' id='word_1_533' title='bbox 3492 1022 3787 1094; x_wconf 87' lang='lat' dir='ltr'>plurimum</span> 
     </span>
    </p>
   </div>
   <div class='ocr_carea' id='block_1_74' title="bbox 2175 1102 3789 1181">
    <p class='ocr_par' dir='ltr' id='par_1_74' title="bbox 2175 1102 3789 1181">
     <span class='ocr_line' id='line_1_74' title="bbox 2175 1102 3789 1181; baseline 0.008 -25"><span class='ocrx_word' id='word_1_534' title='bbox 2175 1102 2398 1171; x_wconf 71' lang='lat' dir='ltr'>differt;</span> <span class='ocrx_word' id='word_1_535' title='bbox 2422 1105 2481 1160; x_wconf 90' lang='lat' dir='ltr'>in</span> <span class='ocrx_word' id='word_1_536' title='bbox 2504 1106 2607 1162; x_wconf 86' lang='lat' dir='ltr'>illa</span> <span class='ocrx_word' id='word_1_537' title='bbox 2626 1124 2759 1163; x_wconf 77' lang='lat' dir='ltr'>vero</span> <span class='ocrx_word' id='word_1_538' title='bbox 2781 1108 3193 1176; x_wconf 83' lang='lat' dir='ltr'>similitudine,</span> <span class='ocrx_word' id='word_1_539' title='bbox 3220 1126 3348 1181; x_wconf 72' lang='lat' dir='ltr'>quis</span> <span class='ocrx_word' id='word_1_540' title='bbox 3371 1112 3552 1167; x_wconf 86' lang='lat' dir='ltr'>Filius</span> <span class='ocrx_word' id='word_1_541' title='bbox 3580 1118 3789 1180; x_wconf 70' lang='lat' dir='ltr'>estmon</span> 
     </span>
    </p>
   </div>
   <div class='ocr_carea' id='block_1_75' title="bbox 2176 1196 3790 1268">
    <p class='ocr_par' dir='ltr' id='par_1_75' title="bbox 2176 1196 3790 1268">
     <span class='ocr_line' id='line_1_75' title="bbox 2176 1196 3790 1268; baseline 0.006 -22"><span class='ocrx_word' id='word_1_542' title='bbox 2176 1199 2367 1266; x_wconf 87' lang='lat' dir='ltr'>potest</span> <span class='ocrx_word' id='word_1_543' title='bbox 2391 1196 2714 1268; x_wconf 86' lang='lat' dir='ltr'>quidquam</span> <span class='ocrx_word' id='word_1_544' title='bbox 2745 1214 2874 1254; x_wconf 89' lang='lat' dir='ltr'>esse</span> <span class='ocrx_word' id='word_1_545' title='bbox 2915 1198 3201 1254; x_wconf 85' lang='lat' dir='ltr'>dissimile</span> <span class='ocrx_word' id='word_1_546' title='bbox 3245 1200 3330 1254; x_wconf 90' lang='lat' dir='ltr'>illi</span> <span class='ocrx_word' id='word_1_547' title='bbox 3353 1202 3447 1254; x_wconf 88' lang='lat' dir='ltr'>cui</span> <span class='ocrx_word' id='word_1_548' title='bbox 3474 1202 3674 1258; x_wconf 86' lang='lat' dir='ltr'>similis</span> <span class='ocrx_word' id='word_1_549' title='bbox 3699 1204 3790 1259; x_wconf 86' lang='lat' dir='ltr'>est.</span> 
     </span>
    </p>
   </div>
   <div class='ocr_carea' id='block_1_76' title="bbox 2176 1286 3794 1359">
    <p class='ocr_par' dir='ltr' id='par_1_76' title="bbox 2176 1286 3794 1359">
     <span class='ocr_line' id='line_1_76' title="bbox 2176 1286 3794 1359; baseline 0.004 -21"><span class='ocrx_word' id='word_1_550' title='bbox 2176 1286 2461 1351; x_wconf 82' lang='lat' dir='ltr'>Quoniam</span> <span class='ocrx_word' id='word_1_551' title='bbox 2508 1286 2729 1341; x_wconf 88' lang='lat' dir='ltr'>similia</span> <span class='ocrx_word' id='word_1_552' title='bbox 2783 1301 3168 1359; x_wconf 73' lang='lat' dir='ltr'>quiscumque</span> <span class='ocrx_word' id='word_1_553' title='bbox 3224 1288 3339 1343; x_wconf 92' lang='lat' dir='ltr'>alia</span> <span class='ocrx_word' id='word_1_554' title='bbox 3370 1295 3525 1358; x_wconf 78' lang='lat' dir='ltr'>sunt,</span> <span class='ocrx_word' id='word_1_555' title='bbox 3572 1290 3710 1345; x_wconf 87' lang='lat' dir='ltr'>inter</span> <span class='ocrx_word' id='word_1_556' title='bbox 3743 1308 3794 1346; x_wconf 88' lang='lat' dir='ltr'>se</span> 
     </span>
    </p>
   </div>
   <div class='ocr_carea' id='block_1_77' title="bbox 2173 1374 3793 1448">
    <p class='ocr_par' dir='ltr' id='par_1_77' title="bbox 2173 1374 3793 1448">
     <span class='ocr_line' id='line_1_77' title="bbox 2173 1374 3793 1448; baseline 0.004 -20"><span class='ocrx_word' id='word_1_557' title='bbox 2173 1374 2347 1429; x_wconf 89' lang='lat' dir='ltr'>etiam</span> <span class='ocrx_word' id='word_1_558' title='bbox 2381 1375 2695 1430; x_wconf 88' lang='lat' dir='ltr'>dissimilia</span> <span class='ocrx_word' id='word_1_559' title='bbox 2725 1393 2793 1431; x_wconf 83' lang='lat' dir='ltr'>ex</span> <span class='ocrx_word' id='word_1_560' title='bbox 2825 1375 3020 1447; x_wconf 90' lang='lat' dir='ltr'>aliqua</span> <span class='ocrx_word' id='word_1_561' title='bbox 3041 1382 3203 1448; x_wconf 89' lang='lat' dir='ltr'>parte</span> <span class='ocrx_word' id='word_1_562' title='bbox 3234 1383 3401 1432; x_wconf 88' lang='lat' dir='ltr'>sunt:</span> <span class='ocrx_word' id='word_1_563' title='bbox 3428 1378 3555 1448; x_wconf 90' lang='lat' dir='ltr'>ipsa</span> <span class='ocrx_word' id='word_1_564' title='bbox 3589 1392 3711 1433; x_wconf 75' lang='lat' dir='ltr'>vero</span> <span class='ocrx_word' id='word_1_565' title='bbox 3728 1381 3793 1434; x_wconf 88' lang='lat' dir='ltr'>si-</span> 
     </span>
    </p>
   </div>
   <div class='ocr_carea' id='block_1_78' title="bbox 2174 1463 3794 1537">
    <p class='ocr_par' dir='ltr' id='par_1_78' title="bbox 2174 1463 3794 1537">
     <span class='ocr_line' id='line_1_78' title="bbox 2174 1463 3794 1537; baseline 0.005 -22"><span class='ocrx_word' id='word_1_566' title='bbox 2174 1463 2447 1518; x_wconf 82' lang='lat' dir='ltr'>militudo</span> <span class='ocrx_word' id='word_1_567' title='bbox 2482 1482 2593 1519; x_wconf 90' lang='lat' dir='ltr'>non</span> <span class='ocrx_word' id='word_1_568' title='bbox 2626 1467 2714 1519; x_wconf 89' lang='lat' dir='ltr'>est</span> <span class='ocrx_word' id='word_1_569' title='bbox 2745 1465 2944 1536; x_wconf 89' lang='lat' dir='ltr'>aliqua</span> <span class='ocrx_word' id='word_1_570' title='bbox 2973 1482 3041 1519; x_wconf 78' lang='lat' dir='ltr'>ex</span> <span class='ocrx_word' id='word_1_571' title='bbox 3072 1471 3235 1537; x_wconf 88' lang='lat' dir='ltr'>parte</span> <span class='ocrx_word' id='word_1_572' title='bbox 3279 1466 3602 1521; x_wconf 66' lang='lat' dir='ltr'>dissimilis.</span> <span class='ocrx_word' id='word_1_573' title='bbox 3648 1467 3794 1523; x_wconf 85' lang='lat' dir='ltr'>Pater</span> 
     </span>
    </p>
   </div>
   <div class='ocr_carea' id='block_1_79' title="bbox 2175 1553 3793 1624">
    <p class='ocr_par' dir='ltr' id='par_1_79' title="bbox 2175 1553 3793 1624">
     <span class='ocr_line' id='line_1_79' title="bbox 2175 1553 3793 1624; baseline 0.004 -20"><span class='ocrx_word' id='word_1_574' title='bbox 2175 1556 2369 1605; x_wconf 87' lang='lat' dir='ltr'>tamen</span> <span class='ocrx_word' id='word_1_575' title='bbox 2403 1555 2574 1606; x_wconf 86' lang='lat' dir='ltr'>Pater</span> <span class='ocrx_word' id='word_1_576' title='bbox 2601 1559 2710 1617; x_wconf 87' lang='lat' dir='ltr'>est,</span> <span class='ocrx_word' id='word_1_577' title='bbox 2746 1570 2850 1607; x_wconf 89' lang='lat' dir='ltr'>nec</span> <span class='ocrx_word' id='word_1_578' title='bbox 2883 1553 3066 1608; x_wconf 87' lang='lat' dir='ltr'>Filius</span> <span class='ocrx_word' id='word_1_579' title='bbox 3089 1553 3248 1608; x_wconf 82' lang='lat' dir='ltr'>aliud</span> <span class='ocrx_word' id='word_1_580' title='bbox 3272 1560 3361 1609; x_wconf 90' lang='lat' dir='ltr'>est</span> <span class='ocrx_word' id='word_1_581' title='bbox 3394 1570 3571 1624; x_wconf 88' lang='lat' dir='ltr'>quam</span> <span class='ocrx_word' id='word_1_582' title='bbox 3599 1555 3793 1611; x_wconf 82' lang='lat' dir='ltr'>Filius:</span> 
     </span>
    </p>
   </div>
   <div class='ocr_carea' id='block_1_80' title="bbox 2174 1638 3797 1713">
    <p class='ocr_par' dir='ltr' id='par_1_80' title="bbox 2174 1638 3797 1713">
     <span class='ocr_line' id='line_1_80' title="bbox 2174 1638 3797 1713; baseline 0.005 -21"><span class='ocrx_word' id='word_1_583' title='bbox 2174 1638 2311 1709; x_wconf 87' lang='lat' dir='ltr'>quia</span> <span class='ocrx_word' id='word_1_584' title='bbox 2334 1645 2542 1694; x_wconf 89' lang='lat' dir='ltr'>etcum</span> <span class='ocrx_word' id='word_1_585' title='bbox 2567 1640 3119 1707; x_wconf 86' lang='lat' dir='ltr'>dicitursimilitudc</span> <span class='ocrx_word' id='word_1_586' title='bbox 3142 1642 3349 1712; x_wconf 84' lang='lat' dir='ltr'>Patris,</span> <span class='ocrx_word' id='word_1_587' title='bbox 3374 1657 3704 1713; x_wconf 88' lang='lat' dir='ltr'>quanquam</span> <span class='ocrx_word' id='word_1_588' title='bbox 3718 1659 3797 1700; x_wconf 86' lang='lat' dir='ltr'>os-</span> 
     </span>
    </p>
   </div>
   <div class='ocr_carea' id='block_1_81' title="bbox 2172 1728 3796 1797">
    <p class='ocr_par' dir='ltr' id='par_1_81' title="bbox 2172 1728 3796 1797">
     <span class='ocr_line' id='line_1_81' title="bbox 2172 1728 3796 1797; baseline 0.003 -16"><span class='ocrx_word' id='word_1_589' title='bbox 2172 1728 2373 1781; x_wconf 90' lang='lat' dir='ltr'>tendat</span> <span class='ocrx_word' id='word_1_590' title='bbox 2387 1728 2607 1783; x_wconf 86' lang='lat' dir='ltr'>nullam</span> <span class='ocrx_word' id='word_1_591' title='bbox 2639 1729 2989 1784; x_wconf 89' lang='lat' dir='ltr'>intervenire</span> <span class='ocrx_word' id='word_1_592' title='bbox 3008 1730 3581 1797; x_wconf 87' lang='lat' dir='ltr'>dissimilitudinem,</span> <span class='ocrx_word' id='word_1_593' title='bbox 3609 1748 3713 1786; x_wconf 88' lang='lat' dir='ltr'>non</span> <span class='ocrx_word' id='word_1_594' title='bbox 3728 1739 3796 1786; x_wconf 86' lang='lat' dir='ltr'>ta-</span> 
     </span>
    </p>
   </div>
   <div class='ocr_carea' id='block_1_82' title="bbox 2173 1815 3735 1890">
    <p class='ocr_par' dir='ltr' id='par_1_82' title="bbox 2173 1815 3735 1890">
     <span class='ocr_line' id='line_1_82' title="bbox 2173 1815 3735 1890; baseline 0.004 -21"><span class='ocrx_word' id='word_1_595' title='bbox 2173 1830 2307 1869; x_wconf 89' lang='lat' dir='ltr'>men</span> <span class='ocrx_word' id='word_1_596' title='bbox 2338 1815 2498 1871; x_wconf 88' lang='lat' dir='ltr'>solus</span> <span class='ocrx_word' id='word_1_597' title='bbox 2521 1822 2608 1872; x_wconf 90' lang='lat' dir='ltr'>est</span> <span class='ocrx_word' id='word_1_598' title='bbox 2636 1817 2825 1885; x_wconf 83' lang='lat' dir='ltr'>Pater,</span> <span class='ocrx_word' id='word_1_599' title='bbox 2859 1817 2909 1871; x_wconf 91' lang='lat' dir='ltr'>si</span> <span class='ocrx_word' id='word_1_600' title='bbox 2925 1818 3103 1874; x_wconf 88' lang='lat' dir='ltr'>habet</span> <span class='ocrx_word' id='word_1_601' title='bbox 3124 1822 3141 1853; x_wconf 74' lang='grc' dir='ltr'><strong><em>ι</em></strong></span> <span class='ocrx_word' id='word_1_602' title='bbox 3164 1818 3611 1874; x_wconf 87' lang='lat' dir='ltr'>similitudinem</span> <span class='ocrx_word' id='word_1_603' title='bbox 3647 1822 3735 1890; x_wconf 78' lang='grc' dir='ltr'>(α).</span> 
     </span>
    </p>
   </div>
   <div class='ocr_carea' id='block_1_83' title="bbox 2243 1904 3800 1979">
    <p class='ocr_par' dir='ltr' id='par_1_83' title="bbox 2243 1904 3800 1979">
     <span class='ocr_line' id='line_1_83' title="bbox 2243 1904 3800 1979; baseline 0.003 -22"><span class='ocrx_word' id='word_1_604' title='bbox 2243 1904 2332 1958; x_wconf 83' lang='grc'>61.</span> <span class='ocrx_word' id='word_1_605' title='bbox 2356 1905 2419 1958; x_wconf 75' lang='lat' dir='ltr'>Et</span> <span class='ocrx_word' id='word_1_606' title='bbox 2446 1905 2587 1959; x_wconf 68' lang='lat' dir='ltr'>dixit</span> <span class='ocrx_word' id='word_1_607' title='bbox 2620 1909 2779 1972; x_wconf 87' lang='lat' dir='ltr'>Deus,</span> <span class='ocrx_word' id='word_1_608' title='bbox 2811 1907 3098 1961; x_wconf 75' lang='lat' dir='ltr'>Faciamus</span> <span class='ocrx_word' id='word_1_609' title='bbox 3135 1906 3416 1961; x_wconf 80' lang='lat' dir='ltr'>hominem</span> <span class='ocrx_word' id='word_1_610' title='bbox 3436 1906 3800 1979; x_wconf 81' lang='lat' dir='ltr'>adimaginem</span> 
     </span>
    </p>
   </div>
   <div class='ocr_carea' id='block_1_84' title="bbox 2173 1994 3799 2067">
    <p class='ocr_par' dir='ltr' id='par_1_84' title="bbox 2173 1994 3799 2067">
     <span class='ocr_line' id='line_1_84' title="bbox 2173 1994 3799 2067; baseline 0.004 -21"><span class='ocrx_word' id='word_1_611' title='bbox 2173 1994 2666 2050; x_wconf 79' lang='lat' dir='ltr'>elsimilimdinem</span> <span class='ocrx_word' id='word_1_612' title='bbox 2686 2000 2948 2051; x_wconf 80' lang='lat' dir='ltr'>nostram.</span> <span class='ocrx_word' id='word_1_613' title='bbox 2974 1996 3129 2051; x_wconf 85' lang='lat' dir='ltr'>Satis</span> <span class='ocrx_word' id='word_1_614' title='bbox 3149 1996 3380 2066; x_wconf 89' lang='lat' dir='ltr'>quidem</span> <span class='ocrx_word' id='word_1_615' title='bbox 3402 2013 3529 2067; x_wconf 72' lang='lat' dir='ltr'>qua:</span> <span class='ocrx_word' id='word_1_616' title='bbox 3552 1998 3799 2067; x_wconf 89' lang='lat' dir='ltr'>superius</span> 
     </span>
    </p>
   </div>
   <div class='ocr_carea' id='block_1_85' title="bbox 2171 2081 3797 2154">
    <p class='ocr_par' dir='ltr' id='par_1_85' title="bbox 2171 2081 3797 2154">
     <span class='ocr_line' id='line_1_85' title="bbox 2171 2081 3797 2154; baseline 0.003 -20"><span class='ocrx_word' id='word_1_617' title='bbox 2171 2081 2328 2135; x_wconf 83' lang='lat' dir='ltr'>dicta</span> <span class='ocrx_word' id='word_1_618' title='bbox 2358 2088 2516 2148; x_wconf 88' lang='lat' dir='ltr'>sunt,</span> <span class='ocrx_word' id='word_1_619' title='bbox 2549 2084 2872 2138; x_wconf 89' lang='lat' dir='ltr'>secundum</span> <span class='ocrx_word' id='word_1_620' title='bbox 2904 2083 2963 2137; x_wconf 91' lang='lat' dir='ltr'>id</span> <span class='ocrx_word' id='word_1_621' title='bbox 2994 2088 3289 2154; x_wconf 82' lang='lat' dir='ltr'>exponunt</span> <span class='ocrx_word' id='word_1_622' title='bbox 3317 2084 3438 2139; x_wconf 64' lang='lat' dir='ltr'>haec</span> <span class='ocrx_word' id='word_1_623' title='bbox 3468 2085 3639 2139; x_wconf 82' lang='lat' dir='ltr'>verba</span> <span class='ocrx_word' id='word_1_624' title='bbox 3659 2085 3797 2140; x_wconf 83' lang='lat' dir='ltr'>Scri-</span> 
     </span>
    </p>
   </div>
   <div class='ocr_carea' id='block_1_86' title="bbox 2172 2171 3799 2244">
    <p class='ocr_par' dir='ltr' id='par_1_86' title="bbox 2172 2171 3799 2244">
     <span class='ocr_line' id='line_1_86' title="bbox 2172 2171 3799 2244; baseline 0.005 -22"><span class='ocrx_word' id='word_1_625' title='bbox 2172 2171 2442 2241; x_wconf 69' lang='lat' dir='ltr'>pturm,in</span> <span class='ocrx_word' id='word_1_626' title='bbox 2458 2172 2669 2241; x_wconf 89' lang='lat' dir='ltr'>quibus</span> <span class='ocrx_word' id='word_1_627' title='bbox 2683 2171 2933 2244; x_wconf 88' lang='lat' dir='ltr'>legimus</span> <span class='ocrx_word' id='word_1_628' title='bbox 2955 2173 3172 2229; x_wconf 82' lang='lat' dir='ltr'>dixisse</span> <span class='ocrx_word' id='word_1_629' title='bbox 3188 2178 3391 2239; x_wconf 75' lang='lat' dir='ltr'>Deum,</span> <span class='ocrx_word' id='word_1_630' title='bbox 3413 2176 3694 2229; x_wconf 71' lang='lat' dir='ltr'>Faciamus</span> <span class='ocrx_word' id='word_1_631' title='bbox 3715 2176 3799 2229; x_wconf 83' lang='lat' dir='ltr'>ho-</span> 
     </span>
    </p>
   </div>
   <div class='ocr_carea' id='block_1_87' title="bbox 2171 2260 3801 2332">
    <p class='ocr_par' dir='ltr' id='par_1_87' title="bbox 2171 2260 3801 2332">
     <span class='ocr_line' id='line_1_87' title="bbox 2171 2260 3801 2332; baseline 0.003 -20"><span class='ocrx_word' id='word_1_632' title='bbox 2171 2260 2376 2313; x_wconf 81' lang='lat' dir='ltr'>minem</span> <span class='ocrx_word' id='word_1_633' title='bbox 2404 2260 2475 2314; x_wconf 88' lang='lat' dir='ltr'>ad</span> <span class='ocrx_word' id='word_1_634' title='bbox 2507 2262 2805 2329; x_wconf 80' lang='lat' dir='ltr'>imaginem</span> <span class='ocrx_word' id='word_1_635' title='bbox 2835 2271 2886 2317; x_wconf 83' lang='lat' dir='ltr'>el</span> <span class='ocrx_word' id='word_1_636' title='bbox 2913 2262 3623 2332; x_wconf 75' lang='lat' dir='ltr'>similitudinemnoslram,</span> <span class='ocrx_word' id='word_1_637' title='bbox 3646 2268 3707 2317; x_wconf 91' lang='lat' dir='ltr'>ut</span> <span class='ocrx_word' id='word_1_638' title='bbox 3732 2263 3801 2317; x_wconf 85' lang='lat' dir='ltr'>si-</span> 
     </span>
    </p>
   </div>
   <div class='ocr_carea' id='block_1_88' title="bbox 2173 2347 3799 2423">
    <p class='ocr_par' dir='ltr' id='par_1_88' title="bbox 2173 2347 3799 2423">
     <span class='ocr_line' id='line_1_88' title="bbox 2173 2347 3799 2423; baseline 0.003 -22"><span class='ocrx_word' id='word_1_639' title='bbox 2173 2347 2440 2403; x_wconf 88' lang='lat' dir='ltr'>militudo</span> <span class='ocrx_word' id='word_1_640' title='bbox 2472 2350 2569 2404; x_wconf 89' lang='lat' dir='ltr'>Dei</span> <span class='ocrx_word' id='word_1_641' title='bbox 2600 2351 2672 2404; x_wconf 92' lang='lat' dir='ltr'>ad</span> <span class='ocrx_word' id='word_1_642' title='bbox 2706 2364 2881 2421; x_wconf 90' lang='lat' dir='ltr'>quam</span> <span class='ocrx_word' id='word_1_643' title='bbox 2914 2351 3103 2406; x_wconf 82' lang='lat' dir='ltr'>factus</span> <span class='ocrx_word' id='word_1_644' title='bbox 3124 2357 3214 2407; x_wconf 90' lang='lat' dir='ltr'>est</span> <span class='ocrx_word' id='word_1_645' title='bbox 3252 2352 3452 2420; x_wconf 87' lang='lat' dir='ltr'>homo,</span> <span class='ocrx_word' id='word_1_646' title='bbox 3484 2352 3673 2423; x_wconf 86' lang='lat' dir='ltr'>ipsum</span> <span class='ocrx_word' id='word_1_647' title='bbox 3716 2353 3799 2407; x_wconf 89' lang='lat' dir='ltr'>Dei</span> 
     </span>
    </p>
   </div>
   <div class='ocr_carea' id='block_1_89' title="bbox 2170 2436 3800 2513">
    <p class='ocr_par' dir='ltr' id='par_1_89' title="bbox 2170 2436 3800 2513">
     <span class='ocr_line' id='line_1_89' title="bbox 2170 2436 3800 2513; baseline 0.004 -23"><span class='ocrx_word' id='word_1_648' title='bbox 2170 2436 2564 2504; x_wconf 82' lang='lat' dir='ltr'>Verbum,hcc</span> <span class='ocrx_word' id='word_1_649' title='bbox 2576 2444 2665 2494; x_wconf 90' lang='lat' dir='ltr'>est</span> <span class='ocrx_word' id='word_1_650' title='bbox 2696 2440 3037 2511; x_wconf 87' lang='lat' dir='ltr'>unigenitus</span> <span class='ocrx_word' id='word_1_651' title='bbox 3059 2440 3240 2496; x_wconf 89' lang='lat' dir='ltr'>Filius</span> <span class='ocrx_word' id='word_1_652' title='bbox 3264 2442 3450 2512; x_wconf 89' lang='lat' dir='ltr'>accipi</span> <span class='ocrx_word' id='word_1_653' title='bbox 3468 2441 3674 2513; x_wconf 89' lang='lat' dir='ltr'>possit:</span> <span class='ocrx_word' id='word_1_654' title='bbox 3701 2457 3800 2496; x_wconf 90' lang='lat' dir='ltr'>non</span> 
     </span>
    </p>
   </div>
   <div class='ocr_carea' id='block_1_90' title="bbox 2172 2525 3801 2600">
    <p class='ocr_par' dir='ltr' id='par_1_90' title="bbox 2172 2525 3801 2600">
     <span class='ocr_line' id='line_1_90' title="bbox 2172 2525 3801 2600; baseline 0.003 -23"><span class='ocrx_word' id='word_1_655' title='bbox 2172 2525 2373 2596; x_wconf 84' lang='lat' dir='ltr'>utique</span> <span class='ocrx_word' id='word_1_656' title='bbox 2404 2534 2468 2580; x_wconf 90' lang='lat' dir='ltr'>ut</span> <span class='ocrx_word' id='word_1_657' title='bbox 2499 2526 2625 2596; x_wconf 88' lang='lat' dir='ltr'>ipse</span> <span class='ocrx_word' id='word_1_658' title='bbox 2640 2527 2719 2581; x_wconf 88' lang='lat' dir='ltr'>sit</span> <span class='ocrx_word' id='word_1_659' title='bbox 2749 2529 2953 2583; x_wconf 87' lang='lat' dir='ltr'>eadem</span> <span class='ocrx_word' id='word_1_660' title='bbox 2977 2529 3169 2600; x_wconf 87' lang='lat' dir='ltr'>imago</span> <span class='ocrx_word' id='word_1_661' title='bbox 3192 2534 3251 2584; x_wconf 90' lang='lat' dir='ltr'>et</span> <span class='ocrx_word' id='word_1_662' title='bbox 3279 2529 3607 2584; x_wconf 83' lang='lat' dir='ltr'>similitudo</span> <span class='ocrx_word' id='word_1_663' title='bbox 3631 2546 3801 2600; x_wconf 71' lang='lat' dir='ltr'>isqua-</span> 
     </span>
    </p>
   </div>
   <div class='ocr_carea' id='block_1_91' title="bbox 2170 2604 3855 2683">
    <p class='ocr_par' dir='ltr' id='par_1_91' title="bbox 2170 2604 3855 2683">
     <span class='ocr_line' id='line_1_91' title="bbox 2170 2604 3855 2683; baseline 0.004 -26"><span class='ocrx_word' id='word_1_664' title='bbox 2170 2604 2244 2658; x_wconf 91' lang='lat' dir='ltr'>lis</span> <span class='ocrx_word' id='word_1_665' title='bbox 2274 2606 2451 2660; x_wconf 82' lang='lat' dir='ltr'>Patri.</span> <span class='ocrx_word' id='word_1_666' title='bbox 2486 2607 2588 2661; x_wconf 87' lang='lat' dir='ltr'>Est</span> <span class='ocrx_word' id='word_1_667' title='bbox 2616 2612 2813 2662; x_wconf 87' lang='lat' dir='ltr'>tamen</span> <span class='ocrx_word' id='word_1_668' title='bbox 2838 2613 2897 2662; x_wconf 90' lang='lat' dir='ltr'>et</span> <span class='ocrx_word' id='word_1_669' title='bbox 2916 2608 3091 2663; x_wconf 91' lang='lat' dir='ltr'>homo</span> <span class='ocrx_word' id='word_1_670' title='bbox 3123 2608 3453 2681; x_wconf 88' lang='lat' dir='ltr'>imagoDei,</span> <span class='ocrx_word' id='word_1_671' title='bbox 3474 2609 3626 2665; x_wconf 88' lang='lat' dir='ltr'>sicut</span> <span class='ocrx_word' id='word_1_672' title='bbox 3654 2623 3800 2680; x_wconf 82' lang='lat' dir='ltr'>aper-</span> <span class='ocrx_word' id='word_1_673' title='bbox 3852 2678 3855 2683; x_wconf 25' lang='grc' dir='ltr'><strong>η</strong></span> 
     </span>
    </p>
   </div>
   <div class='ocr_carea' id='block_1_92' title="bbox 2170 2693 3802 2769">
    <p class='ocr_par' dir='ltr' id='par_1_92' title="bbox 2170 2693 3802 2769">
     <span class='ocr_line' id='line_1_92' title="bbox 2170 2693 3802 2769; baseline 0.004 -22"><span class='ocrx_word' id='word_1_674' title='bbox 2170 2693 2399 2749; x_wconf 86' lang='lat' dir='ltr'>tissime</span> <span class='ocrx_word' id='word_1_675' title='bbox 2432 2696 2687 2750; x_wconf 86' lang='lat' dir='ltr'>ostendit</span> <span class='ocrx_word' id='word_1_676' title='bbox 2716 2697 3029 2767; x_wconf 89' lang='lat' dir='ltr'>Apostolus</span> <span class='ocrx_word' id='word_1_677' title='bbox 3055 2698 3286 2753; x_wconf 89' lang='lat' dir='ltr'>dicens:</span> <span class='ocrx_word' id='word_1_678' title='bbox 3324 2701 3433 2753; x_wconf 77' lang='lat' dir='ltr'>Vir</span> <span class='ocrx_word' id='word_1_679' title='bbox 3470 2700 3685 2769; x_wconf 78' lang='lat' dir='ltr'>quidem</span> <span class='ocrx_word' id='word_1_680' title='bbox 3707 2715 3802 2753; x_wconf 81' lang='lat' dir='ltr'>non</span> 
     </span>
    </p>
   </div>
   <div class='ocr_carea' id='block_1_93' title="bbox 2169 2781 3800 2857">
    <p class='ocr_par' dir='ltr' id='par_1_93' title="bbox 2169 2781 3800 2857">
     <span class='ocr_line' id='line_1_93' title="bbox 2169 2781 3800 2857; baseline 0.002 -22"><span class='ocrx_word' id='word_1_681' title='bbox 2169 2781 2321 2836; x_wconf 78' lang='lat' dir='ltr'>debet</span> <span class='ocrx_word' id='word_1_682' title='bbox 2355 2784 2531 2838; x_wconf 85' lang='lat' dir='ltr'>velare</span> <span class='ocrx_word' id='word_1_683' title='bbox 2551 2792 2730 2853; x_wconf 73' lang='lat' dir='ltr'>caput,</span> <span class='ocrx_word' id='word_1_684' title='bbox 2762 2800 2886 2839; x_wconf 86' lang='lat' dir='ltr'>cum</span> <span class='ocrx_word' id='word_1_685' title='bbox 2912 2789 2983 2840; x_wconf 87' lang='lat' dir='ltr'>sit</span> <span class='ocrx_word' id='word_1_686' title='bbox 3014 2788 3192 2856; x_wconf 82' lang='lat' dir='ltr'>imago</span> <span class='ocrx_word' id='word_1_687' title='bbox 3217 2795 3267 2841; x_wconf 80' lang='lat' dir='ltr'>el</span> <span class='ocrx_word' id='word_1_688' title='bbox 3284 2787 3468 2857; x_wconf 87' lang='lat' dir='ltr'>gloria</span> <span class='ocrx_word' id='word_1_689' title='bbox 3498 2789 3593 2842; x_wconf 89' lang='lat' dir='ltr'>Dei</span> <span class='ocrx_word' id='word_1_690' title='bbox 3615 2788 3659 2857; x_wconf 83' lang='grc' dir='ltr'>(Ι</span> <span class='ocrx_word' id='word_1_691' title='bbox 3694 2786 3800 2843; x_wconf 79' lang='lat' dir='ltr'>Car.</span> 
     </span>
    </p>
   </div>
   <div class='ocr_carea' id='block_1_94' title="bbox 2176 2866 3802 2946">
    <p class='ocr_par' dir='ltr' id='par_1_94' title="bbox 2176 2866 3802 2946">
     <span class='ocr_line' id='line_1_94' title="bbox 2176 2866 3802 2946; baseline 0.003 -22"><span class='ocrx_word' id='word_1_692' title='bbox 2176 2887 2256 2938; x_wconf 86' lang='lat' dir='ltr'>x1,</span> <span class='ocrx_word' id='word_1_693' title='bbox 2285 2874 2362 2938; x_wconf 88' lang='lat'>7).</span> <span class='ocrx_word' id='word_1_694' title='bbox 2389 2866 2500 2926; x_wconf 89' lang='lat' dir='ltr'>Sed</span> <span class='ocrx_word' id='word_1_695' title='bbox 2532 2872 2652 2927; x_wconf 63' lang='lat' dir='ltr'>haec</span> <span class='ocrx_word' id='word_1_696' title='bbox 2685 2872 2878 2945; x_wconf 89' lang='lat' dir='ltr'>imago</span> <span class='ocrx_word' id='word_1_697' title='bbox 2910 2874 2981 2929; x_wconf 90' lang='lat' dir='ltr'>ad</span> <span class='ocrx_word' id='word_1_698' title='bbox 3013 2874 3327 2946; x_wconf 87' lang='lat' dir='ltr'>imaginem</span> <span class='ocrx_word' id='word_1_699' title='bbox 3361 2875 3465 2931; x_wconf 88' lang='lat' dir='ltr'>Dei</span> <span class='ocrx_word' id='word_1_700' title='bbox 3496 2876 3661 2945; x_wconf 80' lang='lat' dir='ltr'>facta,</span> <span class='ocrx_word' id='word_1_701' title='bbox 3702 2892 3802 2930; x_wconf 89' lang='lat' dir='ltr'>non</span> 
     </span>
    </p>
   </div>
   <div class='ocr_carea' id='block_1_95' title="bbox 2170 2959 3805 3035">
    <p class='ocr_par' dir='ltr' id='par_1_95' title="bbox 2170 2959 3805 3035">
     <span class='ocr_line' id='line_1_95' title="bbox 2170 2959 3805 3035; baseline 0.004 -24"><span class='ocrx_word' id='word_1_702' title='bbox 2170 2964 2259 3012; x_wconf 90' lang='lat' dir='ltr'>est</span> <span class='ocrx_word' id='word_1_703' title='bbox 2281 2959 2525 3029; x_wconf 73' lang='lat' dir='ltr'>zequalis</span> <span class='ocrx_word' id='word_1_704' title='bbox 2556 2965 2612 3014; x_wconf 91' lang='lat' dir='ltr'>et</span> <span class='ocrx_word' id='word_1_705' title='bbox 2642 2967 2925 3017; x_wconf 74' lang='lat' dir='ltr'>cozeterna</span> <span class='ocrx_word' id='word_1_706' title='bbox 2958 2962 3038 3016; x_wconf 94' lang='lat' dir='ltr'>illi</span> <span class='ocrx_word' id='word_1_707' title='bbox 3072 2964 3240 3033; x_wconf 89' lang='lat' dir='ltr'>cujus</span> <span class='ocrx_word' id='word_1_708' title='bbox 3290 2963 3488 3035; x_wconf 91' lang='lat' dir='ltr'>imago</span> <span class='ocrx_word' id='word_1_709' title='bbox 3544 2969 3663 3029; x_wconf 89' lang='lat' dir='ltr'>est,</span> <span class='ocrx_word' id='word_1_710' title='bbox 3715 2980 3805 3019; x_wconf 88' lang='lat' dir='ltr'>nec</span> 
     </span>
    </p>
   </div>
   <div class='ocr_carea' id='block_1_96' title="bbox 2170 3048 3803 3123">
    <p class='ocr_par' dir='ltr' id='par_1_96' title="bbox 2170 3048 3803 3123">
     <span class='ocr_line' id='line_1_96' title="bbox 2170 3048 3803 3123; baseline 0.003 -22"><span class='ocrx_word' id='word_1_711' title='bbox 2170 3053 2343 3115; x_wconf 90' lang='lat' dir='ltr'>esset,</span> <span class='ocrx_word' id='word_1_712' title='bbox 2377 3048 2611 3103; x_wconf 87' lang='lat' dir='ltr'>etiamsi</span> <span class='ocrx_word' id='word_1_713' title='bbox 2640 3067 2941 3121; x_wconf 90' lang='lat' dir='ltr'>nunquam</span> <span class='ocrx_word' id='word_1_714' title='bbox 2972 3054 3207 3106; x_wconf 89' lang='lat' dir='ltr'>omnino</span> <span class='ocrx_word' id='word_1_715' title='bbox 3242 3056 3563 3123; x_wconf 86' lang='lat' dir='ltr'>peccasset.</span> <span class='ocrx_word' id='word_1_716' title='bbox 3587 3051 3684 3106; x_wconf 91' lang='lat' dir='ltr'>llle</span> <span class='ocrx_word' id='word_1_717' title='bbox 3710 3069 3803 3106; x_wconf 85' lang='lat' dir='ltr'>au-</span> 
     </span>
    </p>
   </div>
   <div class='ocr_carea' id='block_1_97' title="bbox 2169 3138 3803 3212">
    <p class='ocr_par' dir='ltr' id='par_1_97' title="bbox 2169 3138 3803 3212">
     <span class='ocr_line' id='line_1_97' title="bbox 2169 3138 3803 3212; baseline 0.004 -22"><span class='ocrx_word' id='word_1_718' title='bbox 2169 3140 2289 3191; x_wconf 88' lang='lat' dir='ltr'>tem</span> <span class='ocrx_word' id='word_1_719' title='bbox 2315 3154 2524 3192; x_wconf 89' lang='lat' dir='ltr'>sensus</span> <span class='ocrx_word' id='word_1_720' title='bbox 2546 3144 2632 3193; x_wconf 90' lang='lat' dir='ltr'>est</span> <span class='ocrx_word' id='word_1_721' title='bbox 2665 3140 2883 3210; x_wconf 83' lang='lat' dir='ltr'>potius.</span> <span class='ocrx_word' id='word_1_722' title='bbox 2914 3144 2977 3195; x_wconf 93' lang='lat' dir='ltr'>In</span> <span class='ocrx_word' id='word_1_723' title='bbox 3009 3138 3101 3194; x_wconf 90' lang='lat' dir='ltr'>his</span> <span class='ocrx_word' id='word_1_724' title='bbox 3137 3141 3351 3195; x_wconf 89' lang='lat' dir='ltr'>divinis</span> <span class='ocrx_word' id='word_1_725' title='bbox 3379 3141 3574 3197; x_wconf 89' lang='lat' dir='ltr'>verbis</span> <span class='ocrx_word' id='word_1_726' title='bbox 3608 3141 3803 3212; x_wconf 89' lang='lat' dir='ltr'>eligen-</span> 
     </span>
    </p>
   </div>
   <div class='ocr_carea' id='block_1_98' title="bbox 2169 3227 3804 3303">
    <p class='ocr_par' dir='ltr' id='par_1_98' title="bbox 2169 3227 3804 3303">
     <span class='ocr_line' id='line_1_98' title="bbox 2169 3227 3804 3303; baseline 0.003 -23"><span class='ocrx_word' id='word_1_727' title='bbox 2169 3227 2301 3295; x_wconf 91' lang='lat' dir='ltr'>dus,</span> <span class='ocrx_word' id='word_1_728' title='bbox 2338 3232 2401 3281; x_wconf 93' lang='lat' dir='ltr'>ut</span> <span class='ocrx_word' id='word_1_729' title='bbox 2432 3228 2560 3282; x_wconf 91' lang='lat' dir='ltr'>ideo</span> <span class='ocrx_word' id='word_1_730' title='bbox 2585 3245 2699 3283; x_wconf 90' lang='lat' dir='ltr'>non</span> <span class='ocrx_word' id='word_1_731' title='bbox 2733 3230 2957 3284; x_wconf 91' lang='lat' dir='ltr'>dictum</span> <span class='ocrx_word' id='word_1_732' title='bbox 2983 3229 3391 3301; x_wconf 89' lang='lat' dir='ltr'>intelligamus</span> <span class='ocrx_word' id='word_1_733' title='bbox 3424 3231 3804 3303; x_wconf 86' lang='lat' dir='ltr'>singulariter,</span> 
     </span>
    </p>
   </div>
   <div class='ocr_carea' id='block_1_99' title="bbox 2168 3306 3805 3391">
    <p class='ocr_par' dir='ltr' id='par_1_99' title="bbox 2168 3306 3805 3391">
     <span class='ocr_line' id='line_1_99' title="bbox 2168 3306 3805 3391; baseline 0.002 -23"><span class='ocrx_word' id='word_1_734' title='bbox 2168 3316 2267 3369; x_wconf 87' lang='lat' dir='ltr'>sed</span> <span class='ocrx_word' id='word_1_735' title='bbox 2302 3314 2630 3391; x_wconf 87' lang='lat' dir='ltr'>pluraliter,</span> <span class='ocrx_word' id='word_1_736' title='bbox 2659 3306 2956 3371; x_wconf 76' lang='lat' dir='ltr'>Faciamus</span> <span class='ocrx_word' id='word_1_737' title='bbox 3000 3316 3276 3373; x_wconf 81' lang='lat' dir='ltr'>hominem</span> <span class='ocrx_word' id='word_1_738' title='bbox 3325 3318 3395 3373; x_wconf 89' lang='lat' dir='ltr'>ad</span> <span class='ocrx_word' id='word_1_739' title='bbox 3427 3320 3723 3387; x_wconf 78' lang='lat' dir='ltr'>imaginem</span> <span class='ocrx_word' id='word_1_740' title='bbox 3762 3322 3805 3373; x_wconf 81' lang='lat' dir='ltr'>el</span> 
     </span>
    </p>
   </div>
   <div class='ocr_carea' id='block_1_100' title="bbox 2166 3403 3803 3477">
    <p class='ocr_par' dir='ltr' id='par_1_100' title="bbox 2166 3403 3803 3477">
     <span class='ocr_line' id='line_1_100' title="bbox 2166 3403 3803 3477; baseline 0.004 -21"><span class='ocrx_word' id='word_1_741' title='bbox 2166 3403 2593 3459; x_wconf 78' lang='lat' dir='ltr'>similitudinem</span> <span class='ocrx_word' id='word_1_742' title='bbox 2620 3410 2892 3473; x_wconf 81' lang='lat' dir='ltr'>nostram;</span> <span class='ocrx_word' id='word_1_743' title='bbox 2927 3406 3066 3477; x_wconf 91' lang='lat' dir='ltr'>quia</span> <span class='ocrx_word' id='word_1_744' title='bbox 3105 3423 3221 3461; x_wconf 91' lang='lat' dir='ltr'>non</span> <span class='ocrx_word' id='word_1_745' title='bbox 3265 3408 3335 3461; x_wconf 90' lang='lat' dir='ltr'>ad</span> <span class='ocrx_word' id='word_1_746' title='bbox 3378 3407 3567 3463; x_wconf 90' lang='lat' dir='ltr'>solius</span> <span class='ocrx_word' id='word_1_747' title='bbox 3615 3406 3803 3472; x_wconf 82' lang='lat' dir='ltr'>Patris,</span> 
     </span>
    </p>
   </div>
   <div class='ocr_carea' id='block_1_101' title="bbox 2167 3492 3802 3566">
    <p class='ocr_par' dir='ltr' id='par_1_101' title="bbox 2167 3492 3802 3566">
     <span class='ocr_line' id='line_1_101' title="bbox 2167 3492 3802 3566; baseline 0.002 -20"><span class='ocrx_word' id='word_1_748' title='bbox 2167 3498 2269 3546; x_wconf 89' lang='lat' dir='ltr'>aut</span> <span class='ocrx_word' id='word_1_749' title='bbox 2303 3492 2487 3547; x_wconf 90' lang='lat' dir='ltr'>solius</span> <span class='ocrx_word' id='word_1_750' title='bbox 2520 3492 2669 3563; x_wconf 90' lang='lat' dir='ltr'>Filii,</span> <span class='ocrx_word' id='word_1_751' title='bbox 2712 3498 2813 3549; x_wconf 88' lang='lat' dir='ltr'>aut</span> <span class='ocrx_word' id='word_1_752' title='bbox 2842 3494 3026 3549; x_wconf 89' lang='lat' dir='ltr'>solius</span> <span class='ocrx_word' id='word_1_753' title='bbox 3055 3494 3308 3566; x_wconf 90' lang='lat' dir='ltr'>Spiritus</span> <span class='ocrx_word' id='word_1_754' title='bbox 3338 3498 3551 3566; x_wconf 86' lang='lat' dir='ltr'>sancti,</span> <span class='ocrx_word' id='word_1_755' title='bbox 3587 3498 3685 3552; x_wconf 88' lang='lat' dir='ltr'>sed</span> <span class='ocrx_word' id='word_1_756' title='bbox 3738 3496 3802 3551; x_wconf 86' lang='lat' dir='ltr'>ad</span> 
     </span>
    </p>
   </div>
   <div class='ocr_carea' id='block_1_102' title="bbox 2166 3582 3802 3656">
    <p class='ocr_par' dir='ltr' id='par_1_102' title="bbox 2166 3582 3802 3656">
     <span class='ocr_line' id='line_1_102' title="bbox 2166 3582 3802 3656; baseline 0.002 -20"><span class='ocrx_word' id='word_1_757' title='bbox 2166 3582 2355 3653; x_wconf 91' lang='lat' dir='ltr'>ipsius</span> <span class='ocrx_word' id='word_1_758' title='bbox 2387 3582 2694 3638; x_wconf 89' lang='lat' dir='ltr'>Trinitatis</span> <span class='ocrx_word' id='word_1_759' title='bbox 2724 3583 3042 3656; x_wconf 77' lang='lat' dir='ltr'>imaginem</span> <span class='ocrx_word' id='word_1_760' title='bbox 3068 3586 3259 3641; x_wconf 81' lang='lat' dir='ltr'>factus</span> <span class='ocrx_word' id='word_1_761' title='bbox 3297 3591 3387 3641; x_wconf 90' lang='lat' dir='ltr'>est</span> <span class='ocrx_word' id='word_1_762' title='bbox 3426 3586 3622 3642; x_wconf 90' lang='lat' dir='ltr'>homo.</span> <span class='ocrx_word' id='word_1_763' title='bbox 3682 3588 3802 3651; x_wconf 72' lang='lat' dir='ltr'>Qua</span> 
     </span>
    </p>
   </div>
   <div class='ocr_carea' id='block_1_103' title="bbox 2163 3670 3803 3739">
    <p class='ocr_par' dir='ltr' id='par_1_103' title="bbox 2163 3670 3803 3739">
     <span class='ocr_line' id='line_1_103' title="bbox 2163 3670 3803 3739; baseline 0.004 -16"><span class='ocrx_word' id='word_1_764' title='bbox 2163 3670 2412 3724; x_wconf 90' lang='lat' dir='ltr'>Trinitas</span> <span class='ocrx_word' id='word_1_765' title='bbox 2445 3670 2526 3725; x_wconf 90' lang='lat' dir='ltr'>ita</span> <span class='ocrx_word' id='word_1_766' title='bbox 2546 3675 2634 3725; x_wconf 90' lang='lat' dir='ltr'>est</span> <span class='ocrx_word' id='word_1_767' title='bbox 2664 3671 2941 3739; x_wconf 88' lang='lat' dir='ltr'>Trinitas,</span> <span class='ocrx_word' id='word_1_768' title='bbox 2976 3678 3209 3728; x_wconf 90' lang='lat' dir='ltr'>utunus</span> <span class='ocrx_word' id='word_1_769' title='bbox 3262 3678 3412 3729; x_wconf 88' lang='lat' dir='ltr'>Deus</span> <span class='ocrx_word' id='word_1_770' title='bbox 3444 3675 3565 3736; x_wconf 74' lang='lat' dir='ltr'>sit:</span> <span class='ocrx_word' id='word_1_771' title='bbox 3598 3676 3677 3729; x_wconf 86' lang='lat' dir='ltr'>ita</span> <span class='ocrx_word' id='word_1_772' title='bbox 3723 3680 3803 3728; x_wconf 89' lang='lat' dir='ltr'>est</span> 
     </span>
    </p>
   </div>
   <div class='ocr_carea' id='block_1_104' title="bbox 2164 3760 3799 3825">
    <p class='ocr_par' dir='ltr' id='par_1_104' title="bbox 2164 3760 3799 3825">
     <span class='ocr_line' id='line_1_104' title="bbox 2164 3760 3799 3825; baseline 0.003 -14"><span class='ocrx_word' id='word_1_773' title='bbox 2164 3775 2320 3812; x_wconf 90' lang='lat' dir='ltr'>unus</span> <span class='ocrx_word' id='word_1_774' title='bbox 2349 3763 2521 3825; x_wconf 87' lang='lat' dir='ltr'>Deus,</span> <span class='ocrx_word' id='word_1_775' title='bbox 2546 3764 2612 3813; x_wconf 91' lang='lat' dir='ltr'>ut</span> <span class='ocrx_word' id='word_1_776' title='bbox 2638 3760 2894 3815; x_wconf 88' lang='lat' dir='ltr'>Trinitas</span> <span class='ocrx_word' id='word_1_777' title='bbox 2918 3761 3014 3815; x_wconf 88' lang='lat' dir='ltr'>sit.</span> <span class='ocrx_word' id='word_1_778' title='bbox 3052 3761 3177 3817; x_wconf 86' lang='lat' dir='ltr'>Non</span> <span class='ocrx_word' id='word_1_779' title='bbox 3208 3762 3363 3816; x_wconf 91' lang='lat' dir='ltr'>enim</span> <span class='ocrx_word' id='word_1_780' title='bbox 3423 3763 3507 3816; x_wconf 92' lang='lat' dir='ltr'>ait</span> <span class='ocrx_word' id='word_1_781' title='bbox 3540 3762 3680 3817; x_wconf 89' lang='lat' dir='ltr'>Filio</span> <span class='ocrx_word' id='word_1_782' title='bbox 3726 3762 3799 3816; x_wconf 89' lang='lat' dir='ltr'>lo-</span> 
     </span>
    </p>
   </div>
   <div class='ocr_carea' id='block_1_105' title="bbox 2165 3847 3804 3921">
    <p class='ocr_par' dir='ltr' id='par_1_105' title="bbox 2165 3847 3804 3921">
     <span class='ocr_line' id='line_1_105' title="bbox 2165 3847 3804 3921; baseline 0.003 -21"><span class='ocrx_word' id='word_1_783' title='bbox 2165 3864 2371 3917; x_wconf 88' lang='lat' dir='ltr'>quens,</span> <span class='ocrx_word' id='word_1_784' title='bbox 2405 3847 2716 3902; x_wconf 88' lang='lat' dir='ltr'>Faciamus</span> <span class='ocrx_word' id='word_1_785' title='bbox 2761 3847 3056 3903; x_wconf 90' lang='lat' dir='ltr'>hominem</span> <span class='ocrx_word' id='word_1_786' title='bbox 3115 3850 3187 3904; x_wconf 90' lang='lat' dir='ltr'>ad</span> <span class='ocrx_word' id='word_1_787' title='bbox 3245 3850 3568 3921; x_wconf 89' lang='lat' dir='ltr'>imaginem</span> <span class='ocrx_word' id='word_1_788' title='bbox 3625 3856 3804 3916; x_wconf 90' lang='lat' dir='ltr'>tuam;</span> 
     </span>
    </p>
   </div>
   <div class='ocr_carea' id='block_1_106' title="bbox 2166 3933 3803 4009">
    <p class='ocr_par' dir='ltr' id='par_1_106' title="bbox 2166 3933 3803 4009">
     <span class='ocr_line' id='line_1_106' title="bbox 2166 3933 3803 4009; baseline 0.001 -19"><span class='ocrx_word' id='word_1_789' title='bbox 2166 3933 2364 4001; x_wconf 88' lang='lat' dir='ltr'>aut,ad</span> <span class='ocrx_word' id='word_1_790' title='bbox 2396 3935 2715 4007; x_wconf 90' lang='lat' dir='ltr'>imaginem</span> <span class='ocrx_word' id='word_1_791' title='bbox 2754 3952 2975 3991; x_wconf 69' lang='lat' dir='ltr'>meam:</span> <span class='ocrx_word' id='word_1_792' title='bbox 3009 3938 3110 3992; x_wconf 92' lang='lat' dir='ltr'>sed</span> <span class='ocrx_word' id='word_1_793' title='bbox 3143 3937 3449 4009; x_wconf 88' lang='lat' dir='ltr'>pluraliter</span> <span class='ocrx_word' id='word_1_794' title='bbox 3473 3939 3652 4009; x_wconf 87' lang='lat' dir='ltr'>ait,ad</span> <span class='ocrx_word' id='word_1_795' title='bbox 3679 3941 3803 3993; x_wconf 85' lang='lat' dir='ltr'>ima-</span> 
     </span>
    </p>
   </div>
   <div class='ocr_carea' id='block_1_107' title="bbox 2165 4020 3805 4099">
    <p class='ocr_par' dir='ltr' id='par_1_107' title="bbox 2165 4020 3805 4099">
     <span class='ocr_line' id='line_1_107' title="bbox 2165 4020 3805 4099; baseline 0.001 -21"><span class='ocrx_word' id='word_1_796' title='bbox 2165 4041 2349 4093; x_wconf 77' lang='lat' dir='ltr'>ginem</span> <span class='ocrx_word' id='word_1_797' title='bbox 2375 4029 2427 4078; x_wconf 90' lang='lat' dir='ltr'>el</span> <span class='ocrx_word' id='word_1_798' title='bbox 2454 4020 2887 4080; x_wconf 77' lang='lat' dir='ltr'>similitudinem</span> <span class='ocrx_word' id='word_1_799' title='bbox 2916 4031 3162 4081; x_wconf 81' lang='lat' dir='ltr'>nostram</span> <span class='ocrx_word' id='word_1_800' title='bbox 3193 4047 3211 4081; x_wconf 92' lang='lat'><em>:</em></span> <span class='ocrx_word' id='word_1_801' title='bbox 3243 4044 3276 4082; x_wconf 92' lang='lat' dir='ltr'>a</span> <span class='ocrx_word' id='word_1_802' title='bbox 3308 4044 3426 4098; x_wconf 91' lang='lat' dir='ltr'>qua</span> <span class='ocrx_word' id='word_1_803' title='bbox 3480 4027 3805 4099; x_wconf 88' lang='lat' dir='ltr'>pluralitate</span> 
     </span>
    </p>
   </div>
   <div class='ocr_carea' id='block_1_108' title="bbox 2167 4100 3808 4186">
    <p class='ocr_par' dir='ltr' id='par_1_108' title="bbox 2167 4100 3808 4186">
     <span class='ocr_line' id='line_1_108' title="bbox 2167 4100 3808 4186; baseline 0 -19"><span class='ocrx_word' id='word_1_804' title='bbox 2167 4100 2449 4183; x_wconf 82' lang='lat' dir='ltr'>Spiritum</span> <span class='ocrx_word' id='word_1_805' title='bbox 2483 4118 2750 4167; x_wconf 88' lang='lat' dir='ltr'>sanctum</span> <span class='ocrx_word' id='word_1_806' title='bbox 2782 4131 3051 4185; x_wconf 90' lang='lat' dir='ltr'>separare</span> <span class='ocrx_word' id='word_1_807' title='bbox 3083 4115 3217 4186; x_wconf 90' lang='lat' dir='ltr'>quis</span> <span class='ocrx_word' id='word_1_808' title='bbox 3248 4115 3506 4171; x_wconf 80' lang='lat' dir='ltr'>audeat?</span> <span class='ocrx_word' id='word_1_809' title='bbox 3537 4116 3669 4178; x_wconf 78' lang='lat' dir='ltr'>Quae</span> <span class='ocrx_word' id='word_1_810' title='bbox 3700 4115 3808 4186; x_wconf 85' lang='lat' dir='ltr'>plu-</span> 
     </span>
    </p>
   </div>
   <div class='ocr_carea' id='block_1_109' title="bbox 2166 4198 3806 4274">
    <p class='ocr_par' dir='ltr' id='par_1_109' title="bbox 2166 4198 3806 4274">
     <span class='ocr_line' id='line_1_109' title="bbox 2166 4198 3806 4274; baseline 0.002 -19"><span class='ocrx_word' id='word_1_811' title='bbox 2166 4198 2388 4270; x_wconf 89' lang='lat' dir='ltr'>ralitas,</span> <span class='ocrx_word' id='word_1_812' title='bbox 2425 4202 2701 4272; x_wconf 80' lang='lat' dir='ltr'>quoniam</span> <span class='ocrx_word' id='word_1_813' title='bbox 2737 4220 2851 4257; x_wconf 89' lang='lat' dir='ltr'>non</span> <span class='ocrx_word' id='word_1_814' title='bbox 2886 4209 3001 4259; x_wconf 86' lang='lat' dir='ltr'>tres</span> <span class='ocrx_word' id='word_1_815' title='bbox 3032 4206 3133 4271; x_wconf 89' lang='lat' dir='ltr'>dii,</span> <span class='ocrx_word' id='word_1_816' title='bbox 3167 4207 3267 4260; x_wconf 89' lang='lat' dir='ltr'>sed</span> <span class='ocrx_word' id='word_1_817' title='bbox 3303 4222 3457 4260; x_wconf 89' lang='lat' dir='ltr'>unus</span> <span class='ocrx_word' id='word_1_818' title='bbox 3509 4210 3599 4260; x_wconf 90' lang='lat' dir='ltr'>est</span> <span class='ocrx_word' id='word_1_819' title='bbox 3646 4205 3806 4274; x_wconf 90' lang='lat' dir='ltr'>Deus,</span> 
     </span>
    </p>
   </div>
   <div class='ocr_carea' id='block_1_110' title="bbox 2164 4278 3807 4363">
    <p class='ocr_par' dir='ltr' id='par_1_110' title="bbox 2164 4278 3807 4363">
     <span class='ocr_line' id='line_1_110' title="bbox 2164 4278 3807 4363; baseline 0.001 -20"><span class='ocrx_word' id='word_1_820' title='bbox 2164 4288 2293 4344; x_wconf 92' lang='lat' dir='ltr'>ideo</span> <span class='ocrx_word' id='word_1_821' title='bbox 2325 4278 2773 4361; x_wconf 91' lang='lat' dir='ltr'>intelligendum</span> <span class='ocrx_word' id='word_1_822' title='bbox 2807 4296 2897 4346; x_wconf 90' lang='lat' dir='ltr'>est</span> <span class='ocrx_word' id='word_1_823' title='bbox 2926 4297 3129 4363; x_wconf 90' lang='lat' dir='ltr'>postea</span> <span class='ocrx_word' id='word_1_824' title='bbox 3157 4292 3525 4363; x_wconf 89' lang='lat' dir='ltr'>Scripturam</span> <span class='ocrx_word' id='word_1_825' title='bbox 3557 4290 3807 4363; x_wconf 86' lang='lat' dir='ltr'>singula-</span> 
     </span>
    </p>
   </div>
   <div class='ocr_carea' id='block_1_111' title="bbox 2165 4370 3805 4451">
    <p class='ocr_par' dir='ltr' id='par_1_111' title="bbox 2165 4370 3805 4451">
     <span class='ocr_line' id='line_1_111' title="bbox 2165 4370 3805 4451; baseline 0.001 -19"><span class='ocrx_word' id='word_1_826' title='bbox 2165 4370 2305 4433; x_wconf 81' lang='lat' dir='ltr'>riter</span> <span class='ocrx_word' id='word_1_827' title='bbox 2335 4370 2625 4445; x_wconf 89' lang='lat' dir='ltr'>intulisse,</span> <span class='ocrx_word' id='word_1_828' title='bbox 2662 4385 2831 4449; x_wconf 88' lang='lat' dir='ltr'>atque</span> <span class='ocrx_word' id='word_1_829' title='bbox 2862 4380 3095 4451; x_wconf 74' lang='lat' dir='ltr'>dixisse,</span> <span class='ocrx_word' id='word_1_830' title='bbox 3130 4382 3195 4435; x_wconf 76' lang='lat' dir='ltr'>Et</span> <span class='ocrx_word' id='word_1_831' title='bbox 3224 4382 3352 4450; x_wconf 78' lang='lat' dir='ltr'>fecit</span> <span class='ocrx_word' id='word_1_832' title='bbox 3370 4382 3513 4435; x_wconf 86' lang='lat' dir='ltr'>Deus</span> <span class='ocrx_word' id='word_1_833' title='bbox 3545 4382 3805 4435; x_wconf 84' lang='lat' dir='ltr'>hominem</span> 
     </span>
    </p>
   </div>
   <div class='ocr_carea' id='block_1_112' title="bbox 2167 4467 3807 4541">
    <p class='ocr_par' dir='ltr' id='par_1_112' title="bbox 2167 4467 3807 4541">
     <span class='ocr_line' id='line_1_112' title="bbox 2167 4467 3807 4541; baseline -0.001 -19"><span class='ocrx_word' id='word_1_834' title='bbox 2167 4467 2237 4522; x_wconf 90' lang='lat' dir='ltr'>ad</span> <span class='ocrx_word' id='word_1_835' title='bbox 2267 4469 2567 4538; x_wconf 78' lang='lat' dir='ltr'>imaginem</span> <span class='ocrx_word' id='word_1_836' title='bbox 2590 4472 2726 4530; x_wconf 87' lang='lat' dir='ltr'>Dei;</span> <span class='ocrx_word' id='word_1_837' title='bbox 2758 4476 2820 4523; x_wconf 90' lang='lat' dir='ltr'>ut</span> <span class='ocrx_word' id='word_1_838' title='bbox 2851 4486 2965 4524; x_wconf 92' lang='lat' dir='ltr'>non</span> <span class='ocrx_word' id='word_1_839' title='bbox 3008 4470 3091 4524; x_wconf 88' lang='lat' dir='ltr'>sic</span> <span class='ocrx_word' id='word_1_840' title='bbox 3136 4470 3478 4541; x_wconf 91' lang='lat' dir='ltr'>accipiatur,</span> <span class='ocrx_word' id='word_1_841' title='bbox 3538 4476 3807 4539; x_wconf 85' lang='lat' dir='ltr'>tanquam</span> 
     </span>
    </p>
   </div>
   <div class='ocr_carea' id='block_1_113' title="bbox 2168 4546 3807 4629">
    <p class='ocr_par' dir='ltr' id='par_1_113' title="bbox 2168 4546 3807 4629">
     <span class='ocr_line' id='line_1_113' title="bbox 2168 4546 3807 4629; baseline -0.001 -18"><span class='ocrx_word' id='word_1_842' title='bbox 2168 4546 2317 4611; x_wconf 89' lang='lat' dir='ltr'>Deus</span> <span class='ocrx_word' id='word_1_843' title='bbox 2352 4558 2515 4611; x_wconf 85' lang='lat' dir='ltr'>Pater</span> <span class='ocrx_word' id='word_1_844' title='bbox 2545 4558 2615 4612; x_wconf 90' lang='lat' dir='ltr'>ad</span> <span class='ocrx_word' id='word_1_845' title='bbox 2665 4558 2983 4629; x_wconf 90' lang='lat' dir='ltr'>imaginem</span> <span class='ocrx_word' id='word_1_846' title='bbox 3045 4559 3165 4628; x_wconf 81' lang='lat' dir='ltr'>Dei,</span> <span class='ocrx_word' id='word_1_847' title='bbox 3199 4559 3307 4613; x_wconf 91' lang='lat' dir='ltr'>hoc</span> <span class='ocrx_word' id='word_1_848' title='bbox 3362 4565 3450 4613; x_wconf 89' lang='lat' dir='ltr'>est</span> <span class='ocrx_word' id='word_1_849' title='bbox 3513 4558 3638 4612; x_wconf 83' lang='lat' dir='ltr'>Filii</span> <span class='ocrx_word' id='word_1_850' title='bbox 3686 4556 3807 4612; x_wconf 75' lang='lat' dir='ltr'>suil</span> 
     </span>
    </p>
   </div>
   <div class='ocr_carea' id='block_1_114' title="bbox 2164 4642 3804 4717">
    <p class='ocr_par' dir='ltr' id='par_1_114' title="bbox 2164 4642 3804 4717">
     <span class='ocr_line' id='line_1_114' title="bbox 2164 4642 3804 4717; baseline -0.001 -17"><span class='ocrx_word' id='word_1_851' title='bbox 2164 4642 2417 4715; x_wconf 79' lang='lat' dir='ltr'>alioquin</span> <span class='ocrx_word' id='word_1_852' title='bbox 2452 4648 2743 4715; x_wconf 80' lang='lat' dir='ltr'>quomodo</span> <span class='ocrx_word' id='word_1_853' title='bbox 2778 4664 2976 4701; x_wconf 90' lang='lat' dir='ltr'>verum</span> <span class='ocrx_word' id='word_1_854' title='bbox 3010 4652 3118 4713; x_wconf 90' lang='lat' dir='ltr'>est,</span> <span class='ocrx_word' id='word_1_855' title='bbox 3152 4648 3308 4717; x_wconf 89' lang='lat' dir='ltr'>quod</span> <span class='ocrx_word' id='word_1_856' title='bbox 3341 4646 3565 4701; x_wconf 90' lang='lat' dir='ltr'>dictum</span> <span class='ocrx_word' id='word_1_857' title='bbox 3598 4650 3705 4715; x_wconf 87' lang='lat' dir='ltr'>est,</span> <span class='ocrx_word' id='word_1_858' title='bbox 3742 4644 3804 4699; x_wconf 84' lang='lat' dir='ltr'>ad</span> 
     </span>
    </p>
   </div>
   <div class='ocr_carea' id='block_1_115' title="bbox 2164 4734 3805 4805">
    <p class='ocr_par' dir='ltr' id='par_1_115' title="bbox 2164 4734 3805 4805">
     <span class='ocr_line' id='line_1_115' title="bbox 2164 4734 3805 4805; baseline -0.001 -16"><span class='ocrx_word' id='word_1_859' title='bbox 2164 4736 2459 4802; x_wconf 84' lang='lat' dir='ltr'>imaginem</span> <span class='ocrx_word' id='word_1_860' title='bbox 2480 4744 2744 4804; x_wconf 77' lang='lat' dir='ltr'>nostram,</span> <span class='ocrx_word' id='word_1_861' title='bbox 2776 4734 2826 4790; x_wconf 90' lang='lat' dir='ltr'>si</span> <span class='ocrx_word' id='word_1_862' title='bbox 2858 4735 2929 4789; x_wconf 90' lang='lat' dir='ltr'>ad</span> <span class='ocrx_word' id='word_1_863' title='bbox 2962 4734 3089 4789; x_wconf 89' lang='lat' dir='ltr'>Filii</span> <span class='ocrx_word' id='word_1_864' title='bbox 3122 4734 3303 4789; x_wconf 91' lang='lat' dir='ltr'>solius</span> <span class='ocrx_word' id='word_1_865' title='bbox 3334 4734 3654 4805; x_wconf 87' lang='lat' dir='ltr'>imaginem</span> <span class='ocrx_word' id='word_1_866' title='bbox 3700 4734 3805 4788; x_wconf 80' lang='lat' dir='ltr'>fac-</span> 
     </span>
    </p>
   </div>
   <div class='ocr_carea' id='block_1_116' title="bbox 2164 4818 3800 4897">
    <p class='ocr_par' dir='ltr' id='par_1_116' title="bbox 2164 4818 3800 4897">
     <span class='ocr_line' id='line_1_116' title="bbox 2164 4818 3800 4897; baseline -0.001 -19"><span class='ocrx_word' id='word_1_867' title='bbox 2164 4818 2261 4880; x_wconf 78' lang='lat' dir='ltr'>tus</span> <span class='ocrx_word' id='word_1_868' title='bbox 2291 4828 2380 4879; x_wconf 89' lang='lat' dir='ltr'>est</span> <span class='ocrx_word' id='word_1_869' title='bbox 2409 4820 2631 4879; x_wconf 80' lang='lat' dir='ltr'>homo?</span> <span class='ocrx_word' id='word_1_870' title='bbox 2666 4831 2742 4879; x_wconf 82' lang='lat' dir='ltr'>Ac</span> <span class='ocrx_word' id='word_1_871' title='bbox 2777 4842 2876 4897; x_wconf 88' lang='lat' dir='ltr'>per</span> <span class='ocrx_word' id='word_1_872' title='bbox 2906 4827 3014 4880; x_wconf 81' lang='lat' dir='ltr'>hoc</span> <span class='ocrx_word' id='word_1_873' title='bbox 3044 4826 3182 4897; x_wconf 90' lang='lat' dir='ltr'>quia</span> <span class='ocrx_word' id='word_1_874' title='bbox 3205 4842 3399 4881; x_wconf 77' lang='lat' dir='ltr'>verum</span> <span class='ocrx_word' id='word_1_875' title='bbox 3424 4831 3513 4879; x_wconf 90' lang='lat' dir='ltr'>est</span> <span class='ocrx_word' id='word_1_876' title='bbox 3546 4824 3695 4896; x_wconf 91' lang='lat' dir='ltr'>quod</span> <span class='ocrx_word' id='word_1_877' title='bbox 3729 4824 3800 4878; x_wconf 89' lang='lat' dir='ltr'>ait</span> 
     </span>
    </p>
   </div>
   <div class='ocr_carea' id='block_1_117' title="bbox 2168 4913 3807 4986">
    <p class='ocr_par' dir='ltr' id='par_1_117' title="bbox 2168 4913 3807 4986">
     <span class='ocr_line' id='line_1_117' title="bbox 2168 4913 3807 4986; baseline -0.002 -17"><span class='ocrx_word' id='word_1_878' title='bbox 2168 4916 2337 4983; x_wconf 86' lang='lat' dir='ltr'>Deus,</span> <span class='ocrx_word' id='word_1_879' title='bbox 2366 4914 2433 4968; x_wconf 82' lang='lat' dir='ltr'>ad</span> <span class='ocrx_word' id='word_1_880' title='bbox 2481 4916 2780 4986; x_wconf 81' lang='lat' dir='ltr'>imaginem</span> <span class='ocrx_word' id='word_1_881' title='bbox 2812 4921 3092 4981; x_wconf 80' lang='lat' dir='ltr'>nostram,-</span> <span class='ocrx_word' id='word_1_882' title='bbox 3125 4914 3207 4969; x_wconf 86' lang='lat' dir='ltr'>ita</span> <span class='ocrx_word' id='word_1_883' title='bbox 3254 4914 3473 4968; x_wconf 89' lang='lat' dir='ltr'>dictum</span> <span class='ocrx_word' id='word_1_884' title='bbox 3528 4920 3635 4983; x_wconf 89' lang='lat' dir='ltr'>est,</span> <span class='ocrx_word' id='word_1_885' title='bbox 3677 4913 3807 4968; x_wconf 82' lang='lat' dir='ltr'>Fecil</span> 
     </span>
    </p>
   </div>
   <div class='ocr_carea' id='block_1_118' title="bbox 2162 4998 3802 5073">
    <p class='ocr_par' dir='ltr' id='par_1_118' title="bbox 2162 4998 3802 5073">
     <span class='ocr_line' id='line_1_118' title="bbox 2162 4998 3802 5073; baseline -0.002 -16"><span class='ocrx_word' id='word_1_886' title='bbox 2162 5003 2312 5057; x_wconf 84' lang='lat' dir='ltr'>Deus</span> <span class='ocrx_word' id='word_1_887' title='bbox 2335 5000 2608 5057; x_wconf 81' lang='lat' dir='ltr'>hominem</span> <span class='ocrx_word' id='word_1_888' title='bbox 2634 5002 2706 5057; x_wconf 77' lang='lat' dir='ltr'>ad</span> <span class='ocrx_word' id='word_1_889' title='bbox 2733 5005 3028 5073; x_wconf 83' lang='lat' dir='ltr'>imaginem</span> <span class='ocrx_word' id='word_1_890' title='bbox 3058 5004 3177 5069; x_wconf 81' lang='lat' dir='ltr'>Dei,</span> <span class='ocrx_word' id='word_1_891' title='bbox 3203 5008 3485 5072; x_wconf 86' lang='lat' dir='ltr'>tanquam</span> <span class='ocrx_word' id='word_1_892' title='bbox 3517 4998 3802 5056; x_wconf 89' lang='lat' dir='ltr'>diceretur</span> 
     </span>
    </p>
   </div>
   <div class='ocr_carea' id='block_1_119' title="bbox 2164 5086 3569 5164">
    <p class='ocr_par' dir='ltr' id='par_1_119' title="bbox 2164 5086 3569 5164">
     <span class='ocr_line' id='line_1_119' title="bbox 2164 5086 3569 5164; baseline -0.001 -20"><span class='ocrx_word' id='word_1_893' title='bbox 2164 5086 2234 5145; x_wconf 89' lang='lat' dir='ltr'>ad</span> <span class='ocrx_word' id='word_1_894' title='bbox 2268 5088 2582 5162; x_wconf 80' lang='lat' dir='ltr'>imaginem</span> <span class='ocrx_word' id='word_1_895' title='bbox 2612 5108 2802 5159; x_wconf 89' lang='lat' dir='ltr'>suam,</span> <span class='ocrx_word' id='word_1_896' title='bbox 2839 5089 2992 5164; x_wconf 92' lang='lat' dir='ltr'>quod</span> <span class='ocrx_word' id='word_1_897' title='bbox 3016 5095 3103 5145; x_wconf 93' lang='lat' dir='ltr'>est</span> <span class='ocrx_word' id='word_1_898' title='bbox 3126 5091 3253 5160; x_wconf 87' lang='lat' dir='ltr'>ipsa</span> <span class='ocrx_word' id='word_1_899' title='bbox 3291 5090 3569 5144; x_wconf 89' lang='lat' dir='ltr'>Trinitas.</span> 
     </span>
    </p>
   </div>
   <div class='ocr_carea' id='block_1_120' title="bbox 2232 5174 3805 5251">
    <p class='ocr_par' dir='ltr' id='par_1_120' title="bbox 2232 5174 3805 5251">
     <span class='ocr_line' id='line_1_120' title="bbox 2232 5174 3805 5251; baseline -0.003 -18"><span class='ocrx_word' id='word_1_900' title='bbox 2232 5180 2321 5234; x_wconf 78' lang='grc'>62.</span> <span class='ocrx_word' id='word_1_901' title='bbox 2358 5174 2632 5235; x_wconf 88' lang='lat' dir='ltr'>Nonnulli</span> <span class='ocrx_word' id='word_1_902' title='bbox 2664 5186 2861 5235; x_wconf 92' lang='lat' dir='ltr'>autem</span> <span class='ocrx_word' id='word_1_903' title='bbox 2894 5184 3099 5251; x_wconf 85' lang='lat' dir='ltr'>putant</span> <span class='ocrx_word' id='word_1_904' title='bbox 3125 5180 3252 5234; x_wconf 93' lang='lat' dir='ltr'>ideo</span> <span class='ocrx_word' id='word_1_905' title='bbox 3276 5196 3391 5233; x_wconf 90' lang='lat' dir='ltr'>non</span> <span class='ocrx_word' id='word_1_906' title='bbox 3415 5176 3720 5248; x_wconf 89' lang='lat' dir='ltr'>repetitam</span> <span class='ocrx_word' id='word_1_907' title='bbox 3736 5174 3805 5229; x_wconf 89' lang='lat' dir='ltr'>si-</span> 
     </span>
    </p>
   </div>
   <div class='ocr_carea' id='block_1_121' title="bbox 2162 5266 3799 5340">
    <p class='ocr_par' dir='ltr' id='par_1_121' title="bbox 2162 5266 3799 5340">
     <span class='ocr_line' id='line_1_121' title="bbox 2162 5266 3799 5340; baseline -0.003 -17"><span class='ocrx_word' id='word_1_908' title='bbox 2162 5269 2773 5340; x_wconf 84' lang='lat' dir='ltr'>militudinem,neque</span> <span class='ocrx_word' id='word_1_909' title='bbox 2804 5270 3049 5337; x_wconf 81' lang='lat' dir='ltr'>dictum,</span> <span class='ocrx_word' id='word_1_910' title='bbox 3077 5274 3140 5323; x_wconf 81' lang='lat' dir='ltr'>Et</span> <span class='ocrx_word' id='word_1_911' title='bbox 3170 5268 3306 5323; x_wconf 81' lang='lat' dir='ltr'>fecit</span> <span class='ocrx_word' id='word_1_912' title='bbox 3330 5274 3478 5322; x_wconf 89' lang='lat' dir='ltr'>Deus</span> <span class='ocrx_word' id='word_1_913' title='bbox 3509 5266 3799 5321; x_wconf 89' lang='lat' dir='ltr'>hominem</span> 
     </span>
    </p>
   </div>
   <div class='ocr_carea' id='block_1_122' title="bbox 2162 5346 3802 5429">
    <p class='ocr_par' dir='ltr' id='par_1_122' title="bbox 2162 5346 3802 5429">
     <span class='ocr_line' id='line_1_122' title="bbox 2162 5346 3802 5429; baseline -0.005 -14"><span class='ocrx_word' id='word_1_914' title='bbox 2162 5346 2231 5415; x_wconf 89' lang='lat' dir='ltr'>ad</span> <span class='ocrx_word' id='word_1_915' title='bbox 2254 5356 2569 5429; x_wconf 88' lang='lat' dir='ltr'>imaginem</span> <span class='ocrx_word' id='word_1_916' title='bbox 2589 5359 3104 5414; x_wconf 81' lang='lat' dir='ltr'>etsimilitudinem</span> <span class='ocrx_word' id='word_1_917' title='bbox 3125 5357 3390 5428; x_wconf 89' lang='lat' dir='ltr'>Dei,quia</span> <span class='ocrx_word' id='word_1_918' title='bbox 3404 5362 3543 5411; x_wconf 90' lang='lat' dir='ltr'>tunc</span> <span class='ocrx_word' id='word_1_919' title='bbox 3558 5361 3802 5408; x_wconf 87' lang='lat' dir='ltr'>tantum-</span> 
     </span>
    </p>
   </div>
   <div class='ocr_carea' id='block_1_123' title="bbox 2160 5440 3799 5519">
    <p class='ocr_par' dir='ltr' id='par_1_123' title="bbox 2160 5440 3799 5519">
     <span class='ocr_line' id='line_1_123' title="bbox 2160 5440 3799 5519; baseline -0.005 -17"><span class='ocrx_word' id='word_1_920' title='bbox 2160 5448 2331 5502; x_wconf 92' lang='lat' dir='ltr'>modo</span> <span class='ocrx_word' id='word_1_921' title='bbox 2356 5447 2424 5500; x_wconf 84' lang='lat' dir='ltr'>ad</span> <span class='ocrx_word' id='word_1_922' title='bbox 2451 5446 2770 5519; x_wconf 86' lang='lat' dir='ltr'>imaginem</span> <span class='ocrx_word' id='word_1_923' title='bbox 2794 5448 2983 5502; x_wconf 74' lang='lat' dir='ltr'>factus</span> <span class='ocrx_word' id='word_1_924' title='bbox 3015 5451 3131 5514; x_wconf 89' lang='lat' dir='ltr'>est;</span> <span class='ocrx_word' id='word_1_925' title='bbox 3156 5444 3479 5501; x_wconf 90' lang='lat' dir='ltr'>similitudo</span> <span class='ocrx_word' id='word_1_926' title='bbox 3509 5440 3799 5499; x_wconf 90' lang='lat' dir='ltr'>autemilli</span> 
     </span>
    </p>
   </div>
   <div class='ocr_carea' id='block_1_124' title="bbox 2164 5652 3797 5751">
    <p class='ocr_par' dir='ltr' id='par_1_124' title="bbox 2164 5652 3797 5751">
     <span class='ocr_line' id='line_1_124' title="bbox 2164 5652 3797 5751; baseline -0.002 -52"><span class='ocrx_word' id='word_1_927' title='bbox 2164 5656 2243 5751; x_wconf 45' lang='lat' dir='ltr'>ibi</span> <span class='ocrx_word' id='word_1_928' title='bbox 2276 5653 2546 5751; x_wconf 34' lang='lat' dir='ltr'>Edim/1:71</span> <span class='ocrx_word' id='word_1_929' title='bbox 2571 5653 2814 5703; x_wconf 80' lang='lat' dir='ltr'>habet.At</span> <span class='ocrx_word' id='word_1_930' title='bbox 2832 5655 2926 5702; x_wconf 79' lang='lat' dir='ltr'>Ms.</span> <span class='ocrx_word' id='word_1_931' title='bbox 2946 5653 3094 5702; x_wconf 86' lang='lat' dir='ltr'>Vatic</span> <span class='ocrx_word' id='word_1_932' title='bbox 3111 5652 3372 5716; x_wconf 87' lang='lat' dir='ltr'>aliiquein</span> <span class='ocrx_word' id='word_1_933' title='bbox 3393 5655 3411 5700; x_wconf 81' lang='grc'><strong>1</strong></span> <span class='ocrx_word' id='word_1_934' title='bbox 3430 5653 3797 5709; x_wconf 76' lang='lat' dir='ltr'>Retract.,cap&#39;</span> 
     </span>
    </p>
   </div>
   <div class='ocr_carea' id='block_1_125' title="bbox 2211 5712 3796 5839">
    <p class='ocr_par' dir='ltr' id='par_1_125' title="bbox 2211 5712 3796 5839">
     <span class='ocr_line' id='line_1_125' title="bbox 2211 5712 3796 5839; baseline -0.002 -18"><span class='ocrx_word' id='word_1_935' title='bbox 2211 5712 2606 5839; x_wconf 48' lang='lat' dir='ltr'>1ius)!liliilliceiiiuni</span> <span class='ocrx_word' id='word_1_936' title='bbox 2636 5776 2827 5837; x_wconf 67' lang='lat' dir='ltr'>adjecit</span> <span class='ocrx_word' id='word_1_937' title='bbox 2854 5774 3183 5839; x_wconf 74' lang='lat' dir='ltr'>Augustines</span> <span class='ocrx_word' id='word_1_938' title='bbox 3241 5776 3417 5823; x_wconf 88' lang='lat' dir='ltr'>multis</span> <span class='ocrx_word' id='word_1_939' title='bbox 3464 5778 3585 5836; x_wconf 83' lang='lat' dir='ltr'>post</span> <span class='ocrx_word' id='word_1_940' title='bbox 3633 5770 3796 5839; x_wconf 84' lang='lat' dir='ltr'>anni_s_,</span> 
     </span>
    </p>
   </div>
   <div class='ocr_carea' id='block_1_126' title="bbox 2217 5834 3800 5899">
    <p class='ocr_par' dir='ltr' id='par_1_126' title="bbox 2217 5834 3800 5899">
     <span class='ocr_line' id='line_1_126' title="bbox 2217 5834 3800 5899; baseline -0.005 -11"><span class='ocrx_word' id='word_1_941' title='bbox 2217 5834 2309 5888; x_wconf 86' lang='lat' dir='ltr'>um</span> <span class='ocrx_word' id='word_1_942' title='bbox 2339 5834 2791 5889; x_wconf 53' lang='lat' dir='ltr'>Retr‘actation&#39;um</span> <span class='ocrx_word' id='word_1_943' title='bbox 2820 5834 2983 5888; x_wconf 73' lang='lat' dir='ltr'>libros</span> <span class='ocrx_word' id='word_1_944' title='bbox 2999 5838 3195 5899; x_wconf 87' lang='lat' dir='ltr'>ederet,</span> <span class='ocrx_word' id='word_1_945' title='bbox 3208 5839 3309 5887; x_wconf 80' lang='lat' dir='ltr'>exl</span> <span class='ocrx_word' id='word_1_946' title='bbox 3343 5834 3571 5887; x_wconf 57' lang='lat' dir='ltr'>Retr&#39;act.</span> <span class='ocrx_word' id='word_1_947' title='bbox 3595 5848 3709 5896; x_wconf 91' lang='lat' dir='ltr'>cap.</span> <span class='ocrx_word' id='word_1_948' title='bbox 3747 5834 3800 5881; x_wconf 88' lang='grc'>18</span> 
     </span>
    </p>
   </div>
  </div>
