4006 6180
435 324 551 379 247

436 454 508 507 de
538 450 812 506 thesauro
845 464 950 503 suo
974 464 1121 502 nova
1142 451 1199 502 et
1227 450 1420 499 vetera
1443 442 1664 513 (itaita.
1690 456 1815 504 xm,
1837 440 2084 508 52),quee

437 542 553 595 duo
585 540 761 594 etiam
792 538 1165 611 Testamenta
1195 534 1490 589 dicuntur.
1544 533 1607 584 In
1657 528 1846 583 Libris
1888 531 2085 581 autem

436 628 712 684 omnibus
738 627 958 682 sanctis
982 625 1190 678 intueri
1218 626 1443 693 oportet.
1462 637 1583 690 qua:
1613 618 1691 672 ibi
1715 622 1931 671 aeterna
1954 614 2088 668 inti—

435 722 689 783 mentur,
716 732 842 786 qua
868 715 1018 769 facta
1058 718 1387 778 narrentur,
1414 726 1541 781 quae
1575 709 1772 761 futura
1808 720 2086 776 praenun—

436 810 676 874 tientur,
699 821 824 877 qua
847 805 1072 875 agenda
1098 802 1509 874 praecipiantur
1529 797 1617 854 vel
1647 792 2086 850 moneantur.1n

440 896 773 952 narratione
809 909 947 964 ergo
999 909 1190 947 rerum
1239 894 1525 945 factarum
1566 884 1847 957 quaeritur
1889 885 2089 936 utrum

438 985 638 1041 omnia
667 983 990 1038 secundum
1018 982 1330 1051 ﬁguratum
1364 981 1377 1012 ί
1403 974 1812 1031 tantummodo
1834 968 2089 1025 intellec-

438 1079 563 1129 tum
588 1072 969 1143 accipiantur,
994 1087 1065 1123 an
1099 1070 1275 1123 etiam
1322 1065 1645 1121 secundum
1682 1062 1856 1116 ﬁdem
1891 1075 2088 1115 rerum

435 1166 734 1235 gestarum
754 1158 1069 1215 asserenda
1086 1163 1141 1209 et
1164 1153 1529 1210 defendenda
1552 1150 1840 1206 sint.Nain
1865 1165 1979 1203 non
2003 1163 2090 1201 es-

437 1269 499 1307 se
525 1249 867 1321 accipienda
892 1246 1237 1318 figuraliter,
1273 1242 1471 1297 nullus
1512 1239 1869 1296 cbristianus
1899 1236 2090 1290 dicere

443 1340 700 1408 audebit,
725 1337 1031 1392 attendens
1053 1334 1394 1403 ApOsLUlum
1418 1330 1730 1397 dicentem,
1760 1327 1956 1381 Omnia
1983 1342 2091 1379 au-

447 1441 554 1483 tem
576 1428 694 1483 haec
714 1429 771 1480 in
811 1426 991 1495 ﬁgura
1032 1422 1412 1492 contingebant
1432 1418 1555 1474 illis
1575 1418 1620 1488 (Ι
1642 1420 1770 1473 Cor.
1794 1433 1850 1484 x,
1876 1414 1962 1484 11)
1988 1431 1999 1466 :
2037 1417 2095 1467 et

457 1517 599 1571 illud
625 1515 777 1586 quod
802 1514 858 1567 in
901 1512 1109 1568 Genesi
1142 1510 1425 1578 scriptum
1454 1512 1561 1571 est,
1604 1508 1669 1561 Et
1698 1513 1860 1559 erunt
1888 1502 1992 1556 duo
2032 1504 2095 1556 in

448 1620 616 1660 carne
640 1620 752 1657 una
774 1601 925 1672 (Gen.
946 1601 1138 1668 11,24),
1166 1614 1443 1669 magnum
1480 1597 1913 1651 sacramentum
1936 1606 2094 1646 com-

458 1695 833 1749 mendantem
866 1691 925 1745 in
959 1689 1184 1743 Christo
1215 1687 1349 1741 etin
1384 1682 1872 1753 Ecolesia(£phes.
1907 1697 1960 1749 v,
1983 1679 2095 1749 32).

514 1805 567 1856 2.
610 1800 670 1856 Si
692 1814 827 1870 ergo
851 1801 1100 1867 utroque
1133 1796 1303 1849 modo
1336 1793 1432 1846 illa
1453 1792 1756 1861 Scriptura
1777 1786 2099 1842 scrutanda

450 1895 558 1961 est,
583 1903 916 1961 qumramus
939 1885 1232 1958 quomodo
1257 1883 1478 1936 dictum
1504 1884 1590 1934 est
1616 1881 1820 1949 praeter
1839 1873 2102 1945 allegori-

455 1996 582 2035 cam
614 1976 1123 2049 signiﬁcationem,
1158 1968 1217 2028 In
1266 1970 1543 2042 principio
1573 1969 1703 2036 fecit
1740 1967 1880 2019 Deus
1910 1964 2103 2018 caelum

451 2073 503 2124 et
534 2074 780 2124 terram:
822 2069 1017 2119 utrum
1052 2064 1109 2118 in
1146 2060 1430 2133 principio
1462 2054 1784 2127 temporis;
1838 2070 1910 2107 an
1966 2051 2105 2122 quia

452 2159 639 2229 primo
668 2154 934 2211 omnium
970 2153 1119 2207 facta
1159 2150 1276 2205 sint
1308 2167 1319 2213 ;
1377 2165 1449 2201 an
1483 2143 1793 2217 principio,
1831 2141 1985 2213 quod
2018 2144 2108 2194 est

452 2247 704 2302 Verbum
739 2243 841 2299 Dei
874 2241 1213 2312 unigenitus
1247 2237 1447 2291 Filius.
1481 2235 1548 2289 Et
1595 2231 1886 2303 quomodo
1922 2228 2107 2300 possit

458 2336 688 2392 ostendi
724 2338 905 2387 Deum
937 2331 1064 2385 sine
1096 2328 1217 2383 ulla
1247 2328 1335 2382 sui
1371 2323 1830 2380 commutatione
1879 2316 2107 2389 operari

460 2422 765 2480 mutabilia
795 2424 850 2476 et
884 2416 1251 2490 temporalia.
1287 2417 1355 2470 Et
1387 2413 1528 2484 quid
1580 2410 1947 2482 signiﬁcetur
1996 2423 2106 2462 no-

463 2513 619 2568 mine
641 2509 767 2566 cueli
791 2514 849 2564 et
869 2513 1037 2563 terres
1063 2525 1075 2573 ;
1104 2511 1299 2560 utrum
1324 2503 1531 2575 spiritu
1543 2500 1650 2555 alis
1672 2496 2110 2569 corporalisque

464 2606 732 2659 creatura
756 2598 884 2654 cceli
910 2603 968 2652 et
990 2601 1152 2651 terras
1176 2593 1522 2649 vocabulum
1547 2587 1852 2660 acceperit,
1876 2603 1948 2641 an
1979 2591 2109 2640 tan-

464 2689 768 2748 tummodo
800 2685 1116 2757 corporalis
1151 2700 1163 2737 :
1200 2682 1347 2738 utin
1395 2681 1505 2735 hoc
1533 2679 1682 2733 libro
1713 2678 1784 2731 de
1816 2672 2108 2745 spirituali

463 2780 720 2836 tacuisse
752 2774 1135 2845 intelligatur,
1170 2778 1343 2842 atque
1391 2769 1473 2823 ita
1522 2766 1739 2821 dixisse
1797 2762 2008 2819 coelum
2053 2766 2111 2816 et

457 2875 695 2937 terram,
743 2871 808 2921 ut
837 2878 1072 2919 omnem
1106 2864 1434 2916 creaturam
1474 2869 1810 2926 corpoream
1843 2851 2107 2922 superio-

455 2974 576 3014 rem
601 2961 775 3027 atque
799 2952 1130 3009 inferiorem
1156 2949 1489 3019 signiﬁcare
1510 2942 1871 2997 voluerit.An
1897 2939 2109 2994 utrius-

457 3063 571 3119 que
600 3042 869 3100 informis
902 3039 1145 3095 materia
1171 3038 1326 3091 dicta
1347 3037 1436 3089 est
1455 3031 1666 3087 coelum
1685 3034 1742 3085 et
1772 3034 1925 3084 terra
1949 3045 1960 3083 :
1987 3027 2105 3098 spi-

460 3118 692 3192 ritualis
718 3130 989 3186 videlicet
1017 3128 1157 3192 vita,
1208 3124 1383 3179 sicuti
1414 3138 1544 3177 esse
1568 3123 1759 3192 potest
1788 3118 1846 3171 in
1876 3134 1958 3180 se,
1991 3133 2105 3171 non

462 3238 740 3282 conversa
773 3221 841 3275 ad
875 3219 1239 3282 Creatorem;
1274 3211 1374 3267 tali
1406 3210 1560 3265 enim
1595 3206 1968 3263 conversione
2000 3206 2110 3260 for-

457 3317 653 3367 matur
683 3314 857 3378 atque
888 3303 1226 3376 perﬁcitur;
1257 3299 1303 3354 si
1340 3303 1536 3353 autem
1568 3313 1683 3351 non
1717 3298 2107 3362 convertatur,

458 3398 728 3454 informis
755 3400 841 3451 est
873 3412 887 3450 :
921 3392 1240 3463 corporalis
1290 3394 1484 3442 autem
1529 3385 1578 3441 si
1628 3382 1815 3455 possit
1863 3380 2111 3452 intelligi

463 3507 565 3561 per
595 3486 973 3559 privationem
999 3480 1193 3536 omnis
1214 3492 1500 3547 corporeae
1525 3472 1983 3545 qualitatis,quze
2007 3487 2111 3540 ap-

476 3557 640 3647 paret
681 3573 741 3625 in
776 3568 1019 3625 materia
1064 3568 1331 3623 formata.
1366 3578 1500 3617 cum
1542 3561 1667 3631 jam
1720 3561 1858 3613 sunt
1887 3557 2111 3628 species

466 3678 802 3734 corporum,
841 3658 960 3713 sive
990 3656 1102 3711 alio
1134 3653 1394 3725 quolibet
1422 3667 1601 3706 sensu
1625 3647 1883 3718 corporis
1917 3660 2109 3716 perce-

468 3750 723 3827 ptibiles.

536 3860 588 3913 3.
615 3863 694 3912 An
719 3854 929 3910 ccelum
960 3848 1411 3921 intelligendum
1434 3849 1524 3900 est
1548 3847 1816 3899 creatura
1837 3839 2111 3910 spiritus;

466 3949 561 4016 lis,
595 3948 667 4001 ab
699 3943 932 4000 exordio
964 3956 1079 4013 quo
1111 3939 1264 3993 facta
1292 3940 1403 4002 est,
1436 3934 1689 4006 perfecta
1720 3930 1821 3985 illa
1849 3933 1905 3985 et
1944 3929 2116 3983 beata

470 4052 702 4107 semper
728 4051 739 4088 :
767 4039 921 4088 terra
942 4046 1096 4096 vero,
1122 4024 1446 4098 corporalis
1486 4021 1759 4077 materies
1789 4018 1980 4074 adhuc
2003 4018 2111 4072 im-

470 4126 725 4197 perfecta
750 4148 763 4189 ;
796 4121 935 4193 quia
955 4115 1352 4188 terra,inquit,
1374 4117 1489 4169 erat
1506 4111 1810 4166 invisibilis
1831 4114 1884 4163 et
1904 4110 2114 4163 incom-

464 4196 721 4286 posita,“
737 4212 976 4266 tenebrae
1000 4217 1157 4264 erant
1181 4221 1343 4276 super
1364 4204 1625 4273 abyssum
1644 4218 1667 4264 ;
1687 4198 1904 4269 quibus
1922 4196 2115 4252 verbis

468 4303 699 4357 videtur
720 4299 1135 4354 informitatem
1178 4292 1508 4364 signiﬁcare
1540 4288 1880 4343 substantiae
1913 4302 2116 4357 corpo-

476 4389 614 4445 ralis
634 4388 660 4441 ?
691 4390 775 4442 An
799 4387 1107 4455 utriusque
1130 4382 1459 4436 informitas
1482 4377 1576 4433 his
1594 4376 1766 4433 etiam
1788 4375 2119 4446 posteriori-

476 4481 587 4534 bus
608 4477 799 4532 verbis
826 4474 1224 4544 signiﬁcatur:
1252 4467 1568 4540 corporalis
1589 4466 1823 4536 quidem
1867 4480 1931 4518 eo
1963 4463 2118 4535 quod

480 4569 702 4622 dictum
734 4569 831 4629 τεεί,
872 4566 1030 4618 Terra
1053 4568 1169 4615 erat
1194 4558 1493 4613 invisibilis
1510 4560 1561 4611 et
1580 4555 1973 4625 incomposita:
2000 4552 2119 4624 spi-

480 4656 706 4713 ritualis
728 4658 922 4709 autem
946 4668 1011 4707 eo
1034 4650 1188 4722 quod
1211 4647 1434 4702 dictum
1459 4651 1567 4711 est,
1584 4644 1828 4698 Tenebrae
1848 4652 2005 4696 erant
2027 4659 2117 4695 su-

476 4762 574 4816 per
592 4745 878 4814 abyssum;
892 4746 947 4796 et
968 4737 1252 4794 translato
1270 4736 1441 4790 verbo
1458 4734 1828 4789 tenebrosam
1847 4731 2121 4801 abyssum

480 4832 881 4903 intelligamus
906 4835 1177 4883 naturam
1201 4826 1327 4879 vita
1349 4819 1801 4888 informem,nisi
1823 4822 2119 4873 converta-

481 4925 579 4976 tur
601 4921 669 4973 ad
694 4923 1015 4973 Creatorem
1041 4935 1053 4971 :
1075 4934 1188 4987 quo
1214 4914 1335 4970 solo
1363 4912 1536 4967 modo
1559 4910 1795 4965 formari
1821 4911 2027 4979 potest,
2058 4912 2124 4961 ut

480 5026 594 5064 non
614 5008 691 5062 sit
710 5007 957 5078 abyssus
985 5009 1073 5072 ;et
1095 5003 1436 5068 illuminari,
1461 5004 1527 5055 ut
1548 5016 1661 5054 non
1690 4997 1765 5054 sit
1786 4996 2123 5051 tenebrosa?

481 5103 548 5152 Et
571 5096 862 5168 quomodo
886 5093 1104 5147 dictum
1144 5098 1250 5159 est,
1286 5091 1541 5145 Tenebrae
1578 5096 1740 5143 erant
1776 5102 1945 5157 super
1963 5085 2122 5155 abys-

472 5203 594 5241 sum
619 5189 734 5239 ?an
758 5183 897 5255 quia
918 5199 1033 5235 non
1056 5185 1180 5235 erat
1204 5178 1343 5233 lux?
1369 5196 1492 5249 quae
1515 5178 1563 5232 ei
1590 5181 1765 5242 esset,
1794 5175 1997 5245 utique
2023 5190 2122 5226 su-

477 5276 817 5346 peresset,et
836 5276 1118 5340 tanquam
1139 5267 1660 5337 superfunderetur
1685 5283 1697 5319 :
1722 5264 1876 5334 quod
1897 5268 2037 5316 tunc
2060 5262 2126 5315 ﬁt

479 5363 538 5417 iu
562 5366 827 5417 creatura
850 5356 1141 5429 spirituali
1167 5372 1300 5410 cum
1329 5352 1685 5409 convertitur
1705 5353 1776 5406 ad
1795 5352 2122 5405 incommu-

480 5449 658 5505 tabile
690 5453 865 5519 atque
898 5444 1261 5515 incorporale
1292 5444 1511 5508 lumen,
1536 5441 1691 5512 quod
1722 5440 1876 5495 Deus
1908 5443 2013 5494 est.

553 5625 569 5658 ¹
600 5621 757 5679 Editi,
778 5621 1078 5685 ﬁguratum.
1101 5620 1173 5685 At_
1189 5620 1310 5667 Mss.
1333 5617 1421 5685 vix
1442 5616 1553 5685 ullo
1576 5616 1795 5685 e_;_c_epio
1813 5616 2119 5685 ﬁgurarum.

548 5685 573 5721 9
599 5685 684 5736 Sic
704 5677 839 5735 Mss:
846 5684 1047 5747 aliquot
1066 5682 1281 5744 optimae
1302 5682 1535 5729 uotae.At
1552 5677 2121 5740 editi,incomparabtle.

1304 315 1403 371 Dl'l
1454 313 1733 372 Gl‘INEb‘l
1782 312 1883 366 AD
1934 308 2355 366 l.l'l"l‘EllA;\l.
2409 310 2474 366 S.
2518 305 2968 366 AUGUSTINI.

3704 316 3803 373 248

2197 436 2428 492 CAPUT
2460 436 2530 490 II.
2564 465 2633 514 -_—
2667 436 2941 503 Quomodo
2972 436 3123 514 dixit
3147 438 3306 505 Deus,
3340 438 3607 514 Fiatlux;
3637 460 3702 495 an
3722 461 3805 514 per

2448 511 2788 575 creaturam,
2822 525 2902 561 an
2927 524 3028 579 per
3056 513 3324 562 aeternum.
3355 511 3586 567 Verbum.

2269 615 2320 668 4.
2355 614 2424 668 Et
2454 615 2746 684 quomodo
2772 614 2918 668 dixit
2947 615 3121 679 Deus,
3156 618 3277 670 Fiat
3301 617 3397 670 tua:
3418 620 3444 669 ?
3473 623 3655 672 utrum
3682 624 3805 675 tem-

2200 702 2503 775 poraliter,
2521 720 2592 756 an
2617 703 2673 756 in
2698 702 2871 757 Verbi
2895 704 3248 759 aeternitate?
3271 705 3336 759 Et
3360 706 3407 759 si
3430 711 3538 760 tem
3551 707 3806 777 poraliter,

2201 792 2406 863 utique
2438 790 2844 857 mutabiliter;
2879 793 3169 863 quomodo
3212 810 3345 865 ergo
3383 796 3562 865 possit
3594 796 3809 869 intelligi

2202 880 2313 935 hoc
2344 880 2534 935 dicere
2581 880 2758 949 Deus,
2793 881 2905 935 nisi
2940 898 3039 951 per
3066 888 3437 947 creaturam;
3473 883 3591 954 ipse
3623 885 3810 955 quippe

2201 973 2290 1024 est
2312 966 2854 1024 incommutabilis?
2877 969 2943 1022 Et
2964 969 3013 1024 si
3038 986 3138 1040 per
3161 976 3483 1024 creaturam
3509 972 3645 1026 dixit
3663 973 3812 1039 Deus,

2200 1060 2323 1112 Fiat
2355 1058 2453 1111 tua:
2476 1074 2495 1118 ,°
2528 1056 2821 1127 quomodo
2853 1072 2942 1111 eet.
2973 1048 3163 1128 prima
3192 1064 3457 1113 creatura
3496 1060 3607 1121 lux,
3639 1061 3683 1114 si
3712 1067 3815 1115 erat

2195 1147 2319 1217 jam
2353 1150 2638 1203 creatura.
2662 1163 2764 1217 per
2794 1162 2970 1217 quam
3007 1147 3159 1201 Deus
3188 1148 3421 1215 diceret,
3444 1149 3559 1202 Fiat
3585 1150 3712 1203 tur?
3740 1154 3810 1203 An

2204 1253 2320 1290 non
2355 1240 2444 1289 est
2472 1234 2570 1288 lux
2602 1235 2789 1306 prima
2823 1242 3121 1301 creatura;
3151 1236 3428 1305 quiajam
3460 1237 3668 1291 dictum
3692 1245 3814 1305 erat,

2204 1326 2265 1379 Iu
2292 1325 2567 1395 principio
2598 1325 2731 1392 fecit
2778 1327 2921 1379 Deus
2959 1326 3155 1379 caelum
3186 1334 3234 1380 et
3266 1330 3471 1381 terram
3497 1344 3509 1392 ;
3543 1331 3597 1381 et
3624 1334 3821 1397 poterat

2207 1429 2310 1484 per
2339 1412 2635 1467 caelestem
2662 1418 2981 1467 creaturam
3015 1431 3124 1468 vox
3164 1415 3287 1469 ﬁeri
3339 1415 3717 1484 temporalitcr
3745 1423 3819 1469 at-

2208 1518 2321 1572 que
2352 1500 2736 1567 mutabiliter,
2790 1518 2907 1572 qua
2928 1502 3240 1569 diceretur,
3278 1504 3398 1557 Fiat
3431 1504 3571 1557 tum?
3609 1504 3753 1567 Quod
3780 1505 3822 1558 si

2208 1592 2286 1645 ita
2316 1594 2424 1656 est,
2450 1589 2768 1661 corporalis
2788 1589 2888 1644 lux
2919 1591 3068 1646 facta
3095 1598 3183 1646 est
3202 1591 3337 1658 ista,
3366 1609 3539 1663 quam
3565 1594 3823 1663 corporeis

2210 1678 2394 1734 oculis
2426 1678 2747 1747 cernimus,
2782 1679 3009 1733 dicente
3043 1681 3156 1734 Deo
3190 1698 3291 1751 per
3324 1687 3645 1736 creaturam
3676 1682 3823 1752 spiri-

2209 1767 2452 1836 tualem,
2488 1782 2664 1837 quam
2704 1768 2852 1822 Deus
2876 1769 3001 1837 jam
3038 1769 3269 1834 fecerat,
3304 1787 3440 1824 cum
3487 1770 3543 1823 in
3572 1769 3824 1841 principio

2212 1858 2348 1913 fecit
2396 1856 2550 1911 Deus
2602 1855 2814 1910 caelum
2864 1862 2919 1910 et
2963 1863 3201 1925 terram,
3254 1861 3376 1913 Fiat
3407 1862 3538 1920 tua;
3568 1876 3630 1913 eo
3676 1859 3824 1913 modo

2213 1962 2328 2017 quo
2360 1961 2462 2017 per
2481 1944 2616 1999 talis
2647 1948 2921 1999 creaturae
2958 1947 3293 2002 interiorem
3325 1958 3378 2001 et
3410 1947 3690 2002 occultum
3722 1962 3824 2001 mo-

2214 2038 2342 2089 tum
2374 2034 2655 2088 divinitus
2688 2032 2801 2088 dici
2834 2035 3042 2104 potuit,
3077 2038 3197 2090 Fiat
3230 2038 3347 2091 lux.

2286 2124 2341 2176 5.
2374 2125 2462 2176 An
2489 2122 2663 2177 etiam
2696 2122 3077 2193 corporaliter
3106 2126 3304 2179 sonuit
3335 2144 3443 2180 vox
3475 2127 3709 2181 dicentis
3731 2126 3829 2193 Dei,

2217 2214 2338 2267 Fiat
2369 2212 2468 2265 tua:
2485 2228 2506 2271 ;
2538 2211 2693 2266 sicut
2725 2212 3109 2282 corporaliter
3130 2216 3328 2268 sonuit
3352 2233 3459 2270 vox
3481 2216 3714 2270 dicentis
3737 2213 3832 2277 Dei,

2223 2303 2296 2356 Tu
2325 2318 2379 2355 es
2411 2302 2586 2355 Filius
2615 2316 2766 2354 meus
2795 2300 3023 2355 dilectus
3053 2302 3272 2368 (Matth.
3296 2321 3378 2370 III,
3414 2306 3497 2375 l7)
3519 2324 3531 2359 :
3556 2311 3608 2359 et
3636 2305 3733 2359 hoc
3756 2320 3837 2375 per

2218 2394 2544 2443 creaturam
2578 2388 2965 2460 corporalem,
2986 2406 3163 2460 quam
3200 2392 3410 2446 fecerat
3443 2394 3613 2459 Deus,
3637 2409 3756 2446 cum
3788 2392 3833 2445 in

2220 2476 2505 2548 principio
2539 2477 2672 2532 feeit
2715 2476 2927 2532 caelum
2977 2485 3032 2531 et
3081 2484 3319 2549 terram,
3353 2488 3665 2552 antequam
3695 2481 3833 2535 ﬁeret

2218 2565 2467 2637 lux,quae
2500 2566 2557 2619 in
2581 2566 2690 2620 hac
2722 2571 2967 2621 sonante
2982 2583 3117 2622 voce
3141 2568 3293 2622 facta
3315 2570 3443 2622 est?
3465 2569 3533 2623 Et
3563 2569 3607 2623 si
3639 2571 3712 2623 ita
3739 2572 3830 2631 est,

2219 2671 2333 2725 qua
2365 2654 2563 2723 lingua
2594 2655 2792 2709 sonuit
2821 2654 2929 2709 ista
2964 2674 3092 2723 vox,
3127 2657 3354 2711 dicente
3381 2658 3522 2725 Deo,
3564 2659 3676 2712 Fiat
3709 2656 3794 2710 tum
3822 2677 3836 2717 ,-

2219 2743 2356 2813 quia
2386 2744 2646 2797 nondum
2682 2746 2807 2796 erat
2838 2742 3175 2814 linguarum
3208 2745 3540 2809 diversitas,
3579 2762 3697 2815 qua:
3731 2760 3838 2814 pos-

2218 2836 2311 2886 tea
2344 2831 2495 2885 facta
2524 2834 2613 2883 est
2656 2830 2713 2884 in
2767 2830 3149 2885 aediﬁcatione
3182 2834 3361 2886 turris
3417 2839 3548 2904 post
3579 2833 3833 2887 diluvium

2216 2920 2373 2991 (Gen.
2406 2937 2485 2985 x1,
2514 2919 2610 2988 7)?
2639 2919 2911 2981 Quanam
2960 2918 3121 2991 ligna
3167 2927 3289 2974 erat
3322 2938 3441 2975 una
3490 2927 3544 2977 et
3574 2922 3710 2989 sola,
3741 2938 3837 2991 qua

2231 3009 2386 3065 Deus
2418 3008 2648 3063 locutus
2680 3008 2915 3074 est,Fiat
2947 3008 3079 3062 luat?
3098 3014 3154 3062 et
3185 3010 3317 3079 quis
3350 3015 3477 3065 erat
3508 3027 3673 3081 quem
3697 3022 3840 3081 opor-

2221 3099 2379 3153 tebat
2401 3096 2621 3163 audire,
2649 3101 2823 3167 atque
2852 3095 3196 3168 intelligere,
3222 3099 3292 3151 ad
3316 3115 3493 3169 quem
3518 3117 3621 3153 vox
3652 3100 3837 3166 hujus-

2220 3186 2376 3242 modi
2399 3172 2794 3257 proferretur?
2813 3187 2898 3239 An
2932 3185 3052 3240 haec
3085 3188 3342 3241 absurda
3371 3188 3734 3258 carnalisque
3762 3202 3840 3240 co-

2219 3276 2422 3347 gitatio
2451 3279 2539 3329 est
2568 3279 2740 3343 atque
2770 3273 3028 3345 suspicio
3049 3275 3077 3329 ‘I

2287 3365 2340 3419 6.
2374 3364 2521 3427 Quid
2555 3379 2688 3433 ergo
2722 3363 3036 3418 dicemus?
3066 3365 3224 3417 Anid
3244 3365 3395 3434 quod
3428 3365 3773 3435 intelligitur
3796 3362 3843 3415 in

2219 3470 2363 3509 sono
2398 3453 2576 3520 vocis,
2610 3469 2744 3507 cum
2776 3451 3012 3515 dicitur,
3043 3452 3164 3506 Fiat
3196 3453 3315 3510 lux.
3368 3470 3482 3507 non
3518 3458 3705 3506 autem
3736 3452 3840 3521 ipse

2219 3557 2532 3613 corporeus
2564 3557 2767 3607 sonus,
2791 3540 2900 3595 hoc
2932 3540 3078 3595 bene
3110 3541 3392 3611 accipitur
3425 3558 3554 3596 esse
3584 3557 3685 3594 vox
3712 3537 3843 3593 Dei?

2220 3635 2275 3685 et
2319 3634 2517 3684 utrum
2567 3629 2677 3683 hoc
2723 3629 2917 3699 ipsum
2958 3631 3028 3683 ad
3064 3634 3339 3683 naturam
3376 3630 3664 3700 pertineat
3693 3626 3840 3681 Verbi

2220 3718 2371 3787 ejus,
2405 3718 2473 3771 de
2506 3734 2621 3787 quo
2652 3716 2888 3784 dicitur,
2947 3717 3002 3769 In
3057 3719 3330 3788 principio
3375 3727 3498 3772 erat
3550 3718 3779 3781 Verbum,
3803 3719 3845 3767 et

2228 3806 2454 3861 Verbum
2485 3809 2601 3859 erat
2630 3804 2777 3875 apud
2811 3805 2997 3873 Deum,
3022 3810 3072 3858 et
3096 3811 3240 3859 Deus
3270 3809 3387 3860 erat
3428 3806 3692 3861 Verbum?
3721 3807 3841 3858 Cum

2222 3894 2377 3950 enim
2408 3893 2479 3948 de
2531 3893 2631 3947 illo
2686 3893 2919 3957 dicitur,
2954 3896 3163 3949 Omnia
3209 3911 3307 3964 per
3351 3896 3533 3965 ipsum
3574 3899 3715 3967 facta
3740 3893 3846 3944 sunt

2224 3984 2398 4056 (Joan.
2424 3999 2463 4051 ι,
2499 3983 2550 4049 1,
2583 3982 2636 4053 3)
2680 3998 2693 4036 :
2747 3982 2887 4037 satis
2935 3982 3264 4037 ostenditur
3304 3988 3360 4038 et
3403 3984 3503 4038 lux
3548 4000 3647 4055 per
3676 3982 3845 4052 ipsum

2228 4073 2401 4137 facta,
2460 4087 2594 4125 cum
2647 4070 2794 4125 dixit
2846 4071 3023 4134 Deus,
3083 4073 3210 4126 Fiat
3268 4073 3390 4126 tux.
3469 4072 3628 4135 Quod
3685 4070 3731 4123 si
3783 4068 3850 4127 ita

2224 4166 2333 4229 est,
2390 4166 2672 4215 aeternum
2734 4163 2824 4214 est
2901 4161 3058 4230 quod
3130 4160 3277 4213 dixit
3326 4161 3500 4229 Deus,
3552 4162 3671 4214 Fiat
3730 4159 3844 4211 tua:

2233 4250 2372 4321 quia
2438 4250 2695 4304 Verbum
2776 4249 2877 4303 Dei
2956 4248 3112 4304 Deus
3179 4250 3334 4320 apud
3425 4249 3633 4315 Deum,
3694 4246 3850 4301 Filius

2228 4341 2439 4395 unicus
2470 4340 2591 4405 Dei,
2615 4339 2772 4394 Patri
2794 4344 3116 4394 coeaternus
3143 4346 3231 4395 est
3264 4357 3276 4395 :
3311 4342 3581 4411 quamvis
3616 4342 3721 4394 Deo
3760 4336 3851 4389 hoc

2228 4430 2288 4485 in
2320 4435 2531 4484 aeterno
2561 4428 2751 4483 Verbo
2783 4428 3012 4482 dicente
3058 4433 3323 4483 creatura
3352 4428 3691 4500 temporalis
3723 4426 3853 4479 facta

2228 4519 2326 4574 sit.
2362 4519 2504 4573 Cum
2532 4518 2688 4572 enim
2718 4517 2893 4571 verba
2926 4517 3047 4571 sint
3078 4518 3379 4587 temporis,
3423 4535 3559 4572 cum
3601 4517 3848 4578 dicimus,

2229 4608 2492 4673 Quando,
2525 4612 2582 4661 et
2611 4606 2926 4677 aliquando
2953 4624 2965 4673 ;
2997 4611 3274 4661 aeternum
3311 4612 3507 4660 tamen
3527 4610 3615 4661 est
3642 4604 3695 4658 in
3726 4602 3848 4655 Ver-

2231 4699 2302 4751 bo
2332 4697 2455 4762 Dei,
2503 4697 2737 4765 quando
2790 4695 2911 4749 ﬁeri
2961 4694 3179 4764 aliquid
3230 4695 3485 4750 debeat:
3536 4699 3595 4749 et
3642 4699 3769 4748 tunc
3797 4689 3852 4741 ﬁt

2230 4785 2461 4856 quando
2494 4783 2618 4838 ﬁeri
2649 4782 2924 4838 debuisse
2955 4782 3011 4837 in
3046 4783 3145 4837 illo
3176 4782 3362 4837 Verbo
3384 4788 3493 4849 est,
3520 4783 3579 4837 in
3613 4798 3721 4853 quo
3751 4794 3849 4833 non

2231 4880 2320 4929 est
2350 4873 2583 4944 quando
2602 4876 2657 4926 et
2678 4871 3017 4942 aliquando,
3043 4871 3320 4941 quoniam
3344 4875 3535 4925 totum
3571 4870 3709 4924 illud
3736 4868 3853 4920 Ver-

2232 4964 2372 5017 bum
2406 4966 2689 5016 aeternum
2720 4963 2829 5014 est.

2231 5068 2459 5124 CAPUT
2487 5067 2580 5120 III.
2606 5097 2673 5105 --
2698 5064 2840 5132 Quid
2854 5066 2925 5119 sit
2950 5065 3049 5119 lux
3069 5065 3371 5119 illa.Curve
3391 5080 3499 5119 non
3520 5061 3856 5127 dictum,Fiat

2328 5142 2541 5203 caelum,
2570 5146 2695 5204 etc.,
2728 5139 2893 5205 sicut,
2922 5137 3054 5190 (Fiat
3094 5138 3212 5202 lux,
3248 5138 3539 5206 Reeponsio
3568 5137 3767 5205 prima.

2302 5230 2355 5281 6.
2383 5228 2449 5281 Et
2470 5226 2611 5297 quid
2636 5230 2723 5280 est
2742 5224 2843 5289 lux
2865 5224 2991 5295 ipsa
3014 5241 3141 5293 quae
3168 5225 3318 5279 facta
3339 5224 3459 5278 est?
3483 5229 3675 5276 utrum
3702 5217 3853 5290 spiri-

2234 5316 2439 5370 rituale
2462 5314 2704 5385 quid,an
2728 5311 3057 5383 corporale!
3082 5312 3136 5363 Si
3161 5311 3314 5365 enim
3337 5312 3655 5382 spirituale,
3689 5308 3856 5379 potest

2233 5404 2359 5473 ipsa
2380 5418 2507 5457 esse
2532 5402 2721 5472 prima
2737 5401 3148 5469 creatura.jam
3171 5399 3278 5454 hoc
3296 5400 3447 5453 dicto
3467 5401 3854 5470 perfecta,quas

2233 5493 2421 5563 primo
2442 5491 2651 5545 coelum
2676 5488 2965 5561 appellata
2987 5492 3091 5555 est,
3108 5504 3241 5541 cum
3261 5488 3479 5542 dictum
3504 5491 3683 5551 est,ln
3710 5484 3851 5555 prin-

2233 5583 2375 5650 cipio
2396 5581 2525 5649 fecit
2549 5581 2686 5633 Deus
2706 5579 2905 5631 cretum
2922 5585 2971 5631 et
2988 5579 3196 5630 terram
3219 5594 3237 5631 :
3262 5582 3323 5631 ut
3344 5578 3495 5647 quod
3531 5577 3683 5630 dixit
3704 5575 3851 5633 Deus,

2233 5669 2353 5724 Fiat
2371 5667 2497 5730 lux;
2509 5677 2558 5723 et
2570 5670 2719 5738 facta
2732 5670 2808 5721 est
2825 5667 3080 5734 lux,eam
3095 5669 3395 5721 revocante
3417 5666 3486 5722 ad
3499 5681 3561 5720 se
3580 5664 3852 5727 Creatore;
