4006 6180
228 420 326 480 305

227 551 470 609 credimus
490 550 544 600 et
565 545 820 600 dicimus
844 545 1026 599 Deum
1050 544 1106 599 in
1131 545 1204 599 iis
1228 561 1353 616 quae
1374 541 1830 609 creavit,indesi-

228 634 855 707 nenteroperari.Neque
878 634 1032 688 enim
1063 639 1333 704 tanquam
1362 631 1833 700 substantiaejus

224 728 352 784 sicin
373 724 458 780 illo
492 740 722 787 sumus,
756 723 1252 793 quemadmodum
1287 721 1508 775 dictum
1542 723 1651 787 est,
1675 720 1830 790 quod

223 815 585 871 habeatvitam
619 812 678 866 in
714 810 1030 881 semetipso
1065 813 1239 879 (Joan.
1265 827 1317 877 v,
1341 811 1434 878 26)
1460 826 1470 862 :
1499 810 1596 863 sed
1632 808 1831 877 utique

223 922 327 960 cum
353 903 492 958 aliud
519 902 707 956 simus
730 917 903 971 quam
927 900 1069 970 ipse,
1100 917 1211 954 non
1237 901 1307 953 ob
1332 898 1488 952 aliud
1518 898 1574 950 in
1605 897 1698 952 illo
1728 915 1830 951 su-

218 1011 342 1059 mus,
367 991 464 1046 nisi
488 991 621 1061 quia
646 990 702 1044 id
731 994 1027 1060 operatur,
1052 989 1234 1044 ethoc
1257 995 1347 1042 est
1371 1004 1518 1058 opus
1541 988 1688 1055 ejus,
1716 1002 1830 1056 quo

217 1083 432 1138 continet
452 1079 665 1146 omnia,
694 1083 751 1134 et
772 1079 1045 1149 quotlejus
1075 1079 1348 1148 sapientia
1375 1076 1644 1147 pertendit
1666 1092 1698 1129 a
1724 1075 1833 1144 ﬁne

213 1188 348 1243 usque
365 1171 426 1225 ad
449 1171 611 1239 ﬁnem
631 1169 870 1239 fortiter,
889 1172 939 1222 et
963 1168 1204 1237 disponit
1228 1168 1412 1220 omnia.
1445 1167 1710 1224 suaviter;
1732 1181 1834 1234 per

213 1279 355 1334 quam
377 1259 816 1331 dispositionem
843 1259 902 1310 in
925 1257 1019 1312 illo
1041 1258 1726 1324 vivi-mus,etmovemur,et
1742 1265 1833 1308 su'

210 1368 322 1404 mus.
347 1349 491 1405 Unde
525 1347 824 1418 colligitur
849 1346 1000 1417 quod
1040 1346 1084 1400 si
1122 1345 1229 1399 hoc
1264 1361 1414 1414 opus
1449 1360 1620 1397 suum
1654 1343 1828 1397 rebus

207 1437 538 1506 subtraxerit,
576 1452 679 1490 nec
711 1435 991 1502 vivemus,
1029 1451 1130 1488 nec
1166 1433 1552 1497 movebimur,
1589 1447 1694 1487 nec
1725 1429 1832 1486 eri“

208 1526 518 1582 mus.Claret
546 1524 720 1596 igitur
743 1541 813 1578 ne
836 1541 953 1579 uno
977 1524 1212 1595 quidem
1239 1523 1330 1576 die
1353 1536 1617 1576 cessasse
1649 1525 1826 1574 Deum

205 1617 260 1671 ab
281 1632 432 1685 opere
451 1613 687 1685 regendi
714 1630 840 1683 qua:
864 1612 1176 1679 creavit,ne
1209 1616 1399 1665 motus
1425 1626 1562 1664 suos
1586 1613 1826 1664 natura-

201 1707 268 1762 les
287 1705 480 1776 quibus
496 1707 758 1775 aguntur
772 1708 866 1774 atq
877 1720 945 1757 ue
960 1699 1644 1774 vegetantur,utomnino
1661 1703 1798 1752 natu
1815 1737 1831 1746 -

209 1814 268 1850 ra:
288 1796 408 1859 sint,
441 1798 496 1849 et
522 1794 577 1847 in
603 1810 668 1848 eo
703 1793 854 1863 quod
890 1799 1026 1846 sunt
1062 1808 1162 1862 pro
1195 1807 1301 1846 suo
1335 1805 1582 1861 quaeque
1615 1805 1825 1860 genere

206 1881 628 1950 maneant,illico
651 1881 1068 1950 amitterent,et
1087 1896 1214 1936 esse
1237 1878 1458 1949 aliquid
1474 1876 1823 1933 omninode-

203 1974 444 2042 sinerent,
478 1971 524 2026 si
553 1970 640 2025 eis
668 1970 1089 2025 subraheretur
1124 1973 1326 2023 motus
1351 1967 1451 2021 ille
1511 1966 1822 2038 Sapientiae

209 2059 698 2133 Dei,quo'disp0nit
720 2059 918 2114 omnia
940 2057 1591 2128 suaviter.Quapropter
1617 2055 1702 2110 sic
1727 2071 1822 2111 ac-

204 2151 420 2222 cipimus
438 2149 623 2203 Deum
644 2149 998 2218 requievisse
1017 2149 1089 2202 ab
1113 2145 1386 2201 omnibus
1403 2144 1678 2216 operibus
1697 2144 1822 2200 suis

205 2257 308 2310 quae
336 2237 482 2306 fecit,
515 2241 581 2291 ut
605 2237 726 2306 jam
765 2253 968 2293 novam
1001 2241 1270 2292 naturam
1304 2234 1553 2289 ulterius
1598 2232 1821 2288 nullam

202 2329 461 2392 conderet;
480 2341 600 2380 non
624 2331 776 2380 utea
799 2343 924 2396 quae
949 2323 1615 2395 condiderat,conlinere
1634 2327 1690 2378 et
1710 2338 1822 2394 gu-

201 2419 409 2473 bernare
430 2415 880 2470 cessaret.Unde
901 2422 957 2471 et
979 2415 1120 2470 illud
1147 2431 1347 2470 verum
1372 2417 1479 2481 est,
1498 2413 1648 2485 quod
1677 2413 1825 2468 inse-

196 2510 342 2578 ptimo
366 2506 455 2560 die
484 2505 757 2575 requievit
785 2507 955 2568 Deus;
986 2511 1042 2561 et
1066 2504 1233 2574 illud,
1268 2504 1423 2575 quod
1456 2519 1629 2574 usque
1674 2519 1824 2556 nunc

197 2609 442 2664 operatur.

196 2707 392 2764 CAPUT
421 2709 567 2765 XIII.
605 2738 672 2749 ——-
703 2707 776 2760 De
807 2703 1032 2757 Sabbati
1079 2701 1470 2756 observatione.
1523 2697 1821 2754 Sabbatum

798 2776 1187 2831 christianum.

249 2867 403 2924 2it.Et
432 2887 613 2941 opera
644 2867 883 2940 quidem
918 2864 1044 2934 ejus
1075 2862 1340 2917 videmus
1372 2863 1543 2929 bona;
1566 2861 1820 2932 quietem

194 2971 304 3011 vero
336 2959 456 3027 ejus
490 2962 629 3031 post
657 2959 811 3012 bona
865 2969 1040 3024 opera
1099 2955 1297 3006 nostra
1339 2950 1682 3006 videbimus,
1737 2949 1821 3006 0b

194 3059 343 3114 quam
367 3046 820 3119 signiﬁcandam
847 3040 1146 3097 mandavit
1160 3039 1394 3094 Hebraeo
1410 3039 1622 3112 populo
1639 3056 1820 3094 unum

193 3132 323 3188 diem
352 3135 784 3190 observandum
819 3133 1008 3202 (Exod.
1044 3147 1132 3197 xx,
1177 3130 1231 3201 8)
1263 3147 1274 3183 :
1309 3130 1460 3200 quod
1525 3133 1639 3183 tam
1693 3144 1823 3182 car-

190 3223 374 3278 naliter
426 3226 703 3296 agebant,
742 3227 804 3277 ut
835 3238 900 3276 eo
927 3221 1020 3275 die
1051 3218 1298 3273 salutem
1333 3221 1589 3272 nostram
1627 3217 1821 3271 Domi-

188 3327 306 3366 num
341 3313 605 3368 videntes
635 3310 860 3384 operari
891 3309 1362 3376 criminarentur,
1401 3323 1466 3362 ac
1520 3306 1568 3361 si
1619 3306 1702 3361 eis
1753 3307 1823 3361 de

189 3415 334 3470 Opere
358 3403 546 3457 Patris
573 3401 897 3456 rectissime
923 3398 1458 3468 responderet,cum
1484 3411 1598 3466 quo
1623 3401 1678 3449 et
1698 3394 1824 3466 ipse

189 3491 518 3559 operabatur
539 3489 988 3561 a2qualiter,non
1018 3485 1206 3541 solum
1234 3490 1511 3540 creatura
1535 3485 1821 3540 universa:

187 3579 761 3647 administrationem,
805 3579 905 3633 sed
945 3576 1118 3632 etiam
1143 3575 1331 3647 ipsam
1359 3578 1616 3630 nostram
1665 3573 1824 3628 salu-

183 3673 301 3722 tem.
332 3669 459 3725 Jam
485 3686 626 3725 vero
649 3675 911 3739 tempore
944 3665 1141 3737 gratiae
1174 3664 1455 3728 revelatis,
1487 3663 1814 3719 observatio

186 3755 269 3811 illa
288 3759 536 3828 sabbati,
578 3774 710 3829 quae
742 3757 918 3812 unius
968 3755 1077 3810 diei
1109 3753 1406 3810 vocatione
1441 3753 1820 3825 ﬁgiirabatur,

183 3845 354 3903 ablata
375 3853 463 3903 est
493 3850 570 3904 ab
598 3844 997 3902 observatione
1025 3843 1372 3898 lidelium.ln
1389 3861 1454 3897 ea
1469 3842 1822 3914 quippegra-

186 3936 251 3988 tia
273 3945 617 4007 perpetuum
643 3936 954 3991 sabbatum
974 3935 1094 4003 jam
1121 3931 1518 4003 observat,qui
1544 3949 1644 4004 spe
1673 3933 1824 3987 futu-

185 4039 244 4077 rae
274 4027 480 4095 quietis
526 4029 810 4098 operatur
833 4022 1118 4095 quidquid
1142 4022 1276 4077 boni
1302 4025 1596 4094 Operatur,
1629 4038 1736 4076 nec
1762 4022 1820 4077 in

183 4111 307 4180 ipsis
329 4115 495 4171 bonis
520 4116 800 4187 Operibus
823 4114 968 4178 suis,
987 4113 1152 4184 quasi
1177 4112 1400 4166 habens
1425 4112 1640 4166 bonum
1667 4112 1821 4182 quod

182 4218 277 4256 non
301 4204 1015 4277 acceperit,gloriatur:ita
1041 4202 1194 4258 enim
1221 4206 1500 4272 tanquam
1517 4201 1671 4255 diem
1689 4201 1820 4255 sab-

180 4289 300 4358 bati,
339 4293 445 4349 hoc
501 4297 599 4349 est
647 4293 962 4348 Dominicre
1013 4289 1352 4346 cessationis
1402 4290 1456 4343 in
1493 4288 1818 4360 sepultura,

181 4382 490 4454 suscipiens
521 4380 1819 4454 atqueintelligensBaptismisaoramentum,

185 4473 412 4537 quiescit
435 4491 470 4527 a
496 4472 766 4544 pristinis
790 4471 1063 4541 operibus
1086 4468 1229 4536 suis;
1255 4470 1456 4539 utjam
1486 4469 1543 4522 in
1570 4468 1822 4523 novitate

191 4557 299 4613 vitae
321 4563 639 4616 ambulans
669 4563 840 4625 (Rom.
870 4577 947 4623 v1,
982 4561 1054 4626 4),
1082 4558 1262 4612 Deum
1292 4558 1350 4610 in
1375 4573 1435 4611 se
1477 4557 1697 4626 operari
1722 4574 1818 4611 co-

180 4652 532 4722 gnoscat,qui
561 4649 740 4704 simul
764 4645 1818 4719 etoperatur,etquiescit,etcreatur&

181 4739 426 4803 praebens
458 4755 784 4810 congruam
816 4735 1322 4808 gubernationem,
1355 4739 1412 4790 et
1433 4735 1585 4805 apud
1617 4751 1680 4791 se
1710 4735 1819 4789 ha-

182 4824 306 4879 bens
337 4834 616 4882 aternam
653 4825 1158 4897 tranquillitatem.

179 4915 391 4970 CAPUT
407 4918 444 4971 Χ
458 4916 810 4971 lV.—CurDe
819 4931 877 4969 us
889 4915 1309 4982 sanctiﬁcaverit
1320 4914 1467 4968 diem
1478 4930 1545 4985 qu
1554 4913 1674 4967 ictis
1683 4929 1816 4967 suae.

238 5004 321 5058 ‘25.
355 5005 624 5076 Denique
656 5006 777 5076 ipse
808 5020 913 5058 nec
945 5019 1077 5058 cum
1113 5003 1326 5057 creavit
1375 5003 1664 5067 defessus,
1717 5019 1820 5056 nec

183 5107 301 5146 cum
322 5095 580 5149 cessavit
595 5094 842 5149 refectus
862 5096 971 5157 est;
998 5091 1095 5147 sed
1119 5108 1224 5146 nos
1241 5089 1422 5146 voluit
1440 5108 1539 5160 per
1556 5091 1818 5162 Scriptu-

178 5195 284 5234 ram
302 5199 469 5236 suam
490 5184 565 5237 ad
580 5183 787 5251 quietis
801 5180 1092 5236 exhortari
1108 5180 1397 5235 desiderio
1411 5181 1819 5249 m,intimando

178 5270 327 5324 nobis
378 5288 514 5327 eum
557 5272 708 5326 diem
743 5288 803 5325 se
833 5270 1224 5334 santiﬁcasse,
1261 5271 1316 5323 in
1351 5287 1464 5340 quo
1497 5271 1716 5341 quievit
1748 5271 1819 5326 ab

178 5360 436 5417 omnibus
462 5360 740 5433 operibus
775 5360 1078 5416 suis.Nam
1105 5376 1395 5430 nusquam
1431 5361 1694 5415 omnium
1723 5377 1821 5415 sex

178 5447 386 5505 dierum
407 5452 629 5522 quibus
645 5448 1669 5521 creatasuntomnia,legituraliquid
1687 5467 1818 5504 san-

181 5538 241 5590 cti
255 5539 476 5609 ficasse,
494 5546 756 5594 necante
778 5539 938 5611 ipsos
960 5556 1058 5594 sex
1073 5538 1196 5593 dies
1212 5538 1308 5592 ubi
1324 5539 1608 5610 scriptum
1628 5545 1734 5609 est,
1760 5542 1819 5594 In

183 5631 378 5700 princip
390 5633 445 5685 io
465 5632 605 5698 fecit
630 5631 766 5684 Deus
787 5629 978 5682 emtum
1002 5632 1277 5682 etterrmn
1308 5628 1462 5696 (Gen.
1493 5646 1526 5688 ι,
1554 5629 1624 5692 Ι),
1651 5629 1817 5682 addi-

183 5719 290 5770 tum
312 5722 421 5786 est,
444 5722 514 5772 Et
538 5718 922 5774 sanetiticavit
945 5735 957 5773 :
982 5717 1082 5772 sed
1107 5717 1260 5772 diem
1286 5718 1488 5782 istum,
1515 5719 1570 5771 in
1596 5735 1710 5789 quo
1733 5735 1819 5773 re-

185 5806 388 5875 quievit
416 5808 494 5866 ab
525 5807 801 5867 omnibus
829 5806 1104 5881 operibus
1134 5806 1258 5865 suis
1289 5822 1417 5878 quae
1451 5806 1604 5877 fecit,
1637 5807 1821 5864 voluit

1554 408 1782 469 LIBER
1828 408 2220 480 QUARTUS.

3467 409 3587 470 306

1936 543 2321 613 sanctiﬁcare,
2355 547 2634 614 tanquam
2670 546 2726 598 et
2757 542 2911 614 apud
2945 540 3162 612 ipsum,
3193 540 3292 612 qui
3325 540 3470 596 nihil
3521 542 3581 597 in

1934 647 2106 699 opere
2133 649 2238 687 suo
2273 633 2515 702 laborat,
2550 632 2682 703 plus
2700 631 2866 702 quies
2885 647 3062 703 quam
3096 631 3354 702 operatio
3371 630 3577 689 valeat.

1939 720 2053 774 Hoc
2083 721 2318 792 quidem
2358 723 2412 776 in
2447 722 2788 776 hominibus
2820 719 3195 791 Evangelium
3226 719 3396 776 nobis
3445 721 3580 776 inti-

1937 812 2078 876 mat,
2144 810 2237 863 ubi
2299 810 2560 865 Salvator
2619 814 2820 865 noster
2851 809 3146 864 meliorem
3180 813 3407 880 partem
3439 811 3582 865 dicit

1935 896 2148 965 Maria},
2184 899 2336 968 quod
2372 899 2582 953 sedens
2614 899 2680 952 ad
2717 915 2891 970 pepes
2924 900 3051 969 ejus
3084 898 3489 970 requiescebat
3520 900 3578 954 in

1933 987 2103 1042 verbo
2131 988 2278 1056 ejus,
2313 1004 2487 1058 quam
2525 987 2782 1055 Marthae,
2819 989 3086 1059 quamvis
3127 992 3362 1059 propter
3408 989 3578 1044 obse—

1935 1075 2137 1145 quium
2169 1093 2284 1146 quo
2308 1077 2354 1130 ei
2384 1076 2754 1131 ministrabat
2776 1077 2928 1132 circa
2961 1076 3146 1132 multa
3175 1083 3487 1149 occupatae,
3524 1084 3581 1134 et

1934 1162 2070 1218 licet
2090 1165 2308 1219 bonum
2331 1182 2477 1236 opus
2492 1165 2788 1235 operantis
2802 1165 3453 1237 (Luc.x,39-42).Verum
3469 1167 3579 1222 hoc

1933 1253 1990 1306 in
2017 1253 2130 1308 Deo
2154 1255 2444 1323 quomodo
2470 1255 2546 1308 sit
2565 1253 2652 1309 vel
2688 1253 3068 1325 intelligatur,
3093 1254 3327 1310 difﬁcile
3357 1256 3577 1311 dictum

1932 1341 2276 1411 est,etiamsi
2300 1344 2552 1413 cogitatu
2577 1342 3009 1414 aliquantulum
3031 1343 3233 1414 attingi
3259 1348 3581 1414 potest,cur

1937 1432 2088 1486 Deus
2137 1432 2587 1487 sanctiﬁcaverit
2617 1433 2768 1487 diem
2804 1433 3016 1504 quietis
3042 1450 3181 1499 sua},
3217 1434 3316 1505 qui
3350 1433 3574 1488 nullum

1932 1521 2379 1576 sanctiﬁcaverit
2401 1522 2592 1593 operis
2617 1522 2730 1592 sui,
2764 1539 2867 1577 nec
2892 1523 3086 1594 ipsum
3120 1527 3344 1578 sextum
3374 1540 3489 1594 quo
3521 1529 3578 1579 et

1930 1609 2227 1665 hominem
2263 1610 2481 1676 fecit,et
2502 1619 2710 1666 cuncta
2733 1611 3074 1682 perfecit.Ac
3097 1611 3351 1683 primum
3377 1612 3574 1683 ipsum

1932 1699 2291 1770 requiescere
2314 1698 2410 1753 Dei
2435 1699 2607 1771 quale
2623 1699 3177 1770 sit,eujushumana3
3196 1701 3410 1757 mentis
3423 1702 3574 1758 acies

1928 1789 2160 1859 assequi
2186 1789 2423 1859 potest?
2452 1790 2611 1855 Quod
2647 1794 2842 1844 tamen
2871 1789 2982 1844 nisi
3008 1793 3183 1858 esset,
3204 1789 3313 1844 hoc
3335 1791 3572 1846 omnino

1928 1877 2043 1932 ista
2065 1876 2368 1948 Scriptura
2390 1895 2504 1933 non
2530 1877 2993 1949 poneret.Dicam
3018 1895 3158 1934 sane
3181 1880 3335 1950 quod
3361 1881 3568 1948 sentio,

1927 1965 2047 2021 haec
2071 1967 2184 2022 duo
2203 1966 2530 2023 indubitata
2557 1967 3052 2040 praloquensmec
3066 1969 3246 2024 Deum
3259 1968 3432 2034 ,velut
3445 1976 3576 2043 post

1926 2055 2186 2110 laborem
2209 2055 2674 2112 desideratumve
2696 2057 2909 2129 negotii
2933 2057 3025 2112 sui
3049 2058 3246 2122 ﬁnem,
3267 2061 3569 2132 temporali

1929 2145 2179 2216 quadam
2205 2145 2404 2218 requie
2424 2145 2905 2212 delectatum;nec
2927 2147 3035 2202 has
3059 2148 3306 2204 Litteras
3329 2151 3576 2204 auctori-

1929 2237 2047 2290 tate
2069 2238 2231 2290 tanta
2254 2235 2463 2290 merito
2484 2237 2918 2308 praeminentes,
2947 2238 3162 2293 frustra
3192 2237 3455 2309 falsoque
3486 2239 3573 2294 (ἰί-

1926 2321 2082 2378 xisse
2105 2323 2255 2394 quod
2283 2323 2436 2379 Deus
2457 2324 2528 2380 ab
2552 2325 2826 2380 omnibus
2850 2326 3122 2398 operibus
3136 2327 3572 2400 suisqumtecit,

1929 2412 1988 2467 in
2038 2412 2286 2484 septimo
2335 2414 2426 2469 die
2479 2415 2848 2485 requieverit,
2881 2432 3064 2488 eaque
3093 2433 3270 2472 causa
3301 2419 3574 2473 eumdem

1928 2501 2080 2556 diem
2114 2501 2581 2558 sanctiﬁcaverit.

1929 2599 2156 2655 CAPUT
2197 2601 2312 2655 XV.
2346 2632 2413 2640 -—
2439 2602 2686 2658 Solvitur
2713 2605 2944 2673 φίλκείἰο
2973 2606 3232 2676 superius
3268 2609 3568 2678 proposita.

1997 2691 2088 2744 26.
2139 2691 2429 2748 Nimirum
2480 2708 2615 2764 ergo
2648 2693 2786 2764 quia
2815 2693 3021 2748 vitium
3054 2698 3142 2750 est
3172 2699 3229 2751 et
3259 2695 3572 2753 inﬁrmitas

1930 2778 2156 2846 animm,
2188 2779 2268 2835 ita
2300 2779 2422 2835 suis
2454 2781 2728 2852 operibus
2759 2781 3120 2850 delectari,ut
3152 2783 3346 2855 potius
3378 2785 3436 2839 in
3465 2785 3570 2849 eis,

1930 2884 2106 2939 quam
2132 2868 2192 2922 in
2216 2886 2276 2924 se
2300 2869 2628 2940 requiescat
2650 2871 2722 2924 ab
2744 2869 2849 2940 eis;
2872 2888 3002 2926 cum
3028 2873 3228 2944 procul
3252 2873 3428 2930 dubio
3453 2893 3572 2929 me-

1929 2957 2044 3012 lius
2080 2957 2300 3030 aliquid
2335 2959 2391 3012 in
2427 2958 2526 3013 illa
2557 2959 2632 3014 sit
2662 2977 2774 3030 quo
2806 2977 2872 3015 ea
2905 2961 3055 3016 facta
3085 2967 3424 3034 sunt,quam
3451 2964 3577 3036 ipsa

1932 3064 2057 3118 qua:
2092 3049 2240 3103 facta
2273 3053 2414 3103 sunt
2447 3065 2458 3102 :
2494 3048 2831 3104 insinuatur
2862 3051 3031 3106 nobis
3065 3055 3214 3107 Deus
3267 3069 3370 3124 per
3426 3053 3577 3108 hanc

1929 3135 2158 3208 Scriptu
2171 3153 2432 3207 ram,qua
2453 3135 2668 3192 dicitur
2687 3138 3041 3209 requievisse
3059 3139 3129 3195 ab
3153 3141 3428 3197 omnibus
3445 3159 3581 3214 ope-

1932 3225 2096 3281 ribus
2123 3226 2245 3281 suis
2279 3243 2404 3298 quze
2431 3227 2584 3296 fecit,
2607 3227 2768 3283 nullo
2791 3245 2963 3300 opere
2985 3245 3091 3284 suo
3123 3229 3205 3284 sic
3235 3229 3578 3302 delectatus,

1931 3315 2097 3386 quasi
2131 3315 2380 3371 faciendi
2411 3316 2540 3387 ejus
2570 3317 2815 3388 eguerit,
2851 3315 2937 3372 vel
2973 3316 3165 3373 minor
3199 3318 3431 3375 futurus
3466 3320 3580 3376 nisi

1933 3403 2185 3471 fecisset,
2218 3405 2306 3459 vel
2339 3405 2562 3461 beatior
2593 3423 2727 3461 cum
2761 3405 3161 3471 tecisset.Quia
3193 3410 3347 3463 enim
3381 3425 3450 3464 ex
3480 3408 3580 3466 illo

1932 3495 2012 3548 ita
2043 3498 2129 3549 est
2161 3495 2444 3566 quidquid
2477 3513 2543 3551 ex
2574 3494 2673 3550 illo
2707 3499 2816 3564 est,
2850 3500 2914 3551 ut
2941 3497 2991 3551 ei
3025 3497 3230 3552 debeat
3261 3498 3417 3568 quod
3449 3502 3577 3570 _est,

1929 3583 2054 3655 ipse
2068 3588 2259 3640 autem
2279 3584 2589 3656 nulliquod
2604 3586 2811 3658 exipso
2826 3589 2932 3656 est,
2959 3587 3161 3642 debeat
3185 3587 3336 3658 quod
3370 3587 3578 3642 beatus

1930 3678 2054 3735 est;
2088 3691 2148 3729 se
2180 3675 2354 3730 rebus
2387 3692 2532 3747 quas
2566 3675 2700 3730 fecit
2732 3674 3027 3747 diligendo
3057 3675 3374 3748 praeposuit
3411 3694 3422 3731 :
3459 3694 3572 3733 non

1931 3763 2470 3819 sanctiﬁcansdicm
2487 3782 2602 3836 quo
2618 3781 2682 3818 ea
2699 3765 3396 3831 faciendainchoavit,nec
3411 3765 3578 3822 illum

1931 3871 2045 3924 quo
2060 3871 2124 3909 ea
2139 3853 2396 3925 perfecit,
2419 3872 2520 3908 nec
2537 3853 2651 3909 illis
2665 3853 2748 3910 vel
2764 3854 3044 3910 faciendis
3058 3855 3141 3910 vel
3159 3855 3324 3910 factis
3339 3861 3577 3912 auctum

1931 3944 2056 4012 eius
2084 3942 2362 4014 gaudium
2399 3941 2727 4010 videretur;
2761 3943 2860 3997 sed
2896 3959 3026 3996 eum
3062 3959 3175 4014 quo
3206 3944 3278 3998 ab
3316 3944 3460 4016 ipsis
3519 3945 3578 4001 in

1930 4031 2122 4103 seipso
2146 4029 2526 4101 requievit.Et
2548 4030 2669 4102 ipse
2689 4030 3242 4102 quidemInunquam
3257 4031 3368 4086 ista
3382 4031 3580 4103 requie

1930 4121 2136 4188 caruit,
2168 4121 2265 4176 sed
2292 4120 2460 4175 nobis
2484 4137 2610 4175 eam
2636 4137 2736 4190 per
2759 4121 2911 4175 diem
2937 4120 3253 4192 septimum
3279 4122 3575 4177 ostendit:

1930 4211 2062 4265 hinc
2078 4210 2250 4264 etiam
2275 4209 2616 4281 significans
2638 4226 2748 4264 non
2773 4209 2991 4282 percipi
3010 4210 3266 4281 requiem
3284 4227 3450 4266 suam
3467 4211 3581 4267 nisi

1931 4317 1960 4354 a
1995 4299 2424 4371 perfectis,cum
2457 4298 2527 4353 ad
2562 4315 2690 4353 eam
2726 4298 3110 4355 intimandum
3145 4317 3259 4356 non
3284 4301 3582 4372 deputavit

1931 4387 2226 4454 diem,r.isi
2253 4389 2347 4460 qui
2369 4387 2774 4459 perfectionem
2803 4405 2991 4444 rerum
3017 4390 3282 4444 omnium
3305 4391 3583 4462 sequeba-

1929 4478 2197 4533 tur.Nam
2215 4477 2314 4549 qui
2329 4495 2450 4533 sem
2461 4495 2560 4549 per
2572 4477 3074 4548 estquietus,tunc
3089 4479 3257 4535 nobis
3271 4480 3576 4552 requievit,

1931 4584 2061 4622 cum
2095 4584 2158 4622 se
2189 4568 2543 4637 requievisse
2576 4567 2939 4623 monstravit.

1931 4665 2166 4722 CAPUT
2203 4665 2346 4721 XV].
2384 4697 2444 4705 —
2483 4666 2575 4721 Dei
2605 4666 2915 4791 rgguz’eqiab
2944 4666 3199 4736 operibus
3226 4667 3341 4721 suis
3389 4668 3450 4721 in
3500 4683 3578 4722 se-

2597 4754 2627 4791 v
2658 4753 2766 4791 imo
2841 4752 2910 4791 ie.

2592 4752 2766 4808 primo
2803 4752 2910 4792 ate.

2000 4826 2269 4882 27.1]lud
2334 4843 2565 4897 quoque
2620 4826 3041 4880 attendendum
3099 4831 3208 4895 est,
3264 4827 3419 4898 quod
3481 4827 3575 4883 Dei

1933 4916 2215 4986 requiem,
2250 4931 2366 4984 qua
2395 4915 2465 4969 de
2497 4913 2688 4985 seipso
2721 4915 2926 4970 beatus
2957 4918 3065 4983 est,
3089 4915 3259 4972 nobis
3288 4915 3577 4972 insinuari

1931 5006 2253 5075 oportebat,
2289 5008 2352 5057 ut
2380 5001 2776 5072 intelligamus
2806 5005 3100 5074 quomodo
3130 5005 3358 5060 dicatur
3397 5005 3576 5061 etiam

1933 5092 2294 5164 requiescere
2343 5092 2400 5146 in
2456 5091 2657 5160 nobis;
2692 5094 2846 5163 quod
2880 5110 2994 5149 non
3027 5093 3262 5162 dicitur,
3297 5095 3411 5150 nisi
3441 5111 3574 5150 cum

1932 5181 1989 5236 in
2024 5197 2084 5236 se
2115 5180 2375 5251 requiem
2411 5183 2646 5251 praestat
2675 5186 2733 5235 et
2763 5181 2949 5237 nobis.
2985 5180 3232 5255 Requies
3264 5183 3446 5255 igitur
3474 5183 3577 5239 Dei

1933 5276 2083 5325 recte
2103 5269 2564 5342 intelligentibus
2583 5286 2648 5324 ea
2665 5276 2898 5341 est,qua
2918 5270 3138 5327 nullius
3157 5273 3378 5345 indiget
3395 5273 3574 5329 bono:

1933 5365 1987 5412 et
2010 5359 2137 5413 ideo
2168 5364 2322 5413 certa
2359 5362 2414 5412 et
2443 5359 2609 5413 nobis
2641 5358 2699 5412 in
2732 5359 2831 5414 illo
2863 5365 2970 5428 est,
3005 5361 3142 5430 quia
3170 5367 3228 5417 et
3259 5379 3364 5417 nos
3397 5362 3577 5418 beati-

1933 5449 2178 5502 ficamur
2208 5449 2358 5503 bono
2391 5449 2544 5519 quod
2578 5448 2700 5520 ipse
2731 5452 2837 5515 est,
2874 5441 2988 5504 non
3039 5449 3163 5522 ipse
3215 5451 3365 5508 bono
3422 5453 3577 5525 quod

1935 5555 2039 5592 nos
2073 5555 2301 5592 sumus.
2323 5538 2466 5592 Nam
2499 5542 2554 5592 et
2585 5554 2688 5593 nos
2722 5537 2954 5610 aliquod
2990 5540 3210 5596 bonum
3240 5542 3312 5596 ab
3347 5541 3443 5598 illo
3475 5561 3579 5599 su-

1937 5645 2087 5695 mus,
2114 5627 2209 5697 qui
2244 5628 2374 5681 fecit
2406 5627 2600 5681 omnia
2631 5628 2783 5682 bona
2814 5628 2995 5694 valde,
3019 5629 3076 5684 in
3109 5631 3328 5701 quibus
3359 5633 3494 5687 fecit
3523 5636 3580 5686 et

1936 5734 2060 5771 nos.
2096 5720 2271 5771 Porro
2303 5716 2418 5771 alia
2444 5733 2534 5771 res
2570 5718 2722 5772 bona
2752 5721 2958 5788 praeter
2998 5719 3194 5789 ipsum
3256 5720 3418 5775 nulla
3467 5727 3575 5787 est,

1935 5823 2112 5879 quam
2137 5806 2260 5878 ipse
2281 5823 2397 5862 non
2419 5805 2573 5877 fecit;
2597 5822 2664 5863 ac
2684 5823 2787 5878 per
2809 5807 2916 5862 hoc
2945 5807 3102 5864 nullo
3133 5812 3343 5881 praeter
3370 5825 3433 5867 se
3460 5809 3574 5867 alio
