4006 6180
407 392 524 451 307

409 525 563 579 bono
596 529 744 595 eget,
780 524 875 595 qui
913 523 1063 579 bono
1096 524 1249 596 quod
1288 523 1427 579 facit
1458 539 1571 577 non
1605 526 1752 593 eget.
1786 524 1917 575 Haec
1975 525 2065 575 est

409 612 537 683 ejus
558 614 788 683 requies
806 615 875 667 ab
893 612 1165 668 omnibus
1183 612 1454 684 operibus
1474 611 1598 665 suis
1617 627 1743 681 qua:
1762 610 2064 673 fecit.Qui-

410 703 523 757 bus
541 707 736 755 autem
756 702 925 755 bonis
951 700 1321 756 laudabiliter
1340 717 1448 756 non
1471 704 1684 771 egeret,
1715 697 1765 752 si
1796 698 1956 753 nulla
1989 698 2067 752 fe-

411 789 618 845 cisset?
643 790 786 844 Nam
813 790 987 845 etiam
1015 789 1095 843 sic
1120 789 1232 844 diei
1265 794 1450 859 potest
1471 787 1650 842 nullis
1673 804 1848 858 egens
1880 786 2068 853 bonis,

414 896 529 933 non
554 896 585 933 a
612 878 783 932 factis
807 879 861 931 in
891 878 1084 948 seipso
1110 878 1547 948 requiescendo,
1582 893 1777 931 verum
1832 875 2071 930 omnino

418 966 579 1023 nulla
611 966 1011 1021 faciendo.Sed
1048 967 1201 1021 bona
1232 968 1419 1022 facere
1448 966 1497 1021 si
1530 982 1641 1020 non
1677 963 2074 1036 posset,nulla

416 1060 570 1111 esset
606 1056 867 1125 potentia
901 1072 913 1108 :
951 1055 999 1109 si
1033 1059 1225 1109 autem
1262 1060 1455 1126 posset
1488 1071 1590 1109 nec
1621 1054 2074 1123 faceret,magna

417 1150 572 1200 esset
593 1144 938 1198 invidentia.
961 1143 1105 1207 Quia
1128 1160 1263 1215 ergo
1284 1149 1369 1197 est
1391 1145 1762 1215 omnipotens
1784 1148 1837 1196 et
1861 1143 2071 1206 bonus,

425 1233 623 1289 omnia
643 1232 809 1287 valde
843 1233 991 1286 bona
1020 1232 1151 1286 fecit
1176 1250 1187 1286 :
1214 1233 1350 1303 quia
1380 1248 1513 1287 vero
1544 1231 1737 1302 seipso
1766 1231 1915 1285 bono
1949 1247 2073 1301 per-

426 1323 574 1377 fecte
597 1322 804 1376 beatus
826 1327 933 1385 est,
958 1339 987 1374 a
1020 1320 1190 1375 bonis
1212 1336 1342 1391 qum
1365 1322 1515 1386 fecit,
1542 1320 1599 1374 in
1626 1321 1812 1390 seipso
1844 1318 2074 1389 requie-

422 1412 609 1474 vit,ea
631 1409 854 1465 scilicet
875 1410 1073 1481 requie
1096 1426 1127 1463 a
1150 1427 1264 1480 qua
1288 1426 1591 1479 nunquam
1621 1410 1877 1464 recessit.
1894 1408 2001 1462 Sed
2026 1410 2073 1463 si

424 1500 716 1555 diceretur
747 1498 1101 1569 requievisse
1130 1516 1163 1551 a
1199 1498 1497 1563 faciendis,
1531 1497 1674 1551 nihil
1707 1497 1863 1552 aliud
1900 1514 2074 1568 quam

426 1605 542 1644 non
578 1586 784 1643 fecisse
815 1586 1261 1659 intelligeretur.
1294 1586 1416 1642 Nisi
1449 1590 1640 1642 autem
1676 1587 1967 1642 diceretur
1998 1602 2080 1641 re-

428 1676 724 1749 quievisse
756 1693 787 1731 a
822 1676 1008 1745 factis,
1045 1692 1157 1731 non
1192 1676 1275 1731 eis
1307 1692 1473 1747 egere
1505 1692 1631 1747 quae
1691 1675 1825 1731 fecit
1885 1676 2079 1730 minus

431 1766 961 1822 commendaretur.

504 1856 592 1910 28.
630 1857 751 1922 Quo
784 1855 980 1926 itaque
1012 1856 1103 1910 die
1135 1855 1244 1909 hoc
1276 1854 1672 1910 commendari
1705 1853 2078 1926 oportuisset,

436 1945 546 2000 nisi
584 1944 872 2016 septimo?
892 1945 1052 2009 Quod
1089 1960 1228 1999 sane
1258 1943 1534 2015 intelligit
1564 1944 1834 2015 quisquis
1866 1942 2078 1998 senarii

437 2033 664 2089 numeri
699 2033 1136 2104 perfectionem,
1170 2034 1240 2088 de
1271 2049 1384 2103 qua
1416 2050 1594 2104 supra
1627 2031 1805 2087 locuti
1850 2047 2078 2098 sumus,

440 2122 783 2194 perfectioni
834 2127 1114 2176 creaturae
1145 2126 1531 2192 congruenter
1570 2120 1890 2175 adhibitam
1924 2136 2081 2175 reco-

446 2212 535 2266 lit.
571 2211 630 2266 Si
691 2211 842 2266 enim
903 2212 1132 2266 senario
1189 2227 1432 2265 numero
1492 2210 1840 2281 perficienda
1898 2211 2084 2264 fuerat

437 2304 725 2365 creatura,
785 2299 954 2355 sicuti
1016 2300 1270 2371 perfecta
1325 2303 1433 2366 est,
1494 2316 1676 2369 eaque
1725 2298 1951 2368 requies
1982 2298 2082 2354 Dei

435 2394 553 2444 erat
622 2388 790 2443 nobis
857 2389 1344 2458 commendanda,
1404 2405 1520 2459 qua
1586 2389 2084 2443 demonstraretur

434 2495 540 2533 nec
573 2477 841 2549 perfectis
900 2476 1214 2533 beatificari
1272 2478 1593 2542 creaturis;
1648 2478 1845 2549 procul
1905 2478 2083 2531 dubio

433 2567 557 2621 dies
607 2571 732 2621 erat
790 2566 845 2620 in
911 2568 1015 2621 hac
1073 2566 1579 2621 commendatione
1624 2566 2082 2621 sanctiﬁcandus

431 2655 529 2726 qui
563 2655 831 2726 Sequitur
870 2659 1124 2719 sextum,
1158 2672 1271 2726 quo
1305 2655 1598 2727 erigemur
1657 2656 1725 2709 ad
1784 2655 1935 2710 hanc
1993 2672 2081 2710 re-

431 2743 629 2816 quiem
681 2745 1231 2815 concupiscendam,
1284 2748 1347 2798 ut
1377 2750 1433 2799 et
1465 2747 1571 2800 'nos
1602 2744 1659 2799 in
1693 2743 1791 2799 illo
1823 2744 2081 2816 requies-

436 2849 662 2888 08.111118.

666 2921 894 2976 CAPUT
929 2921 1100 2977 XVII.
1131 2954 1196 2962 --
1229 2924 1389 2991 Quies
1420 2930 1601 2977 nostra
1632 2925 1692 2977 in
1722 2929 1847 2979 Deo.

506 3010 594 3064 29.
617 3010 816 3082 Neque
846 3011 1002 3065 enim
1034 3011 1358 3066 similitudo
1390 3012 1484 3082 pia
1515 3015 1622 3077 est,
1643 3013 1692 3066 si
1725 3012 1971 3067 velimus
2002 3013 2082 3068 ita

437 3099 663 3155 similes
694 3114 821 3154 esse
854 3099 989 3168 Deo,
1024 3108 1079 3153 ut
1116 3105 1170 3154 et
1204 3117 1311 3155 nos
1341 3100 1414 3154 ab
1445 3100 1719 3171 operibus
1745 3101 1966 3157 nostris
1993 3117 2079 3155 re-

436 3189 806 3259 quiescamus
835 3187 892 3242 in
923 3188 1111 3257 nobis,
1144 3189 1297 3244 sicut
1328 3189 1453 3260 ipse
1485 3189 1764 3261 requievit
1793 3190 1849 3244 in
1900 3206 1961 3245 se
2010 3191 2080 3245 ab

433 3278 706 3349 operibus
721 3277 863 3333 suis.
877 3278 933 3332 In
951 3278 1205 3348 quodam
1221 3278 1914 3349 quippeincommutabili
1933 3281 2082 3334 bono

435 3365 800 3437 requiescere
815 3366 1017 3420 debem
1030 3367 1279 3437 us,quod
1299 3366 1396 3421 ille
1411 3368 1578 3423 nobis
1591 3373 1677 3423 est
1694 3368 1793 3438 qui
1809 3385 1914 3423 nos
1929 3368 2080 3423 fecit.

434 3456 563 3509 Haec
585 3454 697 3508 erit
717 3454 898 3525 igitur
924 3472 1178 3521 summa,
1202 3456 1560 3527 minimeque
1583 3459 1854 3525 superba,
1880 3462 1935 3511 et
1954 3473 2085 3512 vere

434 3545 531 3615 pia
554 3544 785 3614 requies
808 3549 1103 3611 nostra,ut
1126 3544 1411 3615 sicutipse
1426 3546 1795 3616 requievitab
1811 3546 2084 3601 omnibus

436 3631 709 3701 operibus
742 3630 887 3698 suis,
921 3631 1057 3701 quia
1088 3649 1203 3686 non
1236 3634 1283 3686 ei
1318 3649 1493 3704 opera
1524 3651 1649 3701 sua,
1684 3636 1783 3689 sed
1820 3635 1943 3705 ipse
1975 3634 2082 3689 sibi

437 3720 656 3775 bonum
689 3724 796 3785 est,
832 3736 946 3789 quo
975 3721 1176 3774 beatus
1210 3727 1296 3776 est
1326 3738 1338 3775 :
1371 3722 1454 3777 ita
1484 3728 1540 3777 et
1570 3739 1675 3778 nos
1708 3724 1779 3778 ab
1812 3725 2087 3778 omnibus

440 3807 737 3879 operibus,
772 3826 883 3863 non
912 3808 1139 3864 tantum
1177 3812 1413 3881 nostris,
1437 3828 1635 3868 verum
1668 3813 1841 3867 etiam
1878 3814 2086 3883 ipsius,

438 3896 672 3953 nonnisi
697 3897 753 3951 in
782 3897 881 3952 illo
904 3898 1272 3970 requieturos
1296 3916 1401 3955 nos
1423 3917 1550 3955 esse
1571 3918 1896 3972 speremus,
1914 3903 2089 3973 idque

438 3986 840 4041 desideremus
873 3994 1005 4058 post
1034 3988 1187 4043 bona
1216 4007 1391 4060 opera
1424 3997 1645 4055 nostra,
1671 4008 1796 4061 quae
1828 3992 1887 4045 in
1920 3992 2088 4047 nobis

440 4076 817 4146 agnoscimus
848 4076 1007 4131 illius
1041 4078 1233 4148 potius
1259 4095 1382 4133 esse
1410 4097 1583 4150 quam
1607 4084 1893 4135 nostrazut
1912 4081 2086 4136 etiam

439 4165 522 4220 sic
555 4169 684 4235 post
715 4165 865 4219 bona
898 4182 1069 4237 Opera
1102 4184 1207 4222 sua
1238 4168 1361 4239 ipse
1394 4170 1722 4239 requiescat
1755 4172 1933 4237 ‘,cum
1961 4175 2092 4239 post

436 4254 1424 4327 bonaoperaquaeabillojustiﬁcati
1442 4260 1818 4327 fecerimus,in
1835 4280 1895 4318 se
1922 4263 2090 4317 nobis

440 4342 699 4411 requiem
733 4350 988 4415 praestat.
1034 4345 1308 4416 Magnum
1341 4354 1431 4403 est
1460 4350 1612 4403 enim
1648 4351 1814 4405 nobis
1864 4351 1934 4403 ab
1992 4350 2089 4405 illo

440 4427 753 4496 exstitisse,
779 4431 875 4484 sed
899 4432 1091 4501 majus
1106 4434 1213 4486 erit
1231 4435 1282 4487 in
1301 4434 1398 4489 illo
1413 4437 1951 4506 requievisse.Sieut
1968 4439 2090 4509 ipse

442 4534 555 4572 non
584 4518 708 4574 ideo
733 4520 939 4575 beatus
964 4528 1075 4584 est,
1108 4523 1244 4593 quia
1276 4524 1395 4578 hac
1427 4524 1579 4592 fecit;
1613 4527 1713 4581 sed
1746 4527 1883 4597 quia
1914 4527 2089 4582 etiam

443 4608 611 4662 factis
634 4626 743 4663 non
769 4611 1031 4682 egens,in
1054 4628 1114 4666 se
1139 4612 1521 4685 potiusquam
1542 4614 1597 4669 in
1624 4616 1765 4687 ipsis
1788 4617 2086 4687 requievit.

446 4697 606 4751 Unde
629 4716 740 4753 non
767 4699 1082 4771 operis,serl
1109 4702 1323 4771 quietis
1345 4703 1495 4757 diem
1526 4705 1930 4771 sanetiﬁcavit;
1952 4706 2089 4777 quia

446 4801 561 4840 non
597 4786 713 4841 hanc
742 4789 1143 4855 faciendo,st
1178 4791 1261 4846 eis
1292 4810 1419 4863 quae
1445 4793 1576 4847 fecit
1608 4810 1719 4848 non
1753 4795 1996 4865 egendo,
2029 4812 2099 4851 se

446 4874 681 4929 beatum
720 4876 1027 4931 intimavit.

516 4964 756 5027 30.0uid
793 4983 926 5038 ergo
961 4973 1075 5022 tam
1113 4969 1332 5025 humile
1364 4988 1429 5026 ac
1463 4971 1628 5027 facile
1650 4972 1848 5036 effatu,
1871 4978 1927 5027 et
1947 4974 2088 5045 quid

440 5058 559 5108 tam
584 5053 840 5109 sublime
864 5061 1037 5125 atque
1062 5059 1307 5113 arduum
1331 5062 1790 5132 cogitatu,quam
1819 5063 1972 5117 Deus
1999 5080 2087 5117 re-

438 5144 746 5214 quiescens
768 5144 839 5197 ab
860 5146 1137 5199 omnibus
1157 5148 1429 5218 Operibus
1448 5150 1570 5205 suis
1589 5168 1715 5222 quae
1740 5152 1975 5206 fecit?Et
1992 5153 2087 5208 ubi

435 5233 809 5304 requiescens
825 5232 937 5287 nisi
953 5234 1009 5287 in
1028 5235 1107 5288 sei
1122 5236 1386 5307 pso,quia
1402 5239 1603 5294 beatus
1620 5240 2087 5313 nonnisiseipso?

440 5323 703 5389 Quando,
723 5322 832 5377 nisi
858 5324 1184 5393 semper‘Hn
1208 5324 1413 5381 diebus
1436 5332 1628 5382 autem
1655 5330 1868 5399 quibus
1891 5347 2087 5385 rerum

437 5426 585 5482 quas
607 5411 1313 5468 eondiditeonsummatio
1331 5422 1561 5470 narratu
1574 5420 1765 5481 r,etab
1778 5418 1859 5473 eis
1874 5420 2087 5489 quietis

443 5498 533 5554 Ι)θὶ
570 5500 711 5553 Ordo
745 5500 1541 5571 distinguitur,quando,nisi
1576 5504 1630 5558 in
1666 5506 1915 5576 septimo
1972 5508 2085 5577 die,

442 5587 541 5657 qui
575 5604 771 5641 earum
807 5589 1073 5658 sequitur
1105 5590 1595 5659 perfectionenﬂA
1632 5594 1899 5664 perfectis
1929 5596 2085 5649 enim

511 5770 525 5801 ί
562 5766 697 5815 Editi
727 5766 949 5825 addunt,
982 5766 1033 5815 in
1064 5766 1245 5830 nobis;
1271 5769 1412 5832 quod
1444 5770 1594 5821 abest
1621 5786 1650 5821 a
1683 5773 1807 5821 Mss.

1300 392 1402 453 DE
1447 390 1727 452 GENESI
1773 390 1877 450 AD
1921 388 2344 463 LITTERAM,
2393 388 2455 448 S.
2504 383 2935 448 AUGUSTINI

3649 396 3743 460 308

2171 518 2504 591 requiescit,
2539 518 2637 587 qui
2672 534 2779 573 nec
2810 518 3082 589 perfectis
3114 525 3259 590 eget,
3291 536 3397 591 quo
3426 524 3620 581 beatior
3643 545 3746 586 esse

2173 608 2378 681 possit.

2244 715 2474 770 CAPUT
2497 714 2689 770 XVIII.
2723 745 2791 754 -—
2826 714 3097 784 Septimus
3115 715 3230 769 dies
3248 730 3343 770 cur
3366 720 3751 790 manehabuerit,

2777 802 2883 839 ηοη
2918 802 3217 857 vesperam.

2246 876 2335 930 31.
2371 876 2436 930 Et
2466 874 2618 945 quod
2654 875 2805 947 apud
2843 874 3006 930 illum
3042 875 3300 946 quidem,
3330 877 3495 947 quieti
3521 880 3634 950 ejus
3675 900 3759 938 nec

2178 981 2351 1019 mane
2408 981 2512 1018 nec
2568 981 2810 1036 vespera
2866 968 2991 1029 est;
3043 964 3181 1035 quia
3214 980 3317 1019 nec
3345 967 3579 1036 aperitur
3606 969 3761 1041 initio,

2178 1070 2283 1109 nec
2317 1054 2612 1108 clauditur
2643 1055 2755 1108 fine
2791 1070 2802 1117 ;
2839 1053 3109 1124 perfectis
3140 1059 3331 1108 autem
3363 1057 3611 1126 operibus
3657 1062 3761 1130 ejus

2180 1160 2350 1198 mane
2381 1142 2558 1197 habet
2582 1148 2637 1198 et
2666 1160 2965 1214 vesperam
2999 1159 3110 1197 non
3145 1143 3573 1216 habet;perfecta
3588 1148 3766 1220 quippe

2181 1237 2447 1286 creatura
2479 1232 2650 1286 habet
2680 1232 2977 1301 quoddam
3028 1230 3258 1284 initium
3320 1248 3431 1286 suae
3482 1236 3763 1290 conversio-

2184 1322 2273 1375 nis
2334 1322 2400 1375 ad
2465 1321 2719 1391 quielem
2781 1320 3067 1374 Creatoris
3099 1320 3209 1391 sui,
3246 1321 3343 1375 sed
3375 1320 3469 1375 illa
3500 1339 3598 1375 non
3628 1323 3769 1379 habet

2184 1410 2355 1463 linem
2392 1409 2560 1479 quasi
2588 1409 2906 1463 terminum
2941 1408 3311 1479 perfectionis
3355 1426 3484 1477 suae,
3540 1412 3673 1465 sicut
3718 1430 3769 1466 ea

2183 1515 2306 1568 qua:
2370 1499 2519 1552 facta
2574 1501 2730 1552 sunt.
2795 1505 2874 1551 Ac
2907 1514 3009 1568 per
3034 1496 3144 1552 hoc
3175 1497 3404 1567 requies
3430 1497 3520 1553 Dei
3552 1516 3653 1554 non
3681 1501 3770 1570 ipsi

2187 1592 2318 1656 Deo,
2355 1589 2455 1642 sed
2488 1604 2682 1642 rerum
2716 1587 2786 1641 ab
2815 1603 2879 1641 eo
2920 1587 3289 1642 conditarum
3347 1587 3657 1657 perfectioni
3706 1590 3774 1642 in-

2183 1677 2525 1742 choutur,ut
2547 1675 2737 1747 inﬁillo
2768 1675 3011 1747 incipiat
3043 1675 3405 1747 requiescere
3436 1676 3577 1746 quod
3610 1677 3670 1731 ab
3698 1676 3776 1731 illo

2185 1766 2503 1837 perficitur,
2536 1770 2593 1821 et
2621 1766 2677 1820 in
2708 1782 2773 1820 eo
2804 1765 3019 1820 habere
3052 1781 3253 1832 mane;
3290 1765 3345 1819 in
3381 1781 3481 1819 suo
3533 1765 3671 1819 enim
3700 1782 3779 1836 ge-

2188 1871 2322 1910 nere
2355 1860 2638 1926 tanquam
2671 1870 2912 1925 vespera
2943 1854 3327 1909 terminatum
3359 1853 3584 1908 est:sed
3611 1854 3663 1908 in
3689 1854 3779 1909 Deo

2184 1960 2483 2015 vesperam
2519 1944 2731 1998 habere
2752 1944 2878 2013 jam
2908 1959 3019 1998 non
3056 1946 3265 2013 potest,
3291 1941 3425 2013 quia
3449 1959 3556 1996 non
3585 1942 3681 1997 erit
3706 1942 3783 1996 ali-

2186 2033 2322 2105 quid
2357 2032 2455 2088 illa
2489 2032 2838 2104 perfectione
2872 2032 3207 2104 perfectius.

2258 2121 2415 2175 3‘2.In
2450 2121 2569 2176 illis
2597 2121 2751 2176 enim
2784 2121 2991 2175 diebus
3015 2120 3230 2191 quibus
3247 2119 3444 2175 omnia
3463 2120 3784 2186 creabantur,

2184 2226 2488 2281 vesperam
2520 2210 2837 2265 terminum
2870 2209 3114 2265 condita:
3146 2214 3609 2271 creaturae-mane
3629 2212 3787 2262 autem

2188 2299 2424 2355 initium
2449 2300 2763 2355 condendas
2786 2299 3025 2354 alterius
3047 2298 3497 2369 accipiebamus.
3515 2300 3588 2351 Ac
3606 2313 3692 2368 per
3706 2295 3791 2349 hoc

2188 2390 2373 2459 quinti
2407 2389 2521 2444 diei
2552 2405 2792 2460 vespera
2821 2388 3108 2443 terminus
3139 2392 3226 2442 est
3253 2386 3497 2443 conditae
3521 2384 3792 2458 quintodie

2190 2483 2469 2533 creaturae
2497 2498 2510 2533 :
2546 2494 2715 2531 mane
2743 2482 2936 2532 autem
2972 2477 3124 2547 quod
3160 2481 3292 2548 post
3322 2476 3509 2547 ipsam
3540 2490 3794 2545 vesperam

2190 2569 2403 2622 factum
2429 2566 2779 2633 est,iaitium
2802 2571 2891 2621 est
2912 2567 3225 2621 condenda
3248 2569 3411 2620 sexto
3430 2565 3521 2619 die
3542 2566 3797 2627 creaturae;

2190 2673 2306 2728 qua
2319 2656 2555 2711 condita
2572 2661 2853 2725 tanquam
2871 2656 2998 2725 ejus
3012 2653 3304 2709 terminus
3318 2654 3470 2708 facta
3483 2658 3796 2721 estvespera.

2188 2746 2257 2799 Et
2287 2744 2423 2816 quia
2455 2744 2600 2799 nihil
2635 2744 2792 2799 aliud
2829 2744 3200 2798 condendum
3234 2743 3548 2804 restiterat,
3578 2740 3650 2795 ita
3695 2742 3799 2809 post

2189 2834 2349 2888 illam
2366 2849 2667 2905 vesperam
2686 2849 2855 2887 mane
2870 2833 3087 2887 factum
3105 2836 3212 2899 est,
3232 2836 3298 2885 ut
3314 2848 3426 2885 non
3442 2828 3799 2884 essetinitium

2189 2924 2503 2978 condenda:
2520 2922 2759 2978 alterius
2775 2921 3188 2990 creaturaa,sed
3210 2921 3446 2975 initium
3473 2917 3673 2991 quietis
3695 2915 3799 2970 uni-

2190 3030 2370 3068 versae
2392 3016 2674 3067 creaturae
2702 3013 2759 3065 in
2784 3010 2987 3081 requie
3007 3008 3530 3079 Creatoris.Neque
3550 3006 3690 3062 enim
3710 3020 3801 3058 em-

2187 3102 2308 3157 lum
2334 3109 2391 3157 et
2412 3106 2566 3156 terra
2596 3105 2652 3156 et
2676 3100 2873 3156 omnia
2897 3117 3023 3171 qua:
3048 3099 3104 3153 in
3131 3098 3214 3153 eis
3245 3103 3408 3165 sunt,
3434 3096 3691 3150 universa
3715 3092 3803 3147 sei-

2190 3191 2323 3246 licet
2353 3188 2675 3262 spiritualis
2716 3188 3150 3260 corporalisque
3211 3192 3482 3242 creatura
3537 3184 3593 3238 in
3648 3182 3808 3252 seipse

2190 3287 2426 3347 manet;
2459 3280 2555 3334 sed
2600 3279 2802 3350 utique
2825 3279 2883 3332 in
2907 3277 3005 3332 illo
3028 3277 3098 3332 de
3120 3293 3234 3347 quo
3258 3276 3483 3331 dictum
3506 3278 3610 3335 est.
3643 3275 3701 3326 In
3727 3270 3806 3323 illo

2189 3372 2338 3426 enim
2366 3372 2618 3439 vivimus,
2646 3374 2698 3425 et
2725 3384 3023 3433 movemur,
3055 3368 3104 3421 et
3134 3382 3333 3421 sumus
3365 3368 3500 3433 (Act.
3542 3379 3671 3427 xvu,
3716 3359 3806 3424 28).

2189 3461 2336 3525 Quia
2365 3462 2473 3515 etsi
2506 3475 2870 3530 unaquaeque
2893 3475 3029 3529 pars
3061 3462 3255 3529 potest
3286 3472 3420 3510 esse
3454 3454 3510 3508 in
3537 3457 3650 3508 toto
3674 3451 3815 3518 cujus

2192 3568 2328 3624 pars
2360 3558 2466 3615 est;
2502 3550 2697 3620 ipsum
2729 3552 2925 3603 tamen
2958 3552 3145 3601 totum
3182 3562 3301 3600 non
3334 3550 3427 3600 est
3456 3542 3565 3598 nisi
3598 3542 3651 3595 in
3681 3538 3764 3592 illo
3790 3554 3815 3590 a

2193 3658 2308 3711 quo
2340 3638 2641 3694 conditum
2674 3642 2780 3692 est.
2816 3638 2884 3692 Et
2914 3637 3043 3691 ideo
3075 3652 3189 3690 non
3221 3634 3482 3689 absurde
3510 3626 3817 3699 intelligitur

2193 3734 2353 3786 sexto
2377 3730 2467 3783 die
2489 3727 2777 3798 completo
2802 3731 2932 3798 post
2953 3726 3081 3795 ejus
3102 3739 3410 3795 vesperam
3429 3723 3638 3775 factum
3656 3731 3813 3778 mane,

2194 3836 2303 3875 non
2319 3835 2432 3889 quo
2446 3812 3441 3888 signiﬁcareturinitiumcondendae
3460 3807 3682 3864 alterius
3694 3819 3819 3859 erea-

2193 3906 2519 3971 turm,sicut
2542 3907 2598 3960 in
2626 3906 2868 3970 caeteris;
2896 3904 2991 3958 sed
3021 3920 3134 3975 quo
3159 3895 3816 3974 signiﬁcareturinitium

2196 3997 2469 4053 manendi
2493 4000 2549 4050 et
2571 3994 2907 4065 quiescendi
2942 3993 3120 4047 totius
3152 3990 3307 4062 quod
3344 3988 3645 4044 conditum
3674 3979 3817 4045 est,in

2197 4086 2357 4141 illius
2380 4085 2571 4156 quiete
2594 4082 2688 4153 qui
2706 4081 3128 4145 condidit.Qua3
3153 4079 3320 4151 quies
3343 4079 3599 4134 Deo‘nec
3621 4071 3820 4127 initium

2199 4176 2371 4230 habet
2393 4191 2495 4228 nec
2520 4172 3146 4228 terminumzcreaturae
3171 4174 3369 4224 autem
3394 4167 3574 4222 habet
3593 4160 3818 4220 initium,

2197 4266 2297 4321 sed
2332 4281 2442 4319 non
2478 4263 2652 4317 habet
2681 4260 3035 4326 terminum;
3088 4263 3143 4313 et
3191 4258 3322 4312 ideo
3385 4255 3672 4329 septimus
3723 4249 3825 4304 dies

2196 4355 2384 4410 eidem
2412 4356 2687 4408 creaturas
2718 4351 2885 4423 empit
2907 4368 2938 4405 a
2961 4349 3258 4415 mane,sed
3286 4346 3457 4402 nullo
3493 4355 3720 4415 vespere
3738 4343 3824 4392 ter-

2199 4444 2475 4497 minatur.

2267 4533 2508 4587 33.Nam
2542 4532 2590 4587 si
2621 4531 2679 4586 in
2714 4529 2940 4585 eteteris
2963 4528 3171 4584 diebus
3201 4542 3451 4598 vespera
3482 4528 3539 4578 et
3568 4534 3729 4577 mane
3754 4522 3826 4569 ta-

2196 4620 2341 4677 lium
2366 4626 2478 4677 tem
2492 4638 2692 4690 porum
2707 4619 2858 4675 vices
2873 4615 3438 4691 signiﬁeant,qualia
3453 4628 3611 4669 nunc
3628 4606 3830 4682 perbasc

2197 4710 2538 4781 quotidiana
2561 4709 2749 4780 spatia
2773 4712 3271 4779 peragunturgnon
3296 4704 3473 4759 video
3495 4701 3633 4774 quid
3658 4692 3827 4768 prohi-

2197 4800 2785 4871 bueritetseptimum
2803 4798 2955 4852 diem
2972 4798 3596 4869 vespera,noctemque
3609 4784 3833 4859 ejusdem

2197 4906 2367 4946 mane
2389 4888 2756 4959 concludere,
2782 4893 2844 4943 ut
2864 4885 3133 4942 similiter
3159 4885 3481 4950 diceretur,
3510 4882 3581 4936 Et
3604 4880 3743 4934 facta
3760 4874 3832 4927 est

2196 4988 2523 5051 vespera,et
2547 4981 2762 5033 factum
2787 4982 2875 5031 est
2902 4993 3072 5031 mane
3096 4976 3220 5031 dies
3244 4973 3546 5045 septimus
3571 4987 3583 5024 :
3608 4962 3833 5039 quando-

2196 5070 2431 5141 quidem
2466 5073 2521 5123 et
2554 5069 2677 5139 ipse
2710 5083 2862 5121 unus
2892 5070 2980 5120 est
3011 5063 3369 5134 dierum,qui
3404 5076 3615 5115 omnes
3640 5058 3833 5141 septh

2196 5140 2353 5225 sunt,
2388 5174 2637 5228 quorum
2666 5154 3012 5228 repetitione
3040 5169 3272 5209 menses
3299 5157 3357 5206 et
3387 5149 3535 5207 anni
3565 5152 3622 5205 et
3650 5140 3838 5201 saecula

2196 5251 2651 5321 peraguntur;ut
2684 5262 2853 5300 mane
2884 5244 3038 5315 quod
3067 5246 3383 5315 poneretur
3405 5245 3542 5311 post
3557 5244 3835 5305 vesperam

2198 5338 2453 5409 septimi,
2487 5336 2596 5390 hoc
2627 5340 2782 5390 esset
2812 5334 3045 5388 initium
3080 5331 3266 5387 octavi
3297 5330 3437 5398 diei,
3472 5329 3547 5383 de
3578 5341 3689 5398 quo
3728 5322 3836 5393 jam

2196 5427 2468 5495 deinceps
2483 5424 2773 5478 silendum
2794 5421 3233 5492 fuit,quiaidem
3253 5418 3486 5491 primus
3500 5414 3673 5472 estad
3689 5423 3837 5483 quem

2197 5516 2442 5579 reditur,
2464 5532 2495 5568 a
2516 5530 2630 5584 quo
2650 5528 2856 5567 rursus
2886 5508 3271 5566 hebdomadis
3301 5507 3492 5564 series
3524 5503 3776 5561 ordiatur
3800 5496 3834 5560 ἰ

2266 5651 2276 5677 ‘
2306 5650 2462 5701 Editi.
2500 5647 2607 5695 Dei.
2642 5647 2705 5695 At
2734 5646 2879 5701 Mss.,
2917 5644 3036 5707 Deo.
3060 5644 3121 5692 Et
3137 5656 3262 5691 mox
3294 5645 3419 5691 Lov.
3458 5653 3576 5707 pro.
3610 5636 3839 5707 στςᾳζυνρ

2196 5695 2388 5771 autem,
2423 5695 2597 5768 habet,
2628 5695 3285 5771 creatura,refragantibus
3314 5695 3530 5754 caeteris
3564 5695 3834 5750 codicibus.

2256 5775 2278 5809 ³
2307 5769 2429 5823 Mss.
2462 5777 2600 5829 octo,
2633 5769 2927 5821 ordinatur.
