3966 6194
419 272 536 334 319

417 405 650 462 CAPUT
690 407 926 463 XXXIV.
964 440 1031 449 ——
1065 411 1262 466 Omnia
1291 416 1343 467 et
1370 411 1548 467 simul
1575 414 1749 482 facta,
1773 416 1824 467 et
1854 411 2067 468 nihilo-

852 482 1035 535 minus
1061 500 1164 554 per
1189 500 1283 538 sea:
1312 485 1429 539 dies
1459 487 1626 554 facta.

488 586 886 648 53.0uomodo
917 604 1052 660 ergo
1084 589 1336 645 dicimus
1369 591 1557 646 sexies
1588 591 1889 661 repetitam
1918 589 2064 646 lucis

418 673 579 729 illius
611 678 981 746 priesentiam
1017 695 1114 749 per
1145 679 1464 750 angelicam
1487 681 1876 751 cognitionem
1913 698 1944 734 a
1973 698 2066 736 ve-

420 783 591 838 spera
623 768 692 821 ad
729 785 898 823 mane
923 786 934 824 :
958 787 1089 824 cum
1127 771 1254 842 ipsa
1286 771 1395 826 tria
1425 771 1685 836 simul,id
1717 778 1804 827 est
1835 772 2064 826 etdiem

419 861 476 910 et
524 872 827 928 vesperam
864 863 920 912 et
952 875 1142 923 mane,
1177 860 1356 915 semel
1391 861 1438 915 ei
1484 861 1696 916 habere
1728 860 2021 914 suti‘ecerit
2052 877 2064 914 :

423 961 553 998 cum
584 944 758 998 simul
794 946 1127 1001 universam
1161 949 1678 1015 creaturam,sicut
1709 948 1883 1003 simul
1919 950 2068 1004 facta

420 1037 528 1098 est,
557 1039 612 1088 et
645 1033 700 1087 in
738 1035 943 1105 primis
974 1040 1151 1106 atque
1203 1038 1782 1092 incommutabilibus
1824 1037 2067 1092 rationi-

417 1120 550 1187 bus,
586 1138 686 1192 per
715 1140 863 1194 quas
895 1126 1125 1180 condita
1153 1132 1262 1192 est,
1295 1127 1791 1197 contemplaretur
1835 1131 2070 1198 propter

419 1209 598 1275 diem,
633 1217 688 1264 et
717 1211 774 1266 in
804 1214 930 1283 ejus
962 1214 1148 1285 ipsius
1180 1220 1389 1271 natura
1422 1221 1796 1288 cognosceret
1834 1221 2069 1288 propter

421 1314 746 1369 vesperam,
767 1305 823 1355 et
849 1303 1178 1358 Creatorem
1212 1321 1280 1359 ex
1309 1305 1437 1376 ipsa
1465 1305 1638 1359 etiam
1671 1305 1942 1359 inferiore
1973 1321 2068 1359 co-

419 1387 679 1458 gnitione
727 1397 962 1462 propter
1020 1409 1190 1447 mane
1241 1393 1567 1448 laudaret?
1621 1396 1734 1448 Aut
1777 1393 2068 1464 quomodo

421 1478 784 1546 praecedebat
815 1485 1070 1549 mane,ut
1100 1481 1158 1535 in
1189 1482 1374 1537 Verbo
1399 1487 1775 1554 cognosceret
1809 1481 1948 1552 quid
1983 1498 2071 1537 es-

419 1570 508 1620 set
540 1567 654 1621 Deo
701 1575 902 1638 postea
951 1570 1299 1636 faciendum,
1330 1571 1587 1642 idipsum
1638 1569 1810 1625 etiam
1866 1587 2068 1625 conse-

420 1660 668 1725 quenter
699 1673 934 1728 vespere
960 1659 1339 1730 cognitura,si
1375 1660 1539 1731 prius
1570 1663 1625 1715 et
1656 1659 1944 1731 posterius
1979 1659 2068 1713 ni-

421 1743 500 1796 hil
551 1744 764 1798 factum
799 1751 907 1810 est,
941 1746 1079 1818 quia
1105 1747 1282 1802 simul
1316 1748 1514 1803 omnia
1546 1749 1696 1804 facta
1724 1733 1917 1804 'sunt?
1950 1749 2070 1803 Imo

418 1848 551 1886 vero
602 1837 658 1887 et
689 1834 848 1902 prius
898 1840 1073 1907 atque
1123 1837 1415 1907 posterius
1465 1854 1567 1908 per
1619 1854 1717 1893 sex
1765 1838 1891 1892 dies
1944 1854 2070 1909 quas

421 1928 881 1978 commemorata
912 1930 1051 1979 sunt
1080 1926 1230 1981 facta
1264 1933 1422 1995 sunt,
1457 1931 1512 1982 et
1542 1926 1718 1982 simul
1761 1926 1958 1981 omnia
1982 1928 2070 1982 fa-

423 2016 514 2066 cta
543 2016 682 2066 sunt
715 2029 726 2064 :
764 2013 902 2084 quia
948 2019 1004 2069 et
1034 2016 1153 2070 haec
1185 2016 1510 2087 Scriptura,
1545 2035 1670 2088 quae
1721 2034 1820 2087 per
1849 2035 2070 2073 memo-

422 2104 579 2154 ratos
611 2101 736 2155 dies
766 2108 963 2157 narrat
995 2119 1168 2174 opera
1199 2104 1320 2170 Dei,
1353 2113 1402 2160 et
1435 2105 1536 2160 illa
1567 2122 1692 2176 quas
1726 2105 1905 2160 simul
1937 2124 2071 2162 eum

425 2188 567 2243 dicit
598 2190 801 2245 fecisse
833 2193 1050 2259 omnia,
1082 2209 1254 2249 verax
1289 2199 1414 2262 est;
1450 2200 1507 2249 et
1535 2200 1783 2266 utraque
1815 2213 1932 2250 una
1963 2200 2071 2268 est,

425 2278 564 2347 quia
614 2295 730 2334 uno
772 2280 991 2351 Spiritu
1048 2283 1310 2338 veritatis
1379 2284 1701 2355 inspirante
1744 2285 2075 2357 conscripta

425 2371 532 2422 est.

495 2457 587 2511 54.
621 2457 729 2512 Sed
764 2458 822 2512 in
854 2458 949 2514 his
978 2460 1251 2526 rebus,in
1284 2462 1499 2534 quibus
1531 2463 1668 2533 quid
1703 2462 1864 2534 prius
1893 2462 2075 2518 sitvel

427 2546 741 2616 posterius,
776 2547 1082 2603 intervalla
1121 2554 1448 2622 temporum
1482 2568 1594 2605 non
1648 2551 2073 2620 demonstrant,

427 2635 696 2705 quamvis
728 2638 1045 2706 utrumque
1079 2637 1188 2691 dici
1222 2640 1488 2710 possil,id
1513 2644 1602 2693 est
1632 2639 1896 2703 simul,et
1915 2641 2077 2710 prius

430 2727 486 2777 et
519 2723 828 2792 posterius,
865 2725 1092 2780 facilius
1133 2731 1328 2782 tamen
1356 2727 1704 2799 intelligitur
1732 2729 1882 2797 quod
1933 2729 2076 2784 dici-

425 2815 524 2866 tur
555 2812 936 2885 simul,quam
971 2816 1121 2884 quod
1157 2817 1320 2887 prius
1353 2821 1525 2887 atque
1558 2817 1885 2889 posterius:
1920 2816 2078 2872 velut

428 2917 562 2954 cum
595 2901 777 2956 solem
811 2902 1112 2958 intuemur
1155 2905 1464 2970 orientem,
1497 2912 1649 2961 certe
1700 2907 2075 2961 manifestum

430 2994 518 3044 est
551 2991 704 3060 quod
738 2991 808 3045 ad
841 3007 974 3045 eum
1009 2992 1161 3048 acies
1181 3000 1377 3049 nostra
1399 2996 1697 3066 pervenire
1717 3012 1829 3050 non
1859 2998 2074 3067 posset,

432 3078 546 3133 nisi
580 3079 856 3135 transiret
892 3084 1079 3135 totum
1132 3084 1280 3138 aeris
1322 3083 1569 3154 coelique
1616 3084 1889 3155 spatium,
1922 3085 2074 3154 quod

430 3167 585 3222 inter
615 3186 722 3224 nos
753 3173 810 3224 et
858 3158 1052 3242 ipsum
1086 3176 1216 3237 est;
1268 3171 1376 3226 hoc
1408 3177 1602 3227 autem
1648 3173 1818 3242 cujus
1853 3174 2076 3245 longin-

431 3257 672 3329 quitatis
721 3259 816 3327 sit,
868 3258 998 3329 quis
1048 3261 1336 3315 testimare
1387 3261 1685 3316 sufﬁciat?
1715 3263 1829 3317 Nec
1879 3263 2079 3333 utique

431 3348 760 3416 perveniret
807 3349 1010 3402 eadem
1044 3349 1197 3403 acies
1241 3349 1327 3404 vel
1360 3351 1561 3406 radius
1612 3349 1911 3406 oculorum
1945 3368 2080 3405 nos-

430 3440 653 3490 trorum
689 3436 759 3490 ad
793 3438 1218 3492 transeundum
1251 3455 1440 3494 aerem
1477 3439 1573 3510 qui
1593 3444 1680 3495 est.
1706 3457 1882 3512 super
1899 3456 2079 3510 mare,

436 3524 547 3578 nisi
581 3523 745 3594 prius
776 3525 1088 3580 transisset
1117 3543 1249 3581 eum
1284 3528 1382 3597 qui
1416 3533 1504 3583 est
1535 3544 1712 3598 super
1748 3534 1986 3590 terram,
2022 3530 2080 3583 in

437 3611 699 3684 qualibet
745 3613 1173 3669 mediterranea
1224 3617 1458 3685 regione
1505 3617 1712 3680 simus,
1745 3619 1816 3671 ab
1847 3634 1913 3672 eo
1958 3617 2081 3672 loco

434 3701 534 3755 ubi
587 3717 792 3756 sumus
844 3719 1030 3774 usque
1078 3704 1147 3757 ad
1203 3704 1367 3758 littus
1421 3707 1621 3760 maris.
1659 3707 1876 3761 Deinde
1929 3707 1976 3760 si
2012 3708 2080 3761 ad

434 3790 701 3846 eamdem
733 3790 944 3846 lineam
978 3793 1279 3848 contuitus
1332 3797 1510 3850 nostri
1545 3795 1736 3850 adhuc
1766 3800 1894 3866 post
1926 3813 2085 3852 mare

433 3882 600 3935 terris
631 3880 920 3949 adjacent,
955 3897 1086 3936 eum
1122 3899 1352 3954 quoque
1381 3900 1571 3938 aerem
1607 3885 1706 3955 qui
1749 3901 1924 3957 super
1953 3885 2085 3941 illas

435 3971 865 4025 transmarinas
891 3975 1078 4025 terras
1109 3977 1217 4039 est,
1251 3973 1503 4028 transire
1530 3975 1684 4030 acies
1735 3979 1936 4029 nostra
1970 3992 2084 4030 non

436 4059 771 4129 potest,nisi
805 4061 966 4130 prius
1001 4065 1230 4130 peracto
1255 4063 1444 4132 spatio
1481 4065 1631 4117 aeris
1662 4063 1821 4118 illius
1855 4064 1951 4134 qui
1987 4080 2084 4118 su-

441 4164 545 4218 per
575 4164 734 4202 mare
763 4150 916 4218 quod
949 4148 1111 4218 prius
1144 4151 2088 4218 occurrit,extenditur.Faciamus

438 4237 561 4305 jam
597 4240 726 4305 post
770 4235 900 4290 illas
932 4237 1356 4292 transmarinas
1406 4243 1590 4292 terras
1625 4240 1856 4294 nonnisi
1907 4240 2088 4296 Ocea-

439 4341 582 4378 num
616 4339 954 4390 remanere;
991 4326 1275 4394 numquid
1313 4329 1369 4379 et
1399 4341 1586 4380 aerem
1622 4327 1720 4397 qui
1753 4345 1929 4398 super
1957 4330 2091 4384 Oce-

440 4429 618 4468 anum
655 4412 1221 4484 diﬂ‘unditur,potest
1253 4415 1506 4469 transire
1537 4415 1689 4470 acies
1722 4421 1942 4482 nostra,
1977 4419 2091 4474 nisi

437 4502 604 4575 prius
635 4501 936 4557 transierit
967 4502 1249 4572 quidquid
1289 4504 1438 4557 aeris
1469 4503 1615 4559 citra
1665 4507 1958 4561 Oceanum
1993 4525 2088 4562 su-

438 4610 541 4664 pra
559 4598 773 4647 terram
794 4591 1124 4646 est?0ceani
1148 4596 1342 4647 autem
1369 4594 1709 4664 magnitudo
1733 4593 2094 4667 incompara-

437 4682 573 4736 bilis
600 4681 972 4754 perhibetur;
1005 4681 1104 4736 sed
1129 4686 1605 4754 quantacumque
1628 4682 1896 4755 sit,prius
1918 4701 2094 4756 opor-

439 4773 522 4824 tet
552 4787 743 4826 aerem
777 4772 876 4841 qui
911 4789 1086 4841 supra
1119 4775 1539 4835 est,transeant
1571 4770 1713 4827 radii
1758 4779 2094 4830 nostrorum

441 4858 744 4913 oculorum
775 4884 788 4922 ς
821 4864 877 4913 et
911 4865 1109 4930 postea
1142 4860 1430 4932 quidquid
1484 4859 1635 4915 ultra
1665 4867 1791 4930 est;
1826 4867 1949 4917 tum
1998 4864 2095 4919 de-

449 4963 609 5001 mum
645 4947 712 5000 ad
766 4945 946 5000 solem
999 4950 1360 5020 perveniant,
1404 4967 1577 5019 quem
1622 4951 1908 5007 videmus.
1945 4953 2096 5007 Num

445 5035 626 5107 igitur
657 5033 793 5105 quia
823 5034 994 5090 toties
1023 5034 1117 5088 hic
1152 5036 1603 5107 diximus,Prius
1634 5044 1688 5093 et
1721 5046 1938 5111 postea,
1969 5040 2097 5096 ideo

452 5143 564 5181 non
599 5124 775 5181 simul
809 5123 1007 5178 omnia
1041 5140 1152 5179 uno
1187 5125 1301 5180 ictu
1339 5127 1548 5182 transit
1581 5133 1775 5184 noster
1813 5131 2100 5186 obtutus?

447 5217 507 5271 Si
538 5215 692 5269 enim
721 5214 938 5269 clausis
993 5213 1177 5268 oculis
1211 5214 1414 5269 faciem
1468 5222 1672 5271 contra
1703 5219 1882 5274 visuri
1916 5219 2100 5274 solem

449 5319 961 5377 ponamusmonne
993 5319 1124 5357 mox
1159 5307 1223 5356 ut
1245 5319 1344 5358 eos
1364 5304 1874 5375 aperuerimus,ibi
1909 5310 2103 5380 potius

450 5394 635 5450 aciem
669 5397 926 5450 nostram
961 5409 1066 5448 nos
1101 5391 1412 5461 invenisse,
1440 5410 1614 5465 quam
1648 5394 1786 5450 illuc
1811 5413 1937 5452 eam
1972 5415 2098 5470 per-

1295 280 1395 340 DE
1442 278 1722 340 GENESI
1768 280 1870 339 AD
1919 276 2335 339 LITTERAM.
2385 277 2448 338 S.
2495 276 2921 339 AUGUSTINI

3683 278 3786 340 320

2175 411 2414 466 duxisse
2459 411 2841 482 putabimus;
2901 410 2981 464 ita
3029 415 3091 464 ut
3139 425 3242 464 nec
3291 409 3401 481 ipsi
3451 408 3595 465 oculi
3643 411 3789 482 prius

2175 502 2360 571 aperti
2394 499 2573 555 fuisse
2602 500 2930 564 videantur,
2969 516 3143 570 quam
3196 497 3295 553 illa
3325 515 3437 568 quo
3489 498 3789 553 intenderat

2178 589 2510 661 pervenisse
2542 593 2554 623 ¹
2590 589 2608 642 ἒ
2641 589 2705 643 Et
2735 593 2888 643 certe
2935 588 3046 643 istc
3093 605 3376 659 corporeae
3411 587 3554 642 lucis
3602 594 3686 642 est
3711 575 3788 642 ra-

2177 679 2600 746 dius,emicans
2628 695 2692 732 ex
2726 678 2910 732 oculis
2941 677 3246 747 nostris,et
3275 682 3391 730 tam
3428 678 3594 749 longe
3626 679 3792 748 posita

2177 772 2339 822 tanta
2371 767 2668 822 celeritate
2699 768 3138 837 contingens,ut
3165 766 3438 820 aestimari
3472 767 3794 837 comparari-

2179 873 2291 928 que
2324 873 2435 911 non
2473 857 2680 928 possit.
2715 855 2936 927 Nempe
2966 855 3060 909 hic
3091 860 3147 910 et
3179 854 3277 909 illa
3324 855 3518 909 omnia
3548 859 3661 908 tam
3693 871 3795 907 am-

2179 945 2274 1016 pla
2325 945 2734 1016 immensaque
2784 945 2972 1016 spatia
3027 943 3204 999 simul
3253 961 3368 997 uno
3416 944 3532 998 ictu
3581 944 3796 997 transiri

2179 1035 2559 1089 manifestum
2594 1039 2703 1101 est,
2738 1039 2792 1088 et
2825 1035 2974 1105 quod
3013 1035 3176 1105 prius
3212 1032 3613 1104 posteriusque
3656 1036 3797 1086 tran-

2176 1131 2395 1192 seatur,
2433 1125 2616 1180 nihilo
2651 1126 2846 1179 minus
2879 1129 3098 1179 certum
3133 1129 3238 1178 est.

2247 1217 2336 1269 55.
2373 1215 2574 1269 Merito
2605 1213 3045 1269 resurrectionis
3077 1219 3286 1269 nostras
3317 1211 3660 1268 celeritatem
3683 1229 3798 1267 cum

2178 1304 2502 1374 exprimere
2531 1303 2704 1359 vellet
2735 1303 3069 1374 Apostolus,
3102 1306 3160 1358 in
3194 1304 3308 1358 ictu
3355 1303 3503 1357 oculi
3532 1303 3661 1356 dixit
3695 1303 3800 1355 ﬁeri

2179 1393 2229 1460 (l
2249 1393 2791 1463 Cor.xv,25).Neque
2814 1392 2967 1446 enim
2994 1391 3213 1463 aliquid
3239 1392 3296 1446 in
3319 1407 3510 1446 rerum
3537 1406 3802 1461 corporea-

2179 1498 2309 1536 rum
2330 1482 2588 1537 motibus
2603 1481 2687 1536 vel
2705 1482 2917 1536 ictibus
2930 1485 3118 1553 potest
3131 1480 3378 1535 celerius
3392 1479 3632 1534 inveniri
3644 1479 3802 1543 ,Ουοά

2179 1571 2227 1626 si
2241 1571 2540 1626 oculorum
2555 1568 2877 1624 carnalium
2894 1569 3048 1624 acies
3065 1568 3360 1623 celeritate
3373 1571 3599 1622 tantum
3615 1571 3802 1639 potest,

2179 1660 2318 1731 quid
2351 1659 2566 1714 mentis
2588 1659 2740 1713 acies
2765 1657 2848 1712 vel
2875 1659 3141 1712 humanae
3161 1657 3183 1710 ?
3205 1662 3428 1728 quanto
3453 1656 3636 1728 magis
3659 1672 3807 1725 ange-

2177 1749 2304 1804 licze
2326 1748 2347 1802 Ρ
2369 1748 2514 1811 Quid
2532 1749 2658 1819 jam
2683 1749 2753 1802 de
2785 1748 2971 1818 ipsius
2994 1762 3244 1801 summes
3269 1747 3364 1800 Dei
3387 1746 3690 1818 Sapientia:
3729 1761 3803 1799 ce-

2180 1838 2405 1892 leritate
2429 1838 2683 1903 dicatur,
2717 1853 2842 1908 quae
2869 1835 3105 1907 attingit
3127 1836 3346 1906 ubique
3389 1837 3619 1906 propter
3656 1850 3803 1889 suam

2182 1927 2618 1995 munditiem,et
2639 1925 2785 1981 nihil
2805 1925 3178 1996 inquinatum
3195 1925 3253 1979 in
3277 1940 3405 1980 eam
3431 1923 3803 1992 incurrit(Sap.

2181 2015 2406 2086 vu,2~’i)?
2429 2018 2488 2069 In
2512 2015 2604 2069 his
2619 2031 2753 2086 ergo
2777 2031 2906 2085 quae
2927 2014 3104 2068 simul
3130 2015 3276 2068 facta
3300 2017 3461 2079 sunt,
3486 2028 3651 2068 nemo
3671 2011 3804 2065 videt

2180 2106 2316 2177 quid
2351 2105 2513 2176 prius
2536 2103 2895 2177 posteriusve
2930 2103 3050 2158 ﬁeri
3085 2101 3493 2167 debuerit,nisi
3528 2102 3584 2155 in
3611 2099 3706 2154 illa
3723 2101 3806 2154 Sa-

2183 2194 2420 2266 pientia,
2458 2209 2559 2265 per
2607 2209 2780 2264 quam
2816 2193 2965 2247 facta
3014 2197 3152 2246 sunt
3197 2191 3397 2246 omnia
3431 2208 3531 2262 per
3568 2189 3802 2245 ordinem

2183 2284 2381 2339 simul.

2245 2372 2476 2427 CAPUT
2516 2370 2732 2426 XXXV.
2767 2402 2834 2410 —
2868 2369 3152 2424 Conclusio
3182 2369 3248 2423 de
3276 2368 3468 2423 diebus
3501 2367 3759 2422 Geneseos.

2252 2463 2342 2514 56.
2378 2461 2511 2515 Dies
2543 2476 2678 2532 ergo
2731 2459 2825 2514 ille
2856 2476 3029 2530 quem
3078 2459 3233 2513 Deus
3287 2458 3566 2529 primitus
3596 2456 3740 2523 facit,
3771 2454 3808 2508 si

2184 2550 2508 2622 spiritualis
2540 2549 2959 2620 rationalisque
2989 2554 3256 2603 creatura
3287 2547 3460 2613 est,id
3483 2549 3570 2601 est
3601 2543 3811 2615 Angela.

2187 2657 2317 2695 rum
2350 2639 2851 2711 supercmlestium
2887 2647 3058 2708 atque
3089 2635 3412 2705 Virtutum,
3448 2639 3809 2708 prtesentatus

2186 2735 2274 2786 est
2303 2729 2572 2784 omnibus
2622 2728 2897 2799 operibus
2928 2727 3023 2782 Dei
3082 2726 3190 2781 hoc
3235 2726 3442 2780 ordine
3491 2721 3806 2795 praesentiae,

2185 2836 2302 2890 quo
2333 2817 2537 2873 ordine
2567 2815 2819 2872 scientiae
2850 2817 3016 2886 ’,ψη
3045 2821 3101 2870 et
3135 2815 3188 2868 in
3223 2814 3411 2868 Verbo
3445 2813 3540 2868 Dei
3574 2811 3811 2866 faciunda

2188 2909 2588 2980 praenosceret,
2625 2910 2681 2960 et
2710 2905 2767 2958 in
2802 2909 3070 2960 creatura
3101 2904 3251 2957 facta
3291 2906 3682 2975 cognosceret,
3715 2914 3812 2952 non

2187 3014 2287 3069 per
2315 2993 2753 3051 intervallorum
2786 2993 3197 3065 temporalium
3232 2992 3569 3057 moras,sed
3605 2989 3752 3060 prius
3770 2991 3816 3042 et

2187 3085 2477 3158 posterius
2525 3083 2748 3139 habens
2805 3084 2862 3137 in
2913 3083 3271 3138 connexione
3323 3086 3738 3144 creaturarum,
3766 3076 3813 3129 in

2187 3174 2444 3231 efﬁcacia
2475 3190 2606 3228 vero
2638 3172 2928 3227 Creatoris
2959 3172 3150 3226 omnia
3177 3170 3488 3225 simul.Sic
3521 3169 3670 3223 enim
3699 3165 3818 3221 fecit

2189 3282 2318 3336 quia
2351 3265 2549 3317 futura
2581 3266 2872 3326 essent,ut
2894 3279 3010 3317 non
3040 3260 3440 3332 temporaliter
3462 3259 3671 3314 faceret
3695 3261 3817 3310 tem-

2190 3351 2430 3424 poralia,
2453 3351 2552 3406 sed
2587 3352 2658 3404 ab
2690 3367 2755 3404 eo
2791 3351 2940 3405 facta
2971 3354 3271 3404 currerent
3300 3353 3582 3419 tempora.
3619 3352 3695 3399 Ac
3733 3359 3818 3415 per

2190 3443 2298 3497 hoc
2348 3441 2442 3495 isti
2491 3440 2615 3494 dies
2676 3444 2920 3510 septem,
2954 3455 3100 3509 quos
3135 3437 3235 3492 lux
3283 3437 3545 3508 corporis
3592 3433 3819 3490 cmlestis

2192 3530 2613 3586 circumeundo
2667 3527 2919 3599 explicat
2975 3533 3149 3599 atque
3208 3527 3473 3598 replicat,
3525 3522 3821 3579 secundum

2192 3619 2509 3691 quamdam
2568 3619 2838 3672 umbram
2890 3615 3340 3688 signiﬁcationis
3388 3615 3702 3670 admonent
3732 3625 3821 3664 nos

2192 3723 2447 3779 quaerere
2480 3705 2610 3761 illos
2642 3706 2786 3771 dies,
2820 3707 2878 3760 in
2911 3705 3124 3776 quibus
3155 3704 3252 3760 lux
3285 3708 3478 3758 creata
3523 3696 3820 3772 spiritualis

2193 3797 2468 3853 omnibus
2519 3795 2795 3867 operibus
2829 3795 2922 3849 Dei
2957 3811 3056 3864 per
3113 3792 3402 3848 scnariam
3454 3790 3678 3846 numeri
3709 3804 3817 3859 per-

2195 3885 2503 3941 fectionem
2559 3883 2891 3953 praesentari
2929 3882 3221 3954 potuerit;
3255 3886 3431 3952 atque
3477 3881 3613 3934 inde
3661 3875 3818 3948 septi-

2197 3990 2350 4028 mam
2380 3973 2401 4008 ³
2432 3973 2692 4043 requiem
2731 3971 2826 4027 Dei
2861 3986 3028 4025 mane
3059 3970 3293 4036 habere,
3319 3974 3373 4023 et
3399 3983 3695 4038 vesperam
3726 3979 3822 4018 non

2195 4064 2410 4118 habere
2445 4087 2458 4117 :
2492 4067 2556 4116 ut
2591 4078 2704 4115 non
2739 4061 2816 4116 sit
2845 4061 2954 4115 hoc
2991 4061 3099 4114 Deo
3132 4058 3488 4130 requievisse
3538 4057 3596 4112 in
3631 4057 3717 4110 die
3748 4068 3826 4106 se-

2196 4153 2400 4223 ptimo,
2439 4157 2719 4221 tanquam
2753 4150 2880 4220 ipso
2934 4150 3025 4203 die
3056 4148 3307 4219 septimo
3358 4147 3584 4219 eguerit
3634 4145 3700 4201 ad
3750 4158 3823 4196 re-

2199 4241 2392 4312 quiem
2421 4239 2718 4306 suam;sed
2755 4239 2909 4310 quod
2937 4237 2994 4291 in
3015 4240 3331 4308 conspectu
3352 4235 3695 4307 Angelorum
3717 4245 3828 4285 suo-

2201 4347 2328 4384 rum
2345 4328 2690 4400 requieverit
2714 4328 2782 4382 ab
2807 4325 3083 4381 omnibus
3102 4325 3378 4396 operibus
3402 4324 3529 4380 suis
3551 4339 3672 4394 qua:
3691 4317 3824 4380 fecit,

2203 4436 2316 4473 non
2344 4421 2543 4489 utique
2568 4417 2677 4471 nisi
2702 4417 2758 4470 in
2785 4415 3004 4486 seipse,
3027 4414 3127 4485 qui
3157 4415 3346 4469 factus
3373 4429 3486 4468 non
3509 4419 3600 4468 est
3624 4429 3637 4478 ;
3665 4409 3714 4464 id
3733 4412 3824 4470 est,

2202 4514 2264 4562 ut
2283 4513 2550 4563 creatura
2570 4508 2697 4576 ejus
2711 4524 2781 4561 an
2791 4505 3129 4577 gelica,qua3
3147 4504 3568 4578 cognoscendis
3582 4498 3827 4557 omnibus

2202 4597 2476 4668 operibus
2506 4597 2633 4666 ejus
2665 4596 2721 4649 in
2757 4597 2882 4668 ipso
2915 4599 2972 4650 et
3003 4596 3061 4648 in
3093 4594 3533 4664 illis,tanquam
3565 4591 3686 4647 dies
3713 4600 3825 4641 cum

2203 4703 2441 4757 vespera
2473 4689 2820 4756 praesentata
2851 4682 3108 4754 est,nihil
3139 4687 3271 4755 post
3293 4681 3491 4738 omnia
3512 4680 3673 4735 valde
3697 4678 3829 4731 bona

2205 4792 2381 4846 Opera
2410 4775 2536 4845 ejus
2571 4773 2784 4829 melius
2815 4775 3398 4845 cognosceret,quam
3428 4769 3594 4824 illum
3626 4768 3692 4822 ab
3720 4779 3827 4819 om-

2208 4865 2382 4920 nibus
2422 4865 2479 4918 in
2528 4864 2721 4934 seipse
2771 4863 3157 4934 requiescere,
3216 4859 3376 4915 nullo
3426 4875 3628 4915 eorum
3675 4868 3829 4927 egen-

2211 4959 2323 5009 tem
2359 4969 2471 5024 quo
2504 4952 2583 5008 sit
2613 4953 2856 5008 beatior.

2275 5098 2288 5129 ¹
2323 5095 2437 5143 Ani.
2475 5098 2527 5142 et
2557 5095 2662 5155 Er.,
2691 5107 2844 5155 quam
2889 5090 2978 5140 illo
3022 5105 3119 5155 quo
3169 5090 3506 5155 intenderant
3547 5083 3827 5155 pervenit“?-

2212 5141 2774 5218 lsoviiperuenissent.
2807 5157 2874 5204 At
2923 5141 3044 5214 Ma:
3082 5168 3237 5218 quam
3289 5154 3385 5202 illa
3430 5141 3845 5216 quo'intenderaf

2211 5217 2450 5281 (scilicet,
2480 5221 2758 5268 oculorum
2792 5220 2950 5274 acies)
2979 5217 3282 5281 pervenisse.

2282 5289 2298 5316 ²
2325 5278 2447 5331 Mss.
2484 5283 2708 5345 aliquot,
2734 5278 3086 5345 przscienliz.

2277 5348 2296 5381 3
2327 5329 2450 5394 aliis;
2482 5329 2796 5408 mapalia,
2826 5343 2944 5394 inde
2990 5342 3046 5394 in
3074 5341 3365 5406 septimam.
3395 5340 3541 5391 Unus
3589 5337 3679 5386 aut
3703 5329 3836 5387 alter,

2216 5408 2334 5457 inde
2363 5409 2415 5458 in
2447 5410 2682 5472 septima.
