4006 6180
216 439 306 496 341

1562 432 1796 492 LIBER
1842 430 2166 495 SEXTUS.

212 569 298 624 hoc
321 566 449 638 quod
478 565 649 621 homo
681 566 751 622 de
782 565 924 621 limo
953 569 1118 621 terrae
1142 565 1356 621 ﬂuctus
1385 567 1495 632 est,
1512 563 1683 635 eique
1705 563 1818 619 for-

3453 443 3573 504 342

1923 573 2139 621 vocaret
2168 566 2299 622 illa:
2333 571 2387 622 et
2416 583 2574 623 omne
2613 569 2986 642 quodcumque
3009 571 3151 628 illud
3175 576 3383 631 vocavit
3403 576 3577 634 Adam

212 662 335 713 mata
360 673 485 711 uxor
513 672 581 711 ex
610 655 812 722 latere,
833 656 962 727 jam
996 672 1113 712 non
1165 655 1235 710 ad
1269 653 1665 711 conditionem
1701 670 1817 725 qua
1922 656 2170 710 animam
2199 657 2399 727 vivam,
2420 656 2517 713 hoc
2546 676 2745 715 nomen
2777 666 2857 716 est
2889 664 3061 717 illius.
3086 665 3152 718 Et
3173 666 3385 720 vocavit
3404 666 3579 723 Adam

210 744 347 802 simul
366 744 547 801 omnia
578 746 733 801 facta
763 750 922 814 sunt,
956 745 1269 817 pertinere,
1305 745 1519 808 quibus
1540 744 1813 816 perfectis

207 836 439 907 requievit
461 837 640 905 Deus;
668 837 768 891 sed
792 837 863 891 ad
888 851 1015 891 eam
1041 835 1595 907 operationem,quze
1618 835 1811 903 ﬁtjam

205 943 284 998 per
299 925 571 981 volumina
594 925 962 995 saeculorum,
986 943 1102 997 qua
1122 941 1310 997 usque
1344 941 1497 981 nunc
1516 929 1804 996 operatur.

254 1016 298 1069 5.
328 1015 434 1071 Huc
455 1015 676 1072 accedit
702 1016 853 1087 quod
876 1015 1005 1087 ipsa
1023 1015 1197 1071 etiam
1227 1016 1403 1071 verba
1434 1015 1648 1086 quibus
1673 1032 1809 1069 nar-

203 1110 332 1160 ratur
346 1105 622 1177 quomodo
640 1105 792 1161 Deus
805 1105 1043 1177 paradis
1058 1122 1155 1161 um
1170 1104 1602 1177 plantaverit,in
1625 1120 1809 1176 eoque

197 1194 444 1250 hominem
464 1211 635 1267 quem
657 1196 868 1251 fecerat
887 1194 1281 1263 collocarit,ad
1296 1211 1548 1267 eumque
1561 1195 1811 1249 adduxe'

196 1283 255 1337 rit
287 1283 557 1353 animalia,
583 1285 799 1356 quibus
836 1285 1078 1339 nomina
1113 1284 1458 1357 imponeret,
1499 1284 1558 1339 in
1590 1284 1808 1355 quibus

195 1390 294 1428 cum
314 1374 655 1445 adjutorium
671 1374 862 1430 simile
880 1373 964 1428 illi
982 1391 1097 1429 non
1115 1374 1323 1430 fuisset
1338 1373 1807 1442 inventum,tunc

192 1462 229 1516 ei
249 1460 519 1517 mulierem
544 1466 709 1518 costa
740 1464 867 1534 ejus
887 1464 1147 1519 detracta
1171 1463 1677 1530 formaverit,satis
1700 1480 1807 1520 nos

189 1551 454 1607 admonent
485 1551 609 1609 haec
640 1570 757 1608 non
790 1554 859 1608 ad
894 1552 1054 1609 illam
1084 1554 1481 1624 operationem
1504 1553 1602 1608 Dei
1626 1554 1803 1626 perti-

193 1657 319 1710 nere,
343 1642 485 1697 unde
520 1642 805 1715 requievit
834 1643 895 1698 in
937 1644 1031 1699 die
1075 1643 1347 1715 septimo,
1390 1643 1491 1699 sed
1524 1643 1596 1698 ad
1627 1642 1803 1699 istam

194 1732 353 1803 potius
381 1749 488 1804 qua
509 1748 611 1805 per
626 1736 960 1805 temporum
983 1750 1195 1789 cursus
1219 1749 1403 1804 usque
1422 1750 1577 1788 nunc
1595 1748 1801 1805 opera-

196 1826 286 1876 tur.
315 1826 443 1877 Cum
470 1821 627 1877 enim
653 1822 965 1895 paradisus
985 1822 1456 1895 plantaretur,ita
1480 1827 1704 1879 narrat:
1737 1824 1803 1879 Et

175 1911 399 1980 plantavit
417 1912 555 1966 Deus
584 1912 913 1983 paradisum
944 1914 1002 1967 in
1024 1912 1171 1967 Eden
1192 1912 1263 1967 ad
1304 1912 1591 1977 orientem,
1622 1915 1672 1967 et
1701 1929 1799 1981 po-

178 2003 268 2054 suit
299 2002 369 2055 ibi
404 2002 675 2057 hominem
705 2019 865 2075 quem
893 2002 1157 2072 finxerat.
1189 2004 1255 2057 Et
1275 2002 1429 2073 ejecit
1462 2007 1603 2058 Deus
1623 2002 1800 2058 adhuc

178 2088 227 2143 de
244 2095 369 2146 terra
396 2108 553 2148 omne
576 2092 795 2162 lignum
810 2093 1107 2165 pulchrum
1128 2092 1197 2148 ad
1217 2097 1576 2164 aspectum,et
1597 2092 1797 2149 bonum

178 2179 233 2233 ad
255 2196 411 2236 escam
442 2182 599 2253 (Gen.
634 2199 697 2250 ιι,
728 2184 781 2253 8,
813 2183 889 2253 9).

228 2295 431 2353 CAPUT
460 2299 555 2354 IV.
584 2330 651 2339 —
683 2299 828 2355 Idem
859 2298 1200 2371 expenditur
1218 2299 1291 2355 ad
1314 2298 1445 2354 Gen.
1482 2300 1545 2369 Ii,
1579 2300 1631 2369 8,
1664 2298 1717 2354 9.

226 2407 345 2459 Cum
373 2406 509 2461 dicit
540 2422 701 2479 ergo,
735 2408 905 2478 Ejecit
934 2407 1111 2462 adhuc
1138 2408 1210 2462 de
1240 2411 1387 2462 terra
1409 2408 1790 2477 omnelignum

167 2494 414 2562 pulchrum
432 2496 503 2550 ad
527 2505 805 2567 aspectum
830 2514 842 2565 ;
867 2496 1204 2552 manifestat
1225 2497 1428 2567 utique
1450 2497 1602 2567 quod
1625 2496 1792 2553 aliter

168 2598 292 2637 nunc
318 2584 545 2654 ejecerit
576 2586 645 2641 de
669 2584 1087 2658 terralignum,
1112 2584 1282 2640 aliter
1302 2590 1441 2640 tunc
1464 2602 1597 2640 cum
1619 2586 1789 2642 tertio

167 2668 671 2742 dieproduxitterra
688 2673 929 2729 herbam
949 2673 1567 2746 pabuli,seminantem
1586 2691 1787 2732 semen

163 2762 441 2817 secundum
458 2779 648 2835 genus
664 2779 860 2834 suum,
885 2763 1181 2835 etlignum
1198 2763 1559 2820 fructuosum
1578 2782 1787 2821 secun-

163 2847 275 2903 dum
298 2866 461 2908 suum
481 2869 695 2924 genus.
721 2852 837 2907 Hoc
861 2857 951 2907 est
980 2853 1159 2920 enim,
1183 2853 1350 2924 Ejecit
1376 2853 1571 2924 adhuc,
1612 2872 1788 2925 super

164 2936 280 2993 illud
309 2941 524 2997 scilicet
547 2942 704 3013 quod
722 2942 844 3013 jam
869 2942 1147 3013 ejecerat:
1183 2948 1324 2998 tunc
1363 2944 1559 3014 utique
1582 2949 1786 3016 poten-

164 3026 346 3084 tialiter
365 3036 418 3085 et
441 3030 763 3087 causaliter
792 3031 850 3086 in
880 3048 1051 3103 opere
1084 3032 1410 3104 pertinente
1443 3035 1513 3088 ad
1538 3035 1787 3090 creanda

157 3117 321 3173 omnia
341 3119 537 3186 simul,
575 3138 608 3175 a
639 3120 855 3191 quibus
885 3121 1310 3176 consummatis
1334 3121 1390 3174 in
1418 3122 1510 3177 die
1538 3123 1785 3193 septimo

158 3207 430 3277 requievit;
453 3226 614 3265 nunc
636 3214 831 3264 autem
856 3208 1165 3264 visibiliter
1186 3209 1243 3265 in
1266 3226 1436 3281 opere
1459 3211 1785 3281 pertinente

161 3294 217 3349 ad
244 3300 558 3369 temporum
606 3315 869 3367 cursum,
896 3299 1049 3354 sicut
1089 3315 1277 3371 usque
1304 3317 1459 3354 nunc
1488 3306 1781 3371 operatur.

212 3386 257 3437 6.
287 3386 401 3442 Nisi
424 3388 572 3443 forte
596 3388 730 3459 quis
754 3389 910 3443 dicat
928 3405 1043 3443 non
1064 3405 1237 3443 omne
1256 3388 1783 3460 lignigenustertio

156 3471 229 3528 die
242 3481 507 3547 creatum,
532 3479 636 3533 sed
673 3476 920 3532 dilatum
945 3476 1167 3547 aliquid
1185 3478 1340 3548 quod
1373 3483 1532 3533 sexto
1563 3495 1781 3535 creare-

152 3566 248 3628 tur,
278 3581 399 3620 cum
432 3566 615 3623 homo
639 3566 827 3621 factus
858 3570 946 3621 est
975 3570 1148 3638 atque
1178 3566 1238 3620 in
1270 3567 1542 3638 paradiso
1565 3568 1783 3623 consti-

156 3653 310 3707 tutus.
350 3655 455 3710 Sed
490 3672 623 3726 qua:
652 3662 808 3710 sexto
858 3654 950 3709 die
1001 3660 1193 3710 creata
1222 3660 1380 3727 sunt,
1414 3658 1783 3728 apertissime

155 3738 418 3812 Scriptura
441 3743 739 3811 declarat;
784 3743 983 3800 anima
1026 3744 1155 3799 viva
1188 3743 1413 3801 scilicet
1458 3748 1782 3803 secundum

151 3833 582 3905 unumquodque
603 3832 1269 3904 genus.quadrupedum
1294 3838 1351 3890 et
1372 3836 1699 3907 repentium
1726 3842 1783 3893 et

150 3914 524 3989 bestiarum,et
547 3922 675 3993 ipse
696 3922 871 3977 homo
903 3922 975 3978 ad
1008 3922 1326 3995 imaginem
1350 3924 1451 3979 Dei
1483 3925 1781 3982 masculus

150 4009 192 4058 et
211 4005 426 4065 femina.
453 4010 709 4067 Proinde
731 4012 923 4082 potuit
942 4012 1385 4083 praetermittere
1398 4016 1691 4085 quomodo
1705 4016 1783 4080 sit

145 4092 293 4152 homo
323 4100 530 4165 tactus,
568 4116 742 4171 quem
774 4108 968 4155 tamen
992 4100 1117 4172 ipso
1144 4100 1236 4156 die
1256 4102 1469 4157 factum
1500 4119 1628 4159 esse
1651 4122 1782 4159 nar-

144 4183 283 4253 ravit,
307 4188 821 4260 utrecapitulando
842 4194 1064 4260 postea,
1086 4191 1580 4260 quemadmodum
1599 4193 1776 4250 etiam

142 4271 300 4331 factus
324 4278 499 4335 fuerit
522 4280 849 4347 intimaret,
882 4280 995 4336 hod
1031 4285 1121 4336 est
1151 4282 1221 4336 de
1248 4286 1413 4338 terris
1441 4284 1698 4356 pulvere,
1722 4289 1780 4341 et

144 4364 323 4419 mulier
348 4366 434 4422 illi
458 4368 531 4423 de
583 4368 799 4436 latere;
836 4386 951 4425 non
1000 4375 1197 4426 tamen
1223 4370 1459 4442 aliquod
1498 4377 1775 4430 creatura)

139 4464 294 4519 genus
314 4457 780 4527 praetermittere,
799 4458 887 4514 vel
912 4458 971 4513 in
998 4476 1065 4515 eo
1090 4461 1246 4531 quod
1270 4459 1414 4515 dixit
1437 4462 1610 4531 Deus,
1630 4464 1774 4531 Fiat,

140 4538 257 4609 sive,
278 4544 593 4615 Faciamus,
612 4545 699 4601 vel
725 4547 785 4601 in
813 4563 879 4602 eo
904 4547 1058 4619 quod
1082 4547 1316 4619 dicitur,
1341 4548 1429 4604 Sic
1443 4560 1524 4606 est
1538 4554 1772 4622 factum,

138 4625 254 4698 sive,
286 4633 423 4690 Fecit
450 4636 615 4691 Deus.
654 4635 921 4708 Alioquin
973 4637 1192 4693 frustra
1222 4655 1324 4710 per
1352 4638 1618 4712 singulos
1649 4640 1774 4698 dies

136 4719 235 4773 tam
262 4721 574 4795 diligenter
594 4725 873 4782 distincta
891 4730 1030 4781 sunt
1059 4726 1277 4799 omnia,
1296 4727 1343 4783 si
1367 4730 1773 4800 permixtionis

138 4805 333 4866 dierum
357 4818 553 4884 potest
579 4815 699 4870 ulla
730 4815 988 4887 suspicio
1020 4815 1297 4886 residere,
1331 4822 1393 4872 ut
1422 4836 1555 4874 cum
1588 4819 1773 4877 herba

135 4898 179 4948 et
204 4896 415 4971 lignum
476 4903 597 4959 diei
644 4904 817 4959 tertio
860 4906 938 4960 sit
985 4905 1354 4978 attributum,
1387 4906 1584 4981 aliqua
1611 4908 1770 4983 ligna

134 4987 283 5041 etiam
314 4995 473 5048 sexto
535 4992 629 5048 die
678 4998 872 5050 creata
920 5010 1050 5050 esse
1096 4996 1425 5065 credamus,
1470 5014 1596 5069 quas
1639 4999 1766 5070 ipso

132 5081 267 5133 sexto
298 5080 387 5136 die
417 5082 726 5155 Scriptura
746 5084 1017 5141 tacuerit.

499 5198 747 5255 CAPUT
775 5198 842 5256 V.
876 5231 944 5241 --
976 5204 1059 5256 De
1086 5200 1271 5257 eadem
1292 5216 1371 5258 re.

186 5297 233 5353 7.
264 5304 566 5361 Postremo
581 5307 722 5378 quid
738 5307 1226 5380 respondebimus
1239 5308 1309 5364 de
1328 5309 1530 5365 bestiis
1547 5310 1692 5383 agri,
1706 5316 1763 5369 et

133 5383 435 5447 volatilibus
458 5393 610 5465 cmli,
634 5413 759 5467 quae
796 5396 1041 5455 adduxit
1074 5398 1223 5452 Deus
1255 5398 1327 5453 ad
1361 5399 1569 5468 Adam,
1595 5402 1760 5456 utvi-

130 5473 410 5550 deretquid
435 5499 506 5538 ea
530 5486 794 5541 vocaret?
816 5486 975 5550 Quod
996 5486 1076 5541 ita
1089 5486 1371 5559 scriptum
1386 5495 1475 5544 est
1496 5507 1508 5545 :
1533 5491 1595 5545 Et
1615 5492 1764 5548 dixit

132 5560 361 5623 Dominus
383 5573 559 5639 Deus;
592 5576 706 5632 Non
744 5585 822 5632 est
853 5578 1054 5632 bonum
1082 5592 1197 5633 esse
1228 5578 1503 5634 hominem
1540 5582 1718 5636 solum
1738 5599 1759 5644 ;

132 5652 373 5742 iaciamus
425 5664 519 5717 illi
559 5665 893 5738 adjutorium
922 5666 1217 5722 secundum
1246 5668 1445 5738 ipsum.
1478 5671 1543 5724 El
1590 5673 1759 5742 ﬁnxit

132 5738 245 5797 Deus
273 5750 447 5807 adhuc
466 5753 537 5809 de
557 5758 702 5812 terra
723 5772 904 5813 omnes
934 5756 1131 5811 bestias
1156 5758 1303 5826 agri,
1325 5763 1377 5813 et
1406 5738 1599 5815 omnia
1612 5763 1758 5817 vola-

133 5830 237 5889 tilia
263 5839 401 5897 calt:
441 5848 497 5898 et
556 5845 783 5904 adduxit
812 5847 913 5902 illa
956 5845 1033 5901 ad
1059 5844 1253 5913 Adam,
1286 5850 1346 5901 ut
1386 5847 1593 5906 videret
1622 5851 1762 5921 quid

1917 748 2149 800 nomina
2178 747 2429 802 omnibus
2457 753 2746 820 pecoribus
2765 760 2815 807 et
2836 752 3417 810 omnibusvolatilibus
3430 757 3571 829 coeli,

1917 843 1968 890 et
1995 838 2251 891 omnibus
2294 838 2480 893 bestiis
2506 842 2652 910 agri.
2696 841 2823 897 Adae
2852 848 3040 897 autem
3072 859 3185 897 non
3216 850 3293 899 est
3325 847 3575 901 inventus

1917 925 2135 996 adjutor
2162 926 2372 982 similis
2426 930 2552 999 ipsi.
2602 930 2667 984 Et
2720 931 2905 993 iniecit
2956 932 3096 986 Deus
3134 936 3331 989 mentis
3355 936 3574 990 aliena-

1914 1015 2115 1069 tionem
2142 1030 2307 1085 super
2334 1015 2526 1087 Adam,
2551 1026 2601 1072 et
2621 1017 2967 1089 obdormivit,
2986 1024 3039 1074 et
3065 1022 3299 1091 sumpsit
3319 1039 3488 1078 unam
3508 1023 3575 1079 de

1911 1104 2069 1158 costis
2096 1104 2633 1176 eius,etadimp1cvit
2660 1123 2879 1164 carnem
2913 1110 2971 1164 in
2994 1109 3171 1165 locum
3192 1112 3331 1182 ejus,
3361 1120 3411 1168 et
3430 1112 3576 1169 mdia

1911 1192 2097 1262 ﬁcavit
2126 1194 2393 1248 Dominus
2422 1199 2566 1249 Deus
2588 1204 2820 1261 costam,
2844 1214 3006 1269 quam
3028 1201 3260 1270 sumpsit
3281 1200 3346 1254 de
3366 1201 3572 1259 Adam.

1912 1283 1969 1335 in
2000 1283 2291 1337 mulierem
2324 1282 2474 1355 (Gen.
2524 1302 2585 1355 1r,
2621 1286 2835 1357 18-22).
2870 1285 2929 1340 Si
2956 1303 3091 1359 ergo
3116 1293 3565 1359 consequenter,

1912 1388 2047 1426 cum
2075 1372 2135 1425 in
2167 1373 2477 1444 pecoribus
2508 1379 2565 1429 et
2601 1374 2805 1430 bestiis
2837 1376 2960 1447 agri
2993 1383 3049 1431 et
3076 1376 3413 1434 volatilibus
3437 1379 3565 1434 caeli

1911 1477 2026 1516 non
2058 1466 2212 1517 esset
2245 1462 2547 1519 inventum
2579 1464 2938 1534 adiutorium
2974 1465 3165 1521 simile
3180 1466 3571 1535 homini,fecit

1910 1549 1961 1604 ei
1993 1555 2143 1607 Deus
2174 1551 2534 1623 adjutorium
2568 1552 2761 1609 simile
2792 1555 2861 1609 de
2883 1554 3566 1627 costalaterisejus;hoc

1908 1644 2106 1696 autem
2136 1642 2354 1698 factum
2376 1645 2466 1697 est
2487 1658 2620 1698 cum
2644 1645 2881 1699 easdem
2903 1643 3124 1699 bestias
3144 1645 3268 1716 agri
3290 1648 3346 1701 et
3362 1645 3565 1701 volati-

1905 1728 1985 1783 lia
2031 1729 2157 1785 cceli
2192 1731 2383 1786 adhuc
2427 1732 2497 1787 de
2528 1735 2683 1787 terra
2712 1731 2996 1799 ﬁnxisset,
3031 1738 3089 1787 et
3120 1733 3191 1788 ad
3244 1733 3412 1789 illum
3456 1735 3564 1790 ad-

1906 1818 2196 1875 duxisset:
2215 1821 2503 1890 quomodo
2524 1828 2680 1876 sexto
2696 1822 2787 1877 die
2809 1822 3029 1877 factum
3047 1821 3154 1877 hoc
3176 1827 3368 1893 potest
3389 1822 3566 1878 intel‘

1904 1906 2027 1981 ligi,
2061 1910 2538 1981 quandoquidem
2572 1910 2669 1967 illo
2694 1911 2786 1967 die
2816 1911 3089 1983 produxit
3122 1916 3274 1967 terra
3303 1912 3564 1969 animam

1901 1997 2090 2053 vivam
2115 2001 2435 2056 secundum
2467 2000 2708 2056 verbum
2747 2000 2849 2056 Dei
2875 2019 2888 2069 ;
2913 2000 3169 2056 volatilia
3195 2018 3326 2058 vero
3351 2002 3557 2073 quinto

1902 2087 1990 2143 die
2024 2089 2427 2160 produxerunt
2465 2107 2629 2162 aquae
2662 2090 2935 2146 similiter
2968 2092 3293 2146 secundum
3310 2092 3551 2148 verbum

1900 2176 2001 2232 Dei
2025 2178 2052 2231 ‘I
2077 2178 2201 2232 Non
2222 2178 2422 2251 itaque
2452 2178 2546 2234 hic
2579 2180 2889 2249 diceretur,
2922 2181 2987 2234 Et
3016 2180 3186 2249 finxit
3213 2181 3353 2236 Deus
3376 2180 3554 2236 adhuc

1898 2266 1962 2321 de
1991 2272 2141 2323 terra
2171 2284 2357 2324 omnes
2404 2270 2604 2324 bestias
2635 2271 2779 2339 agri,
2815 2276 2865 2324 et
2897 2270 3091 2326 omnia
3128 2270 3377 2326 volatilia
3408 2271 3554 2339 coeli,

1898 2356 2012 2411 nisi
2045 2357 2183 2428 quia
2208 2358 2328 2428 jam
2360 2362 2517 2414 terra
2558 2358 2912 2430 produxerat
2949 2376 3152 2415 omnes
3182 2360 3403 2415 bestias
3425 2360 3551 2432 agri

1897 2454 2057 2502 sexto
2089 2447 2201 2519 die,
2230 2453 2287 2503 et
2317 2465 2468 2520 aqua
2506 2449 2705 2511 omnia
2742 2447 3003 2504 volatilia
3037 2448 3163 2503 coeli
3193 2448 3398 2520 quinto
3430 2450 3545 2506 die.

1894 2534 2074 2591 Aliter
2103 2553 2237 2609 ergo
2268 2542 2428 2607 tunc,
2464 2538 2521 2594 id
2554 2542 2642 2593 est
2673 2537 3068 2609 potentialiter
3096 2542 3275 2609 atque
3296 2538 3547 2593 causali-

1894 2629 2001 2695 ter,
2035 2626 2185 2681 sicut
2224 2627 2307 2681 illi
2350 2627 2510 2699 operi
2542 2626 2927 2697 competebat,
2952 2644 3064 2698 quo
3102 2627 3318 2682 creavit
3352 2627 3548 2684 omnia

1893 2714 2134 2784 simul,a
2147 2716 2438 2788 quibusin
2452 2717 2544 2772 die
2557 2717 2806 2789 septimo
2825 2716 3134 2787 requievit:
3161 2715 3331 2771 aliter
3346 2721 3543 2773 autem

1894 2821 2074 2873 nunc,
2106 2806 2257 2861 sicut
2280 2822 2346 2861 ea
2374 2806 2664 2875 videmus,
2699 2822 2824 2877 qum
2856 2821 2959 2877 per
2988 2804 3334 2877 temporalia
3354 2804 3547 2877 spatia

1893 2894 2231 2960 creat,sicut
2251 2912 2437 2967 usque
2458 2911 2617 2950 nunc
2639 2898 2930 2966 operatur.
2952 2896 3030 2949 Ac
3053 2910 3155 2966 per
3176 2893 3284 2949 hoc
3300 2894 3424 2965 jam
3442 2909 3546 2965 per

1891 2983 2035 3039 istos
2068 2984 2409 3040 notissimos
2450 2983 2600 3040 lucis
2634 2983 2948 3056 corporalis
2981 2983 3123 3052 dies,
3159 2983 3257 3055 qui
3299 2982 3547 3039 circuitu

1891 3073 2032 3128 solis
2056 3074 2224 3141 fiunt,
2251 3074 2367 3129 Eva
2389 3075 2542 3129 facta
2554 3078 2642 3130 est
2659 3075 2730 3130 de
2750 3074 2927 3129 latere
2946 3073 3053 3129 viri
3077 3073 3191 3129 sui.
3210 3078 3368 3129 Tunc
3388 3073 3547 3129 enim

1892 3168 2044 3218 Deus
2068 3164 2259 3219 adhuc
2281 3164 2448 3219 ﬁnxit
2469 3164 2537 3219 de
2562 3168 2717 3219 terra
2738 3164 2956 3219 bestias
2970 3168 3027 3219 et
3049 3163 3394 3232 volatilia,in
3415 3163 3546 3236 qui-

1891 3253 2002 3309 bus
2034 3270 2166 3309 cum
2194 3254 2554 3324 adjutorium
2596 3252 2788 3309 simile
2837 3253 2951 3325 ipsi
3000 3254 3184 3309 Adam
3235 3271 3351 3309 non
3392 3256 3551 3310 esset

1892 3343 2214 3410 inventum,
2252 3342 2351 3399 illa
2377 3344 2626 3399 formata
2649 3346 2759 3398 est.
2799 3343 2861 3398 In
2916 3341 3131 3399 talibus
3163 3360 3299 3417 ergo
3338 3342 3548 3400 diebus

1891 3432 2065 3487 etiam
2099 3433 2295 3504 ipsum
2318 3434 2388 3488 de
2418 3431 2560 3487 limo
2593 3432 2762 3487 ﬁnxit
2792 3432 2967 3489 Deus.

1961 3522 2015 3576 8.
2040 3522 2238 3594 Neque
2270 3522 2425 3577 enim
2459 3521 2771 3577 dicendum
2803 3526 2913 3591 est,
2947 3523 3277 3578 masculum
3303 3523 3543 3595 quidem

1892 3615 2049 3666 sexto
2064 3611 2155 3666 die
2172 3610 2700 3682 factum,feminam
2712 3627 2845 3665 vero
2859 3612 3285 3682 posterioribus
3303 3611 3549 3681 diebus;

1891 3716 2025 3756 cum
2056 3700 2183 3772 ipso
2202 3704 2361 3756 sexto
2383 3702 2475 3756 die
2493 3700 2863 3773 apertissime
2886 3701 3108 3757 dictum
3128 3702 3226 3769 sit,
3247 3703 3545 3759 Masculum

1889 3794 1941 3845 et
1968 3791 2243 3861 feminam
2271 3792 2403 3861 fecit
2430 3806 2540 3857 eos,
2565 3801 2616 3847 et
2649 3792 2929 3849 benedixit
2959 3807 3066 3861 eos,
3092 3796 3148 3848 et
3168 3796 3394 3861 caetera,
3415 3809 3542 3864 quae

1890 3879 1959 3934 de
1991 3878 2260 3935 ambolus
2284 3883 2341 3935 et
2362 3880 2433 3935 ad
2458 3880 2663 3937 ambos
2687 3882 2983 3937 dicuntur.
3007 3881 3191 3936 Aliter
3211 3897 3347 3953 ergo
3398 3886 3541 3937 tunc

1890 3968 2084 4038 umbo,
2108 3972 2164 4023 et
2192 3985 2349 4024 nunc
2381 3968 2549 4024 aliter
2570 3970 2776 4025 ambo:
2804 3974 2944 4025 tunc
2968 3970 3192 4025 scilicet
3214 3970 3541 4026 secundum

1890 4058 2210 4128 potentiam
2260 4073 2363 4128 per
2410 4056 2654 4112 verbum
2708 4058 2810 4113 Dei
2859 4062 3137 4129 tanquam
3177 4058 3546 4114 seminaliter

1891 4145 2110 4200 mundo
2143 4145 2415 4215 inditam,
2439 4163 2573 4201 cum
2598 4146 2816 4202 creavit
2839 4146 3036 4202 omnia
3053 4146 3303 4215 simul,a
3325 4147 3541 4218 quibus

1890 4232 1948 4287 in
1962 4232 2053 4287 die
2064 4231 2315 4304 septimo
2328 4233 2707 4304 requievit,ex
2721 4233 2933 4305 quibus
2946 4232 3143 4288 omnia
3155 4233 3279 4289 suis
3297 4248 3545 4305 quaeque

1884 4325 2252 4397 temporibus
2278 4326 2405 4396 jam
2457 4342 2559 4397 per
2604 4327 2955 4382 saeculorum
3006 4326 3270 4382 ordinem
3294 4327 3540 4395 tierent;

1887 4430 2044 4469 nunc
2095 4419 2292 4470 autem
2342 4416 2669 4471 secundum
2720 4414 3117 4487 operationem
3168 4414 3543 4487 praebendam

1884 4504 2272 4575 temporibus,
2298 4521 2416 4576 qua
2439 4522 2625 4577 usque
2657 4522 2811 4561 nunc
2834 4509 3129 4576 operatur,
3155 4508 3211 4559 et
3238 4505 3542 4576 oportebat

1876 4592 2003 4662 jam
2038 4597 2297 4665 tempore
2320 4611 2427 4649 suo
2450 4593 2576 4650 ﬁeri
2597 4594 2783 4650 Adam
2808 4594 2877 4649 de
2919 4592 3060 4648 limo
3085 4598 3267 4664 terras,
3290 4595 3538 4665 ejusque

1886 4681 2196 4739 mulierem
2228 4700 2296 4739 ex
2326 4682 2433 4738 viri
2462 4683 2660 4739 latere.

1844 4892 1851 4899 π
1881 4835 2109 4893 CAPUT
2138 4836 2231 4893 Vl.
2257 4866 2323 4879 --
2354 4835 2704 4893 Sententiam
2719 4851 2881 4890 suam
2906 4834 3177 4906 liquidiue
3197 4835 3537 4908 explical,ne

2430 4908 2578 4963 male
2608 4909 2977 4979 intelligatur.

1947 5044 2001 5098 9.
2035 5043 2099 5099 In
2123 5061 2241 5115 qua
2258 5042 2671 5099 dietributione
2693 5058 2933 5114 operum
2958 5041 3299 5115 Dei,partim
3316 5043 3384 5099 ad
3401 5043 3536 5100 illos

1878 5132 2003 5188 dies
2027 5132 2349 5189 invisibiles
2372 5132 2816 5206 pertinentium,
2842 5131 3058 5205 quibus
3088 5133 3303 5189 creavit
3338 5133 3538 5189 omnia

1876 5222 2075 5290 simul,
2102 5224 2314 5294 partim
2340 5223 2410 5278 ad
2435 5221 2579 5279 istos
2602 5221 2922 5295 appositus,
2940 5222 2997 5277 in
3022 5222 3239 5293 quibus
3262 5226 3536 5294 operatur

1878 5311 2135 5384 quotidie
2151 5312 2435 5384 quidquid
2451 5329 2519 5368 ex
2533 5312 2648 5368 illis
2663 5315 2941 5383 tanquam
2954 5311 3268 5368 involucris
3283 5309 3531 5382 primor-

1876 5401 2131 5457 dialibus
2146 5401 2202 5457 in
2221 5406 2483 5472 tempore
2497 5402 2856 5477 evolvitur,si
2881 5419 2992 5458 non
3015 5401 3346 5474 importune
3359 5406 3531 5473 atque

1876 5491 2128 5548 absurde
2158 5492 2472 5563 Scriptura:
2498 5493 2673 5549 verba
2703 5492 2891 5548 secuti
2914 5509 3139 5561 sumus,
3166 5509 3292 5565 qua:
3326 5509 3431 5548 nos
3455 5493 3528 5547 ad

1875 5580 1995 5635 hmc
2011 5580 2753 5653 distinguendaduxerunt:
2772 5581 3279 5637 cavendumestue
3292 5587 3530 5653 propter

1873 5669 2137 5741 ipsarum
2168 5688 2362 5726 rerum
2398 5670 2697 5743 aliquanto
2730 5670 3030 5724 difficilem
3067 5672 3522 5742 perceptionem,

1870 5776 2051 5837 quam
2086 5760 2371 5816 tardiores
2392 5759 2625 5831 assequi
2646 5775 2760 5815 non
2786 5758 3105 5827 sufﬁciunt,
3123 5764 3397 5830 putemur
3418 5758 3522 5813 ali-

1874 5849 2016 5922 quid
2039 5849 2259 5907 sentire
2281 5866 2346 5905 ac
2378 5849 2588 5914 dicere,
2620 5848 2773 5921 quod
2799 5848 3019 5904 scimus
3049 5864 3155 5905 nos
3179 5864 3282 5904 nec
3304 5846 3520 5904 sentire
