3986 6180
138 329 228 391 389

135 462 294 529 cubiti,
324 461 401 517 sic
429 460 661 516 cubitus
692 460 764 515 ab
794 459 1038 515 articulo
1069 459 1317 529 humeri,
1340 459 1627 514 humerus
1660 458 1732 512 ab

133 552 326 624 scapula
353 568 477 606 cum
512 554 794 615 movetur,
820 550 1116 605 stantibus
1151 551 1355 620 utique
1386 547 1733 602 cardinibus

133 643 305 714 quibus
334 639 500 695 motio
532 639 777 708 nitatur,
828 638 872 693 it
930 655 1033 709 per
1089 638 1199 693 loci
1257 636 1515 709 spatium
1573 635 1729 706 quod

132 737 360 786 movetur.
417 729 507 783 Sic
566 727 774 799 plantae
828 727 886 781 in
920 726 1033 782 talo
1092 733 1179 781 est
1238 726 1549 793 articulus,
1614 742 1730 795 quo

130 824 278 876 stante
304 821 633 881 moveatur;
668 815 753 871 sic
785 816 973 870 cruris
1008 815 1066 869 in
1098 829 1249 887 genu
1283 821 1339 869 et
1360 814 1540 869 totius
1567 815 1731 885 pedis

128 911 170 964 in
196 924 354 963 coxa:
388 912 444 961 et
483 904 703 960 nullius
764 905 1013 959 membri
1072 910 1266 959 motus
1320 903 1559 958 omnino
1619 908 1730 972 est,

130 1014 265 1069 quem
292 995 549 1050 voluntas
582 1002 788 1061 movet,
814 994 928 1049 nisi
958 994 1030 1049 ab
1061 994 1258 1065 aliquo
1289 992 1520 1049 articuli
1554 995 1569 1027 ¹
1605 1010 1733 1047 car-

127 1086 246 1149 dine,
299 1100 468 1157 quem
529 1091 710 1138 nutus
762 1084 1033 1153 ejusdem
1080 1082 1399 1137 voluntatis
1454 1081 1731 1151 primitus

128 1177 239 1247 ﬁgit,
283 1180 340 1228 ut
384 1175 455 1228 ab
503 1190 568 1228 eo
610 1173 766 1243 quod
802 1171 913 1227 loci
946 1173 1134 1244 spatio
1170 1189 1283 1227 non
1317 1178 1604 1241 movetur,
1638 1174 1735 1240 agi

125 1265 271 1319 valeat
299 1264 445 1335 quod
484 1269 765 1317 movetur.
803 1261 1063 1333 Denique
1105 1278 1210 1316 nec
1258 1261 1319 1315 in
1373 1260 1732 1316 ambulando

126 1372 200 1426 pes
246 1352 477 1417 levatur,
537 1350 650 1406 nisi
707 1349 861 1405 alius
917 1351 1066 1406 ﬁxus
1099 1355 1287 1405 totum
1319 1366 1532 1421 corpus
1563 1350 1731 1413 ferat,

122 1444 265 1498 donec
318 1439 408 1496 ille
461 1440 561 1510 qui
622 1444 817 1494 motus
875 1444 963 1495 est
1012 1456 1045 1494 a
1074 1438 1199 1493 loco
1234 1439 1387 1493 unde
1422 1440 1623 1503 fertur,
1658 1438 1729 1491 ad

121 1535 273 1587 locum
316 1546 427 1601 quo
478 1529 687 1595 fertur,
739 1529 981 1583 immoto
1032 1527 1279 1583 articulo
1331 1528 1421 1582 sui
1472 1527 1730 1582 cardinis

121 1622 383 1675 innitatur.

171 1712 241 1763 42.
262 1714 449 1778 Porro,
472 1707 519 1763 si
542 1706 600 1760 in
625 1723 863 1778 corpore
893 1705 1120 1761 nullum
1154 1706 1483 1760 membrum
1520 1721 1619 1775 per
1645 1704 1727 1759 lo-

122 1816 219 1853 cum
248 1797 510 1853 voluntas
542 1801 758 1865 movet,
794 1795 907 1850 nisi
939 1797 1010 1851 ab
1053 1812 1119 1849 eo
1177 1794 1423 1848 membri
1486 1792 1729 1848 articulo

123 1905 258 1959 quem
288 1904 397 1942 non
417 1890 631 1950 movet,
658 1902 791 1940 cum
816 1890 871 1939 et
891 1885 989 1938 illa
1014 1902 1148 1955 pars
1171 1883 1431 1954 corporis
1456 1900 1579 1954 qua:
1604 1900 1727 1937 mo-

125 1986 266 2041 vetur,
297 1983 349 2031 et
371 1975 474 2031 illa
497 1992 614 2046 qua
633 1976 745 2029 fixa
768 1974 833 2028 ﬁt
854 1980 918 2028 ut
940 1978 1257 2027 moveatur.
1289 1988 1596 2042 corporeae
1626 1971 1731 2025 ha-

122 2066 256 2120 beant
282 2066 640 2137 quantitates
663 2063 1046 2133 suas,quibus
1069 2066 1353 2131 occupent
1370 2061 1561 2130 spatia
1584 2060 1734 2115 loco-

125 2173 221 2209 rum
242 2172 475 2210 suorum
498 2196 511 2221 ,
548 2156 770 2223 quanto
802 2152 991 2223 magis
1018 2152 1142 2221 ipse
1165 2150 1372 2205 animae
1406 2154 1605 2218 nutus,
1640 2149 1734 2204 cui

126 2244 342 2297 membra
371 2242 808 2308 deserviunt,ut
837 2240 990 2311 quod
1027 2238 1306 2310 placuerit
1341 2238 1734 2309 figetur,unde

123 2332 162 2384 id
188 2332 321 2403 quod
354 2331 712 2385 movendum
742 2333 830 2383 est
860 2328 1189 2393 innitatur;
1223 2343 1356 2381 cum
1389 2327 1586 2381 anima
1621 2343 1733 2381 non

121 2419 175 2474 sit
192 2425 378 2475 natura
400 2433 817 2488 corporea,nec
842 2416 1007 2471 locali
1032 2416 1221 2486 spatio
1244 2432 1455 2486 corpus
1474 2414 1732 2485 impleat,

121 2510 235 2563 sicut
262 2526 407 2579 aqua
440 2512 643 2561 utrum
675 2506 796 2561 sive
828 2504 1172 2576 spongiam;
1207 2505 1307 2558 sed
1343 2504 1508 2558 miris
1544 2504 1735 2557 modis

120 2597 216 2667 ipso
240 2598 574 2668 incorporeo
608 2600 750 2649 nutu
784 2595 1099 2649 commixta
1130 2595 1208 2649 sit
1238 2594 1582 2648 viviﬁcando
1617 2609 1738 2647 cor-

122 2687 343 2759 pori,quo
366 2692 422 2741 et
446 2684 959 2761 imperatcorpori,
994 2684 1245 2754 quadam
1281 2682 1604 2737 intentione
1621 2699 1736 2736 non

123 2775 523 2847 molezquanto
557 2774 1235 2842 magis,inquam,nutus
1266 2771 1390 2842 ipse
1425 2770 1739 2825 voluntatis

124 2866 223 2932 ejus
251 2882 356 2920 non
388 2881 490 2935 per
522 2862 716 2917 locum
766 2867 1051 2929 movetur,
1104 2866 1169 2914 ut
1225 2876 1439 2930 corpus
1498 2876 1599 2930 per
1656 2860 1739 2914 lo-

126 2970 230 3006 cum
260 2958 501 3016 moveat,
535 2952 767 3021 quando
797 2955 989 3005 totum
1022 2967 1123 3020 per
1152 2955 1345 3020 partes
1379 2952 1588 3016 movet,
1638 2964 1742 3003 nec

127 3042 318 3113 aliquas
342 3042 469 3097 loco
504 3045 697 3096 movet
727 3039 842 3094 nisi
893 3055 997 3111 per
1045 3037 1177 3093 illas
1236 3055 1382 3109 quas
1440 3037 1566 3093 loco
1626 3054 1742 3092 non

129 3131 324 3185 movet?

155 3236 352 3292 CAPUT
391 3237 565 3291 XXII.
598 3265 666 3275 -—
694 3235 963 3320 Quomodo
999 3235 1134 3289 Deus
1162 3238 1397 3301 moveat,
1444 3233 1708 3304 quomodo

804 3324 1001 3362 anima
1018 3347 1031 3362 ι

180 3399 255 3453 43.
273 3400 430 3465 Quod
456 3400 509 3454 si
537 3397 860 3468 intelligere
881 3397 1120 3452 difﬁcile
1143 3400 1252 3463 est,
1281 3401 1595 3467 utrumque
1618 3412 1746 3452 cre-

128 3486 286 3557 datur,
317 3495 372 3543 et
402 3489 563 3560 quod
597 3494 856 3542 creatura
893 3484 1218 3557 spiritualis
1240 3502 1354 3541 non
1396 3502 1499 3556 per
1550 3485 1744 3540 locum

128 3582 490 3632 motamoveat
505 3593 717 3648 corpus
734 3575 1059 3647 perlocum,
1085 3576 1306 3647 etquod
1326 3575 1478 3630 Deus
1506 3591 1619 3629 non
1645 3592 1747 3646 per

120 3670 313 3736 tempus
328 3674 530 3722 motus
546 3671 1107 3721 moveatcreaturam
1123 3664 1484 3736 spiritualem
1500 3682 1598 3736 per
1612 3670 1748 3720 teni-

124 3768 225 3821 pus.
255 3757 408 3821 Quod
430 3757 482 3811 si
508 3757 579 3810 de
597 3753 793 3809 anima
810 3755 1063 3826 quisque
1081 3771 1197 3809 non
1218 3753 1337 3808 vult
1356 3753 1462 3808 hoc
1487 3754 1743 3821 credere,

125 3849 243 3911 quod
265 3845 505 3916 quidem
530 3844 654 3899 sine
676 3844 853 3899 dubio
879 3860 991 3899 non
1015 3841 1205 3898 solum
1232 3844 1513 3909 crederet,
1540 3859 1745 3897 verum

125 3933 267 3988 etiam
290 3935 667 4005 intelligeret,
702 3933 750 3988 si
785 3950 912 3988 eam
944 3936 1156 4004 posset,
1192 3932 1367 3986 sicuti
1398 3936 1510 3996 est,
1557 3931 1747 3986 incor-

126 4037 320 4091 poream
345 4025 609 4097 cogitare
634 4039 646 4077 :
673 4022 764 4077 cui
788 4022 940 4077 enim
970 4038 1082 4076 non
1110 4020 1275 4076 facile
1296 4020 1747 4092 occurrat,quod

129 4112 409 4178 per'locum
436 4130 558 4168 non
587 4116 885 4166 moveatur
907 4111 1057 4181 quod
1086 4127 1183 4179 per
1212 4110 1323 4164 loci
1398 4111 1601 4181 spatia
1633 4127 1746 4165 non

128 4197 476 4257 distenditur?
506 4200 789 4272 quidquid
812 4204 1006 4255 autem
1033 4214 1133 4268 per
1160 4198 1270 4253 loci
1304 4199 1493 4270 spatia
1525 4199 1751 4253 disten-

132 4286 261 4343 ditur
279 4308 493 4363 corpus
513 4294 696 4355 est;ac
719 4305 821 4361 per
838 4288 944 4342 hoc
966 4303 1334 4358 consequens
1357 4293 1445 4342 est
1468 4293 1530 4341 ut
1552 4287 1752 4342 anima

130 4391 210 4444 per
234 4378 415 4435 locum
449 4378 673 4435 moveri
709 4394 823 4432 non
858 4380 1112 4448 putetur,
1148 4376 1196 4431 si
1231 4393 1443 4446 corpus
1476 4394 1590 4431 non
1623 4393 1751 4432 esse

126 4468 393 4525 credatur:
422 4470 554 4535 sed,
583 4473 647 4523 ut
677 4467 869 4522 dicere
901 4482 1209 4537 coeperam,
1237 4465 1285 4521 si
1317 4466 1387 4521 de
1418 4465 1616 4520 anima
1644 4466 1752 4521 hoc

126 4556 343 4629 quisque
372 4577 488 4614 non
522 4556 649 4612 vult
679 4556 933 4620 credere,
955 4572 1069 4609 non
1102 4554 1279 4609 nimis
1314 4556 1611 4625 urgendus
1642 4562 1750 4611 est.

127 4642 497 4704 Substantiam
534 4663 667 4702 vero
698 4645 800 4700 Dei
834 4644 945 4699 nisi
973 4645 1171 4699 credat
1218 4660 1325 4698 nec
1376 4660 1476 4715 per
1519 4650 1754 4716 tempus

132 4746 215 4786 nec
243 4751 335 4802 per
356 4735 555 4791 locum
589 4732 824 4798 moveri,
844 4733 1103 4788 nondum
1138 4732 1389 4803 perfecte
1419 4732 1754 4789 incommu-

134 4822 338 4879 tabilem
369 4825 581 4881 credit.

137 4923 341 4985 CAPUT
376 4931 573 4987 XXIII.
607 4961 673 4971 —
706 4932 842 4986 Deus
868 4945 1079 5000 semper
1107 4930 1544 4999 quietus,omnia
1571 4935 1757 4987 tamen

844 5018 1028 5072 agens.

197 5087 496 5146 “dierum
529 5089 668 5160 quia
696 5088 935 5145 omnino
968 5087 1471 5144 incommutabilis
1520 5094 1609 5146 est
1658 5091 1758 5147 illa

135 5179 318 5232 natura
346 5179 737 5247 Trinitatis,et
767 5178 838 5233 ob
872 5177 980 5233 hoc
1009 5178 1089 5233 ita
1115 5184 1422 5246 aeterna,ut
1452 5180 1501 5234 ei
1533 5180 1755 5251 aliquid

133 5271 453 5322 maternum
480 5285 607 5324 esse
631 5284 745 5323 non
780 5266 1122 5338 possit,ipsa
1152 5267 1301 5337 apud
1326 5268 1582 5338 seipsam
1617 5276 1671 5325 et
1698 5271 1755 5325 in

133 5352 301 5424 acipsa
327 5356 455 5411 sine
487 5357 603 5411 ullo
637 5362 896 5427 tempore
929 5371 994 5409 ac
1026 5353 1171 5423 loco,
1208 5360 1396 5410 movet
1428 5362 1621 5413 tamen
1658 5377 1758 5431 per

135 5444 341 5513 tempus
370 5452 429 5501 et
457 5444 646 5501 locum
681 5444 793 5500 sibi
825 5443 1123 5499 subditam
1158 5450 1757 5513 crcaturam,naturas

142 5546 319 5587 creans
351 5534 630 5603 bonitate,
662 5534 988 5588 voluntates
1019 5532 1299 5587 ordinans
1328 5538 1613 5604 potestate
1646 5553 1657 5591 :
1695 5542 1759 5594 ut

136 5614 185 5670 in
205 5619 419 5675 naturis
434 5620 835 5691 nullasit,qua2
851 5637 963 5674 non
983 5618 1167 5675 abillo
1181 5620 1342 5691 sit;in
1357 5620 1759 5684 voluntatibus

196 5717 211 5752 ι
237 5714 385 5780 Editi,
416 5716 708 5771 articulari.
739 5721 880 5780 5183.,
911 5717 1135 5768 articuli.

1447 323 1685 385 LIBER
1728 322 2117 387 OCTAVUS.

3374 343 3492 404 390

1842 460 2033 511 autem
2063 458 2180 513 ulla
2212 459 2363 515 bona
2394 461 2489 527 sit,
2524 462 2615 516 cui
2651 481 2765 519 non
2797 466 3013 536 praesit,
3036 467 3197 526 nulla
3216 471 3367 529 mala
3389 475 3483 547 sit,

1843 562 1958 616 qua
1989 547 2135 603 bene
2169 549 2251 602 uti
2278 566 2392 603 non
2426 552 2631 621 possit.
2657 553 2765 608 Sed
2796 556 2933 625 quia
2955 574 3068 612 non
3089 562 3365 617 omnibus
3388 581 3491 620 na-

1841 636 1988 688 turis
2021 636 2183 690 dedit
2213 636 2527 695 voluntatis
2560 642 2892 711 arbitrium,
2922 645 3029 700 illae
3054 653 3249 703 autem
3277 652 3492 721 quibus

1843 723 2019 793 dedit,
2056 726 2410 795 potentiores
2442 746 2506 783 ac
2555 732 2886 801 superiores
2918 741 3093 802 sunt;
3130 736 3239 793 illae
3274 746 3492 798 natura

1843 829 1969 882 quae
1988 830 2101 868 non
2125 814 2341 870 habent
2363 816 2993 887 voluntatem,subdita3
3018 824 3137 881 sint
3159 836 3494 887 necesseest

1844 900 1958 956 illis
1990 919 2112 973 qua:
2144 902 2382 970 habent,
2418 912 2473 961 et
2519 906 2627 962 hoc
2659 910 3018 967 ordinatione
3048 916 3355 986 Creatoris,
3392 922 3490 991 qui

1842 1006 2150 1060 nunquam
2182 991 2263 1045 ita
2293 993 2461 1062 punit
2491 995 2847 1053 voluntatem
2883 1000 3120 1067 malam,
3164 1008 3491 1072 utgnaturas

1846 1078 2617 1149 perimatdignitatem.Curn
2635 1085 3492 1162 igituromnecorpusetomnis

1844 1168 2042 1222 anima
2073 1168 2427 1225 irrationalis
2447 1189 2557 1226 non
2584 1173 2792 1227 habeat
2815 1176 3129 1234 voluntatis
3160 1184 3490 1252 arbitrium,

1844 1256 2081 1311 subdita
2104 1257 2216 1311 ista
2238 1263 2379 1313 sunt
2400 1259 2483 1313 eis
2509 1262 2733 1316 naturis
2757 1280 2881 1333 quas
2902 1268 3151 1335 praedita;
3174 1275 3313 1324 sunt
3339 1274 3494 1327 arbi-

1842 1344 1952 1399 trio
1976 1345 2327 1413 voluntatis;
2363 1365 2466 1402 nec
2498 1350 2771 1406 omnibus
2803 1353 3020 1424 omnia,
3056 1358 3156 1411 sed
3190 1359 3342 1414 sicut
3372 1362 3495 1415 dis-

1842 1434 2205 1504 tribuitjusti
2220 1436 2297 1489 tia
2311 1436 2773 1511 Creatoris.Ergo
2790 1441 2887 1495 Dei
2908 1444 3270 1513 providentia
3288 1466 3495 1521 regens

1841 1530 2016 1595 atque
2035 1524 2456 1580 administrans
2477 1526 2808 1583 universam
2828 1537 3239 1605 creaturam,et
3258 1544 3497 1595 naturas

1840 1621 1892 1667 el
1924 1611 2274 1678 voluntates,
2308 1618 2549 1670 naturas
2584 1622 2645 1670 ut
2679 1618 2815 1685 sint,
2842 1619 3170 1678 voluntates
3202 1630 3399 1681 autem
3434 1634 3499 1684 ut

1841 1717 1945 1755 nec
1978 1701 2351 1757 infructuosae
2384 1703 2571 1770 boum,
2618 1722 2721 1759 nec
2774 1707 3084 1778 impunitae
3138 1714 3301 1767 malta
3335 1715 3454 1770 sint
3483 1752 3494 1778 ε

1839 1790 2041 1845 subdit
2070 1790 2345 1861 primitus
2377 1793 2572 1847 omnia
2603 1793 2740 1860 sibi,
2772 1796 2978 1851 deinde
3010 1806 3338 1857 creaturam
3372 1772 3502 1859 cur1

1840 1879 2097 1951 poralem
2124 1885 2400 1935 creaturae
2426 1882 2741 1953 spirituali,
2770 1884 3165 1944 irrationalem
3200 1892 3498 1966 rationali,

1841 1974 2177 2024 terrestrem
2203 1968 2442 2039 caelesti,
2472 1971 2780 2026 femineam
2808 1975 3165 2043 masculinae,
3187 1980 3385 2036 minus
3407 1999 3499 2041 va.

1839 2058 2055 2113 lentem
2091 2057 2418 2125 valentiori,
2445 2059 2897 2131 indigentiorem
2951 2064 3282 2134 copiosiori.
3307 2070 3367 2123 In
3401 2088 3497 2126 vo-

1842 2147 2172 2202 luntatibus
2197 2152 2414 2217 autem,
2436 2148 2619 2203 bonas
2643 2150 2774 2217 sibi,
2799 2157 3034 2207 czeteras
3056 2171 3186 2209 vero
3210 2155 3354 2227 ipsis
3378 2175 3499 2214 ser-

1843 2236 2136 2291 vientibus
2151 2236 2296 2302 sibi;
2322 2236 2507 2292 uthoc
2531 2238 3066 2306 patiaturvoluntas
3082 2244 3419 2317 mal‘a,quod
3433 2265 3503 2304 ex

1836 2327 2011 2396 jussu
2038 2325 2137 2381 Dei
2163 2326 2360 2380 fecerit
2386 2327 2683 2393 bona,sive
2706 2346 2804 2400 per
2828 2329 3107 2401 seipsam,
3125 2334 3239 2389 sive
3262 2352 3362 2404 per
3384 2354 3504 2393 ma-

1844 2416 1983 2481 lam,
2012 2416 2071 2469 in
2100 2416 2274 2470 rebus
2306 2417 2591 2472 duntaxat
2620 2434 2744 2488 quae
2781 2421 3127 2477 naturaliter
3152 2430 3292 2480 sunt
3320 2427 3499 2484 etiam

1847 2502 2018 2559 malis
2031 2502 2429 2559 voluntatibus
2445 2506 2777 2573 subditaeﬂd
2794 2508 2950 2563 estin
2967 2514 3334 2583 corporibus.
3354 2516 3499 2573 Nam

1846 2593 1904 2646 in
1932 2593 2144 2664 seipsis
2161 2592 2321 2647 mala:
2337 2593 2665 2650 voluntates
2685 2597 2899 2652 habent
2918 2599 3253 2657 interiorem
3268 2621 3497 2676 paruam

1848 2698 2038 2749 suam,
2072 2681 2338 2737 eamdem
2370 2682 2554 2754 ipsam
2584 2684 2953 2756 iniquitatem
2986 2706 3178 2747 suam.

1887 2790 2115 2846 CAPUT
2146 2789 2335 2844 XXIV.
2378 2821 2443 2828 —
2485 2791 2750 2857 Quaenam
2782 2794 2955 2850 beatis
2986 2797 3205 2867 Angelis
3232 2799 3465 2858 subditae

2532 2871 2822 2921 creaturm.

1924 2952 2007 3006 45.
2047 2956 2121 3005 Ac
2154 2967 2255 3023 per
2284 2950 2393 3005 hoc
2442 2951 2797 3009 sublimibus
2842 2955 3082 3027 Angelis
3111 2957 3226 3012 Deo
3267 2960 3500 3017 subdite

1856 3039 2204 3107 fruentibus,
2240 3044 2297 3093 et
2335 3039 2450 3094 Deo
2496 3040 2662 3095 beate
2711 3042 3117 3114 servientibus,
3154 3048 3387 3103 subdita
3419 3055 3509 3105 est

1855 3130 2048 3187 omnis
2065 3133 2271 3183 natura
2284 3130 2779 3200 corporea,omnis
2796 3130 3154 3189 irrationalis
3169 3136 3507 3204 vita,omnis

1855 3218 2124 3274 voluntas
2148 3217 2234 3271 vel
2254 3217 2487 3271 inﬁrma
2508 3217 2592 3273 vel
2617 3235 2818 3289 prava;
2846 3226 2908 3274 ut
2925 3221 3032 3275 hoc
3053 3223 3122 3277 de
3144 3227 3395 3281 subditis
3419 3229 3511 3284 vel

1858 3325 1991 3363 cum
2025 3306 2279 3362 subditis
2299 3311 2493 3379 agant,
2515 3308 2666 3376 quod
2692 3313 2910 3363 natura:
2932 3312 3073 3365 ordo
3098 3313 3283 3383 poscit
3308 3316 3361 3369 in
3388 3334 3511 3372 om-

1858 3397 2051 3465 nibus,
2069 3397 2311 3467 jubente
2329 3394 2424 3450 illo
2443 3396 2534 3449 cui
2569 3397 2831 3466 subjecta
2853 3404 2994 3453 sunt
3017 3401 3232 3456 omnia.
3259 3404 3507 3461 Proinde

1856 3485 1937 3540 illi
1972 3486 2029 3540 in
2069 3484 2169 3540 illo
2200 3485 2500 3540 veritatem
2535 3485 3075 3543 incommutabilem
3110 3490 3389 3557 vident,et
3420 3512 3509 3550 se-

1857 3575 2114 3629 cundum
2150 3590 2275 3628 eam
2310 3591 2447 3629 suas
2475 3575 2738 3645 dirigunt
2770 3576 3118 3633 voluntates.
3174 3581 3345 3635 Fiunt
3374 3599 3511 3655 ergo

1857 3663 1938 3718 illi
1974 3663 2291 3735 participes
2323 3665 2687 3732 azternitatis,
2720 3666 3003 3732 veritatis,
3036 3668 3353 3725 voluntatis
3385 3674 3514 3741 ejus

1858 3755 2154 3824 semper‘,
2191 3753 2317 3807 sine
2365 3756 2628 3823 tempore
2677 3758 2733 3808 et
2780 3753 2926 3809 loco.
2979 3756 3283 3813 Moventur
3314 3767 3512 3816 autem

1858 3843 1985 3913 ejus
2018 3841 2260 3914 imperio
2294 3842 2466 3896 etiam
2494 3842 2913 3913 temporaliter,
2940 3842 3038 3899 illo
3072 3862 3185 3900 non
3220 3851 3515 3919 tempora-

1859 3931 1992 3987 liter
2025 3936 2199 3985 moto.
2229 3930 2343 3984 Nec
2374 3929 2454 3983 ita
2486 3934 2551 3984 ut
2581 3932 2652 3983 ab
2684 3933 2809 3999 ejus
2841 3933 3335 4004 contemplatione
3367 3938 3517 3992 resi-

1860 4021 2007 4075 liant
2038 4024 2137 4075 aut
2165 4019 2460 4085 defluant;
2503 4020 2601 4073 sed
2636 4018 2809 4074 simul
2848 4024 2904 4075 et
2936 4020 3100 4075 illum
3134 4023 3259 4077 sine
3291 4024 3415 4080 loco
3447 4044 3513 4082 ac

1862 4116 2121 4181 tempore
2141 4107 2633 4179 contemplantur,
2654 4112 2707 4161 et
2725 4109 2852 4179 ejus
2870 4108 2926 4163 in
2951 4109 3517 4185 inferioribusjussa

1863 4198 2190 4272 perficiunt,
2226 4201 2521 4251 moventes
2554 4212 2613 4250 se
2654 4213 2755 4267 per
2786 4201 3038 4269 tempus,
3076 4216 3284 4270 corpus
3320 4207 3517 4258 autem

1863 4304 1964 4360 per
1994 4292 2222 4358 tempus
2254 4288 2311 4340 et
2341 4284 2554 4351 locum,
2583 4291 2863 4357 quantum
2893 4304 3091 4342 eorum
3127 4291 3397 4362 congruit
3422 4310 3515 4347 ac-

1863 4375 2029 4431 tioni.
2068 4376 2133 4429 Et
2167 4375 2291 4429 ideo
2314 4374 2466 4429 Deus
2499 4375 2773 4446 bipartito
2796 4376 3169 4447 providentiae
3205 4397 3321 4434 suae
3347 4398 3521 4452 Opere

1865 4470 2071 4537 prmest
2132 4462 2411 4519 universae
2463 4468 2779 4532 creaturae;
2817 4466 3066 4535 naturis,
3100 4472 3164 4522 ut
3203 4468 3381 4536 ﬁant;
3415 4488 3521 4525 vo-

1862 4553 2189 4609 luntatibus
2223 4558 2440 4621 autem,
2475 4558 2537 4608 ut
2592 4554 2717 4609 sine
2767 4572 2872 4609 suo
2898 4556 3075 4626 jussu
3108 4555 3194 4609 vel
3229 4560 3520 4628 permissu

1866 4642 2013 4698 nihil
2048 4642 2281 4697 faciant.

1865 4749 2093 4805 CAPUT
2123 4748 2287 4803 XXV.
2319 4780 2384 4789 —
2416 4750 2629 4829 {Vetera
2660 4752 3062 4829 universitatis,
3082 4762 3373 4826 partesque
3404 4756 3525 4829 ejus

2202 4821 2466 4891 quomodo
2496 4839 2532 4875 α
2563 4823 2664 4876 Deo
2694 4821 3177 4880 administrentur.

1939 4912 2025 4965 46.
2061 4910 2282 4967 Natura
2312 4913 2491 4985 igitur
2513 4913 2913 4971 universitatis
2936 4917 3259 4988 corporalis
3291 4937 3402 4975 non
3431 4923 3532 4977 ad-

1859 5001 2101 5072 juvatur
2131 5001 2492 5057 extrinsecus
2542 5005 2937 5075 corporaliter.
2988 5006 3191 5077 Neque
3246 5009 3403 5064 enim
3438 5016 3528 5065 est

1867 5094 2028 5145 extra
2048 5106 2175 5144 eam
2194 5089 2377 5145 ullum
2393 5107 2625 5163 corpus,
2642 5092 2899 5165 alioquin
2919 5113 3029 5151 non
3049 5097 3529 5171 estuniversitas.

1867 5179 2228 5234 Intrinsecus
2260 5183 2453 5234 autem
2480 5182 2798 5252 adjuvatur
2828 5185 3292 5258 incorporaliter,
3326 5192 3434 5242 Deo
3468 5188 3527 5243 id

1868 5272 2073 5339 agente
2098 5274 2161 5323 ut
2182 5268 2419 5324 omnino
2446 5274 2655 5326 natura
2674 5272 2781 5341 sit;
2808 5274 3085 5344 quoniam
3112 5292 3177 5330 ex
3202 5274 3328 5345 ipso
3350 5280 3407 5330 et
3432 5293 3535 5347 per

1868 5359 2061 5430 ipsum
2098 5362 2154 5411 et
2182 5358 2240 5411 in
2274 5357 2400 5428 ipso
2434 5365 2573 5415 sunt
2627 5362 2825 5417 omnia
2854 5365 3035 5433 (Rom.
3066 5382 3146 5429 x1,
3180 5366 3291 5434 36).
3328 5368 3535 5421 Partes

1870 5464 1998 5502 vero
2031 5447 2295 5516 ejusdem
2318 5448 3160 5507 universitatisetintrinsecus
3194 5454 3529 5523 incorpora-

1869 5536 2000 5591 liter
2031 5535 2404 5606 adjuvantur,
2431 5536 2515 5591 vel
2540 5539 2732 5609 potius
2760 5540 2926 5608 fiunt,
2952 5547 3015 5594 ut
3042 5546 3259 5596 naturae
3292 5541 3411 5597 sint
3432 5567 3446 5609 ;
3468 5549 3529 5601 et

1870 5625 2232 5682 extrinsecus
2244 5626 2759 5700 corporaliter,quo
2777 5647 2839 5685 sc
2866 5629 3075 5686 melius
3090 5630 3366 5699 habeant,
3383 5633 3536 5689 sicut

1935 5726 1950 5759 ί
1980 5722 2066 5774 Sic
2095 5721 2218 5773 Msa.
2245 5725 2309 5774 At
2339 5725 2483 5787 editi,
2517 5726 2832 5778 voluntatem
2865 5729 2976 5791 ejus
2997 5740 3199 5792 semper
3225 5726 3500 5791 facientes.
