3954 6178
414 269 528 330 391

415 401 729 471 alimentis,
775 401 1153 474 agricultura,
1214 399 1522 468 medicina,
1573 403 1629 455 et
1677 415 2063 471 quaecumque

412 491 586 547 etiam
637 492 707 546 ad
757 498 1027 546 ornatum
1078 491 1245 560 fiunt,
1281 496 1343 545 ut
1382 506 1497 544 non
1544 490 1736 544 solum
1782 488 1951 545 salva:
1997 505 2061 544 ac

413 581 800 648 tecundiores,
834 597 1030 635 verum
1064 581 1233 633 etiam
1269 578 1630 633 decentiores
1657 578 1823 633 sint“

486 669 931 740 47.8piritualis
982 672 1175 723 autem
1226 674 1421 723 creata
1471 672 1681 721 natura
1710 667 1760 722 si
1809 667 2063 739 perfecta

413 762 587 828 atque
601 758 769 813 beata
782 757 1344 829 est,sicutAngeloru
1357 774 1407 811 m
1425 761 1941 826 sanctorum,quan
1954 761 2008 809 tu
2021 772 2069 809 m

410 849 618 902 attinet
650 848 720 901 ad
755 848 1028 917 seipsam,
1054 863 1168 917 quo
1202 846 1299 915 sit,
1322 847 1675 918 sapiensque
1707 845 1804 909 sit,
1830 844 2062 899 nonnisi

408 936 765 990 intrinsecus
784 936 1222 1005 incorporaliter
1239 937 1570 1006 adjuvetur.
1592 935 1754 989 Intus
1777 933 1827 989 ei
1850 934 2064 1006 quippe

408 1025 667 1096 loquitur
701 1027 846 1079 Deus
898 1025 1045 1079 miro
1076 1030 1132 1079 et
1184 1024 1464 1079 inellabili
1518 1024 1713 1087 modo,
1747 1039 1934 1093 neque
1968 1038 2065 1094 per

406 1116 755 1186 scripturam
773 1114 1172 1185 corporalibus
1185 1115 1200 1168 i
1213 1113 1597 1168 nstrumentis
1614 1113 2065 1182 affixam,neque

407 1220 511 1275 per
539 1221 706 1259 voces
748 1203 1152 1275 corporalibus
1185 1202 1429 1257 auribus
1474 1202 1837 1265 insonantes,
1876 1215 2065 1270 neque

407 1311 509 1365 per
528 1310 831 1365 corporum
855 1293 1291 1359 similitudines,
1314 1292 1517 1364 quales
1539 1291 1595 1346 in
1625 1290 1837 1362 spiritu
1862 1288 2067 1360 imagi-

408 1382 619 1437 naliter
649 1382 816 1447 ﬁunt,
841 1383 993 1436 sicut
1025 1382 1081 1435 in
1116 1380 1361 1445 somnis,
1387 1380 1473 1434 vel
1506 1379 1564 1434 in
1600 1379 1794 1450 aliquo
1828 1394 2065 1449 excessu

407 1472 673 1542 spiritus,
694 1472 844 1542 quod
872 1486 1055 1542 grazce
1078 1470 1291 1524 dicitur
1308 1465 1571 1537 ἔκστασις,
1593 1473 1647 1523 et
1678 1485 1783 1523 nos
1806 1484 1870 1523 eo
1892 1467 2065 1522 verbo

400 1562 523 1632 jam
544 1561 769 1614 utimur
792 1576 892 1631 pro
918 1560 1095 1614 latino
1126 1577 1137 1613 :
1173 1559 1311 1629 quia
1333 1558 1521 1613 ethoc
1543 1574 1726 1629 genus
1749 1557 2067 1623 visionum,

408 1650 676 1721 quamvis
706 1649 954 1704 interius
986 1648 1086 1703 fiat
1109 1664 1283 1719 quam
1320 1652 1457 1702 sunt
1489 1664 1556 1702 ea
1588 1664 1713 1718 quae
1748 1646 1944 1700 animo
1969 1662 2067 1717 per

404 1756 615 1795 sensus
648 1738 906 1809 corporis
939 1738 1328 1805 nuntiantur;
1363 1742 1560 1792 tamen
1594 1736 1731 1808 quia
1754 1734 1946 1790 simile
1980 1738 2068 1789 est

404 1831 508 1897 eis,
543 1828 623 1882 ita
652 1832 717 1882 ut
746 1844 874 1882 eum
910 1828 992 1894 fit,
1029 1827 1278 1881 discerni
1326 1827 1397 1881 ab
1432 1827 1515 1881 eis
1550 1831 1651 1880 aut
1682 1824 1919 1881 omnino
1952 1840 2065 1878 non

404 1918 611 1988 possit,
633 1921 735 1972 aut
756 1920 907 1972 certe
930 1916 1024 1970 vix
1050 1921 1106 1970 et
1127 1915 1429 1970 rarissime
1454 1915 1658 1986 possit,
1677 1918 1733 1969 et
1758 1914 1893 1985 quia
1919 1917 2068 1976 exte_

404 2006 527 2060 rius
549 2011 638 2060 est
655 2022 832 2076 quam
853 2004 997 2059 illud
1018 2005 1168 2075 quod
1194 2004 1251 2057 in
1277 2003 1405 2073 ipsa
1429 2001 1902 2057 incommutabili
1926 2001 2070 2059 veri.

402 2100 523 2149 tate
557 2111 721 2149 mens
740 2093 1042 2148 rationalis
1061 2098 1117 2147 et
1137 2091 1548 2147 intellectualis
1572 2091 1857 2157 intuetur,
1886 2106 2070 2160 eaque

404 2183 532 2239 luce
550 2185 620 2238 de
638 2184 730 2238 his
755 2183 1030 2237 omnibus
1051 2182 1313 2252 judicat;
1347 2181 1499 2235 inter
1523 2180 1622 2235 illa
1644 2197 1765 2250 qum
1792 2180 2073 2235 extrinse-

406 2289 509 2327 cus
543 2273 689 2326 fiunt
720 2271 969 2327 arbitror
997 2287 1124 2327 esse
1158 2270 1592 2341 deputandum.
1626 2270 1904 2324 Creatura
1934 2284 2069 2339 ergo

411 2360 738 2433 spiritualis
769 2365 824 2415 et
853 2359 1265 2415 intellectualis
1297 2359 1559 2431 perfecta
1581 2363 1638 2413 et
1668 2358 1855 2428 beata,
1881 2356 2072 2429 qualis

406 2453 759 2523 Angelorum
777 2449 1044 2520 est,sicut
1061 2448 1495 2517 dixi,quantum
1512 2447 1798 2502 attinetad
1815 2447 2069 2518 seipsam

409 2558 524 2613 quo
557 2539 1027 2611 sit,sapiensque
1051 2555 1116 2593 ac
1143 2538 1311 2593 beata
1343 2537 1441 2604 sit,
1463 2536 1697 2591 nonnisi
1718 2536 2073 2591 intrinsecus

410 2631 724 2701 adjuvatnr
770 2628 1118 2698 aeternitate,
1154 2626 1419 2693 veritate,
1452 2625 1733 2681 cbaritate
1765 2624 2069 2680 Creatoris.

408 2721 781 2775 Extrinsecus
802 2734 936 2773 vero
959 2717 1005 2773 si
1028 2717 1289 2787 adjuvari
1324 2716 1571 2771 dicenda
1603 2720 1712 2779 est,
1738 2731 1803 2770 eo
1826 2715 2071 2769 fortasse

412 2810 535 2865 solo
570 2810 899 2879 adjuvetur,
936 2808 1084 2879 quod
1120 2806 1367 2861 invicem
1401 2804 1621 2871 vident,
1654 2809 1709 2860 et
1738 2804 1809 2858 de
1840 2820 1947 2858 sua
1978 2820 2071 2858 so-

417 2902 625 2955 cietate
656 2898 912 2969 gaudent
944 2897 1001 2951 in
1030 2900 1161 2963 Deo,
1181 2900 1239 2951 et
1269 2894 1423 2965 quod
1458 2893 1780 2965 perspectis
1813 2892 1987 2946 etiam
2012 2891 2072 2945 in

418 2989 502 3043 eis
532 2986 677 3059 ipsis
727 2985 1002 3040 omnibus
1051 2982 1356 3051 creaturis,
1392 2982 1652 3053 undique
1700 2984 1921 3051 gratias
1956 2979 2076 3051 agit

418 3076 734 3147 laudatque
765 3078 1110 3129 Creatorem.
1146 3072 1304 3136 Quod
1341 3075 1536 3127 autem
1570 3070 1777 3124 attinet
1805 3069 1876 3123 ad
1915 3084 2075 3123 crea-

414 3170 558 3221 turae
592 3163 863 3237 angelicae
895 3162 1204 3226 actionem,
1225 3177 1327 3232 per
1357 3175 1535 3231 quam
1558 3159 1967 3213 universarum
1993 3174 2076 3211 re-

416 3273 543 3311 rum
566 3254 898 3327 generibus,
920 3252 1291 3322 maximeque
1311 3249 1569 3304 humano
1590 3246 1953 3320 providentia
1978 3246 2075 3301 Dei

417 3343 772 3417 prospicitur
795 3360 807 3410 ;
828 3343 955 3413 ipsa
972 3341 1336 3396 extrinsecus
1359 3339 1620 3409 adjuvat,
1639 3341 1695 3392 et
1715 3353 1815 3408 per
1830 3335 1932 3390 illa
1951 3335 2077 3390 visa

417 3452 543 3505 quae
577 3431 795 3488 similia
826 3434 962 3485 sunt
994 3428 1425 3501 corporalibus,
1460 3431 1516 3481 et
1548 3442 1649 3498 per
1678 3425 1802 3497 ipsa
1832 3441 2077 3496 corpora

417 3540 543 3594 quis
573 3521 846 3592 angelicae
878 3519 1185 3589 subjacent
1217 3514 1515 3588 potestati.
1622 3530 1645 3555 ο

416 3628 645 3684 CAPUT
675 3626 864 3682 XXVI.
896 3656 965 3668 -—
1000 3626 1139 3679 Deus
1168 3639 1383 3693 semper
1433 3622 1577 3676 idem
1608 3629 1659 3676 et
1688 3621 1947 3676 immotus
1975 3619 2076 3674 ad-

980 3698 1263 3751 ministrat
1288 3696 1503 3751 omnia.

492 3790 576 3844 48.
610 3789 742 3853 Qua:
778 3804 913 3843 cum
963 3786 1045 3842 ita
1077 3785 1216 3855 sint,
1265 3800 1396 3839 cum
1429 3783 1584 3839 Deus
1619 3782 1990 3853 omnipotens
2022 3783 2077 3835 et

417 3878 807 3944 omnitenens,
829 3872 1295 3932 incommutabili
1327 3872 1671 3940 aeternitate,
1697 3871 1956 3936 veritate,
1978 3887 2074 3924 vo-

416 3969 640 4025 luntate
658 3984 889 4040 semper
907 3967 1082 4032 idem,
1110 3980 1225 4020 non
1254 3978 1357 4036 per
1378 3969 1611 4035 tempus
1637 3977 1739 4017 nec
1760 3976 1863 4032 per
1884 3960 2076 4015 locum

419 4062 638 4127 motus,
670 4060 861 4113 movet
890 4072 992 4129 per
1038 4059 1271 4125 tempus
1320 4056 1648 4108 creaturam
1682 4049 2049 4122 spiritualem

418 4151 609 4203 movet
639 4148 812 4203 etiam
854 4163 956 4218 per
985 4150 1222 4216 tempus
1268 4146 1323 4196 et
1351 4141 1545 4197 locum
1580 4144 1906 4195 creaturam
1951 4156 2074 4193 cor-

420 4234 716 4307 poralem;
776 4240 839 4290 ut
885 4252 949 4289 eo
1008 4236 1169 4287 motu
1232 4234 1472 4285 naturas
1522 4246 1670 4300 quas
1721 4228 2077 4283 intrinsecus

422 4324 746 4391 substituit,
780 4324 951 4378 etiam
1001 4320 1401 4377 extrinsecus‘
1447 4318 1839 4379 administret,
1873 4321 1929 4371 et
1977 4332 2079 4388 per

417 4412 749 4469 voluntates
780 4412 891 4467 sibi
936 4410 1229 4480 subditas,
1263 4425 1409 4479 quas
1442 4423 1543 4478 per
1588 4412 1845 4478 tempus,
1880 4410 1934 4461 et
1976 4422 2078 4478 per

418 4519 661 4574 corpora
692 4500 799 4556 sibi
848 4504 1021 4572 atque
1051 4497 1169 4551 illis
1219 4495 1623 4550 voluntatibus
1657 4494 1913 4564 subdita,
1949 4512 2075 4566 quae

418 4610 523 4665 per
567 4596 802 4663 tempus
849 4594 905 4645 et
948 4588 1139 4644 locum
1192 4589 1402 4652 movet,
1437 4600 1502 4639 eo
1546 4589 1806 4655 tempore
1857 4601 1921 4638 ac
1952 4584 2075 4639 loco

419 4682 589 4752 cujus
621 4681 766 4736 ratio
817 4679 874 4734 in
909 4679 1036 4751 ipso
1093 4681 1205 4731 Deo
1259 4675 1377 4729 vita
1408 4677 1497 4728 est
1545 4673 1670 4728 sine
1718 4677 1978 4745 tempore
2010 4690 2076 4729 ac

419 4769 544 4825 loco
579 4786 592 4823 :
625 4786 759 4825 cum
790 4785 925 4841 ergo
958 4766 1074 4822 tale
1122 4764 1342 4836 aliquid
1398 4763 1551 4817 Deus
1583 4761 1724 4834 agit,
1756 4778 1868 4816 non
1904 4763 2075 4817 debe-

421 4874 555 4912 mus
582 4857 804 4927 opinari
838 4857 965 4927 ejus
1016 4852 1408 4911 substantiam
1461 4868 1577 4922 qua
1614 4856 1762 4905 Deus
1793 4856 1901 4915 est,
1936 4855 2078 4906 tem-

422 4945 662 5017 poribus
716 4947 974 5016 locisque
1023 4942 1388 5010 mutabilem,
1422 4945 1526 4996 aut
1574 4956 1675 5011 per
1722 4944 1988 5011 tempora
2020 4944 2078 4996 et

420 5033 548 5090 loca
598 5035 899 5100 mobilem,
970 5033 1069 5088 sed
1122 5032 1181 5086 in
1231 5045 1402 5101 opere
1451 5027 1661 5083 divinae
1708 5029 2078 5100 providentiae

421 5125 533 5180 ista
582 5138 981 5195 cognoscere;
1031 5137 1143 5175 non
1190 5120 1248 5173 in
1302 5117 1402 5171 illo
1453 5134 1626 5188 opere
1675 5134 1786 5188 quo
1835 5123 2079 5175 naturas

420 5218 596 5280 creat,
633 5214 735 5270 sed
768 5212 826 5265 in
858 5210 956 5265 illo
988 5224 1104 5281 quo
1136 5207 1488 5262 intrinsecus
1519 5210 1744 5260 creatas
1774 5208 1947 5262 etiam
1982 5225 2079 5263 ex-

421 5303 713 5357 trinsecus
747 5300 1141 5363 administrat,
1173 5311 1305 5350 cum
1339 5293 1419 5347 sit
1448 5293 1594 5364 ipse,
1624 5294 1785 5349 nullo
1817 5295 2077 5354 locorum

421 5392 507 5447 vel
526 5390 828 5446 intervallo
844 5388 927 5444 vel
949 5386 1157 5460 spatio,
1172 5382 1637 5438 incommutabili
1658 5384 2079 5460 excellentique

422 5480 681 5552 potentia
700 5484 755 5535 et
774 5478 1014 5533 interior
1031 5473 1189 5530 omni
1211 5488 1292 5543 re,
1315 5471 1451 5542 quia
1468 5471 1526 5525 in
1548 5468 1675 5542 ipso
1699 5478 1836 5529 sunt
1858 5477 2076 5547 omnia,

423 5574 480 5625 et
507 5570 756 5624 exterior
785 5566 944 5622 omni
970 5580 1054 5632 re,
1073 5564 1213 5635 quia
1232 5563 1358 5633 ipse
1379 5564 1467 5615 est
1483 5576 1661 5632 super
1691 5564 1909 5621 omnia.
1936 5566 2077 5623 Item

492 5670 505 5702 ι
535 5668 658 5717 Mss.
688 5665 889 5730 aliquot
917 5665 1004 5714 hic
1033 5666 1088 5714 et
1115 5660 1274 5726 paulo
1303 5658 1461 5721 infra,
1494 5657 1651 5709 etiam
1680 5660 2001 5715 intrinsecus.

1286 269 1387 328 DE
1434 268 1731 330 GENESI‘
1761 270 1864 329 AD
1909 268 2339 348 LITTERAM,
2387 273 2451 334 S.
2500 273 2952 336 AUGUSTINI.
3649 293 3734 354 393

2166 400 2327 457 nullo
2346 405 2677 475 temporum
2694 403 2782 460 vel
2815 404 3122 461 intervallo
3152 407 3239 463 vel
3273 410 3738 482 spatio,incommu-

2170 490 2337 545 tabili
2366 492 2689 548 mternitate
2713 496 2769 549 et
2794 494 3095 564 antiquior
3112 500 3201 549 est
3224 497 3496 569 omnibus,
3516 504 3630 572 quia
3648 507 3740 577 ipse

2170 586 2261 634 est
2289 585 2424 636 ante
2450 582 2671 648 omnia,
2704 587 2759 637 et
2790 583 2994 638 novior
3024 583 3319 655 omnibus,
3350 589 3472 656 quia
3498 589 3625 646 idem
3652 596 3742 667 ipse

2173 674 2304 739 post
2334 671 2554 725 omnia.

2208 758 2440 813 CAPUT
2474 758 2692 815 XXVII.
2721 791 2784 800 —
2814 760 3090 828 Quomodo
3123 764 3330 818 locutus
3356 766 3419 819 sit
3447 767 3566 821 Deus
3594 770 3717 827 Αὰιῑι.

2245 847 2331 900 49.
2366 847 2728 920 Quapropter
2755 866 2887 904 cum
2921 850 3195 906 audimus
3235 852 3560 922 Scripturam
3589 858 3739 914 dicen-

2174 938 2313 1001 tem,
2365 939 2428 991 Et
2473 941 2729 1008 praecepit
2778 940 3040 993 Dominus
3091 941 3231 994 Deus
3281 941 3424 1010 Adae,
3466 943 3663 999 dicens:
3693 950 3747 999 Ab

2174 1026 2328 1080 omni
2354 1027 2505 1094 ligno
2522 1028 2665 1098 quod
2683 1036 2762 1082 est
2790 1028 2849 1081 in
2867 1028 3122 1098 paradiso
3147 1045 3267 1083 esca
3289 1030 3403 1085 edes
3416 1050 3433 1096 ;
3454 1034 3517 1085 de
3535 1033 3657 1102 ligno
3680 1052 3753 1088 au-

2176 1116 2281 1168 tem
2312 1116 2667 1185 cognoscendi
2696 1117 2895 1170 bonum
2923 1120 2976 1170 et
3004 1115 3247 1184 malum,
3286 1134 3393 1172 non
3418 1123 3753 1177 manducabitis

2175 1201 2239 1257 de
2270 1204 2387 1258 illo.
2417 1205 2534 1271 Qua
2553 1205 2641 1260 die
2665 1208 2847 1260 autem
2870 1207 3107 1261 ederitis
3130 1207 3195 1261 ab
3224 1222 3305 1273 eo,
3333 1211 3496 1262 morte
3522 1212 3753 1265 moriemi-

2175 1292 2271 1353 ni;
2302 1293 2350 1347 si
2385 1294 2625 1348 modum
2657 1293 2976 1364 quaerimus
3018 1295 3313 1366 quomodo
3346 1295 3453 1351 ista
3478 1295 3676 1351 locutus
3701 1301 3759 1353 sit

2176 1381 2350 1449 Deus,
2384 1383 2594 1438 modus
2624 1383 2857 1453 quidem
2894 1382 3017 1454 ipse
3047 1401 3081 1438 a
3111 1383 3281 1439 nobis
3313 1385 3529 1455 proprie
3555 1401 3760 1456 compre~

2176 1470 2352 1524 hendi
2385 1488 2499 1526 non
2552 1477 2747 1543 potest
2778 1489 2790 1527 :
2824 1472 3151 1527 certissime
3203 1478 3399 1527 tamen
3425 1479 3599 1529 tenere
3625 1475 3760 1529 debe-

2176 1576 2331 1625 mus,
2361 1560 2540 1615 Deum
2589 1566 2691 1616 aut
2722 1577 2824 1632 per
2868 1578 3036 1617 suam
3088 1563 3476 1616 substantiam
3508 1562 3664 1633 loqui,
3691 1570 3765 1619 aut

2178 1664 2280 1720 per
2309 1648 2421 1703 sibi
2445 1650 2744 1704 subditam
2770 1656 3094 1704 creaturam
3123 1674 3138 1715 ;
3171 1652 3272 1704 sed
3309 1666 3409 1721 per
3437 1650 3765 1705 substantiam

2178 1754 2346 1792 suam
2383 1754 2497 1792 non
2530 1738 2691 1809 loqui
2740 1738 2852 1793 nisi
2905 1740 2974 1793 ad
3005 1739 3285 1794 creandas
3336 1755 3529 1794 omnes
3558 1744 3768 1805 naturas,

2178 1828 2249 1881 ad
2282 1826 2618 1897 spirituales
2662 1844 2794 1883 vero
2827 1832 3002 1899 atque
3032 1826 3454 1882 intellectuales
3486 1843 3588 1881 non
3620 1827 3767 1880 solum

2178 1916 2480 1985 creandas,
2501 1917 2599 1971 sed
2624 1917 2798 1972 etiam
2819 1916 3261 1986 illuminandas,
3281 1919 3545 1986 cumjam
3575 1919 3773 1987 possunt

2180 2021 2383 2077 capere
2436 2005 2789 2061 locutionem
2834 2005 2983 2076 ejus,
3019 2005 3210 2077 qualis
3258 2009 3351 2061 est
3397 2006 3453 2061 in
3483 2005 3650 2059 Verbo
3675 2004 3771 2074 ejus

2180 2095 2334 2166 quod
2368 2094 2425 2149 in
2476 2095 2761 2167 principio
2815 2099 2940 2150 erat
2989 2096 3144 2165 apud
3193 2100 3400 2163 Deum,
3432 2098 3487 2149 et
3518 2098 3652 2149 Deus
3682 2099 3773 2147 erat

2178 2183 2457 2254 Verbum,
2491 2200 2593 2255 per
2621 2184 2773 2255 quod
2809 2184 2955 2239 facta
3007 2188 3145 2237 sunt
3174 2184 3375 2238 omnia
3408 2184 3579 2253 (Joan.
3609 2198 3643 2251 1,
3673 2180 3775 2249 1-3).

2182 2271 2302 2327 Illis
2332 2278 2529 2328 autem
2563 2273 2662 2345 qui
2714 2289 2840 2328 eam
2872 2288 3079 2343 capere
3129 2289 3244 2327 non
3278 2277 3546 2343 possunt,
3583 2286 3696 2325 cum
3722 2268 3782 2322 lo-

2181 2362 2383 2431 quitur
2418 2363 2585 2431 Deus,
2640 2360 2876 2417 nonnisi
2908 2378 3010 2433 per
3053 2366 3381 2416 creaturam
3432 2359 3689 2432 loquitur,
3715 2360 3787 2411 aut

2179 2454 2589 2505 tantummodo
2641 2451 3037 2521 spiritualem,
3085 2450 3207 2504 sive
3238 2450 3298 2503 in
3351 2448 3592 2517 somnis,
3631 2447 3729 2501 sive
3750 2445 3793 2497 in

2181 2540 2390 2594 ecstasi
2410 2540 2466 2593 in
2483 2539 2868 2594 similitudine
2893 2555 3088 2593 rerum
3113 2537 3504 2609 corporalium
3524 2556 3537 2604 ;
3556 2534 3791 2591 autetiam

2184 2644 2285 2699 per
2315 2629 2503 2698 ipsam
2545 2628 2927 2698 corporalem,
2954 2629 3096 2682 dum
3147 2628 3423 2683 sensibus
3461 2624 3698 2698 corporis
3722 2620 3788 2675 vel

2184 2716 2379 2787 aliqua
2410 2717 2634 2789 species
2665 2720 2924 2788 apparet,
2958 2715 3043 2771 vel
3077 2716 3360 2771 insonant
3389 2732 3576 2771 voces.

2252 2808 2341 2860 50.
2366 2807 2424 2861 Si
2449 2823 2585 2877 ergo
2610 2806 2786 2860 Adam
2808 2805 2945 2861 talis
2969 2810 3117 2870 erat,
3140 2810 3205 2859 ut
3227 2812 3430 2877 posset
3454 2819 3648 2876 capere
3664 2801 3790 2855 illam

2184 2894 2534 2950 locutionem
2560 2895 2682 2961 Dei,
2706 2911 2882 2967 quam
2916 2895 3217 2949 mentibus
3236 2894 3522 2966 angelicis
3543 2909 3638 2964 per
3666 2903 3795 2945 suam

2184 2985 2400 3056 praeth
2415 2984 2806 3039 substantiam
2831 3001 2843 3051 ;
2876 3000 2990 3037 non
3014 2983 3411 3037 dubitandum
3431 2986 3519 3036 est
3540 2978 3681 3051 quod
3701 2977 3796 3046 ejus

2185 3079 2441 3129 mentem
2459 3090 2560 3145 per
2579 3078 2809 3144 tempus
2834 3072 3078 3127 moverit
3096 3073 3242 3126 miro
3267 3078 3324 3126 et
3352 3069 3625 3127 ineffabili
3648 3066 3802 3132 modo,

2186 3178 2301 3219 non
2336 3167 2532 3218 motus
2562 3162 2687 3232 ipse
2718 3179 2821 3233 per
2852 3166 3107 3232 tempus,
3137 3162 3307 3231 eique
3341 3161 3489 3215 utile
3522 3174 3585 3213 ac
3614 3155 3802 3212 salubre

2185 3257 2536 3323 praeceptum
2553 3249 2903 3305 veritatisim
2912 3250 3211 3321 presserit,
3231 3253 3285 3304 et
3308 3266 3443 3321 quae
3468 3254 3812 3317 transgresso.

2184 3342 2231 3395 ri
2252 3358 2421 3413 pmna
2437 3341 2766 3407 deberetur,
2796 3356 2862 3394 ea
2880 3338 3009 3411 ipsa
3032 3338 3417 3394 inetl‘abiliter
3433 3338 3661 3393 veritate
3682 3347 3807 3387 mon-

2186 3430 2455 3485 straverit
2489 3447 2501 3485 :
2537 3430 2689 3484 sicut
2715 3426 3041 3483 audiuntur
3062 3426 3149 3482 vel
3184 3427 3462 3482 videntur
3483 3423 3673 3482 omnia
3690 3421 3811 3475 bona

2185 3522 2469 3591 praecepta
2498 3518 2556 3572 in
2592 3518 2717 3589 ipsa
2767 3515 3242 3570 incommutabili
3275 3514 3605 3588 Sapientia,
3637 3526 3745 3583 qua
3772 3508 3813 3559 in

2185 3608 2413 3664 animas
2446 3611 2682 3663 sanctas
2714 3621 2777 3659 se
2806 3605 3087 3660 transfert
3115 3605 3268 3675 (Sap.
3300 3622 3407 3672 vu,
3434 3605 3528 3671 2.7)
3561 3619 3626 3657 ex
3654 3598 3811 3669 aliquo

2184 3704 2462 3769 tempore,
2484 3714 2617 3751 cum
2638 3696 2828 3768 ipsius
2848 3693 3047 3749 nullus
3079 3696 3157 3750 sit
3189 3694 3467 3750 motusin
3493 3700 3747 3761 tempore.
3775 3683 3817 3738 Si

2186 3793 2383 3843 autem
2430 3786 2500 3840 ad
2557 3800 2692 3838 eum
2742 3784 2984 3839 modum
3036 3784 3219 3838 Adam
3250 3784 3459 3853 justus
3510 3784 3651 3844 erat,
3691 3782 3744 3831 ut
3781 3788 3818 3840 ei

2187 3876 2379 3931 adhuc
2429 3891 2576 3945 opus
2627 3878 2783 3929 esset
2832 3872 3072 3927 alterius
3125 3876 3410 3927 creaturae
3467 3866 3755 3925 sanctioris
3779 3867 3819 3915 et

2186 3963 2561 4038 sapientioris
2611 3961 2949 4032 auctoritas,
2982 3978 3085 4033 per
3131 3978 3306 4033 quam
3340 3960 3712 4032 cognosceret
3738 3949 3814 4007 Dei

2183 4054 2545 4111 voluntatem
2579 4050 3120 4123 atquejussionem,
3142 4051 3297 4105 sicut
3328 4050 3507 4105 nobis
3538 4045 3818 4118 Propheta,

2187 4145 2343 4201 sicut
2392 4142 2538 4214 ipsis
2587 4140 2830 4212 Angeli;
2883 4157 2990 4196 cur
3032 4139 3393 4212 ambigimus
3448 4156 3553 4212 per
3600 4136 3816 4205 aliquam

2186 4232 2528 4304 bujusmodi
2570 4235 2899 4286 creaturam
2932 4230 2982 4285 ei
3016 4246 3144 4285 esse
3173 4228 3445 4284 locutum
3486 4230 3688 4292 Deum,
3714 4220 3822 4277 tali-

2188 4323 2297 4377 bus
2317 4337 2524 4376 vocum
2545 4319 2730 4392 signis
2753 4336 2878 4391 quae
2902 4319 3226 4391 intelligere
3245 4317 3500 4391 posset?
3533 4315 3675 4371 Illud
3700 4310 3821 4367 enim

2188 4412 2340 4484 quod
2378 4414 2579 4483 postea
2609 4408 2895 4481 scriptum
2930 4413 3039 4475 est,
3073 4425 3205 4463 cum
3243 4411 3597 4480 peccassent
3626 4420 3716 4460 eos
3742 4415 3819 4455 au-

2185 4502 2344 4556 disse
2390 4516 2590 4555 vocem
2627 4497 2852 4553 Domini
2905 4498 3001 4552 Dei
3052 4498 3420 4553 ambulantis
3477 4497 3538 4551 in
3590 4491 3823 4567 paradiso

2184 4591 2334 4661 (Gen.
2370 4606 2455 4658 III,
2488 4589 2565 4660 8),
2600 4588 2737 4659 quia
2772 4604 2883 4642 non
2941 4604 3043 4660 per
3074 4587 3260 4658 ipsam
3296 4586 3402 4641 Dei
3439 4580 3826 4641 substantiam,
3912 4594 3913 4597 ‘

2186 4681 2286 4735 sed
2322 4695 2421 4751 per
2478 4678 2779 4732 subditam
2813 4676 2864 4732 ei
2908 4682 3239 4732 creaturam
3273 4675 3501 4730 factum
3558 4678 3663 4739 est,
3694 4666 3825 4724 nullo
3912 4736 3913 4739 η

2187 4768 2358 4823 modo
2390 4767 2624 4821 dubitat
2655 4765 2753 4837 qui
2805 4766 2979 4820 fidem
3031 4764 3379 4820 catholicam
3421 4763 3601 4836 sapit.
3634 4760 3710 4815 Ad
3739 4756 3823 4811 hoc

2186 4858 2341 4912 enim
2373 4861 2429 4911 et
2458 4855 2756 4927 aliquanto
2789 4855 2966 4910 latius
2997 4855 3068 4909 de
3114 4853 3222 4908 hac
3256 4870 3316 4910 re
3347 4852 3647 4909 disserere
3676 4845 3824 4911 volui,

2188 4947 2326 5019 quia
2358 4944 2626 5000 nonnulli
2658 4944 2913 4999 haeretici
2943 4944 3027 5016 (a)
3053 4947 3262 5015 putant
3291 4942 3695 4999 substantiam
3722 4931 3825 4992 Filii
3912 4988 3913 5007 η

2186 5036 2285 5092 Dei
2319 5034 2479 5091 nullo
2511 5038 2816 5106 assumpto
2849 5049 3089 5106 corpore
3130 5050 3231 5105 per
3260 5032 3526 5103 seipsam
3564 5046 3690 5087 esse
3717 5024 3829 5079 visi-

2186 5125 2386 5193 bilem,
2419 5128 2476 5179 et
2504 5123 2633 5179 ideo
2666 5127 2980 5194 antequam
3011 5139 3078 5178 ex
3108 5121 3346 5193 Virgine
3378 5137 3606 5193 corpus
3637 5115 3829 5184 accipe'

2186 5220 2298 5281 ret,
2348 5214 2542 5285 ipsum
2592 5211 2780 5267 visum
2829 5229 2957 5268 esse
3003 5211 3277 5267 Patribus
3327 5209 3681 5283 opinantur,
3728 5210 3831 5258 tan-

2188 5319 2363 5375 quam
2418 5303 2487 5357 de
2536 5301 2660 5357 solo
2712 5305 2823 5357 Deo
2878 5302 3045 5357 Patre
3093 5300 3315 5355 dictum
3363 5298 3469 5369 sit,
3506 5300 3672 5367 Quem
3702 5302 3835 5347 nemo

2187 5392 2477 5447 hominum
2524 5390 2689 5462 vidit,
2740 5407 2840 5447 nec
2888 5391 3070 5446 videre
3115 5394 3291 5461 potest
3338 5388 3383 5457 (Ι
3444 5389 3587 5443 Tim.
3623 5382 3834 5451 vx,16);

2186 5482 2325 5554 quia
2355 5481 2536 5536 Filius
2568 5480 2730 5536 visus
2763 5480 2841 5536 sit
2873 5485 3003 5536 ante
3054 5484 3348 5551 acceptam
3385 5476 3546 5533 servi
3586 5475 3833 5531 formam.

2185 5572 2360 5629 etiam
2394 5587 2497 5643 per
2526 5570 2717 5643 ipsam
2749 5570 3139 5627 substantiam
3167 5585 3332 5624 suam
3366 5583 3379 5622 :
3418 5583 3556 5639 quae
3588 5562 3837 5637 impietas

2249 5669 2318 5733 (a)
2350 5668 2549 5719 Ariani.
