3954 6178
196 329 291 386 413
1518 312 1753 376 LIBER
1794 308 2166 369 DECIMUS.

196 462 242 515 id
282 462 371 520 est,
402 456 617 509 reficere
664 470 729 508 ac
765 468 1062 507 renovare.
1100 455 1207 508 Sed
1240 452 1414 507 etiam
1448 452 1555 506 hoc
1585 448 1632 502 si
1669 462 1778 499 non

193 552 247 604 de
270 545 444 618 gratia,
499 542 553 595 in
613 558 727 613 qua
790 558 1162 606 renovamur,
1197 542 1292 595 sed
1354 542 1422 595 de
1456 545 1685 601 natura,
1722 535 1778 588 in

194 654 284 709 qua
316 633 606 697 nascimur,
644 630 1066 700 intelligamus,
1102 632 1171 684 ad
1210 636 1517 699 utramque
1550 633 1778 683 senten-

193 728 302 781 tiam
332 720 446 776 duci
480 723 662 791 potest
699 735 710 771 :
748 720 887 790 quia
909 720 992 773 vel
1017 737 1082 773 ex
1118 736 1230 773 una
1262 719 1359 771 illa
1390 717 1559 788 primi
1591 713 1778 768 homi-

192 814 262 869 nis
286 818 533 880 tanquam
557 824 753 863 semen
785 809 989 863 animae
1026 814 1335 862 attractum
1372 807 1494 877 ipse
1528 806 1689 874 lingit
1720 803 1775 855 in

187 901 397 967 homine,
422 904 477 951 ut
496 896 743 951 vivificet
766 913 979 967 corpus
1008 915 1020 963 ;
1046 897 1163 951 sive
1190 897 1463 967 spiritum
1488 895 1636 956 vitae,
1663 909 1775 945 non

186 1008 237 1045 ex
256 989 339 1043 illa
360 986 680 1058 propagine,
708 986 809 1040 sed
842 986 1080 1039 aliunde
1100 985 1323 1056 corpori
1350 985 1628 1047 infusum,
1656 982 1779 1051 ipse

182 1078 344 1134 itidem
389 1075 547 1145 ﬁngit
606 1091 705 1145 per
749 1074 1026 1128 mortales
1078 1091 1288 1129 sensus
1339 1073 1551 1133 carnis.
1586 1076 1649 1126 ut
1680 1072 1780 1125 ﬁat

179 1167 318 1221 homo
344 1165 394 1218 in
428 1163 681 1217 animam
724 1163 932 1216 vivam.

179 1270 366 1328 CAPUT
394 1269 503 1324 VII.
537 1301 602 1308 —
640 1269 761 1325 Utri
809 1270 1062 1339 opinioni
1108 1268 1293 1341 faveat
1328 1269 1489 1333 illud,
1524 1268 1778 1323 Sortitus

533 1358 663 1396 sum
701 1342 957 1396 animam
995 1342 1228 1403 bonam,
1264 1346 1372 1395 etc.

236 1431 303 1483 12.
333 1429 461 1484 Illud
496 1444 636 1483 sane
659 1429 730 1484 de
752 1427 900 1483 libro
926 1429 1261 1499 Sapientiae,
1302 1428 1397 1482 ubi
1424 1428 1523 1491 ait,
1544 1426 1781 1480 Sortitus

179 1536 271 1574 sum
287 1520 509 1573 animam
522 1519 801 1580 bonam,et
823 1533 947 1571 cum
968 1533 1137 1571 essem
1158 1519 1337 1583 magis
1362 1518 1555 1581 bonus,
1572 1519 1696 1570 veni
1712 1514 1781 1569 ad

179 1607 983 1677 corpusincoinquinatumﬁap.
1016 1623 1140 1669 vm,
1170 1608 1255 1672 19,
1279 1607 1368 1675 20)
1402 1624 1413 1671 ;
1447 1604 1781 1675 diligentio-

178 1713 273 1751 rem
292 1694 794 1750 considerationem
813 1694 1251 1766 flagitat.Magis
1274 1695 1428 1749 enim
1454 1695 1680 1748 videtur
1703 1698 1782 1747 at-

177 1784 603 1856 testariopinioni
632 1800 745 1855 qua
771 1802 882 1838 non
910 1801 977 1838 ex
996 1802 1111 1838 una
1140 1784 1467 1854 propagari,
1492 1784 1590 1838 sed
1607 1784 1781 1838 desu—

178 1873 451 1944 peranimaa
464 1873 659 1927 venire
674 1873 993 1927 creduntur
1008 1874 1076 1927 ad
1094 1872 1781 1943 corpora.Verumtamen

176 1961 253 2032 qui
278 1966 371 2029 est,
421 1961 655 2016 Sortitus
686 1977 809 2015 sum
840 1961 1097 2014 animam
1129 1960 1368 2015 bonam?
1401 1960 1692 2030 quasiiaut
1721 1958 1779 2013 in

175 2049 249 2105 illo
274 2050 585 2105 animarum
632 2050 809 2119 fonte,
854 2049 901 2103 si
937 2048 1093 2104 ullus
1124 2054 1231 2115 est,
1268 2049 1393 2103 aliae
1427 2048 1546 2103 sint
1576 2048 1781 2102 animae

176 2139 322 2203 bene,
379 2137 496 2192 alia:
560 2155 675 2193 non
708 2138 891 2207 bonze,
928 2154 1054 2208 quas
1086 2143 1240 2192 sorte
1271 2138 1522 2207 quadarn
1557 2141 1781 2207 exeant,

178 2243 400 2297 quasnam
421 2227 509 2281 cui
534 2226 764 2281 homini
786 2226 1103 2292 tribuatur;
1130 2225 1389 2280 autalias
1416 2230 1563 2279 Deus
1589 2226 1658 2279 ad
1682 2225 1782 2279 ho-

177 2332 273 2369 ram
294 2320 693 2386 conceptorum
722 2314 807 2369 vel
838 2316 1206 2369 nascentium
1235 2315 1406 2368 faciat
1432 2313 1785 2383 bonas,alias

179 2420 267 2457 non
287 2403 471 2470 bonas,
495 2420 752 2473 quarum
777 2404 1028 2474 quisque
1052 2404 1263 2458 habeat
1282 2410 1457 2468 sorte,
1482 2419 1606 2474 quae
1630 2402 1784 2457 acci-

176 2492 311 2546 derit.
345 2493 546 2547 Mirum
581 2494 633 2547 si
662 2493 766 2547 hoc
791 2510 887 2547 eos
913 2492 1115 2547 saltem
1146 2494 1402 2562 adjuvat,
1425 2492 1518 2561 qui
1544 2492 1785 2546 credunt

178 2581 367 2635 animas
389 2582 521 2636 alibi
541 2582 749 2647 factas,
783 2581 1128 2652 singillatim
1158 2582 1304 2635 mitti
1339 2581 1502 2635 aDeo
1534 2579 1786 2651 singulis

175 2670 465 2742 quibusque
487 2672 834 2742 corporibus
858 2670 1161 2724 hominum
1187 2688 1252 2725 ac
1278 2688 1391 2725 non
1420 2669 1551 2723 illos
1573 2670 1783 2741 potius,

176 2759 354 2828 quipro
380 2760 608 2814 meritis
635 2776 1038 2830 cperum,quze
1062 2764 1194 2814 ante
1220 2776 1434 2829 corpus
1453 2756 1783 2829 egerunt,in

175 2863 378 2919 corpora
403 2850 553 2904 mitti
581 2848 811 2903 animas
843 2849 1065 2902 dicunt.
1092 2849 1427 2903 Secundum
1464 2847 1602 2918 quid
1627 2846 1783 2900 enim

173 2935 273 2989 alia:
294 2938 467 3001 honre,
488 2937 618 2991 alias
647 2954 756 2991 non
779 2937 944 2990 honre
964 2936 1156 2991 venire
1179 2937 1249 2990 ad
1275 2953 1517 3007 corpora
1542 2939 1788 3005 possunt

170 3025 463 3094 putari,nisi
481 3027 809 3081 secundum
825 3042 999 3097 opera
1018 3027 1161 3079 sua?
1184 3025 1375 3095 Neque
1398 3025 1551 3079 enim
1576 3042 1784 3079 secun-

166 3114 279 3167 dum
302 3115 654 3181 naturam,in
679 3132 792 3185 qua
814 3116 960 3169 fiunt
982 3116 1052 3168 ab
1074 3114 1173 3168 illo
1198 3114 1296 3185 qui
1318 3130 1520 3168 omnes
1544 3119 1786 3168 naturas

167 3200 319 3257 bonas
339 3202 611 3259 facit.Sed
636 3203 791 3258 absit
814 3204 1361 3258 utcontradicamus
1383 3202 1783 3273 Apostolo,qui

167 3288 280 3344 dicit
309 3293 558 3347 nondum
590 3297 756 3347 natos
785 3290 1134 3359 nihilegisse
1157 3292 1293 3346 boni
1322 3297 1421 3345 aut
1444 3291 1605 3356 mali,
1631 3292 1783 3346 unde

168 3379 438 3434 conﬁrmat
469 3398 587 3435 non
623 3379 881 3451 potuisse
905 3396 972 3433 ex
1002 3380 1278 3450 operibus
1312 3379 1447 3444 dici,
1473 3382 1567 3434 sed
1596 3397 1663 3434 ex
1693 3396 1785 3434 vo-

166 3473 319 3535 cante,
350 3468 514 3540 Major
541 3471 745 3524 serviet
775 3471 1018 3535 minori;
1054 3486 1185 3523 cum
1220 3469 1289 3522 de
1321 3469 1567 3535 geminis
1590 3474 1785 3539 ageret

168 3554 326 3610 adhuc
348 3558 399 3610 in
425 3558 697 3613 Rebeccae
732 3562 894 3611 utero
920 3557 1253 3611 constitutis
1276 3559 1542 3627 (Romux,
1580 3560 1644 3611 10
1674 3559 1780 3627 13).

168 3643 585 3715 Sequestremus
620 3662 755 3717 ergo
788 3645 1031 3717 paulum
1065 3646 1171 3700 hoc
1196 3647 1264 3699 de
1298 3646 1443 3701 libro
1476 3646 1783 3716 Sapientiae

169 3734 534 3789 testimonium
596 3753 607 3789 :
664 3751 850 3805 neque
885 3736 1040 3789 enim
1103 3734 1434 3806 negligendi
1484 3740 1638 3802 sunt,
1683 3752 1785 3790 seu

168 3829 348 3891 errent,
380 3841 479 3878 seu
546 3840 746 3878 verum
812 3822 1064 3890 sapiant,
1101 3823 1195 3893 qui
1234 3823 1339 3877 hoc
1372 3823 1703 3894 specialiter
1732 3830 1787 3878 et

166 3909 505 3980 singulariter
530 3913 604 3966 de
624 3911 821 3967 anima
848 3910 946 3965 illa
964 3911 1182 3967 dictum
1210 3917 1417 3981 putant
1449 3912 1786 3967 mediatoris

167 3996 244 4051 Dei
274 4006 321 4054 et
346 4001 651 4056 hominum
676 4000 932 4055 hominis
966 4000 1178 4055 Christi
1210 4002 1369 4055 Jesu.
1397 4002 1577 4069 Quod,
1604 4002 1651 4055 si
1686 4018 1783 4056 ne-

164 4100 299 4141 cesse
326 4090 515 4154 fuerit,
551 4089 724 4159 quale
758 4088 833 4143 sit
864 4094 1064 4159 postea
1095 4089 1619 4157 considerabimus,
1649 4094 1713 4143 ut
1735 4089 1783 4144 si

164 4173 357 4232 Christo
386 4178 695 4234 convenire
715 4194 827 4232 non
856 4178 1127 4247 potuerit,
1154 4194 1482 4248 quaeremus
1504 4178 1782 4249 quemad-

163 4266 367 4321 modum
401 4268 454 4321 id
488 4268 757 4338 accipere
787 4267 1131 4331 debeamus,
1166 4284 1236 4321 ne
1280 4272 1481 4321 contra
1510 4266 1782 4337 apostoli-

165 4364 266 4406 cam
294 4355 594 4411 veniamus
626 4355 825 4419 fidem,
859 4358 1131 4425 putantes
1184 4355 1389 4409 habere
1421 4356 1648 4410 animas
1679 4355 1783 4409 ali-

165 4456 259 4510 qua
289 4446 483 4500 merita
526 4461 773 4514 operum
820 4460 1086 4511 suorum,
1123 4444 1466 4515 priusquam
1501 4444 1785 4516 incipiant

169 4525 216 4581 in
244 4533 571 4603 corporibus
604 4533 812 4590 vivere.

166 4633 357 4694 CAPUT
412 4640 565 4696 VIII.
602 4671 670 4679 —
721 4640 913 4695 Neutri
960 4642 1253 4696 sententiae
1310 4640 1591 4694 adversari
1624 4640 1780 4706 illud,

614 4711 852 4767 Auferes
884 4712 1177 4783 spiritum,
1213 4718 1320 4765 etc.

228 4798 297 4851 13.
330 4798 489 4855 Nunc
524 4800 670 4855 illud
692 4799 1017 4864 videamus,
1043 4800 1535 4871 quemadmodum
1559 4799 1781 4854 dictum

168 4884 244 4943 sit.
261 4889 466 4956 Auferes
487 4892 747 4961 spiritum
769 4906 979 4957 eorum,
1005 4898 1057 4944 et
1072 4890 1338 4958 deﬁcient,
1364 4896 1414 4943 et
1434 4891 1488 4942 in
1503 4890 1784 4960 pulverem

164 4989 297 5029 suum
318 4980 963 5034 convertentur.l;'mittes
983 4980 1241 5049 spiritum
1256 4982 1431 5041 tuum,
1446 4988 1497 5033 et
1510 4980 1779 5032 creaban-

165 5067 274 5124 tur;
293 5076 337 5120 et
357 5068 639 5123 innovabis
672 5069 866 5138 faciem
902 5069 1252 5139 terrae(Psut.
1280 5084 1394 5134 em,
1418 5068 1505 5133 29,
1532 5068 1640 5137 30).
1677 5067 1780 5122 Pro

166 5148 423 5210 illisenim
450 5157 1168 5228 quiarbitranturanimas
1186 5174 1252 5211 ex
1276 5157 1613 5225 parentibus
1632 5156 1785 5211 sicut

168 5254 381 5313 corpora
413 5246 731 5312 creari,hoc
748 5246 978 5301 videtur
996 5263 1365 5313 sonare,cum
1388 5245 1470 5300 sic
1492 5244 1782 5317 intelliga-

170 5335 260 5395 tur,
286 5337 341 5387 ut
362 5334 633 5406 spiritum
668 5351 869 5390 eorum
895 5339 1201 5406 prepterea
1223 5334 1621 5404 dixerit,quod
1648 5352 1781 5389 eum

171 5416 403 5477 homines
425 5440 492 5477 ex
520 5423 856 5478 hominibus
894 5424 1259 5493 acceperint:
1286 5422 1542 5493 quicum
1569 5423 1779 5477 mortui

172 5503 493 5579 fuerint,non
531 5514 612 5565 eis
640 5513 935 5583 poteritab
958 5512 1294 5566 hominibus
1319 5512 1573 5575 reddi,ut
1599 5529 1782 5567 resur-

172 5603 316 5665 gant;
338 5600 475 5671 quia
498 5617 609 5655 non
634 5619 858 5671 rursus,
884 5602 1380 5672 quemadmodum
1414 5602 1645 5672 quando
1667 5605 1782 5655 nati

176 5689 353 5753 sunt,a
373 5689 709 5758 parentibus
732 5689 984 5759 ducitur,
1005 5690 1105 5747 sed
1130 5690 1283 5747 Deus
1302 5706 1435 5747 eum
1458 5690 1782 5763 reddet,qui

1890 445 2199 497 resuscitat
2232 450 2497 502 mortuos
2528 449 2595 517 (Il
2642 448 2885 503 Machub.
2922 465 3021 511 vn,
3055 450 3163 518 25).
3197 451 3273 503 Ac
3304 466 3404 520 per
3435 434 3593 509 hom.

1891 532 2157 586 eumdem
2239 534 2512 603 spiritum
2559 536 2712 590 dixit
2756 552 2961 591 eorum
3012 553 3143 590 cum
3189 537 3542 597 moriuntur.
3650 542 3667 549 “

1895 620 1986 673 Dei
2040 626 2231 675 autem
2286 640 2417 677 cum
2454 632 2788 695 resurgunt.
2824 624 2985 687 Quod
3026 629 3271 693 possunt
3301 624 3405 691 illi,
3440 629 3541 695 qui

1890 726 2003 763 non
2037 726 2103 763 ex
2132 713 2491 781 parentibus,
2517 714 2617 767 sed
2644 720 2753 768 er
2778 714 3065 780 mittente,
3090 713 3320 768 animas
3348 716 3543 770 venire

1890 805 2181 863 asserunt,
2217 816 2318 869 pro
2352 818 2457 854 sua
2484 802 2755 872 Opinione
2777 803 2857 855 sic
2887 800 3228 872 intelligere,
3256 806 3318 855 ut
3338 818 3539 858 eorum

1889 887 2097 941 dixerit
2130 888 2404 955 spiritum
2440 907 2571 943 cum
2608 891 2962 955 moriuntur,
2998 890 3136 960 quia
3172 891 3227 944 in
3282 891 3365 946 eis
3396 897 3539 954 erat.

1890 980 1946 1030 et
1978 976 2048 1029 ab
2080 976 2163 1030 eis
2196 978 2349 1043 exit;
2388 978 2482 1032 Dei
2516 984 2713 1033 autem
2750 996 2884 1033 cum
2923 986 3260 1049 resurgunt,
3287 982 3439 1050 quod
3468 982 3539 1036 ab

1889 1064 2016 1134 ipso
2051 1065 2322 1131 mittitur,
2357 1066 2427 1119 ab
2462 1066 2585 1136 ipso
2618 1066 2910 1122 redditur:
2948 1069 3188 1138 proinde
3222 1068 3327 1123 hoc
3359 1069 3537 1125 etiam

1889 1153 2294 1207 testimonium
2339 1157 2562 1210 neutris
2595 1172 2792 1211 eorum
2829 1158 3187 1212 adversatur.

1964 1244 2047 1295 14.
2084 1243 2196 1313 Ego
2228 1260 2358 1299 vero
2384 1245 2634 1299 arbitror
2666 1246 3140 1318 meliusintelligi
3178 1247 3284 1302 hoc
3316 1248 3537 1305 dictum

1890 1332 1960 1385 de
1973 1332 2161 1401 gratia
2187 1334 2427 1403 Dei,qua
2450 1334 2691 1389 interius
2707 1336 3359 1391 renovamur.0mnium
3383 1338 3538 1394 enim

1890 1422 2277 1490 superborum
2322 1424 2645 1477 secundum
2682 1429 2979 1478 terrenum
3024 1424 3321 1480 hominem
3341 1426 3541 1482 viven-

1890 1508 2059 1575 tium,
2094 1514 2151 1564 et
2181 1510 2250 1563 de
2282 1528 2387 1565 sua
2418 1512 2671 1567 vanitate
2720 1514 3221 1583 prmsumentium.
3257 1516 3539 1585 quodam-

1892 1597 2062 1652 modo
2095 1600 2355 1653 aufertur
2377 1602 2619 1671 spiritus
2643 1602 2936 1673 preprius,
2961 1619 3097 1656 cum
3121 1610 3341 1658 exuunt
3363 1622 3424 1659 se
3448 1623 3539 1659 ve-

1889 1690 2071 1741 terem
2098 1687 2417 1755 hominem,
2451 1694 2505 1743 et
2528 1689 2922 1757 infirmantur,
2950 1695 3011 1745 ut
3036 1692 3412 1761 perficiantur
3441 1710 3543 1749 ex—

1893 1776 2063 1847 pulsa
2081 1777 2641 1845 superbia,dicentes
2674 1780 2921 1834 Domino
2942 1796 3043 1850 per
3088 1780 3369 1836 humilem
3399 1799 3539 1838 con-

1893 1865 2227 1936 fessionem,
2253 1868 2513 1921 Memento
2540 1871 2704 1938 1quia
2724 1870 2906 1939 pulvis
2937 1886 3126 1924 sumus
3158 1872 3331 1939 (Psut.
3354 1888 3425 1927 cu
3452 1873 3537 1937 14)

1894 1953 2109 2023 quibus
2162 1954 2385 2009 dictum
2427 1962 2570 2024 erat,
2605 1956 2744 2025 Quid
2781 1958 3024 2027 superbit
3080 1961 3229 2012 terra
3288 1972 3338 2013 et
3393 1961 3536 2015 cinis

1894 2045 2084 2113 (Ecclz'.
2120 2061 2176 2109 Χ,
2208 2045 2263 2115 0)
2293 2044 2320 2098 ?
2362 2049 2467 2099 Per
2499 2045 2731 2100 oculum
2768 2046 2982 2118 quippe
3023 2046 3157 2101 fidei
3195 2054 3538 2105 contuentes

1898 2132 1993 2187 Dei
2016 2124 2312 2202 justitiam
2350 2139 2413 2188 ut
2446 2152 2555 2189 non
2590 2134 2769 2189 velint
2790 2135 3145 2191 constituere
3168 2154 3333 2192 suam
3361 2139 3540 2206 (Rom.

1893 2238 1947 2284 x,
1983 2222 2059 2291 3),
2095 2222 2438 2293 semetipsos
2471 2224 2821 2296 despiciunt,
2856 2226 3135 2280 sicutJob
3160 2227 3317 2293 dicit,
3343 2232 3400 2282 et
3429 2228 3545 2282 dis-

1894 2310 2225 2379 tabescunt,
2260 2317 2314 2365 et
2345 2313 2641 2366 :estimant
2672 2330 2733 2366 se
2768 2317 2979 2367 terram
3016 2321 3070 2368 et
3100 2314 3350 2369 cinerem
3388 2332 3401 2371 :
3434 2314 3543 2370 hoc

1894 2405 1982 2453 est
2010 2400 2188 2465 enim,
2222 2402 2283 2454 Et
2310 2403 2365 2453 in
2393 2402 2674 2471 puluerem
2702 2407 3269 2458 suuim'onvertenlur.
3297 2406 3544 2475 Accepto

1894 2494 2088 2542 autem
2124 2489 2345 2559 Spiritu
2374 2490 2737 2556 Dei,dicunt:
2773 2491 2894 2545 Vivo
2926 2496 3110 2545 autem
3132 2493 3255 2562 jam
3286 2509 3390 2547 non
3423 2509 3541 2561 ego,

1896 2578 2027 2631 vivit
2057 2586 2242 2631 autem
2274 2580 2332 2632 in
2374 2595 2457 2633 me
2488 2580 2733 2635 Christus
2764 2580 2965 2639 (Galat.
3005 2598 3064 2645 ιι,
3096 2582 3205 2649 2Ο).
3247 2580 3335 2636 Sic
3370 2582 3543 2637 inno-

1896 2672 2062 2720 vatur
2111 2666 2285 2721 facies
2343 2672 2525 2737 terrae,
2564 2686 2666 2739 per
2704 2669 2844 2725 Novi
2872 2670 3227 2725 Testamenti
3270 2671 3545 2741 gratiam,

1898 2755 2314 2810 numerositate
2346 2762 2705 2813 sanctorum.

1895 2862 2131 2917 CAPUT
2163 2862 2250 2917 IX.
2290 2896 2349 2902 —
2384 2866 2515 2919 Item
2553 2865 2711 2925 illud.
2737 2865 2803 2919 Et
2828 2869 3218 2934 convertatur,
3242 2870 3370 2934 elc.,
3396 2869 3545 2922 inter

2225 2939 2516 3005 utramque
2545 2939 2858 3007 Opinionem
2888 2940 3203 2993 consistere.

1970 3025 2052 3077 15.
2089 3022 2233 3078 Illud
2262 3025 2439 3079 etiam
2472 3026 2624 3095 quod
2652 3028 2803 3097 apud
2840 3026 3218 3082 Ecclesiasten
3252 3027 3539 3097 scriptum

1896 3118 2005 3177 est,
2037 3115 2097 3167 Et
2121 3118 2471 3168 convertatur
2488 3115 2671 3184 pulvis
2693 3117 2749 3167 in.
2769 3119 2993 3184 terram,
3010 3118 3152 3171 sicut
3171 3119 3358 3187 fuit,et
3378 3118 3543 3187 spiri-

1896 3210 1978 3257 tus
2000 3209 2312 3257 revertatur
2344 3202 2413 3256 ad
2435 3204 2602 3258 Deum
2648 3206 2744 3273 qui
2778 3204 2924 3259 dedit
2956 3221 3080 3259 eum
3103 3206 3294 3275 (Eccle.
3330 3223 3429 3271 xu,
3465 3209 3541 3273 7),

1895 3290 2084 3344 neutri
2105 3290 2404 3343 sententias
2424 3296 2623 3344 contra
2637 3290 2877 3345 alteram
2897 3292 3375 3362 suffragatur,sed
3395 3294 3546 3346 inter

1895 3384 2203 3449 utramque
2232 3379 2674 3434 consistit.Cum
2695 3381 2848 3435 enim
2873 3380 2970 3435 isti
2991 3380 3243 3436 dixerint
3263 3381 3396 3436 hinc
3416 3398 3545 3452 pro-

1892 3468 2019 3522 bari
2040 3484 2153 3523 non
2178 3485 2210 3521 a
2234 3467 2595 3538 parentibus,
2622 3470 2721 3523 seb
2741 3486 2771 3522 a
2794 3469 2907 3523 Deo
2930 3469 3189 3524 animam
3218 3470 3367 3536 dari,
3388 3471 3539 3541 quod

1893 3573 2168 3612 converso
2194 3556 2425 3628 pulvere
2449 3558 2503 3611 in
2530 3563 2745 3612 terram
2782 3575 2973 3623 suam,
3002 3558 3055 3612 id
3078 3563 3168 3613 est
3188 3576 3381 3625 carne,
3416 3575 3541 3630 quae

1893 3646 1964 3700 de
1980 3646 2212 3715 pulvere
2232 3646 2382 3701 facta
2401 3652 2511 3712 est,
2530 3652 2847 3702 revertetur
2870 3647 3118 3719 spiritus
3142 3649 3213 3703 ad
3239 3648 3419 3703 Deum
3443 3648 3541 3719 qui

1894 3734 2055 3789 dedit
2079 3734 2243 3788 illum
2274 3754 2285 3800 ;
2332 3737 2688 3805 respondent
2713 3736 2827 3789 illi:
2883 3737 3095 3807 Utique
3119 3736 3197 3791 ita
3230 3742 3336 3792 est.
3372 3738 3542 3793 Redit

1894 3823 2049 3877 enim
2080 3824 2323 3894 spiritus
2340 3824 2409 3877 ad
2427 3824 2741 3894 Deum,qui
2766 3841 2899 3879 eum
2927 3826 3088 3879 dedit
3110 3825 3333 3880 homini
3354 3826 3541 3894 primo

1896 3912 2131 3983 quando
2152 3912 2207 3965 in
2245 3912 2370 3981 ejus
2395 3912 2596 3966 faciem
2622 3914 3051 3980 sufflavit(6en.
3077 3931 3138 3975 ιι,
3165 3916 3242 3982 7),
3267 3930 3542 3969 converso

1896 4000 2211 4073 pul\'ere,id
2238 4000 2597 4055 esthumano
2618 4018 2877 4072 corpore,
2904 4004 2959 4057 in
2986 4008 3221 4066 terram,
3251 4003 3406 4056 unde
3432 4003 3546 4074 pri-

1896 4089 2077 4143 mitus
2102 4090 2314 4143 factum
2346 4089 2547 4159 est(l(1.
2576 4107 2657 4153 Ill,
2691 4091 2790 4159 19).
2826 4091 3022 4161 Neque
3045 4092 3200 4145 enim
3225 4093 3295 4145 ad
3331 4108 3541 4161 paren-

1893 4185 1980 4232 tes
2002 4183 2125 4232 erat
2145 4177 2389 4248 spiritus
2414 4178 3007 4250 rediturus,quamvis
3030 4178 3166 4233 inde
3206 4181 3281 4235 sit
3310 4184 3541 4235 creatus

1893 4266 2073 4322 exilio
2090 4284 2202 4321 uno
2218 4266 2317 4337 qui
2334 4266 2562 4322 homini
2581 4268 2768 4337 primo
2792 4269 2965 4323 datus
2988 4273 3098 4335 est;
3119 4270 3271 4324 sicut
3292 4286 3395 4322 nec
3416 4269 3543 4340 ipsa

1892 4372 2024 4411 caro
2065 4361 2197 4427 post
2238 4362 2483 4411 mortem
2524 4357 2592 4411 ad
2619 4361 2888 4428 parentes
2910 4359 3235 4425 revertitur,
3270 4376 3302 4411 a
3326 4358 3543 4429 quibus

1891 4462 2016 4500 eam
2041 4450 2190 4499 certe
2215 4449 2440 4500 constat
2470 4461 2596 4500 esse
2623 4447 3535 4518 propagatam.Quemadmodum

1890 4551 2027 4605 ergo
2050 4550 2182 4589 caro
2207 4550 2318 4588 non
2335 4534 2483 4587 redit
2505 4535 2572 4587 ad
2603 4534 2867 4590 homines
2891 4552 2955 4590 ex
2983 4536 3196 4605 quibus
3219 4542 3415 4589 creata
3427 4539 3537 4599 est,

1890 4624 1990 4679 sed
2011 4623 2079 4677 ad
2106 4627 2316 4677 terram
2351 4624 2506 4677 unde
2529 4624 2713 4694 primo
2739 4623 2962 4679 homini
2981 4625 3225 4679 formata
3247 4628 3356 4690 est;
3386 4623 3466 4677 ita
3485 4627 3542 4677 et

1889 4710 2137 4782 spiritus
2161 4728 2272 4765 non
2300 4712 2450 4765 redit
2472 4712 2540 4765 ad
2580 4711 2851 4767 homines
2875 4729 2908 4766 a
2946 4713 3163 4782 quibus
3206 4712 3540 4766 transfusus

1889 4806 1997 4867 est,
2031 4801 2132 4855 sed
2156 4801 2225 4853 ad
2254 4804 2431 4855 Deum
2464 4818 2496 4854 a
2532 4818 2646 4871 quo
2667 4800 2861 4871 primas
2881 4800 2960 4854 illi
2985 4800 3140 4854 carni
3165 4802 3338 4855 datus
3360 4804 3466 4855 est.

1964 4891 2048 4942 16.
2084 4892 2204 4954 Quo
2239 4888 2569 4943 testimonio
2590 4906 2728 4943 sane
2753 4890 2898 4945 satis
2922 4890 3328 4957 admonemur,
3364 4906 3432 4943 ex
3449 4888 3541 4944 ni-

1891 4978 2010 5034 hilo
2033 4978 2214 5033 Deum
2234 4977 2434 5032 fecisse
2450 4978 2704 5033 animam
2731 4996 2906 5049 quam
2927 4979 3113 5049 primo
3136 4978 3357 5034 homini
3383 4978 3542 5033 dedit

1892 5084 2004 5122 non
2029 5083 2096 5121 ex
2128 5066 2322 5136 aliqua
2356 5067 2476 5135 jam
2515 5068 2663 5121 facta
2702 5074 2989 5133 creatura,
3029 5067 3178 5122 sicut
3221 5084 3433 5137 corpus
3472 5082 3541 5121 ex

1890 5162 2083 5211 terra:
2109 5155 2459 5208 etideocum
2487 5156 2775 5219 redit,non
2816 5156 2990 5211 habet
3038 5174 3150 5227 quo
3189 5156 3406 5220 redeat,
3432 5153 3540 5208 nisi

1890 5245 1963 5299 ad
1994 5248 2289 5297 auctorem
2327 5244 2423 5313 qui
2445 5261 2570 5298 eam
2597 5245 2789 5311 dedit;
2817 5262 2929 5299 non
2958 5246 3026 5299 ad
3051 5262 3176 5299 eam
3211 5247 3537 5299 creaturam

1890 5352 1958 5389 ex
1981 5351 2096 5404 qua
2119 5333 2268 5386 facta
2308 5338 2416 5400 est,
2443 5332 2593 5387 sicut
2640 5351 2847 5404 corpus
2896 5335 2964 5389 ad
3000 5339 3233 5389 terram.
3259 5330 3433 5387 Nulla
3453 5336 3542 5388 est

1890 5424 2045 5478 enim
2080 5427 2342 5477 creatura
2361 5440 2426 5477 ex
2458 5440 2571 5493 qua
2604 5424 2752 5478 facta
2785 5428 2891 5492 est,
2918 5424 3053 5495 quia
3084 5440 3151 5478 ex
3186 5421 3366 5477 nihilo
3390 5422 3540 5477 facta

1953 5574 2148 5621 1Juxta
2180 5587 2411 5631 graecum
2444 5575 2728 5623 mnest/ie'ti.
2765 5575 2849 5623 Sic
2876 5575 3036 5624 etiam
3062 5580 3212 5621 vetus
3228 5572 3537 5622 Psalterium

1890 5641 1941 5687 et
1977 5637 2303 5700 Romanum,
2344 5639 2591 5700 itemque
2647 5637 2928 5689 Arabicum
2992 5642 3043 5686 et
3089 5635 3441 5699 :Ethiopicum
3472 5636 3538 5685 At

1890 5699 2136 5763 Vulgata,
2172 5698 2471 5750 recordatus
2502 5698 2597 5749 eu.
