3986 6180
188 328 285 386 425
1560 317 1789 379 LIBER
1835 314 2201 377 DECIMUS.

190 458 403 516 CAPUT
436 456 577 512 XXI.
603 488 671 495 —
698 456 1006 525 Christum,
1026 458 1078 510 si
1101 458 1158 510 in
1171 456 1479 511 Abrahamo
1504 450 1806 509 secundum

303 531 546 585 animum
587 531 806 597 luisset,
832 544 938 583 non
971 530 1216 597 potuisse
1244 544 1353 584 non
1383 526 1671 582 decimari.

3460 318 3580 377 426

1915 448 2307 520 pertractatis,
2358 450 2558 505 omnia
2598 450 2762 522 paria
2812 449 2896 505 vel
2958 464 3103 520 pene
3137 449 3297 519 paria
3321 466 3389 504 ex
3421 454 3579 505 utro-

1919 553 2031 607 que
2069 536 2268 605 latere,
2303 540 2594 595 rationum
2646 539 3238 610 testimoniorumque
3279 543 3579 594 momenta

246 657 328 709 37⁹
360 656 446 709 An
481 654 628 710 forte
658 654 854 709 dicent
887 670 898 708 ε
936 652 1101 709 Sicut
1124 653 1310 725 potuit
1343 652 1422 707 ibi
1446 668 1575 707 esse
1606 666 1813 706 secum
1919 627 2380 697 pronuntiarem,
2416 628 2529 682 nisi
2562 645 2762 683 eorum
2786 628 3078 684 sententia
3114 627 3212 698 qui
3249 626 3477 682 animas
3512 643 3581 682 ex

187 747 312 800 dum
351 759 587 797 carnem
620 746 677 797 et
725 759 841 797 non
891 742 1194 811 decimari,
1228 759 1331 796 cur
1363 758 1478 797 non
1512 739 1690 797 etiam
1724 756 1813 794 se-

186 834 430 889 cundum
454 832 713 886 animam
737 830 863 886 sine
893 830 1278 886 decimationc
1310 830 1590 902 potuerit:
1615 828 1708 884 hic
1724 844 1817 883 re-

186 923 512 994 spondetur.
538 920 683 983 Quia
720 923 919 992 utique
949 919 1277 989 simplicem
1310 921 1517 975 animm
1540 920 1817 975 substan-

186 1013 309 1067 tiam
328 1010 706 1065 incrementis
720 1009 919 1080 augeri
934 1008 1465 1080 corporalibus,nec
1480 1008 1563 1063 illi
1580 1012 1817 1080 putave-

187 1106 308 1157 runt
328 1100 428 1171 qui
460 1116 591 1155 eam
632 1115 843 1170 corpus
873 1097 1235 1168 existimant,
1272 1114 1525 1170 quorum
1562 1097 1620 1152 in
1657 1100 1820 1170 parte

184 1196 309 1246 sunt
329 1188 584 1243 maxime
603 1187 700 1259 qui
717 1203 844 1242 eam
867 1202 933 1241 ex
948 1187 1285 1259 parentibus
1299 1187 1480 1243 creari
1500 1187 1822 1259 opinantur

184 1281 415 1336 Proinde
434 1279 491 1334 in
509 1278 767 1351 corporis
787 1278 1009 1334 semine
1028 1282 1219 1350 potest
1233 1295 1359 1335 esse
1372 1278 1459 1334 vis
1480 1276 1819 1344 invisibilis,

185 1386 296 1440 quae
316 1366 766 1438 incorporaliter
794 1383 1070 1421 numeros
1095 1366 1237 1439 agit,
1254 1384 1367 1422 non
1389 1366 1577 1423 oculis
1601 1366 1702 1422 sed
1732 1365 1821 1420 in-

185 1456 402 1512 tellectu
462 1456 853 1511 discernenda
912 1456 982 1510 ab
1016 1470 1084 1511 ea
1113 1455 1501 1527 corpulentia,
1536 1473 1659 1526 quae
1694 1455 1822 1511 visu

188 1551 445 1617 tactuque
462 1545 733 1611 sentitur;
751 1550 805 1600 et
820 1544 947 1616 ipsa
960 1546 1263 1616 quantitas
1277 1545 1535 1617 corporis
1554 1544 1821 1610 humani,

185 1652 295 1706 quis
317 1636 521 1707 utique
538 1633 841 1690 modulum
856 1634 1653 1706 seminisincomparabiliter
1666 1650 1824 1690 exce-

185 1726 277 1792 dit,
290 1724 434 1780 satis
459 1724 722 1779 ostendit
743 1740 911 1794 posse
933 1723 1068 1780 inde
1092 1724 1315 1795 aliquid
1339 1724 1682 1794 sumi,quod
1705 1740 1822 1780 non

186 1814 561 1871 babeatillam
576 1813 690 1868 vim
716 1812 1189 1879 seminalem,sed
1208 1817 1436 1869 tantum
1459 1812 1822 1886 corporalem

186 1903 591 1970 substantiam,
618 1918 743 1973 quae
767 1902 1069 1971 divinitus,
1098 1920 1210 1958 non
1234 1903 1303 1958 de
1332 1902 1653 1976 propagine
1682 1920 1823 1959 con-

185 1993 513 2050 cumbentiu
528 1992 668 2062 m,in
691 2008 922 2047 carnem
941 1991 1155 2047 Christi
1179 1998 1487 2063 assumpta
1504 1998 1601 2064 atq
1612 2010 1679 2047 ue
1703 1993 1823 2048 for-

189 2089 329 2139 mata
349 2084 591 2138 est.lloc
610 2085 805 2135 autem
831 2081 899 2135 de
922 2082 1120 2135 anima
1141 2080 1271 2152 quis
1284 2082 1478 2137 valeat
1505 2082 1821 2150 afﬁrmare,

186 2174 325 2244 quod
343 2179 476 2228 utru
489 2187 665 2241 mque
688 2169 977 2235 habeat,et
995 2170 1300 2225 materiam
1318 2171 1561 2227 seminis
1585 2171 1824 2227 manife-

186 2268 341 2329 stam,
367 2266 425 2316 et
444 2260 734 2314 rationem
754 2259 995 2315 seminis
1013 2260 1304 2315 occultam
1324 2260 1471 2315 ‘Ib‘ed
1495 2260 1634 2331 quid
1659 2261 1822 2317 labo-

188 2367 291 2405 rem
344 2350 399 2404 in
427 2366 491 2404 re
517 2366 644 2420 quae
671 2348 972 2419 persuderi
997 2348 1187 2404 verbis
1211 2348 1432 2404 nemini
1456 2349 1704 2405 forsitan
1729 2368 1824 2422 po-

187 2444 302 2506 test,
329 2439 443 2495 nisi
488 2443 726 2493 tantum
754 2454 817 2491 ac
840 2437 955 2493 tale
978 2437 1284 2509 ingenium
1307 2437 1403 2505 sit,
1453 2438 1603 2510 quod
1635 2439 1823 2510 possit

186 2528 467 2599 loquentis
494 2527 807 2599 praavolare
830 2532 1240 2593 conatum,nec
1264 2533 1449 2583 totum
1489 2535 1826 2598 exspectare

188 2635 217 2671 a
233 2618 532 2673 sermone?
558 2616 811 2671 Breviter
829 2616 1025 2686 itaque
1047 2615 1317 2687 colligam
1344 2634 1357 2672 :
1384 2617 1434 2672 si
1456 2619 1645 2688 potuit
1666 2624 1724 2672 et
1754 2620 1824 2673 de

188 2706 369 2760 anima
402 2705 534 2760 fieri
553 2705 730 2776 (quod
759 2722 891 2760 cum
911 2705 981 2760 de
1002 2721 1175 2759 carne
1195 2705 1549 2775 diceremus,
1578 2707 1823 2761 forsitan

187 2793 540 2850 intellectum
563 2793 681 2865 sit),
704 2793 785 2848 ita
803 2798 890 2849 est
919 2794 989 2849 de
1017 2795 1255 2849 traduce
1283 2795 1480 2850 anima
1497 2794 1737 2863 Christi,
1762 2801 1826 2851 ut

190 2900 289 2938 non
321 2899 528 2939 secum
551 2880 742 2937 labem
776 2882 1266 2953 praevaricationis
1298 2884 1689 2953 attraxerit,si
1720 2902 1824 2940 au-

189 2977 289 3026 tem
320 2973 449 3028 sine
509 2970 623 3026 isto
656 2976 818 3025 reatu
855 2988 967 3025 non
1000 2975 1189 3043 posset
1222 2972 1357 3028 inde
1387 2990 1536 3040 esse,
1592 2991 1707 3029 non
1739 2980 1827 3031 est

187 3060 324 3118 inde.
348 3062 488 3119 Jam
513 3062 583 3117 de
605 3065 942 3115 czeterarum
970 3061 1303 3117 animarum
1336 3062 1604 3131 advento,
1626 3067 1823 3120 utrum

188 3168 245 3205 ex
266 3151 609 3222 parentibus
631 3168 700 3204 an
726 3150 974 3220 desuper
996 3154 1092 3217 stt,
1111 3150 1346 3207 vincant
1367 3152 1467 3224 qui
1486 3154 1821 3224 potuerint:

188 3256 278 3311 ego
307 3241 507 3296 adhuc
538 3239 690 3294 inter
721 3247 996 3311 utrosque
1031 3240 1286 3311 ambigo,
1318 3245 1375 3296 et
1432 3259 1686 3309 moveor,
1719 3242 1825 3298 ali-

190 3331 407 3399 quando
439 3329 551 3393 sic,
586 3328 900 3399 aliquando
931 3333 1127 3384 autem
1160 3330 1267 3400 sic,
1298 3330 1458 3385 salvo
1492 3349 1557 3387 co
1612 3332 1825 3389 dunta-

190 3424 292 3488 Iul,
323 3426 388 3474 ut
419 3418 509 3474 vel
533 3434 745 3488 corpus
768 3434 894 3472 esse
925 3417 1206 3485 animam,
1239 3418 1325 3474 vel
1353 3419 1604 3491 aliquam
1629 3438 1828 3494 corpo-

192 3524 331 3563 ream
363 3507 712 3580 qualitatem
746 3508 864 3562 sive
894 3507 1341 3579 coaptationem,
1384 3509 1431 3565 si
1464 3509 1543 3565 ita
1582 3510 1828 3566 dicenda

192 3601 285 3662 est,
313 3615 497 3668 quam
531 3596 711 3652 Graeci
747 3594 1003 3669 ἁρμονίαν
1040 3603 1265 3664 vocant,
1299 3615 1413 3653 non
1441 3600 1696 3671 credam,
1722 3618 1827 3657 nec

193 3687 436 3755 quolibet
475 3689 589 3741 ista
618 3686 909 3757 garriente
951 3703 1043 3742 me
1076 3688 1436 3742 crediturum
1486 3704 1615 3745 esse
1646 3692 1827 3744 conti-

196 3776 336 3841 dam,
369 3778 689 3846 adjuvante
722 3774 834 3830 Deo
868 3780 1123 3831 mentem
1159 3794 1371 3832 meam.

195 3899 402 3958 CAPUT
430 3901 603 3956 XXII.
639 3931 708 3941 --
742 3901 964 3971 Utrique
994 3903 1244 3971 opinioni
1275 3904 1346 3957 de
1373 3904 1584 3959 animae
1613 3906 1828 3973 origine

217 3974 647 4029 accommodatur
680 3973 828 4028 locus
860 3973 961 4030 itte
978 3976 1210 4031 Joannis
1224 3974 1422 4039 :Quod
1448 3981 1673 4043 natum,
1694 3985 1795 4031 etc.

255 4098 336 4152 38.
370 4099 473 4154 Est
490 4097 651 4153 aliud
670 4098 1075 4153 testimonium
1099 4115 1214 4153 non
1234 4098 1644 4170 negligendum
1671 4100 1825 4171 quod

198 4202 286 4256 pro
308 4205 366 4244 se
397 4192 653 4259 possunt
685 4187 958 4258 proferre,
992 4187 1087 4258 qui
1113 4187 1309 4243 venire
1332 4188 1582 4259 desuper
1599 4189 1827 4244 animus

198 4279 442 4344 credunt,
478 4278 712 4332 dicente
760 4277 887 4348 ipso
919 4276 1164 4331 Domino
1200 4293 1213 4333 :
1248 4278 1400 4345 Quod
1431 4287 1618 4333 natum
1655 4282 1733 4332 est
1759 4294 1831 4333 ea:

198 4380 360 4431 carne,
383 4383 515 4422 curo
547 4375 627 4420 est
646 4384 669 4429 ;
695 4369 751 4420 et
776 4366 918 4436 quod
934 4374 1128 4420 natum
1149 4371 1232 4419 est
1253 4381 1322 4421 ea:
1350 4367 1572 4437 spiritu,
1596 4369 1829 4438 spiritus

200 4455 447 4523 estann.
475 4454 818 4523 111,6).Quid
847 4447 979 4519 hac,
1013 4452 1307 4524 inquiunt,
1329 4455 1619 4509 sententia
1641 4456 1829 4509 deter-

205 4541 485 4607 minatius,
514 4559 627 4597 non
661 4556 828 4612 posse
857 4558 926 4596 ex
955 4558 1129 4596 carne
1162 4540 1420 4596 animam
1454 4542 1658 4597 nasci?
1682 4542 1829 4605 Quid

202 4634 277 4683 est
300 4629 452 4685 enim
486 4628 647 4685 aliud
680 4628 898 4695 anima,
930 4645 1105 4699 quam
1138 4629 1382 4700 spiritus
1416 4630 1566 4698 vitae,
1596 4637 1830 4686 creatus

205 4718 405 4789 utique,
439 4737 557 4774 non
600 4723 825 4774 creator
856 4718 876 4773 ?
908 4722 1121 4773 Contra
1179 4735 1327 4790 quos
1364 4718 1447 4773 illi
1497 4719 1597 4773 alii
1632 4738 1645 4775 :
1679 4720 1828 4783 Quid

205 4808 365 4875 enim,
416 4809 716 4880 inquiunt,
746 4825 851 4863 nos
898 4807 1055 4862 aliud
1088 4809 1401 4877 sentimus,
1431 4808 1530 4879 qui
1580 4808 1832 4866 dicimus

207 4912 418 4952 carnem
452 4916 520 4953 ex
540 4914 734 4961 carne,
768 4896 1025 4953 animam
1050 4913 1115 4951 ex
1146 4896 1391 4951 anima?
1423 4898 1565 4953 Nam
1585 4915 1653 4952 ex
1677 4904 1832 4953 utro-

208 5001 305 5055 que
334 4993 564 5042 constat
595 4986 788 5057 homo,
836 4988 905 5041 de
933 5003 1047 5057 quo
1080 4990 1397 5057 utrumque
1426 4987 1622 5040 venire
1652 4988 1834 5043 senti-

210 5091 594 5147 mus,carnem
614 5077 683 5132 de
702 5092 872 5131 carne
895 5075 1217 5146 aperantis,
1239 5076 1514 5146 spiritum
1538 5076 1608 5130 de
1622 5076 1831 5147 spiritu

209 5166 681 5239 concuipiscentis
728 5182 739 5220 :
784 5170 849 5219 ut
878 5164 1113 5218 interim
1145 5164 1469 5231 omittatur,
1500 5165 1653 5235 quod
1686 5164 1833 5218 illud

214 5253 473 5309 Dominus
507 5272 621 5310 non
654 5256 725 5309 de
757 5254 973 5310 carnali
1008 5254 1405 5325 generatione,
1436 5254 1538 5308 sed
1563 5254 1633 5308 de
1657 5253 1834 5325 spiri-

213 5342 339 5395 tuali
370 5344 808 5415 regeneratione
837 5342 1086 5399 dicebat.

214 5464 423 5525 CAPUT
482 5469 674 5525 XXIII.
708 5499 777 5509 -—
813 5473 901 5523 Eo:
929 5468 1141 5524 duabus
1189 5468 1256 5523 de
1310 5469 1502 5523 animo
1547 5470 1842 5523 sententiis

272 5556 527 5605 Quaenam
589 5540 984 5612 prwpondcret.
1062 5541 1401 5597 Consuetudo
1454 5541 1717 5597 Ecclesia?
1774 5542 1833 5595 in

276 5616 542 5683 Baptismo
571 5614 948 5684 parvutorum.

274 5718 355 5773 39.
390 5719 490 5775 His
527 5718 708 5792 igitur
762 5724 1051 5791 quantum
1098 5737 1201 5792 pro
1240 5724 1501 5791 tempore
1538 5719 1837 5792 potuimus

522 5851 789 5910 ΡΑτιιοῐ..
834 5847 1105 5910 XXXIV.

1924 716 2266 786 parentibus
2297 717 2477 771 creari
2512 721 2739 788 putant,
2766 719 2837 773 de
2869 716 3163 789 baptismo
3196 715 3577 789 parvulorum

1926 806 2497 876 prmpondareretDc
2520 807 2735 877 quibus
2756 807 2897 877 quid
2922 806 3003 862 eis
3026 806 3367 877 responderi
3389 805 3579 877 possit

1928 894 2188 949 nondum
2216 894 2359 949 mihi
2391 895 2625 950 interim
2652 896 2937 951 occurrit:
2973 896 3022 951 si
3051 895 3191 966 quid
3212 896 3357 950 forte
3378 899 3581 966 postea

1930 987 2079 1038 Deus
2102 983 2400 1050 dederit,si
2425 1001 2600 1055 quam
2623 986 2797 1040 etiam
2822 984 3115 1041 scribendi
3133 984 3578 1040 concesseritfa-

1931 1072 2210 1127 cultatem
2243 1073 2525 1129 studiosis
2570 1073 2917 1146 talium,non
2958 1074 3260 1146 gravabor.
3285 1077 3452 1129 Nunc
3492 1078 3578 1129 ta-

1932 1176 2061 1216 men
2100 1179 2211 1217 non
2236 1178 2363 1217 esse
2400 1164 2895 1218 contemnendum
2923 1163 3328 1219 testimonium
3364 1179 3577 1235 parvu-

1929 1250 2215 1315 lorum,ut
2237 1251 2405 1322 quasi
2437 1252 2698 1323 refelli,si
2721 1253 2931 1308 veritas
2953 1258 3155 1308 contra
3178 1257 3287 1320 est,
3314 1251 3575 1324 negliga-

1930 1344 2187 1411 tur,ante
2200 1340 2480 1396 denuntio
2505 1359 2516 1396 :
2544 1348 2644 1397 aut
2673 1342 2828 1398 enim
2849 1343 2917 1397 de
2938 1342 3045 1397 hac
3069 1360 3128 1396 re
3150 1340 3297 1395 nihil
3322 1358 3579 1412 quaeren-

1931 1428 2072 1483 dum
2094 1433 2276 1496 est,ut
2296 1428 2547 1485 sufficiat
2568 1430 2702 1487 ﬁdei
2726 1435 2934 1486 nostra:
2957 1430 3105 1485 scire
3128 1446 3234 1486 nos
3246 1445 3361 1501 quo
3386 1429 3477 1500 pie
3500 1427 3580 1483 vi—

1928 1519 2117 1573 vendo
2140 1518 2368 1573 venturi
2395 1536 2625 1583 sumus,
2659 1519 2768 1575 etsi
2799 1520 3137 1576 nesciamus
3162 1520 3318 1587 unde
3356 1517 3580 1574 veneri-

1931 1624 2093 1663 mus:
2115 1614 2217 1662 aut
2242 1607 2291 1663 si
2318 1626 2431 1664 non
2448 1608 2820 1681 impudenter
2834 1613 3042 1665 aestuat
3062 1610 3259 1665 anima
3276 1607 3581 1671 rationalis

1931 1696 2109 1751 etiam
2131 1696 2240 1752 hoc
2262 1713 2435 1765 nosse
2454 1698 2525 1752 de
2546 1696 2761 1769 seipse,
2796 1697 2951 1753 absit
2976 1698 3316 1769 pervicacia,
3342 1701 3579 1752 conten-

1931 1785 2604 1858 dendi,adsitdiligentia
2627 1786 3299 1858 requirendi,humilitas
3322 1784 3575 1858 petendi,

1931 1875 2365 1945 perseverantia
2388 1874 2689 1947 pulsandi;
2715 1880 2776 1931 ut
2801 1877 2851 1931 si
2874 1875 3044 1932 nobis
3062 1876 3169 1931 hoc
3190 1874 3461 1947 expedire
3483 1892 3581 1929 no-

1930 1963 2139 2034 vit,qui
2166 1962 2376 2019 melius
2394 1981 2568 2035 quam
2594 1980 2697 2020 nos
2720 1964 2861 2036 quid
2888 1965 3056 2021 nobis
3082 1964 3351 2037 expediat
3376 1964 3579 2035 utique

1933 2052 2112 2117 novit,
2146 2052 2243 2107 det
2291 2053 2467 2108 etiam
2517 2054 2647 2120 hoc,
2685 2054 2785 2125 qui
2816 2055 2916 2109 dat
2940 2054 3094 2110 bona
3116 2054 3255 2110 data
3286 2053 3426 2109 filiis
3453 2053 3578 2108 suis

1932 2142 2251 2213 (Matusz
2269 2142 2442 2214 7,11),
2468 2142 2835 2199 Consuetudo
2854 2148 3053 2199 tamen
3076 2143 3283 2199 matris
3306 2142 3578 2199 Ecclesia:

1930 2230 1990 2287 in
2014 2231 2380 2304 baptizandis
2416 2231 2674 2303 parvulis
2706 2249 3078 2304 nequaquam
3107 2232 3437 2304 spernenda
3466 2236 3578 2298 est,

1934 2338 2122 2391 neque
2152 2320 2269 2376 ullo
2300 2324 2471 2376 modo
2494 2322 2794 2392 superflua
2822 2322 3184 2393 deputanda,
3209 2337 3315 2377 nec
3336 2319 3575 2377 omnino

1932 2409 2223 2464 credenda
2244 2409 2358 2465 nisi
2374 2409 2694 2481 apostolica
2714 2414 2869 2465 esset
2890 2409 3508 2465 traditio.llabetenim
3526 2412 3583 2465 et

1932 2497 2032 2553 illa
2063 2515 2238 2569 parva
2266 2503 2404 2553 astas
2453 2514 2735 2570 magnum
2770 2498 3090 2553 testimonii
3143 2498 3392 2569 pondus,
3448 2515 3572 2569 quae

1933 2587 2123 2659 prima
2154 2605 2257 2659 pro
2285 2586 2514 2643 Christo
2547 2587 2762 2643 meruit
2790 2586 3139 2658 sanguinem
3167 2588 3431 2642 fundere.

1932 2747 2162 2804 CAPUT
2192 2747 2378 2804 XXIV.
2412 2778 2481 2787 —
2513 2746 2654 2814 Quid
2682 2746 2989 2802 cauendum
3018 2746 3108 2801 his
3144 2747 3242 2817 qui
3270 2747 3575 2818 opinantur

2384 2822 2604 2874 animos
2631 2834 2747 2875 esse
2781 2834 2852 2875 ex
2881 2818 3123 2875 traduce.

2002 2963 2091 3017 40.
2128 2963 2425 3018 Admoneo
2462 2978 2625 3029 sane,
2667 2965 2957 3033 quantum
2986 2960 3168 3031 valeo,
3200 2960 3251 3017 si
3283 2976 3431 3033 quos
3463 2959 3579 3017 ista

1934 3051 2359 3124 praeoccupavit
2389 3050 2607 3123 opinio,
2640 3054 2704 3106 ut
2733 3051 2963 3106 animus
2996 3067 3062 3106 ex
3091 3050 3432 3122 parentibus
3456 3066 3581 3106 cre-

1934 3142 2077 3197 dant
2107 3140 2437 3213 prOpagari,
2459 3148 2746 3212 quantum
2780 3144 3025 3213 possunt
3055 3140 3279 3211 seipsos
3310 3139 3581 3195 conside-

1936 3234 2084 3296 rent,
2116 3233 2171 3285 et
2202 3230 2440 3285 interim
2484 3229 2717 3301 sapiant
2746 3246 2991 3301 corpora
3047 3245 3162 3285 non
3196 3245 3325 3284 esse
3354 3227 3584 3283 animas

1936 3337 2095 3376 suas.
2125 3318 2298 3374 Nulla
2327 3319 2483 3373 enim
2508 3319 2743 3390 propior
2774 3324 2981 3374 natura
3005 3322 3113 3385 est,
3138 3335 3253 3389 qua
3274 3316 3588 3387 diligenter

1936 3410 2222 3481 inspecta,
2243 3408 2431 3479 possit
2453 3407 2629 3462 etiam
2653 3407 2943 3479 Deus,qui
2967 3425 3148 3479 supra
3170 3422 3403 3463 omnem
3426 3421 3585 3460 crea-

1938 3504 2129 3553 turam
2163 3514 2331 3551 suam
2366 3495 2865 3552 incommutabilis
2887 3501 3210 3567 permanet,
3244 3495 3585 3565 incorpora-

1935 3588 2066 3642 liter
2114 3585 2379 3657 cogitari,
2431 3602 2609 3656 quam
2641 3603 2708 3641 ea
2739 3586 2967 3656 quaead
3021 3585 3207 3656 ipsius
3264 3584 3579 3654 imaginem

1938 3678 2089 3731 facta
2136 3680 2261 3731 est:
2303 3679 2360 3729 et
2390 3674 2534 3729 nihil
2565 3674 2838 3740 vicinius,
2869 3679 2970 3731 aut
3001 3676 3247 3730 fortasse
3282 3673 3424 3728 nihil
3462 3679 3580 3728 tam

1937 3782 2508 3836 consequens,quam
2532 3766 2828 3819 utcredito
2850 3765 3007 3835 quod
3030 3764 3225 3819 anima
3242 3780 3457 3835 corpus
3478 3763 3575 3829 sit,

1936 3855 2112 3910 etiam
2149 3856 2296 3908 Deus
2314 3870 2525 3924 corpus
2556 3870 2683 3909 esse
2713 3852 3254 3923 credatur.Propter
3282 3852 3389 3907 hoc
3419 3852 3577 3906 enim

1936 3942 2339 4015 corporalibus
2371 3942 2684 3997 assuefacti
2713 3946 2770 3997 et
2818 3941 3008 3997 affecti
3039 3942 3334 4007 sensibus,
3371 3940 3579 3995 nolunt

1936 4032 2197 4087 animam
2259 4032 2491 4086 credere
2551 4029 2708 4084 aliud
2771 4047 2899 4085 esse
2942 4047 3123 4100 quam
3153 4046 3386 4100 corpus,
3423 4045 3494 4083 ne
3526 4028 3574 4082 si

1936 4138 2148 4192 corpus
2173 4138 2288 4175 non
2318 4118 2782 4183 luerit,nihilsit:
2839 4136 2903 4175 ac
2936 4136 3037 4190 per
3068 4120 3177 4174 hoc
3207 4123 3364 4174 tanto
3390 4118 3582 4188 magis

1938 4211 2148 4265 timent
2177 4208 2352 4264 etiam
2389 4210 2459 4264 de
2490 4208 2606 4264 Deo
2637 4209 2870 4263 credere
2901 4209 3054 4279 quod
3086 4224 3298 4278 corpus
3330 4224 3445 4263 non
3485 4207 3583 4272 sit,

1940 4303 2157 4371 quanto
2200 4297 2387 4369 magis
2419 4297 2626 4352 timent
2662 4302 2842 4352 Deum
2874 4299 3109 4353 credere
3139 4295 3287 4352 nihil
3318 4314 3463 4353 esse.
3504 4298 3587 4351 Ita

1943 4389 2099 4444 enim
2121 4390 2388 4443 feruntur
2410 4388 2467 4441 in
2488 4386 2828 4457 phantasias
2843 4385 3357 4458 velphantasmata
3379 4386 3591 4457 imagi-

1942 4494 2241 4548 num,qua2
2264 4475 2541 4547 cogitatio
2566 4476 2636 4531 de
2658 4475 3004 4547 corporibus
3026 4480 3309 4542 versat,ut
3334 4477 3427 4532 his
3448 4475 3590 4530 sub-

1941 4566 2142 4622 tractis
2165 4570 2444 4637 tanquam
2469 4582 2571 4636 per
2604 4566 2775 4620 inane
2802 4566 3168 4636 pereundum
3200 4565 3297 4635 sit,
3322 4562 3589 4619 retormi-

1941 4656 2098 4709 dent.
2130 4654 2214 4709 Ita
2245 4670 2483 4710 necesse
2521 4658 2611 4709 est
2640 4658 2703 4708 ut
2736 4659 2793 4709 et
2823 4653 3119 4724 justitiam
3152 4657 3208 4707 et
3238 4652 3591 4723 sapientiam

1942 4744 2187 4816 pingant
2213 4742 2649 4814 quodammodo
2672 4742 2733 4796 in
2757 4742 3033 4797 cordibus
3057 4741 3183 4797 suis
3209 4757 3344 4796 cum
3387 4740 3596 4798 formis

1941 4840 1997 4888 et
2014 4832 2483 4902 coloribus,quas
2513 4849 2625 4886 non
2649 4835 2897 4900 possunt
2920 4830 3591 4902 incorporeascogitare:

1944 4939 2046 4976 nec
2080 4928 2279 4975 tamen
2300 4918 3019 4991 dicunt,quandojustitia
3036 4918 3125 4973 vel
3149 4919 3439 4991 sapientia
3464 4937 3591 4975 mo-

1939 5017 2167 5075 ventur,
2194 5008 2281 5063 vel
2330 5008 2573 5062 laudent
2620 5024 2741 5075 eas,
2773 5006 2860 5061 vel
2888 5009 3215 5063 secundum
3247 5025 3347 5064 eas
3372 5008 3592 5080 aliquid

1941 5103 2142 5168 agant,
2173 5114 2349 5168 quem
2400 5097 2674 5165 colorem,
2700 5114 2877 5167 quam
2916 5101 3226 5167 staturam,
3255 5115 3381 5168 quae
3405 5096 3590 5153 linea-

1944 5192 2140 5241 menta
2174 5186 2258 5240 vel
2292 5184 2499 5255 quales
2533 5186 2751 5240 formas
2800 5186 3229 5257 conspexerint.
3262 5187 3373 5241 Sed
3400 5187 3470 5241 de
3499 5186 3594 5241 his

1944 5276 2089 5332 alias
2112 5280 2167 5329 et
2192 5273 2518 5343 multajam
2544 5274 2824 5341 diximus,
2860 5279 2915 5329 ct
2944 5276 2995 5329 si
3023 5277 3170 5331 Deus
3200 5274 3470 5343 voluerit,
3494 5275 3592 5330 ubi

1946 5382 2035 5420 res
2068 5363 2361 5418 videbitur
2390 5362 2706 5433 postulare,
2727 5362 3012 5419 dicemus.
3033 5366 3197 5419 Nunc
3213 5364 3366 5436 quod
3402 5366 3596 5421 dicere

1946 5468 2332 5524 cmperamus,
2392 5452 2438 5507 si
2471 5454 2541 5507 de
2590 5452 2832 5507 traduce
2884 5453 3218 5509 animarum
3250 5471 3284 5510 θ.
3338 5454 3594 5526 parenti-

1947 5542 2058 5597 bus
2088 5539 2175 5596 vel
2209 5558 2325 5596 non
2358 5540 2632 5596 dubitant
2653 5540 2895 5612 quidam
2922 5543 3078 5613 quod
3102 5545 3182 5599 ita
3204 5543 3398 5611 sit,vel
3422 5541 3595 5598 dubi-

1947 5634 2074 5686 tant
2104 5647 2176 5684 an
2207 5630 2428 5699 ita'sit,
2471 5630 2729 5684 animum
2790 5637 2983 5684 tamen
3043 5648 3258 5703 corpus
3298 5648 3426 5687 esse
3481 5649 3596 5686 non

1946 5720 2201 5776 audeant
2230 5720 2465 5775 credere
2499 5724 2599 5775 aut
2624 5720 2815 5774 dicere
2842 5737 2854 5789 ;
2891 5720 3143 5777 maxime
3175 5725 3414 5794 propter
3444 5720 3599 5793 quod

3212 5851 3287 5911 14
