3986 6180
110 387 206 447 453

107 520 344 577 eamdem
380 518 699 591 imaginem
734 535 938 592 capere
971 535 1085 575 non
1133 519 1337 591 possit,
1372 533 1505 573 cum
1538 517 1595 570 in
1630 515 1734 571 illa

106 610 299 682 gratias
328 626 436 663 nos
471 608 624 663 dicat
655 626 760 664 nec
794 608 1123 666 masculum
1154 624 1282 665 esse
1314 624 1419 663 nec
1452 606 1729 662 feminam

106 699 276 771 (Galat.
300 714 388 765 xu,
411 699 505 765 27,
527 698 661 769 28);
695 699 794 753 sed
826 699 983 769 quod
1019 697 1287 754 fortassis
1320 695 1418 750 illa
1447 695 1554 750 hoc
1585 711 1729 749 non-

107 791 226 843 dum
256 792 593 858 perceperat
623 788 777 858 quod
837 787 900 842 ﬁt
930 788 988 842 in
1022 787 1318 860 agnitione
1365 784 1489 850 Dei,
1523 787 1579 839 et
1609 783 1731 837 viro

106 881 311 948 regente
342 892 410 931 ac
442 875 819 947 dispensante
841 876 1121 950 paulatim
1157 876 1343 931 fuerat
1366 876 1727 946 perceptura.

107 966 272 1035 Neque
301 964 459 1020 enim
496 967 713 1021 frustra
766 971 857 1021 est
885 965 1028 1021 illud
1081 965 1235 1036 quod
1264 962 1577 1035 Apostolus
1627 961 1726 1027 ait,

106 1053 254 1109 Adam
274 1054 425 1108 enim
447 1055 663 1125 primus
682 1056 951 1123 formatus
973 1058 1069 1122 est,
1083 1053 1275 1109 deinde
1297 1054 1407 1107 Eva
1438 1070 1455 1106 :
1486 1054 1538 1105 et
1560 1050 1728 1105 Adam

106 1160 190 1197 non
210 1147 283 1197 est
311 1142 585 1212 seductus,
609 1144 811 1199 mulier
828 1152 1019 1198 autem
1048 1142 1264 1197 seducta
1296 1143 1353 1196 in
1379 1141 1728 1212 praevarica-

106 1235 264 1286 tione‘
296 1234 447 1302 facta
492 1236 569 1286 est
599 1232 643 1303 (Ι
682 1234 815 1287 Tim.
867 1249 929 1299 11,
985 1233 1069 1303 13,
1105 1232 1229 1299 14);
1283 1231 1339 1285 id
1372 1235 1479 1299 est,
1530 1235 1592 1284 ut
1630 1244 1732 1300 per

108 1321 239 1374 illam
270 1320 447 1375 etiam
476 1320 562 1374 vir
584 1321 1075 1391 praevaricaretur.
1097 1320 1243 1376 Nam
1275 1324 1331 1375 et
1361 1320 1557 1391 ipsum
1590 1316 1733 1371 dicit

107 1410 608 1479 prevaricatorem,
646 1409 739 1464 ubi
773 1410 872 1464 ait.
910 1413 977 1465 In
1011 1408 1433 1463 similitudinem
1461 1406 1733 1479 prarvari-

107 1500 307 1553 rationis
338 1498 499 1568 Adae,
530 1500 627 1568 qui
654 1503 733 1553 est
760 1503 947 1570 [arma
976 1499 1159 1569 futuri
1190 1500 1359 1564 (Rom.
1402 1514 1456 1561 ν,
1491 1497 1595 1567 lli).
1630 1496 1727 1550 Se-

108 1588 314 1641 ductum
346 1593 552 1642 tamen
587 1592 787 1658 negat.
808 1586 952 1643 Nam
977 1591 1034 1644 et
1062 1588 1457 1658 interrogatus
1486 1602 1601 1640 non
1626 1586 1728 1653 ait,

110 1677 279 1733 Mulier
301 1693 471 1747 quam
500 1676 710 1731 dedisti
737 1694 969 1747 mecum,
1004 1676 1234 1732 seduxit
1266 1693 1376 1745 me,
1402 1681 1456 1730 et
1488 1676 1731 1730 mandu-

110 1767 240 1832 cavi;
271 1767 395 1835 sed,
431 1768 563 1836 ipsa
595 1766 756 1833 mihi,
793 1767 1007 1837 inquit,
1038 1766 1243 1821 dedita
1278 1764 1449 1835 ligno,
1483 1771 1535 1819 et
1568 1780 1731 1817 man-

110 1855 285 1910 ducavi.
320 1854 425 1909 llla
456 1872 618 1920 vero,
648 1856 896 1925 Serpens,
932 1855 1145 1925 inquit,
1177 1854 1396 1909 seduxit
1421 1870 1527 1907 me.

162 1944 340 1999 59.1ta
361 1943 644 1999 Salomon
668 1946 754 1999 vir
778 1949 950 1999 tantas
974 1942 1586 2015 sapientiae,numquid
1599 1958 1733 1996 nam

112 2032 429 2087 credendum
451 2038 544 2087 est
567 2034 723 2103 quod
750 2032 806 2086 in
826 2032 1275 2088 simulacrorum
1307 2032 1463 2086 cultu
1488 2031 1737 2086 credidit

112 2138 212 2176 esse
238 2122 455 2191 aliquid
481 2121 757 2176 utilitatis
779 2121 806 2175 ?
834 2122 941 2176 Sed
977 2120 1289 2176 mulierum
1326 2120 1507 2175 amori
1533 2121 1603 2174 ad
1627 2120 1737 2174 boc

113 2209 293 2265 malum
323 2210 587 2265 trahenti
615 2210 884 2265 resistere
918 2227 1030 2265 non
1064 2210 1307 2278 evaluit,
1342 2210 1558 2265 faciens
1582 2209 1736 2281 quod

114 2300 297 2355 sciebat
326 2316 447 2355 non
480 2316 615 2355 esse
634 2299 989 2365 faciendum,
1010 2316 1081 2354 ne
1113 2316 1272 2368 suas,
1294 2300 1512 2370 quibus
1534 2299 1738 2370 deper-

116 2388 209 2443 ibat
223 2394 388 2462 atque
405 2388 741 2459 diffluebat,
756 2388 1085 2445 mortiferas
1104 2387 1345 2444 delicias
1367 2387 1739 2443 contristaret

117 2478 190 2541 (ΙΙΙ
216 2480 333 2547 Reg.
363 2496 447 2546 x1,
499 2479 577 2550 4).
612 2478 699 2534 Ita
728 2483 784 2534 et
812 2479 1017 2550 Adam,
1054 2484 1434 2551 posteaquam
1478 2478 1547 2532 de
1580 2475 1737 2548 ligno

118 2568 367 2637 prohibito
387 2569 640 2625 seducta
662 2567 873 2624 mulier
887 2568 1288 2637 manducavit,
1306 2568 1475 2639 eique
1501 2566 1659 2621 dedit
1676 2570 1741 2620 ut

120 2656 260 2712 simul
279 2656 738 2725 ederent,noluit
756 2674 885 2714 eam
899 2658 1450 2729 contristare,quam
1470 2656 1739 2711 credebat

167 2801 180 2832 ί
207 2799 315 2847 Mss.
334 2800 568 2864 aliquot,
586 2800 638 2849 in
657 2799 1153 2864 prevaricationem.
1172 2798 1323 2864 Haud
1347 2797 1592 2858 inepte,si
1606 2799 1739 2845 ratio

121 2860 542 2927 interpretationis
554 2860 797 2927 proxime
809 2862 1187 2927 subsequentis
1198 2862 1485 2927 babeatur:
1504 2865 1739 2927 attamen

122 2921 317 2995 Apostoli
346 2932 528 2975 textus
554 2921 764 2995 gregem
794 2921 1054 2995 habetfen
1072 2921 1362 2995 paraoasei,
1388 2922 1735 2995 quodrecep-

122 2992 203 3035 tam
228 2996 539 3039 cisterorum
572 2989 818 3038 codicum
848 2989 1128 3037 lectionem
1161 2988 1395 3036 retinere
1423 2988 1582 3048 cogit.

1387 382 1617 445 LIBER
1660 379 2162 444 DUODICCIMUS

3372 392 3490 452 454

1840 533 2014 588 posse
2043 516 2167 570 sine
2197 532 2303 571 suo
2328 517 2535 572 solatio
2566 518 2990 586 contabescere,
3012 516 3060 575 si
3090 518 3159 576 ab
3192 522 3319 592 ejus
3342 524 3483 578 alie-

1841 610 2080 659 naretur
2097 604 2314 673 animo,
2342 610 2396 661 et
2414 605 2648 662 omnino
2668 606 2767 663 illa
2784 608 3018 664 interire
3036 609 3347 665 discordia.
3369 611 3486 665 Nos

1841 693 2078 765 quidem
2102 696 2293 750 carnis
2312 693 2501 751 victus
2520 698 3011 768 concupiscentia,
3030 716 3205 769 quam
3226 701 3485 755 nondum

1841 788 2106 838 senserat
2135 783 2193 837 in
2228 783 2535 839 resistente
2566 784 2691 857 lege
2714 787 3106 842 membrorum
3141 787 3253 859 legi
3276 790 3490 844 mentis

1842 889 1988 940 suae;
2015 873 2112 927 sed
2138 872 2367 928 amicali
2388 876 2642 944 quadam
2662 875 3077 944 benevolentia,
3104 894 3219 947 qua
3239 877 3493 948 plerum-

1841 978 1954 1032 que
1985 963 2051 1016 ﬁt
2082 966 2147 1017 ut
2182 962 2509 1017 offendatur
2551 964 2725 1030 Deus,
2761 980 2833 1019 ne
2863 964 3038 1020 homo
3069 982 3135 1021 ex
3168 967 3354 1022 amico
3388 969 3491 1023 ﬁat

1838 1051 2119 1106 inimicus
2153 1068 2165 1105 :
2198 1053 2352 1121 quod
2402 1068 2536 1106 eum
2591 1054 2774 1108 facere
2807 1071 2919 1109 non
2953 1055 3246 1123 debuisse,
3280 1056 3488 1111 divina

1842 1141 2145 1195 sententia:
2168 1141 2369 1210 justus
2400 1142 2589 1196 exitus
2622 1143 2914 1199 indicavit.

1910 1229 1999 1282 60.
2033 1229 2181 1301 Ergo
2212 1229 2324 1285 alio
2357 1231 2528 1285 modo
2559 1233 2809 1301 quodam
2841 1234 3015 1289 etiam
3044 1236 3170 1308 ipse
3210 1235 3487 1307 deceptus

1841 1322 1957 1385 est;
1983 1320 2083 1373 sed
2099 1318 2342 1375 doloillo
2361 1320 2719 1392 serpentino,
2746 1338 2860 1392 quo
2886 1322 3097 1378 mulier
3120 1324 3359 1379 seducta
3378 1328 3486 1389 est,

1841 1406 2000 1463 nullo
2016 1409 2186 1464 modo
2202 1407 2368 1464 illum
2385 1409 2635 1465 arbitror
2650 1411 2906 1481 potuisse
2921 1413 3119 1468 seduci
3133 1413 3190 1467 in
3206 1412 3303 1468 illo
3318 1414 3487 1468 modo

1841 1514 1956 1568 quo
1975 1496 2074 1551 illa
2095 1498 2301 1569 potuit.
2328 1502 2487 1553 Hane
2506 1503 2701 1553 autem
2721 1501 2952 1571 proprie
2972 1502 3370 1559 seductionem
3395 1518 3490 1574 ap-

1842 1586 2077 1657 pellavit
2096 1587 2427 1658 Apostolus,
2450 1605 2562 1658 qua
2579 1587 2636 1641 id
2661 1590 2813 1658 quod
2833 1591 3210 1659 suadebatur,
3234 1609 3366 1648 cum
3391 1591 3491 1648 fal-

1845 1693 1975 1731 sum
2000 1680 2387 1742 esset,verum
2413 1681 2812 1747 putatumest;
2833 1678 2888 1732 id
2904 1682 3170 1750 est,quod
3188 1681 3342 1737 Deus
3361 1683 3490 1737 ideo

1844 1763 2069 1835 lignum
2085 1762 2227 1819 illud
2246 1768 2483 1836 tangere
2496 1765 2881 1837 prohibuerit,
2896 1769 3045 1838 quod
3065 1769 3285 1823 sciebat
3306 1787 3424 1842 eos,
3439 1789 3493 1844 si

1844 1854 2194 1926 tetigissent,
2212 1854 2368 1909 velut
2385 1856 2522 1910 deos
2542 1856 2788 1923 futuros,
2805 1862 3087 1929 tanquam
3110 1858 3193 1915 eis
3219 1860 3490 1917 divinita-

1844 1946 1960 1997 tem
1995 1943 2297 2014 invideret,
2317 1944 2415 2014 qui
2445 1961 2541 1999 eos
2567 1945 2833 2000 homines
2858 1946 3088 2003 fecerat.
3113 1948 3223 2003 Sed
3242 1951 3414 2004 etiam
3443 1950 3493 2005 si

1844 2032 2032 2086 virum
2052 2036 2285 2103 propter
2306 2032 2561 2104 aliquam
2589 2033 2801 2088 mentis
2821 2035 3153 2104 elationem,
3170 2053 3295 2108 qua)
3310 2038 3493 2093 Deum

1846 2121 2206 2176 internorum
2227 2126 2609 2177 scrutatorem
2630 2122 2806 2179 latere
2825 2142 2938 2179 non
2960 2131 3201 2196 poterat,
3219 2126 3494 2182 sollicita-

1845 2211 1926 2265 vit
1955 2210 2148 2281 aliqua
2170 2211 2500 2282 experiendi
2520 2212 2981 2283 cupiditas,cum
3018 2214 3323 2271 mulierem
3341 2216 3498 2271 vide-

1847 2304 1933 2355 ret
1955 2305 2192 2372 accepta
2213 2300 2312 2355 illa
2326 2318 2457 2356 esca
2481 2318 2595 2355 non
2609 2318 2735 2357 esse
2752 2308 3064 2371 mortuam,
3082 2306 3404 2360 secundum
3430 2323 3497 2363 ea

1847 2406 1973 2461 quis
1988 2389 2257 2460 superius
2281 2388 2687 2457 tractavimus;
2715 2409 2827 2446 non
2854 2397 3047 2448 tamen
3066 2409 3200 2448 eum
3224 2394 3495 2464 arbitror,

1848 2478 2035 2549 sijum
2059 2478 2349 2549 spirituali
2369 2486 2563 2534 mente
2587 2481 2861 2551 praeditus
2884 2487 3025 2551 erat,
3042 2481 3161 2537 ullo
3178 2484 3351 2539 modo
3373 2500 3496 2539 cre-

1847 2568 1982 2624 dere
2001 2568 2261 2638 potuisse
2286 2568 2440 2638 quod
2465 2583 2563 2623 eos
2581 2568 2735 2623 Deus
2758 2569 2829 2623 ab
2850 2586 2983 2623 esca
2999 2569 3157 2625 illius
3184 2570 3325 2643 ligni
3351 2572 3495 2626 invi-

1848 2657 2035 2712 dendo
2053 2656 2351 2712 vetuisset.
2367 2657 2474 2712 Sed
2491 2658 2627 2727 quid
2644 2657 2848 2729 plura?
2868 2659 3217 2713 Persuasum
3241 2665 3329 2715 est
3352 2659 3493 2715 illud

1848 2749 2151 2815 peccatum
2181 2742 2332 2798 sicut
2362 2744 2699 2814 persuaderi
2734 2743 2949 2800 talibus
2981 2751 3213 2815 posset:
3240 2750 3495 2802 conscri-

1852 2837 2013 2904 ptum
2047 2837 2135 2887 est
2164 2837 2360 2887 autem
2410 2832 2563 2887 sicut
2593 2832 2705 2903 legi
2755 2833 2825 2887 ab
2856 2833 3131 2889 omnibus
3180 2840 3494 2907 Oportcret,

1849 2922 1956 2977 etsi
1985 2940 2018 2978 a
2049 2922 2248 2993 paucis
2280 2921 2400 2976 haec
2432 2921 2899 2994 intelligerentur
2927 2923 3079 2979 sicut
3110 2930 3422 2996 oporteret.

1154 3240 1522 3333 LIBER
1598 3237 2434 3332 DUODECIMUS.

250 3422 299 3471 In
331 3434 437 3486 quo
468 3421 541 3471 de
576 3420 824 3485 paradiso
854 3425 907 3473 et
936 3422 1089 3471 tertio
1122 3421 1257 3470 ccelo
1290 3434 1395 3484 quo
1424 3423 1611 3484 raptus
1639 3423 1720 3469 est
1751 3419 1967 3480 Paulus,
2001 3417 2175 3483 deque
2202 3418 2482 3483 multiplici
2511 3419 2778 3469 visionum
2811 3433 3006 3483 genere
3035 3420 3353 3485 disputatur.

135 3708 318 3767 CAPUT
347 3711 663 3769 PRIMUM.
690 3741 759 3753 -—-
789 3709 865 3766 De
888 3711 1147 3782 paradiso
1184 3714 1334 3765 locus
1362 3708 1599 3781 Apostoli
1622 3724 1750 3764 exa-

762 3785 1085 3839 minandus.

188 3892 227 3945 1.
254 3893 330 3947 Ab
363 3892 607 3947 exordio
639 3889 948 3962 Scriptura;
979 3895 1219 3955 sanctae,
1252 3906 1380 3961 quis
1408 3888 1750 3943 inscribitur

137 3977 351 4050 Genesis,
382 3982 574 4036 donec
606 3980 782 4035 homo
814 3980 1042 4051 primus
1066 3980 1137 4033 de
1160 3978 1433 4049 paradiso
1465 3977 1747 4032 dimissus

137 4075 214 4134 est,
237 4070 495 4126 undecim
518 4069 687 4124 libris
711 4069 832 4125 sive
856 4071 1163 4125 asserendo
1187 4073 1362 4138 atque
1383 4067 1747 4121 defendendo

138 4171 228 4223 quas
254 4164 397 4214 certa
450 4158 628 4215 nobis
673 4162 831 4225 sunt,
866 4158 984 4213 sive
1034 4158 1425 4228 inquirendo1
1476 4160 1531 4210 et
1561 4155 1746 4209 ambi-

139 4247 284 4313 gendo
300 4249 366 4302 de
384 4248 653 4315 incertis,
670 4264 796 4318 qua:
815 4247 1137 4319 potuimus,
1162 4251 1219 4299 et
1246 4245 1400 4299 sicut
1423 4245 1743 4316 potuimus,

143 4333 480 4393 disseruimus
502 4342 677 4407 atque
696 4336 1181 4407 conscripsimus;
1204 4351 1317 4388 non
1340 4338 1459 4388 tam
1488 4332 1746 4404 praescri-

143 4422 304 4480 bentes
331 4428 399 4483 de
432 4427 614 4483 rebus
664 4425 928 4480 obscuris
981 4424 1295 4494 unicuique
1346 4424 1483 4494 quid
1518 4422 1745 4492 sentiat,

144 4525 279 4578 quam
294 4533 390 4571 nos
405 4516 706 4571 docendos
723 4514 780 4568 in
798 4513 1007 4583 quibus
1025 4514 1056 4567 d
1071 4512 1428 4567 ubitavimus
1443 4512 1749 4566 ostenden-

148 4601 227 4664 tes,
244 4605 735 4674 temeritatemque
752 4602 938 4657 afﬁrm
950 4602 1083 4656 andi
1106 4606 1439 4656 amoventes
1464 4618 1496 4655 a
1517 4599 1749 4664 lectore,

149 4687 221 4741 ubi
250 4708 345 4747 non
374 4693 674 4749 valuimus
707 4692 962 4763 praebere
993 4690 1292 4746 sententia:
1326 4690 1659 4743 firmitatem
1688 4689 1745 4741 2:

152 4773 229 4829 iste
247 4786 421 4836 autem
448 4780 838 4837 duodecimus
862 4779 1008 4833 liber
1027 4796 1093 4833 ea
1108 4778 1234 4847 jam
1260 4794 1401 4832 cura
1421 4777 1749 4848 expeditus,

155 4880 238 4932 qua
265 4886 353 4921 nos
386 4871 1046 4942 pertractandustextus
1069 4884 1369 4922 sacrarum
1408 4867 1752 4921 Litterarum

157 4959 444 5029 occupabat,
464 4961 711 5016 liberius
730 4965 905 5030 atque
926 4957 1209 5030 prolixius
1228 4956 1482 5010 versabit
1497 4956 1565 5009 de
1589 4972 1753 5025 para-

160 5040 248 5097 diso
262 5051 659 5116 quaestionem;
686 5065 757 5103 ne
774 5055 971 5120 putem
984 5064 1013 5101 u
1027 5064 1050 5100 r
1066 5046 1333 5114 evitasse,
1350 5044 1503 5116 quod
1532 5043 1757 5099 videtur

161 5135 415 5199 Apostolus
448 5139 508 5193 in
538 5138 710 5193 tertio
755 5136 896 5191 cmlo
928 5136 1229 5189 insinuare
1259 5133 1621 5204 paradisum,
1658 5132 1755 5187 ubi

164 5218 242 5273 ait:
262 5222 371 5279 Scio
387 5229 661 5282 hominem
680 5228 733 5280 in
755 5225 971 5280 Christo
989 5231 1114 5279 ante
1135 5238 1305 5277 annos
1325 5222 1755 5293 quatuordecim,

164 5310 246 5363 Sive
268 5314 319 5367 in
344 5332 561 5387 corpore
591 5317 791 5383 nescio,
821 5317 935 5370 sive
964 5323 1119 5369 extra
1160 5328 1355 5383 corpus
1384 5313 1585 5374 nescio,
1621 5312 1759 5365 Deus

168 5400 250 5467 δαί,
276 5410 475 5474 raptum
496 5405 765 5475 eiusmodi
788 5420 953 5477 usque
978 5406 1035 5459 in
1069 5404 1296 5457 tertium
1326 5402 1519 5456 caelum
1543 5418 1561 5454 :
1584 5405 1633 5456 et
1650 5402 1759 5455 scio

169 5486 384 5552 timmodi
396 5494 664 5550 hominem
680 5495 794 5549 sive
812 5495 867 5548 in
899 5508 1121 5562 corpore
1140 5492 1254 5545 sive
1269 5493 1431 5545 extra
1451 5506 1644 5561 corpus
1664 5506 1756 5544 ne-

172 5579 264 5645 ιείο,
283 5581 405 5638 Deus
426 5585 543 5651 scit,
559 5585 693 5657 quia
719 5587 916 5651 raptus
938 5585 1011 5639 est
1034 5583 1091 5636 in
1103 5580 1448 5651 paradisum,
1472 5584 1521 5634 et
1541 5580 1760 5634 audivit

222 5702 357 5771 Ῐμδε.
384 5708 571 5769 plures,
605 5706 927 5771 inquirendo,
961 5704 1266 5771 arbitrarido
1294 5706 1342 5753 et
1372 5703 1694 5768 ambigendo.

220 5764 235 5793 ¹
257 5762 304 5815 ln
329 5762 440 5829 Mss,
467 5762 749 5836 plerisque,
781 5768 1005 5821 scientiae
1030 5768 1352 5835 ﬁrmitatem.

1860 3708 2178 3782 ineffabilia
2208 3710 2391 3779 verba,
2426 3726 2543 3781 quae
2577 3727 2684 3765 non
2722 3711 2841 3766 licet
2870 3712 3084 3767 homini
3115 3706 3263 3784 loqui
3288 3713 3359 3785 (ΙΙ
3382 3715 3504 3771 Cor.

1859 3816 1959 3865 x11,
1991 3801 2140 3869 2-4).

1926 3889 1979 3943 2.
2014 3889 2077 3943 In
2110 3889 2200 3943 his
2234 3888 2427 3944 verbis
2471 3888 2732 3960 primum
2765 3888 2943 3959 quaeri
2974 3888 3143 3955 solet,
3175 3890 3315 3961 quid
3348 3891 3509 3947 dicat

1856 3978 2093 4032 tertium
2119 3976 2327 4031 cmlum
2353 3995 2365 4033 :
2391 3976 2971 4046 deinde,utrumillic
2990 3977 3239 4049 intelligi
3262 3979 3509 4035 voluerit

1857 4066 2216 4138 paradisum,
2235 4083 2305 4120 an
2328 4071 2711 4138 posteaquam
2737 4072 2940 4135 raptus
2954 4071 3042 4121 est
3059 4066 3115 4121 in
3131 4068 3367 4123 tertium
3394 4086 3505 4123 cce-

1859 4155 2003 4221 lum,
2040 4164 2269 4225 raptum
2299 4172 2426 4211 esse
2458 4162 2513 4209 et
2562 4155 2619 4210 in
2652 4155 3016 4226 paradisum,
3051 4157 3403 4229 ubicumque
3434 4159 3511 4213 sit

1858 4243 2165 4316 paradisus
2194 4268 2208 4310 ς
2234 4260 2345 4297 non
2371 4249 2433 4298 ut
2465 4244 2570 4298 hoc
2595 4244 2769 4298 fuerit
2797 4245 2919 4316 rapi
2943 4245 3001 4299 in
3034 4246 3273 4302 tertium
3297 4248 3507 4302 coelum

1858 4334 2009 4405 quod
2035 4333 2090 4386 in
2121 4333 2479 4404 paradisum,
2514 4334 2613 4388 sed
2650 4334 2813 4404 prius
2845 4334 2902 4389 in
2939 4335 3174 4390 tertium
3199 4337 3433 4405 cmlum,
3457 4341 3511 4392 et

1859 4426 1989 4495 post
2015 4422 2148 4475 inde
2182 4421 2236 4475 in
2264 4422 2621 4491 paradisum.
2653 4424 2720 4476 Et
2744 4424 2849 4478 hoc
2870 4424 2918 4477 si
2944 4424 3284 4495 ambiguum
3311 4433 3420 4493 est,
3446 4430 3512 4480 ut

1861 4529 1973 4567 non
1999 4511 2141 4566 mihi
2170 4512 2434 4566 videatur
2456 4528 2626 4583 posse
2648 4513 2911 4578 dissolvi,
2939 4513 3052 4567 nisi
3076 4513 3288 4585 aliquis
3313 4531 3423 4568 non
3445 4531 3514 4569 ex

1864 4601 2249 4673 praesentibus
2279 4600 2536 4671 Apostoli
2559 4602 2774 4666 verbis,
2802 4602 2901 4656 sed
2935 4618 3003 4656 ex
3034 4602 3166 4657 aliis
3191 4604 3334 4657 forte
3356 4601 3513 4657 Scri-

1862 4695 2167 4762 pturarum
2203 4690 2365 4756 locis,
2398 4689 2486 4744 vel
2521 4690 2744 4744 ratione
2768 4690 3096 4761 perspicua,
3132 4691 3389 4745 inveniat
3410 4690 3515 4746 ali-

1863 4779 2026 4850 quid,
2043 4796 2156 4848 quo
2180 4780 2384 4833 doceat
2406 4778 2525 4833 sive
2558 4779 2614 4832 in
2643 4780 2812 4833 tertio
2836 4779 2978 4833 cmlo
3000 4794 3129 4834 esse
3153 4780 3511 4849 paradisum,

1864 4868 1985 4923 sive
2008 4885 2121 4923 non
2140 4884 2297 4934 esse;
2322 4884 2454 4922 cum
2474 4872 2529 4921 et
2559 4869 2752 4938 ipsum
2780 4868 3013 4922 tertium
3037 4867 3246 4923 coelum
3274 4870 3414 4940 quid
3440 4871 3517 4925 sit

1868 4974 1981 5012 non
2014 4956 2238 5027 liquido
2259 4960 2555 5027 appareat,
2592 4960 2789 5009 utrum
2814 4955 2870 5009 in
2896 4957 3068 5011 rebus
3089 4957 3513 5029 corporalibus,

1866 5062 1939 5099 an
1955 5046 2171 5100 fortein
2185 5044 2591 5115 spiritualibus
2608 5044 3047 5116 intelligendum
3064 5045 3371 5103 sit.Posset
3386 5048 3513 5120 qui-

1867 5136 2001 5189 dem
2015 5134 2129 5188 dici
2144 5132 2374 5188 nonnisi
2394 5133 2452 5186 in
2476 5132 2669 5188 locum
2687 5134 2941 5205 aliquem
2958 5136 3315 5207 corporalem
3331 5136 3465 5190 hom
3478 5136 3517 5188 i-

1869 5239 2003 5278 nem
2030 5222 2153 5293 rapi
2181 5221 2440 5292 potuisse
2463 5239 2593 5277 cum
2620 5239 2859 5294 corpore
2888 5240 2900 5290 ;
2934 5224 3036 5278 sed
3069 5224 3207 5294 quia
3228 5228 3284 5279 et
3305 5223 3412 5278 hoc
3438 5223 3516 5279 ita

1869 5312 2067 5381 posuit
2101 5315 2160 5364 ut
2193 5310 2415 5364 nescire
2448 5327 2509 5365 se
2557 5310 2787 5379 dixerit,
2823 5315 3019 5366 utrum
3054 5312 3112 5366 in
3147 5328 3405 5383 corpore,
3441 5330 3516 5367 an

1868 5405 2029 5455 extra
2059 5416 2270 5469 corpus
2303 5403 2505 5469 raptus
2536 5400 2632 5469 sit,
2659 5400 2793 5472 quis
2826 5402 3039 5455 audeat
3069 5401 3260 5456 dicere
3284 5417 3344 5456 se
3367 5400 3517 5456 scire

1869 5491 2024 5561 quod
2046 5506 2107 5544 se
2126 5487 2348 5543 nescire
2366 5489 2679 5561 Apostolus
2700 5489 2880 5545 dixit?
2904 5490 3311 5546 Verumtamen
3338 5489 3387 5545 si
3418 5507 3516 5545 ne-

1868 5595 1982 5650 que
2003 5577 2250 5649 spiritus
2272 5578 2398 5632 sine
2415 5594 2653 5651 corpore
2671 5579 2742 5634 ad
2772 5579 2899 5635 loca
2920 5578 3245 5650 corporalia
3271 5580 3392 5649 rapi
3418 5596 3518 5651 po-

1867 5673 2005 5736 test,
2038 5684 2142 5723 nec
2173 5684 2384 5740 corpus
2416 5668 2488 5723 ad
2544 5668 2891 5740 spiritualia,
2926 5668 3045 5723 hiec
3076 5668 3203 5739 ipsa
3233 5667 3520 5723 dubitatio

1868 5758 1996 5829 ejus
2014 5756 2171 5814 velut
2188 5760 2339 5829 cogit
2354 5756 2595 5829 intelligi
2609 5757 2918 5829 (siquidem
2941 5757 3010 5811 de
3028 5756 3222 5829 seipso
3244 5757 3363 5811 haec
3384 5770 3518 5813 eum
