3954 6178
447 293 567 354 4ὄῦ

446 423 763 496 scripsisse
796 439 964 478 nemo
997 421 1283 492 ambigit),
1316 419 1433 474 tale
1465 419 1647 474 fuisse
1678 419 1824 473 illud
1856 436 1968 489 quo
2001 436 2097 474 ra—

449 520 585 584 ptus
615 517 723 578 est,
752 511 903 582 quod
936 516 1133 565 utrum
1159 507 1456 580 corporale
1486 526 1561 562 an
1591 507 1896 580 spirituale
1919 513 2094 575 esset,

449 601 714 675 dignosci
747 600 1116 669 discernique
1150 615 1263 652 non
1300 603 1516 668 posset.

444 709 681 765 CAPUT
713 707 784 762 Il.
817 736 887 746 -—
926 705 1243 775 Apostolum
1284 705 1540 775 potuisse
1579 705 1793 759 nescire
1835 721 1910 758 an
1937 711 2097 760 extra

577 795 770 851 corpus
799 776 1129 849 paradisum
1163 777 1392 841 viderit,
1424 778 1474 830 sz’
1501 776 1640 830 vidit
1670 778 1729 829 in
1760 777 1973 831 ecstusi.

513 872 566 926 3.
598 875 739 924 Cum
762 868 919 923 enim
951 865 1037 921 vel
1063 865 1122 919 in
1154 864 1508 932 somnis,vel
1539 864 1598 919 in
1632 865 1865 934 ecstasi,
1889 880 2095 936 corpo-

442 976 570 1013 rum
595 953 1450 1028 exprimunturimagines,non
1474 953 1892 1009 discernuntur
1912 952 2098 1008 omni-

440 1065 514 1102 no
545 1065 577 1102 a
609 1046 972 1118 corporibus,
1006 1045 1120 1099 nisi
1153 1060 1288 1098 cum
1321 1042 1496 1098 homo
1527 1043 1793 1099 redditus
1823 1043 2097 1099 sensibus

439 1135 720 1208 corporis,
754 1135 1118 1206 recognoscit
1148 1149 1211 1188 se
1243 1133 1301 1186 in
1334 1132 1453 1187 illis
1484 1132 1667 1187 fuisse
1711 1132 2092 1202 imaginibus,

440 1243 590 1297 quas
609 1242 726 1280 non
754 1240 857 1296 per
878 1239 1122 1279 sensum
1140 1219 1400 1292 corporis
1423 1220 1748 1276 hauriebat.
1773 1221 1914 1285 Quis
1939 1223 2094 1278 enim

439 1331 576 1370 cum
601 1311 1250 1383 asomnoevigilaverit,
1273 1328 1388 1365 non
1411 1310 1686 1365 continuo
1709 1310 1925 1366 sentiat
1946 1311 2090 1366 ima-

435 1403 664 1476 ginaria
695 1401 877 1457 fuisse
897 1417 1026 1471 quae
1047 1400 1302 1466 videbat,
1331 1398 1600 1470 quamvis
1622 1416 1756 1454 cum
1785 1416 1852 1454 ea
1871 1400 2093 1455 videret

433 1493 761 1556 dormiens,
795 1509 828 1546 a
862 1489 1229 1561 vigilantium
1262 1486 1666 1558 corporalibus
1697 1487 1840 1543 visis
1869 1487 2089 1543 discer-

435 1599 572 1637 nere
592 1598 706 1636 non
729 1579 996 1635 valebat?
1018 1580 1367 1649 Quanquam
1393 1576 1533 1630 mihi
1555 1577 1842 1632 accidisse
1868 1577 2009 1648 scio,
2033 1582 2090 1633 et

431 1671 505 1725 ob
535 1670 644 1725 hoc
675 1670 852 1725 etiam
883 1667 1016 1723 aliis
1056 1667 1319 1721 accidere
1352 1667 1615 1737 potuisse
1645 1665 1732 1722 vel
1765 1683 1939 1737 posse
1968 1684 2086 1722 non

429 1759 661 1828 dubito,
694 1763 760 1814 ut
788 1757 848 1812 in
882 1756 1105 1812 somnis
1137 1756 1365 1821 videns,
1411 1756 1470 1809 in
1502 1755 1726 1811 somnis
1758 1772 1852 1811 me
1891 1756 2086 1812 videre

428 1848 708 1904 sentirem
737 1865 750 1915 ;
784 1846 1030 1917 illasque
1079 1845 1389 1916 imagines,
1424 1861 1552 1915 qua:
1597 1845 1784 1915 ipsam
1820 1851 2082 1900 nostram

427 1938 874 1994 consensionem
897 1937 913 1969 ¹
949 1935 1250 1990 ludiﬁcare
1298 1938 1750 2003 consueverunt,
1785 1951 1899 1989 non
1951 1951 2082 1990 esse

425 2044 559 2082 vera
587 2042 850 2097 corpora,
876 2024 973 2080 sed
1005 2025 1061 2078 in
1097 2023 1322 2078 somnis
1353 2040 1453 2077 eas
1487 2022 1827 2092 praesentari
1858 2023 2080 2079 ﬁrmis-

427 2115 786 2181 sime,eliam
818 2111 1133 2180 dormiens,
1152 2118 1407 2166 tenerem
1444 2117 1620 2181 atque
1646 2110 2079 2167 sentirem.Hoc

428 2210 625 2260 tamen
659 2203 902 2258 fallebar
927 2201 1265 2272 aliquando,
1311 2201 1466 2271 quod
1503 2201 1690 2255 amico
1718 2217 1866 2268 meo,
1901 2217 2075 2272 quem

429 2292 699 2348 similiter
729 2292 786 2346 in
819 2290 1045 2346 somnis
1087 2289 1374 2355 videbam,
1421 2289 1676 2359 idipsum
1726 2289 2076 2359 persuadere

429 2383 704 2448 conabar,
727 2398 839 2435 non
863 2396 992 2435 esse
1018 2378 1117 2432 illa
1139 2394 1543 2449 corpora,quce
1569 2378 1937 2442 videbamus,
1970 2378 2072 2432 sed

427 2489 558 2528 esse
580 2469 866 2541 imagines
886 2467 1473 2533 somniantium,cum
1495 2466 1902 2537 ctipseutique
1922 2467 2076 2524 inter

427 2560 529 2616 illa
569 2561 655 2616 sic
701 2559 846 2614 mihi
877 2563 1184 2630 appareret
1212 2556 1508 2626 quomodo
1555 2555 1654 2608 illa
1688 2572 1699 2610 :
1733 2557 1825 2610 cui
1875 2560 1932 2611 et
1965 2557 2072 2611 hoc

426 2650 712 2718 dicebam,
747 2666 932 2719 neque
965 2649 1021 2701 id
1053 2664 1250 2701 verum
1281 2663 1409 2701 esse
1441 2646 1595 2715 quod
1628 2644 1842 2715 pariter
1871 2644 2070 2716 loque-

424 2756 644 2810 remur,
659 2738 760 2794 sed
773 2738 948 2793 etiam
962 2737 1155 2808 ipsum
1170 2742 1309 2790 tunc
1323 2733 1482 2790 aliud
1497 2734 1710 2804 aliquid
1734 2734 1926 2790 videre
1944 2736 2073 2790 dor-

427 2829 797 2897 mientem,et
817 2831 1014 2881 utrum
1039 2825 1150 2880 ista
1162 2841 1266 2895 ego
1291 2823 1544 2878 viderem
1566 2822 1803 2878 omnino
1825 2824 2070 2880 nousci-

424 2934 514 2984 re,
537 2933 739 2972 verum
761 2932 894 2970 cum
907 2915 1097 2970 eidem
1112 2914 1222 2986 ipsi
1247 2915 1599 2985 persuadere
1619 2913 1901 2968 moliebar
1914 2915 2067 2985 quod

422 3005 547 3078 ipse
561 3023 674 3060 non
688 3004 1283 3071 esset,adducebarex
1297 3009 1459 3074 parte
1472 3002 1642 3058 etiam
1654 3001 1847 3074 ipsum
1863 3009 2068 3074 putare

421 3111 572 3161 esse,
594 3093 685 3149 cui
709 3094 964 3165 profecto
986 3109 1099 3147 non
1121 3091 1472 3162 loquerer,si
1497 3091 1657 3146 omni
1681 3092 1852 3146 modo
1875 3092 1959 3146 sic
1980 3093 2064 3147 af-

422 3186 624 3238 licerer
643 3183 798 3254 quod
823 3183 951 3254 ipse
972 3199 1084 3237 non
1108 3187 1282 3236 esset.
1298 3180 1382 3235 Ita
1396 3198 1509 3235 non
1533 3186 1778 3251 poterat,
1797 3181 2066 3251 quamvis

422 3272 767 3328 mirabiliter
804 3271 1074 3343 vigilans,
1121 3270 1318 3325 anima
1364 3269 1734 3336 dormientis,
1771 3270 1877 3323 nisi
1929 3268 2064 3324 duci

409 3359 771 3432 imaginibus
802 3376 1134 3431 corporum,
1167 3377 1231 3413 ac
1263 3358 1312 3412 si
1343 3375 1586 3428 corpora
1615 3359 1745 3429 ipsa.
1773 3363 1988 3414 essent.

481 3450 532 3504 4.
561 3451 621 3504 In
645 3450 855 3504 ecstasi
878 3454 1071 3502 autem
1098 3465 1277 3502 unum
1313 3447 1516 3501 audire
1541 3448 1787 3517 potui,et
1805 3465 1939 3503 eum
1965 3466 2060 3503 ru-

409 3537 703 3593 sticanum
716 3539 812 3591 vix
830 3537 1114 3592 valentem
1134 3538 1287 3608 quod
1308 3537 1597 3591 sentiebat
1609 3537 2058 3606 esprimere,qui

406 3630 463 3681 et
490 3625 730 3696 vigilare
761 3642 821 3680 se
852 3625 1046 3693 sciret,
1080 3629 1136 3678 et
1167 3623 1358 3678 videre
1389 3623 1670 3692 quiddam
1725 3640 1841 3678 non
1873 3623 2058 3678 oculis

404 3714 683 3785 corporis.
700 3714 845 3769 Nam
873 3720 933 3768 ut
955 3715 1083 3784 ejus
1106 3712 1295 3767 verbis
1327 3719 1478 3777 utar,
1499 3717 1784 3784 quantum
1808 3712 2057 3768 recolere

402 3819 644 3873 possum
669 3821 683 3859 :
708 3804 920 3858 Anima
937 3820 1089 3870 mea,
1105 3801 1320 3873 inquit,
1337 3801 1571 3856 videbat
1590 3819 1747 3870 eum,
1764 3819 1878 3856 non
1901 3803 2055 3857 oeuli

399 3892 667 3948 mei.Non
690 3899 885 3948 tamen
904 3893 1127 3948 sciebat
1145 3899 1340 3946 utrum
1356 3909 1566 3963 corpus
1581 3897 1754 3959 esset,
1771 3909 1844 3946 an
1859 3892 2052 3963 imago

396 3983 676 4054 corporis.
697 3981 821 4037 Non
844 3982 999 4037 enim
1023 3987 1145 4036 erat
1168 3981 1322 4052 talis,
1341 3986 1404 4035 ut
1423 3980 1538 4036 ista
1559 3981 1936 4048 discerneret,
1957 3998 2051 4036 ve-
2084 4042 2091 4048 _

395 4087 526 4124 rum
559 4077 680 4125 tam
713 4070 1057 4142 simpliciter
1077 4069 1289 4136 fidelis,
1318 4075 1380 4123 ut
1408 4086 1543 4124 cum
1563 4069 1647 4124 sic
1671 4071 1958 4135 audirem,
1984 4086 2049 4125 ae

394 4160 442 4213 si
478 4159 621 4213 illud
654 4161 809 4231 quod
841 4176 903 4215 se
933 4160 1152 4214 vidisse
1185 4159 1485 4227 narrabat,
1518 4159 1644 4229 ipse
1675 4159 1974 4214 vidissem.

462 4247 518 4301 5.
549 4249 628 4301 Ac
661 4263 760 4316 per
788 4247 897 4302 hoc
940 4248 989 4302 si
1023 4247 1364 4317 paradisum
1418 4246 1630 4302 Paulus
1679 4247 1758 4301 ita
1788 4246 1949 4314 vidit,
1984 4251 2048 4302 ut

392 4335 668 4406 apparuit
697 4338 865 4389 Petro
895 4325 993 4390 ille
1019 4336 1219 4389 discus
1241 4335 1576 4390 submissus
1608 4352 1637 4390 e
1668 4335 1808 4391 coelo
1832 4336 1963 4406 :Act.
1986 4354 2042 4405 x,

393 4424 503 4493 11),
523 4424 810 4479 utJoanni
829 4422 1115 4495 quidquid
1143 4424 1200 4477 in
1222 4423 1566 4494 Apocalypsi
1587 4440 1648 4478 se
1671 4424 1886 4480 vidisse
1907 4442 2042 4480 con-

390 4512 628 4584 scripsit
656 4512 838 4584 (Apoc.
875 4530 914 4575 1,
949 4513 1038 4575 12,
1069 4520 1213 4580 δια),
1250 4518 1316 4567 ut
1347 4512 1629 4566 Ezechieli
1673 4529 1916 4584 campus
1949 4513 2044 4570 ille

393 4618 528 4656 cum
562 4603 799 4658 ossibus
831 4609 1196 4656 mortuorum
1229 4609 1285 4654 et
1335 4599 1432 4655 illa
1461 4618 1662 4656 eorum
1695 4604 2042 4658 resurrectio

391 4691 608 4759 (Bacch.
644 4707 861 4758 xxxvu,
897 4692 1072 4760 1-10),
1106 4696 1171 4745 ut
1219 4690 1380 4746 Isaiae
1431 4691 1640 4745 sedens
1691 4696 1862 4756 Deus,
1897 4697 1953 4746 et
1981 4695 2039 4746 in

393 4787 706 4850 conspectu
731 4779 1274 4850 ejusSeraphim,et
1305 4797 1405 4834 ara
1431 4779 1586 4833 unde
1605 4780 1780 4833 carbo
1804 4797 2040 4835 assum—

391 4871 526 4939 ptus
562 4869 857 4938 Propheta:
889 4869 1040 4924 labia
1074 4871 1378 4925 inundavit
1403 4870 1554 4939 (lsai.
1576 4869 1816 4940 v1,1-7);
1853 4870 2039 4924 mani-

391 4957 610 5011 festum
642 4962 731 5011 est
760 4973 894 5011 eum
924 4957 1191 5028 ignorare
1227 4959 1486 5029 potuisse
1519 4965 1717 5012 utrum
1747 4960 1802 5012 in
1836 4976 2037 5030 oorpo-

389 5061 470 5112 re,
504 5063 576 5099 an
609 5051 772 5100 extra
802 5062 1012 5118 corpus
1043 5063 1112 5102 ea
1140 5048 1368 5103 viderit.

387 5178 620 5234 CAPUT
653 5179 752 5234 Ill.
779 5211 844 5218 —-
871 5180 1154 5246 Apostolus
1175 5192 1349 5236 certus
1372 5199 1428 5236 se
1455 5185 1657 5236 vidisse
1684 5184 1911 5238 tertium
1931 5200 2036 5238 crv-

725 5253 864 5320 lum,
899 5255 1141 5307 incertus
1175 5255 1438 5323 quomodo
1471 5255 1690 5310 vzderiz.

457 5359 511 5412 6.
545 5359 657 5413 Sed
691 5358 737 5413 si
771 5362 932 5412 extra
971 5375 1183 5428 corpus
1214 5359 1336 5413 visa
1365 5365 1522 5426 sunt,
1559 5365 1616 5415 et
1645 5378 1888 5432 corpora
1921 5379 2033 5418 non

387 5447 644 5517 fuerunt,
668 5446 860 5502 adhuc
893 5447 1072 5518 quaeri
1097 5453 1285 5517 potest
1305 5454 1504 5503 utrum
1527 5448 1814 5520 imagines
1837 5469 2036 5522 corpo-

384 5551 517 5591 rum
547 5535 878 5606 t'uerint,an
911 5553 979 5591 ea
1000 5537 1335 5592 substantia
1365 5554 1494 5609 quae
1516 5537 1740 5596 nullam
1771 5542 2032 5612 corporis

451 5680 466 5714 ⁸
494 5677 647 5742 Editi,
693 5677 1110 5732 consuetudinem
1138 5693 1157 5728 :
1188 5693 1283 5743 pro
1314 5693 1421 5744 quo
1454 5679 1598 5744 Mss,
1634 5683 2026 5735 consensionem.

1334 287 1430 346 DE
1478 285 1756 346 GENESI
1803 291 1902 346 AD
1953 285 2369 348 LITTERAM.
2419 289 2481 348 S.
2531 289 2953 352 AUGUSTINI
3717 296 3797 354 456

2206 420 2656 478 similitudinem
2705 423 2875 495 gerit,
2907 423 3062 478 sicut
3102 423 3276 488 Deus,
3317 423 3471 478 sicut
3511 423 3639 496 ipsa
3679 443 3801 482 mens

2207 510 2483 580 hominis,
2513 511 2603 566 vel
2634 511 3039 584 intelligentia,
3067 511 3153 567 vel
3184 513 3353 580 ratio,
3385 513 3538 568 sicut
3583 515 3801 581 virtutes,

2207 601 2542 671 prudentia,
2587 601 2838 672 justitia,
2889 603 3149 668 castitas,
3196 601 3474 668 charitas,
3525 602 3718 673 pietas,
3762 613 3802 659 et

2207 705 2591 760 quaecumque
2616 690 2748 746 aliae
2777 695 2933 756 sunt,
2969 707 3116 762 quas
3139 689 3516 762 intelligendo
3548 696 3713 763 atque
3736 710 3802 748 co-

2203 778 2444 849 gitando
2474 795 2911 849 enumeramus,
2934 779 3347 846 discernimus,
3371 779 3699 847 deﬁnimus,
3720 799 3804 837 non

2206 868 2410 938 utique
2441 868 2735 924 intuentes
2765 867 3118 924 lineamenta
3137 885 3340 924 earum
3360 869 3450 924 vel
3479 868 3712 936 colores,
3735 879 3806 926 aut

2206 957 2500 1028 quomodo
2531 963 2760 1024 sonent,
2788 963 2889 1014 aut
2917 958 3060 1029 quid
3090 958 3304 1026 oleant,
3339 963 3440 1013 aut
3482 958 3623 1030 quid
3652 958 3704 1013 in
3736 974 3807 1014 ore

2203 1045 2457 1116 sapiant,
2477 1051 2577 1102 aut
2607 1047 2748 1118 quid
2779 1047 3281 1103 contrectantibus
3301 1047 3371 1102 de
3400 1045 3589 1102 calore
3619 1063 3716 1102 seu
3736 1048 3807 1102 fri-

2202 1151 2365 1206 gore,
2398 1134 2765 1191 mollitudine
2803 1153 2907 1190 seu
2935 1135 3177 1204 duritia,
3222 1135 3459 1190 lenitate
3489 1152 3590 1190 seu
3624 1138 3808 1207 asperi-

2202 1230 2320 1280 tate
2366 1227 2738 1291 renuntient,
2790 1226 2891 1280 sed
2943 1224 3055 1280 alia
3111 1226 3365 1297 quadam
3425 1225 3671 1292 visione,
3726 1226 3812 1281 alia

2201 1312 2350 1383 luce,
2366 1313 2481 1368 alia
2510 1330 2704 1368 rerum
2737 1314 3047 1382 evidentia,
3067 1319 3124 1368 et
3151 1331 3220 1369 ea
3247 1313 3416 1385 longe
3446 1314 3672 1369 caeteris
3702 1333 3811 1386 pra-

2200 1403 2481 1458 stantiore
2507 1409 2682 1474 atque
2712 1404 2976 1458 certiore.

2267 1495 2319 1545 7.
2355 1492 2581 1547 Rursus
2605 1493 2786 1563 igitur
2801 1493 2872 1547 ad
2904 1491 3105 1547 eadem
3129 1491 3255 1562 ipsa
3283 1493 3542 1564 Apostoli
3566 1493 3737 1548 verba
3754 1510 3812 1547 re-

2197 1582 2362 1636 deam
2375 1600 2463 1647 us,
2477 1586 2534 1636 et
2559 1598 2623 1635 ea
2636 1580 2980 1652 diligentius
2993 1585 3447 1652 perscrutemur,
3465 1580 3574 1636 hoc
3594 1581 3720 1637 sine
3735 1582 3814 1636 du-

2197 1669 2480 1725 bitatione
2497 1671 2769 1741 primitus
2787 1672 3124 1740 constituto,
3147 1669 3330 1724 multo
3344 1670 3536 1742 magis
3556 1674 3731 1741 atque
3747 1671 3813 1726 in-

2195 1757 2667 1828 comparabiliter
2695 1757 2950 1829 amplius
2985 1758 3330 1830 Apostolum
3359 1758 3566 1824 scisse,
3591 1761 3743 1830 quod
3761 1762 3814 1815 de

2192 1847 2532 1918 incorporea
2545 1863 2934 1918 corporeaque
2948 1853 3158 1902 natura
3169 1864 3272 1902 nos
3287 1847 3618 1903 utseiamus
3631 1854 3816 1903 utcum-

2191 1953 2326 2008 que,
2341 1953 2640 1992 conamur.
2661 1937 2717 1990 Si
2735 1953 2871 2007 ergo
2894 1935 3468 2008 sciebat,spiritualia
3490 1953 3816 2009 percorpus,

2189 2025 2512 2097 corporalia
2543 2031 2700 2080 extra
2735 2042 2942 2096 corpus
2982 2024 3160 2080 videri
3190 2025 3428 2080 omnino
3479 2042 3597 2081 non
3629 2043 3815 2098 posse;

2188 2131 2293 2169 cur
2322 2131 2434 2169 non
2468 2131 2568 2185 per
2594 2131 2662 2168 ea
2692 2114 2821 2184 ipsa
2851 2132 2976 2185 qua:
3011 2115 3174 2181 vidit,
3209 2115 3502 2184 quomodo
3525 2115 3706 2170 etiam
3731 2132 3815 2187 po-

2187 2203 2365 2258 tuerit
2410 2203 2624 2269 vidcre,
2659 2201 2977 2257 discrevit?
3023 2203 3079 2256 Si
3123 2203 3278 2256 enim
3325 2208 3522 2257 certus
3572 2209 3701 2258 erat
3741 2204 3820 2258 illa

2185 2308 2314 2347 esse
2344 2291 2694 2362 spiritualia,
2720 2307 2822 2345 cur
2847 2308 2957 2345 non
2983 2297 3408 2361 consequenter
3428 2296 3594 2346 extra
3624 2309 3818 2364 corpus

2185 2396 2252 2436 ea
2282 2397 2341 2435 se
2362 2379 2578 2434 vidisse
2600 2385 2792 2434 certus
2818 2379 3198 2434 nihilominus
3223 2380 3390 2434 erat?
3413 2379 3466 2433 Si
3491 2385 3690 2435 autem
3717 2398 3818 2436 cor-

2183 2470 2408 2541 poralia
2438 2486 2565 2523 esse
2597 2476 2852 2536 noverat,
2878 2468 3111 2523 nonnisi
3144 2486 3245 2540 per
3273 2485 3485 2540 corpus
3517 2469 3706 2525 videri
3737 2487 3817 2540 po-

2180 2559 2370 2613 tuisse
2401 2575 2504 2611 cur
2544 2575 2658 2612 non
2711 2558 2882 2612 etiam
2929 2557 3207 2612 noverat?
3240 2557 3400 2612 Unde
3431 2575 3568 2628 ergo
3605 2560 3820 2614 dubitat

2182 2652 2381 2702 utrum
2415 2647 2471 2701 in
2509 2663 2746 2717 corpore
2775 2665 2848 2701 an
2898 2653 3058 2700 extra
3102 2663 3311 2716 corpus
3343 2661 3409 2700 ea
3456 2647 3690 2713 viderit,
3723 2649 3819 2702 nisi

2180 2736 2327 2792 forte
2357 2737 2438 2791 ita
2466 2736 2640 2791 etiam
2673 2735 2903 2790 dubitat
2932 2741 3130 2790 utrum
3165 2735 3261 2790 illa
3289 2752 3533 2807 corpora
3555 2753 3629 2790 an
3664 2737 3818 2791 simi-

2177 2823 2459 2881 litudines
2491 2840 2798 2897 corporum
2823 2824 3080 2879 fuerint?
3110 2823 3274 2878 Prius
3306 2823 3502 2896 itaque
3521 2824 3818 2880 videamus

2178 2913 2320 2984 quid
2370 2914 2448 2968 sit
2496 2914 2555 2968 in
2603 2913 2912 2968 verborum
2960 2913 3206 2967 istorum
3260 2914 3626 2968 contextione
3677 2917 3820 2970 unde

2178 3019 2293 3058 non
2326 3003 2574 3072 dubitet,
2609 3008 2784 3073 atque
2811 3003 2891 3057 ita
2919 3019 3051 3056 cum
3086 3007 3436 3057 remanserit
3468 3004 3619 3057 unde
3654 3004 3817 3058 dubi-

2175 3095 2284 3159 tet,
2312 3091 2578 3146 fortassis
2627 3107 2696 3145 ex
2743 3091 2835 3145 his
2865 3094 2934 3146 de
2981 3091 3194 3161 quibus
3227 3108 3341 3145 non
3394 3091 3647 3160 dubitat,
3685 3109 3820 3165 quo-

2177 3181 2348 3235 modo
2381 3181 2557 3235 etiam
2591 3179 2734 3234 illud
2767 3180 2995 3234 dubitet
3025 3179 3347 3250 apparebit.

2244 3270 2297 3324 8.
2331 3269 2472 3334 Scio,
2503 3269 2710 3338 inquit,
2735 3271 3012 3324 hominem
3031 3270 3090 3324 in
3110 3269 3323 3324 Christo
3353 3280 3484 3324 ante
3499 3287 3674 3324 annos
3694 3288 3818 3342 qua-

2173 3360 2493 3427 tuordecim,
2508 3360 2624 3413 sive
2654 3361 2712 3412 in
2742 3374 2963 3428 corpore
2979 3361 3308 3423 nescio,sive
3326 3368 3486 3412 eum
3513 3375 3717 3429 corpus
3735 3377 3819 3415 nc-

2169 3450 2300 3515 scio,
2333 3451 2471 3502 Deus
2501 3451 2621 3515 scit,
2653 3454 2874 3518 raptum
2894 3448 3159 3518 ejusmodi
3189 3465 3350 3518 usque
3382 3451 3438 3502 in
3471 3451 3698 3503 tertium
3718 3466 3811 3504 ειε-

2169 3537 2304 3591 lum.
2339 3537 2454 3590 Scit
2484 3553 2618 3606 ergo
2651 3543 2783 3590 ante
2815 3553 3000 3591 annos
3035 3536 3471 3607 quatuordecim
3510 3537 3569 3590 in
3590 3537 3814 3593 Christo

2168 3632 2397 3696 raptum
2415 3626 2713 3679 hominem
2731 3627 2998 3696 usquead
3020 3625 3253 3679 tertium
3268 3624 3616 3694 cmlum,hoc
3632 3627 3811 3680 omni-

2166 3731 2239 3768 no
2261 3732 2372 3768 non
2393 3714 2648 3779 dubitat;
2676 3732 2779 3768 nec
2800 3731 2905 3767 nos
2927 3731 3062 3785 ergo
3085 3714 3426 3768 dubitemus
3448 3733 3461 3769 :
3490 3715 3589 3769 sed
3617 3722 3807 3768 utrum

2163 3803 2221 3858 in
2253 3821 2492 3874 corpore
2520 3821 2593 3857 an
2615 3809 2775 3858 extra
2805 3803 3310 3873 corpus,dubitat;
3338 3805 3490 3857 unde
3515 3804 3610 3858 illo
3645 3805 3805 3858 dubi-

2161 3897 2342 3956 tante,
2376 3894 2506 3962 quis
2539 3898 2805 3946 nostrum
2839 3897 3033 3946 certus
3053 3907 3180 3946 esse
3203 3891 3457 3946 audeat?
3486 3891 3637 3946 Num
3673 3893 3818 3946 forte

2161 3981 2298 4035 hinc
2329 3981 2503 4035 etiam
2537 3981 2677 4034 illud
2711 3997 3076 4052 consequens
3098 3981 3208 4035 erit
3239 3986 3302 4035 ut
3332 3980 3569 4035 tertium
3600 3981 3807 4036 ccelum

2161 4071 2834 4140 l'uissedubitemus,quo
2849 4071 3384 4141 raptumhominem
3401 4069 3807 4125 dixit?Sienim

2158 4176 2250 4214 res
2268 4159 2394 4230 ipsa
2417 4161 2815 4213 demonstrata
2833 4166 2941 4225 est,
2959 4159 3127 4213 tertiu
3141 4176 3193 4213 m
3219 4158 3429 4213 cmlum
3448 4159 3808 4214 demonstra-

2157 4255 2280 4303 tum
2312 4249 2494 4302 estzsi
2526 4254 2722 4302 autem
2751 4247 2941 4318 imago
2965 4247 3159 4319 aliqua
3182 4248 3574 4318 corporalium
3597 4246 3806 4302 similis

2155 4336 2306 4392 facta
2336 4343 2446 4403 est,
2480 4354 2594 4392 non
2645 4342 2769 4392 erat
2817 4337 2965 4391 illud
3021 4337 3255 4392 tertium
3306 4335 3543 4407 coelum,
3576 4338 3673 4392 sed
3704 4335 3804 4389 illa

2154 4425 2409 4480 ostensio
2442 4426 2525 4480 sic
2547 4426 2817 4481 ordinata
2837 4431 2947 4492 est,
2967 4430 3028 4479 ut
3048 4425 3342 4479 videretur
3360 4425 3472 4479 sibi
3495 4425 3804 4480 ascendere

2155 4515 2408 4584 primum
2436 4515 2668 4579 cmlum,
2713 4533 2890 4585 super
2921 4516 3072 4586 quod
3131 4515 3349 4569 videret
3381 4514 3655 4580 alterum,
3685 4528 3803 4582 quo

2152 4621 2356 4658 rursus
2389 4605 2713 4658 ascendens
2740 4608 2947 4658 iterum
2981 4605 3226 4658 alterum
3257 4604 3478 4657 videret
3507 4603 3800 4674 superius,

2151 4709 2264 4763 quo
2287 4709 2420 4746 cum
2442 4695 2820 4762 pervenisset,
2843 4698 3030 4764 posset
3054 4693 3244 4746 dicere
3269 4711 3329 4746 se
3352 4693 3408 4746 in
3435 4693 3663 4747 tertium
3688 4710 3798 4743 «ω-

2149 4780 2271 4835 lum
2290 4788 2541 4852 raptum.
2559 4783 2665 4859 Sed
2689 4783 2828 4836 illud
2847 4784 2998 4852 quod
3019 4783 3250 4836 tertium
3267 4782 3476 4835 coelum
3505 4787 3796 4848 esset,qun

2150 4875 2352 4940 raptus
2384 4876 2491 4936 est,
2518 4888 2703 4942 neque
2724 4871 3030 4938 dubitavit,
3056 4887 3244 4941 neque
3275 4872 3546 4925 dubitare
3576 4887 3671 4923 nos
3692 4884 3796 4921 vo-

2148 4958 2259 5012 luit
2292 4976 2304 5013 :
2339 4960 2408 5013 ad
2444 4959 2550 5014 hoc
2581 4961 2735 5014 enim
2764 4959 3063 5030 praemisit,
3095 4960 3238 5026 Scio,
3265 4965 3320 5012 et
3349 4959 3482 5014 inde
3513 4958 3692 5029 coepit,
3724 4960 3800 5008 ut

2148 5047 2202 5101 id
2236 5052 2385 5118 quod
2421 5065 2482 5103 se
2515 5048 2665 5103 scire
2689 5049 3000 5119 Apostolus
3030 5048 3192 5116 dicit,
3219 5049 3380 5102 solus
3413 5048 3506 5102 ille
3539 5063 3638 5100 non
3663 5060 3794 5096 cre-

2147 5137 2245 5191 dat
2279 5154 2476 5192 verum
2511 5153 2659 5205 esse,
2695 5138 2795 5209 qui
2828 5155 2942 5192 non
2975 5138 3160 5192 credit
3186 5138 3481 5208 Apostolo.

2145 5314 2373 5370 CAPUT
2407 5315 2492 5370 IV.
2526 5347 2590 5357 —
2627 5316 2757 5372 Vere
2801 5318 3026 5373 tertium
3072 5317 3264 5372 caelum
3309 5319 3486 5387 fuisse
3515 5313 3642 5370 illud
3666 5328 3791 5384 quo

2215 5391 2404 5457 rapias
2433 5391 2512 5441 est
2541 5389 2841 5458 Apostolus.
2874 5391 3181 5459 Difﬁcultas
3209 5391 3469 5460 quomodo
3501 5387 3794 5460 Apostolus

2212 5464 2397 5604 certa;
2424 5461 2494 5544 sit
2522 5457 2594 5514 de
2614 5462 2743 5517 cwlo
2776 5463 2908 5529 viso,
2939 5457 2993 5516 et
3020 5457 3269 5517 incertas
3299 5463 3364 5518 de
3395 5457 3547 5516 modo
3567 5472 3656 5530 quo
3692 5457 3792 5509 vi-

2210 5547 2332 5585 sum
2389 5539 2490 5586 nu.

2208 5674 2261 5732 9.
2295 5673 2416 5734 Scit
2443 5690 2580 5748 ergo
2611 5675 2908 5733 hominem
2940 5682 3174 5751 raptum
3206 5693 3334 5734 esse
3364 5692 3543 5750 usque
3569 5674 3620 5729 in
3648 5675 3778 5726 ter-
