  <div class='ocr_page' id='page_1' title='image "/cluster/home/n/w/nwhite01/storage/ocr_20150623/34/hvd.32044096580576/235.png"; bbox 0 0 3954 6178; ppageno 0'>
   <div class='ocr_carea' id='block_1_1' title="bbox 352 361 471 423">
    <p class='ocr_par' dir='ltr' id='par_1_1' title="bbox 352 361 471 423">
     <span class='ocr_line' id='line_1_1' title="bbox 352 361 471 423; baseline -0.017 0"><span class='ocrx_word' id='word_1_1' title='bbox 352 361 471 423; x_wconf 74' lang='grc'>459</span> 
     </span>
    </p>
   </div>
   <div class='ocr_carea' id='block_1_2' title="bbox 349 494 1994 568">
    <p class='ocr_par' dir='ltr' id='par_1_2' title="bbox 349 494 1994 568">
     <span class='ocr_line' id='line_1_2' title="bbox 349 494 1994 568; baseline -0.005 -15"><span class='ocrx_word' id='word_1_2' title='bbox 349 498 493 553; x_wconf 91' lang='lat' dir='ltr'>bent</span> <span class='ocrx_word' id='word_1_3' title='bbox 525 497 809 568; x_wconf 80' lang='lat' dir='ltr'>imagines</span> <span class='ocrx_word' id='word_1_4' title='bbox 832 496 923 552; x_wconf 93' lang='lat' dir='ltr'>sui</span> <span class='ocrx_word' id='word_1_5' title='bbox 944 495 1323 567; x_wconf 71' lang='lat' dir='ltr'>similes,quae</span> <span class='ocrx_word' id='word_1_6' title='bbox 1348 512 1460 551; x_wconf 96' lang='lat' dir='ltr'>non</span> <span class='ocrx_word' id='word_1_7' title='bbox 1494 498 1633 549; x_wconf 92' lang='lat' dir='ltr'>sunt</span> <span class='ocrx_word' id='word_1_8' title='bbox 1657 495 1811 565; x_wconf 92' lang='lat' dir='ltr'>quod</span> <span class='ocrx_word' id='word_1_9' title='bbox 1835 494 1994 565; x_wconf 64' lang='lat' dir='ltr'>ipsa.</span> 
     </span>
    </p>
   </div>
   <div class='ocr_carea' id='block_1_3' title="bbox 349 583 2003 656">
    <p class='ocr_par' dir='ltr' id='par_1_3' title="bbox 349 583 2003 656">
     <span class='ocr_line' id='line_1_3' title="bbox 349 583 2003 656; baseline -0.004 -13"><span class='ocrx_word' id='word_1_10' title='bbox 349 587 495 643; x_wconf 84' lang='lat' dir='ltr'>Nam</span> <span class='ocrx_word' id='word_1_11' title='bbox 522 587 693 642; x_wconf 92' lang='lat' dir='ltr'>homo</span> <span class='ocrx_word' id='word_1_12' title='bbox 724 587 812 642; x_wconf 87' lang='lat' dir='ltr'>vel</span> <span class='ocrx_word' id='word_1_13' title='bbox 844 588 1017 642; x_wconf 91' lang='lat' dir='ltr'>arbor</span> <span class='ocrx_word' id='word_1_14' title='bbox 1038 586 1123 640; x_wconf 85' lang='lat' dir='ltr'>vel</span> <span class='ocrx_word' id='word_1_15' title='bbox 1151 584 1322 649; x_wconf 87' lang='lat' dir='ltr'>sol,et</span> <span class='ocrx_word' id='word_1_16' title='bbox 1342 599 1720 656; x_wconf 65' lang='lat' dir='ltr'>quaecumque</span> <span class='ocrx_word' id='word_1_17' title='bbox 1742 583 1855 637; x_wconf 90' lang='lat' dir='ltr'>alia</span> <span class='ocrx_word' id='word_1_18' title='bbox 1877 600 2003 638; x_wconf 92' lang='lat' dir='ltr'>cor-</span> 
     </span>
    </p>
   </div>
   <div class='ocr_carea' id='block_1_4' title="bbox 351 671 2003 749">
    <p class='ocr_par' dir='ltr' id='par_1_4' title="bbox 351 671 2003 749">
     <span class='ocr_line' id='line_1_4' title="bbox 351 671 2003 749; baseline -0.004 -17"><span class='ocrx_word' id='word_1_19' title='bbox 351 675 643 749; x_wconf 87' lang='lat' dir='ltr'>pora,sive</span> <span class='ocrx_word' id='word_1_20' title='bbox 660 675 898 731; x_wconf 87' lang='lat' dir='ltr'>colestia</span> <span class='ocrx_word' id='word_1_21' title='bbox 919 676 1038 731; x_wconf 88' lang='lat' dir='ltr'>sive</span> <span class='ocrx_word' id='word_1_22' title='bbox 1062 675 1443 741; x_wconf 82' lang='lat' dir='ltr'>terrestria,et</span> <span class='ocrx_word' id='word_1_23' title='bbox 1464 672 1773 745; x_wconf 72' lang='lat' dir='ltr'>praesentia</span> <span class='ocrx_word' id='word_1_24' title='bbox 1804 671 2003 727; x_wconf 91' lang='lat' dir='ltr'>viden-</span> 
     </span>
    </p>
   </div>
   <div class='ocr_carea' id='block_1_5' title="bbox 350 760 2003 835">
    <p class='ocr_par' dir='ltr' id='par_1_5' title="bbox 350 760 2003 835">
     <span class='ocr_line' id='line_1_5' title="bbox 350 760 2003 835; baseline -0.004 -14"><span class='ocrx_word' id='word_1_25' title='bbox 350 770 448 821; x_wconf 92' lang='lat' dir='ltr'>tur</span> <span class='ocrx_word' id='word_1_26' title='bbox 471 765 531 820; x_wconf 93' lang='lat' dir='ltr'>in</span> <span class='ocrx_word' id='word_1_27' title='bbox 552 766 678 822; x_wconf 85' lang='lat' dir='ltr'>suis</span> <span class='ocrx_word' id='word_1_28' title='bbox 701 765 991 833; x_wconf 85' lang='lat' dir='ltr'>formis,et</span> <span class='ocrx_word' id='word_1_29' title='bbox 1008 764 1273 819; x_wconf 83' lang='lat' dir='ltr'>absentia</span> <span class='ocrx_word' id='word_1_30' title='bbox 1289 762 1619 835; x_wconf 79' lang='lat' dir='ltr'>cogitantur</span> <span class='ocrx_word' id='word_1_31' title='bbox 1639 760 2003 833; x_wconf 84' lang='lat' dir='ltr'>imaginibus</span> 
     </span>
    </p>
   </div>
   <div class='ocr_carea' id='block_1_6' title="bbox 355 849 1998 928">
    <p class='ocr_par' dir='ltr' id='par_1_6' title="bbox 355 849 1998 928">
     <span class='ocr_line' id='line_1_6' title="bbox 355 849 1998 928; baseline -0.004 -17"><span class='ocrx_word' id='word_1_32' title='bbox 355 856 552 911; x_wconf 87' lang='lat' dir='ltr'>animo</span> <span class='ocrx_word' id='word_1_33' title='bbox 573 854 917 928; x_wconf 80' lang='lat' dir='ltr'>impressis;</span> <span class='ocrx_word' id='word_1_34' title='bbox 948 858 1004 909; x_wconf 90' lang='lat' dir='ltr'>et</span> <span class='ocrx_word' id='word_1_35' title='bbox 1046 854 1268 909; x_wconf 83' lang='lat' dir='ltr'>faciunt</span> <span class='ocrx_word' id='word_1_36' title='bbox 1294 854 1407 908; x_wconf 94' lang='lat' dir='ltr'>duo</span> <span class='ocrx_word' id='word_1_37' title='bbox 1439 868 1654 924; x_wconf 90' lang='lat' dir='ltr'>genera</span> <span class='ocrx_word' id='word_1_38' title='bbox 1700 849 1956 906; x_wconf 78' lang='lat' dir='ltr'>visorum</span> <span class='ocrx_word' id='word_1_39' title='bbox 1985 866 1998 904; x_wconf 91' lang='lat'>:</span> 
     </span>
    </p>
   </div>
   <div class='ocr_carea' id='block_1_7' title="bbox 355 940 2000 1017">
    <p class='ocr_par' dir='ltr' id='par_1_7' title="bbox 355 940 2000 1017">
     <span class='ocr_line' id='line_1_7' title="bbox 355 940 2000 1017; baseline -0.004 -17"><span class='ocrx_word' id='word_1_40' title='bbox 355 962 536 1000; x_wconf 92' lang='lat' dir='ltr'>unum</span> <span class='ocrx_word' id='word_1_41' title='bbox 568 961 671 1017; x_wconf 90' lang='lat' dir='ltr'>per</span> <span class='ocrx_word' id='word_1_42' title='bbox 717 944 979 1015; x_wconf 89' lang='lat' dir='ltr'>corporis</span> <span class='ocrx_word' id='word_1_43' title='bbox 1001 960 1236 1009; x_wconf 88' lang='lat' dir='ltr'>sensus,</span> <span class='ocrx_word' id='word_1_44' title='bbox 1268 940 1518 998; x_wconf 90' lang='lat' dir='ltr'>alterum</span> <span class='ocrx_word' id='word_1_45' title='bbox 1560 957 1663 1013; x_wconf 90' lang='lat' dir='ltr'>per</span> <span class='ocrx_word' id='word_1_46' title='bbox 1702 940 2000 1012; x_wconf 86' lang='lat' dir='ltr'>spiritum,</span> 
     </span>
    </p>
   </div>
   <div class='ocr_carea' id='block_1_8' title="bbox 350 1031 2003 1107">
    <p class='ocr_par' dir='ltr' id='par_1_8' title="bbox 350 1031 2003 1107">
     <span class='ocr_line' id='line_1_8' title="bbox 350 1031 2003 1107; baseline -0.004 -17"><span class='ocrx_word' id='word_1_47' title='bbox 350 1052 464 1107; x_wconf 90' lang='lat' dir='ltr'>quo</span> <span class='ocrx_word' id='word_1_48' title='bbox 487 1033 600 1089; x_wconf 71' lang='lat' dir='ltr'>illa:</span> <span class='ocrx_word' id='word_1_49' title='bbox 622 1033 909 1106; x_wconf 90' lang='lat' dir='ltr'>imagines</span> <span class='ocrx_word' id='word_1_50' title='bbox 928 1034 1320 1089; x_wconf 85' lang='lat' dir='ltr'>continentur.</span> <span class='ocrx_word' id='word_1_51' title='bbox 1344 1031 1586 1087; x_wconf 89' lang='lat' dir='ltr'>Dilectio</span> <span class='ocrx_word' id='word_1_52' title='bbox 1610 1034 2003 1093; x_wconf 80' lang='lat' dir='ltr'>autemnum-</span> 
     </span>
    </p>
   </div>
   <div class='ocr_carea' id='block_1_9' title="bbox 352 1118 2006 1196">
    <p class='ocr_par' dir='ltr' id='par_1_9' title="bbox 352 1118 2006 1196">
     <span class='ocr_line' id='line_1_9' title="bbox 352 1118 2006 1196; baseline -0.004 -17"><span class='ocrx_word' id='word_1_53' title='bbox 352 1125 491 1195; x_wconf 92' lang='lat' dir='ltr'>quid</span> <span class='ocrx_word' id='word_1_54' title='bbox 526 1123 694 1180; x_wconf 84' lang='lat' dir='ltr'>aliter</span> <span class='ocrx_word' id='word_1_55' title='bbox 721 1123 955 1179; x_wconf 91' lang='lat' dir='ltr'>videtur</span> <span class='ocrx_word' id='word_1_56' title='bbox 977 1140 1233 1196; x_wconf 57' lang='lat' dir='ltr'>praesens</span> <span class='ocrx_word' id='word_1_57' title='bbox 1263 1124 1320 1178; x_wconf 86' lang='lat' dir='ltr'>1n</span> <span class='ocrx_word' id='word_1_58' title='bbox 1353 1121 1545 1194; x_wconf 88' lang='lat' dir='ltr'>specie</span> <span class='ocrx_word' id='word_1_59' title='bbox 1571 1137 1689 1192; x_wconf 91' lang='lat' dir='ltr'>qua</span> <span class='ocrx_word' id='word_1_60' title='bbox 1705 1123 1814 1185; x_wconf 90' lang='lat' dir='ltr'>est,</span> <span class='ocrx_word' id='word_1_61' title='bbox 1837 1118 2006 1174; x_wconf 85' lang='lat' dir='ltr'>aliter</span> 
     </span>
    </p>
   </div>
   <div class='ocr_carea' id='block_1_10' title="bbox 351 1209 2000 1285">
    <p class='ocr_par' dir='ltr' id='par_1_10' title="bbox 351 1209 2000 1285">
     <span class='ocr_line' id='line_1_10' title="bbox 351 1209 2000 1285; baseline -0.005 -15"><span class='ocrx_word' id='word_1_62' title='bbox 351 1215 564 1270; x_wconf 87' lang='lat' dir='ltr'>absens</span> <span class='ocrx_word' id='word_1_63' title='bbox 610 1215 671 1269; x_wconf 93' lang='lat' dir='ltr'>in</span> <span class='ocrx_word' id='word_1_64' title='bbox 703 1212 903 1284; x_wconf 89' lang='lat' dir='ltr'>aliqua</span> <span class='ocrx_word' id='word_1_65' title='bbox 935 1213 1191 1285; x_wconf 85' lang='lat' dir='ltr'>imagine</span> <span class='ocrx_word' id='word_1_66' title='bbox 1218 1212 1309 1267; x_wconf 91' lang='lat' dir='ltr'>sui</span> <span class='ocrx_word' id='word_1_67' title='bbox 1341 1210 1563 1267; x_wconf 85' lang='lat' dir='ltr'>simili?</span> <span class='ocrx_word' id='word_1_68' title='bbox 1603 1210 1728 1265; x_wconf 90' lang='lat' dir='ltr'>Non</span> <span class='ocrx_word' id='word_1_69' title='bbox 1762 1209 2000 1280; x_wconf 87' lang='lat' dir='ltr'>utique;</span> 
     </span>
    </p>
   </div>
   <div class='ocr_carea' id='block_1_11' title="bbox 350 1297 2002 1375">
    <p class='ocr_par' dir='ltr' id='par_1_11' title="bbox 350 1297 2002 1375">
     <span class='ocr_line' id='line_1_11' title="bbox 350 1297 2002 1375; baseline -0.005 -16"><span class='ocrx_word' id='word_1_70' title='bbox 350 1305 448 1359; x_wconf 89' lang='lat' dir='ltr'>sed</span> <span class='ocrx_word' id='word_1_71' title='bbox 472 1309 760 1375; x_wconf 90' lang='lat' dir='ltr'>quantum</span> <span class='ocrx_word' id='word_1_72' title='bbox 800 1308 993 1359; x_wconf 87' lang='lat' dir='ltr'>mente</span> <span class='ocrx_word' id='word_1_73' title='bbox 1016 1302 1172 1357; x_wconf 91' lang='lat' dir='ltr'>cerni</span> <span class='ocrx_word' id='word_1_74' title='bbox 1208 1304 1416 1372; x_wconf 87' lang='lat' dir='ltr'>potest,</span> <span class='ocrx_word' id='word_1_75' title='bbox 1451 1300 1522 1354; x_wconf 89' lang='lat' dir='ltr'>ab</span> <span class='ocrx_word' id='word_1_76' title='bbox 1556 1299 1669 1355; x_wconf 87' lang='lat' dir='ltr'>alio</span> <span class='ocrx_word' id='word_1_77' title='bbox 1692 1297 1903 1369; x_wconf 87' lang='lat' dir='ltr'>magis,</span> <span class='ocrx_word' id='word_1_78' title='bbox 1930 1297 2002 1352; x_wconf 89' lang='lat' dir='ltr'>ab</span> 
     </span>
    </p>
   </div>
   <div class='ocr_carea' id='block_1_12' title="bbox 350 1388 2001 1463">
    <p class='ocr_par' dir='ltr' id='par_1_12' title="bbox 350 1388 2001 1463">
     <span class='ocr_line' id='line_1_12' title="bbox 350 1388 2001 1463; baseline -0.004 -16"><span class='ocrx_word' id='word_1_79' title='bbox 350 1392 465 1448; x_wconf 90' lang='lat' dir='ltr'>alio</span> <span class='ocrx_word' id='word_1_80' title='bbox 499 1393 696 1448; x_wconf 88' lang='lat' dir='ltr'>minus</span> <span class='ocrx_word' id='word_1_81' title='bbox 727 1393 854 1463; x_wconf 84' lang='lat' dir='ltr'>ipsa</span> <span class='ocrx_word' id='word_1_82' title='bbox 887 1391 1180 1446; x_wconf 87' lang='lat' dir='ltr'>cernitur:</span> <span class='ocrx_word' id='word_1_83' title='bbox 1220 1391 1269 1445; x_wconf 90' lang='lat' dir='ltr'>si</span> <span class='ocrx_word' id='word_1_84' title='bbox 1312 1396 1510 1445; x_wconf 87' lang='lat' dir='ltr'>autem</span> <span class='ocrx_word' id='word_1_85' title='bbox 1535 1388 1757 1460; x_wconf 88' lang='lat' dir='ltr'>aliquid</span> <span class='ocrx_word' id='word_1_86' title='bbox 1800 1403 2001 1457; x_wconf 74' lang='lat' dir='ltr'>corpo—</span> 
     </span>
    </p>
   </div>
   <div class='ocr_carea' id='block_1_13' title="bbox 351 1476 1752 1554">
    <p class='ocr_par' dir='ltr' id='par_1_13' title="bbox 351 1476 1752 1554">
     <span class='ocr_line' id='line_1_13' title="bbox 351 1476 1752 1554; baseline -0.004 -18"><span class='ocrx_word' id='word_1_87' title='bbox 351 1482 492 1537; x_wconf 88' lang='lat' dir='ltr'>ralis</span> <span class='ocrx_word' id='word_1_88' title='bbox 522 1482 798 1554; x_wconf 82' lang='lat' dir='ltr'>imaginis</span> <span class='ocrx_word' id='word_1_89' title='bbox 828 1480 1136 1552; x_wconf 87' lang='lat' dir='ltr'>cogitatur,</span> <span class='ocrx_word' id='word_1_90' title='bbox 1172 1494 1285 1533; x_wconf 92' lang='lat' dir='ltr'>non</span> <span class='ocrx_word' id='word_1_91' title='bbox 1319 1478 1446 1549; x_wconf 89' lang='lat' dir='ltr'>ipsa</span> <span class='ocrx_word' id='word_1_92' title='bbox 1475 1476 1752 1534; x_wconf 90' lang='lat' dir='ltr'>cernitur.</span> 
     </span>
    </p>
   </div>
   <div class='ocr_carea' id='block_1_14' title="bbox 348 1636 2003 1710">
    <p class='ocr_par' dir='ltr' id='par_1_14' title="bbox 348 1636 2003 1710">
     <span class='ocr_line' id='line_1_14' title="bbox 348 1636 2003 1710; baseline -0.008 -10"><span class='ocrx_word' id='word_1_93' title='bbox 348 1643 582 1700; x_wconf 88' lang='lat' dir='ltr'>CAPUT</span> <span class='ocrx_word' id='word_1_94' title='bbox 612 1643 734 1699; x_wconf 87' lang='lat' dir='ltr'><strong>VII.</strong></span> <span class='ocrx_word' id='word_1_95' title='bbox 778 1674 845 1683; x_wconf 90' lang='lat'>——</span> <span class='ocrx_word' id='word_1_96' title='bbox 888 1642 1095 1698; x_wconf 87' lang='lat' dir='ltr'>Genera</span> <span class='ocrx_word' id='word_1_97' title='bbox 1130 1642 1444 1696; x_wconf 77' lang='lat' dir='ltr'>visionum:</span> <span class='ocrx_word' id='word_1_98' title='bbox 1494 1638 1800 1710; x_wconf 78' lang='lat' dir='ltr'>corporale,</span> <span class='ocrx_word' id='word_1_99' title='bbox 1831 1636 2003 1710; x_wconf 82' lang='lat' dir='ltr'>spiri-</span> 
     </span>
    </p>
   </div>
   <div class='ocr_carea' id='block_1_15' title="bbox 419 1708 2001 1785">
    <p class='ocr_par' dir='ltr' id='par_1_15' title="bbox 419 1708 2001 1785">
     <span class='ocr_line' id='line_1_15' title="bbox 419 1708 2001 1785; baseline -0.006 -14"><span class='ocrx_word' id='word_1_100' title='bbox 419 1717 589 1785; x_wconf 87' lang='lat' dir='ltr'>tuale,</span> <span class='ocrx_word' id='word_1_101' title='bbox 611 1715 1000 1770; x_wconf 87' lang='lat' dir='ltr'>intellectuale.</span> <span class='ocrx_word' id='word_1_102' title='bbox 1036 1714 1328 1784; x_wconf 85' lang='lat' dir='ltr'>Corporale</span> <span class='ocrx_word' id='word_1_103' title='bbox 1354 1708 1593 1783; x_wconf 74' lang='lat' dir='ltr'>proprie</span> <span class='ocrx_word' id='word_1_104' title='bbox 1631 1713 1680 1765; x_wconf 91' lang='lat' dir='ltr'>et</span> <span class='ocrx_word' id='word_1_105' title='bbox 1722 1708 2001 1764; x_wconf 86' lang='lat' dir='ltr'>translate.</span> 
     </span>
    </p>
   </div>
   <div class='ocr_carea' id='block_1_16' title="bbox 418 1787 1243 1859">
    <p class='ocr_par' dir='ltr' id='par_1_16' title="bbox 418 1787 1243 1859">
     <span class='ocr_line' id='line_1_16' title="bbox 418 1787 1243 1859; baseline -0.002 -17"><span class='ocrx_word' id='word_1_106' title='bbox 418 1789 723 1859; x_wconf 86' lang='lat' dir='ltr'>Spirituale</span> <span class='ocrx_word' id='word_1_107' title='bbox 750 1787 1001 1859; x_wconf 77' lang='lat' dir='ltr'>pluribus</span> <span class='ocrx_word' id='word_1_108' title='bbox 1034 1787 1243 1842; x_wconf 85' lang='lat' dir='ltr'>modis.</span> 
     </span>
    </p>
   </div>
   <div class='ocr_carea' id='block_1_17' title="bbox 416 1922 2007 2001">
    <p class='ocr_par' dir='ltr' id='par_1_17' title="bbox 416 1922 2007 2001">
     <span class='ocr_line' id='line_1_17' title="bbox 416 1922 2007 2001; baseline -0.008 -13"><span class='ocrx_word' id='word_1_109' title='bbox 416 1932 509 1989; x_wconf 75' lang='lat'>16.</span> <span class='ocrx_word' id='word_1_110' title='bbox 543 1932 671 1987; x_wconf 65' lang='lat' dir='ltr'>Haec</span> <span class='ocrx_word' id='word_1_111' title='bbox 707 1935 845 1986; x_wconf 90' lang='lat' dir='ltr'>sunt</span> <span class='ocrx_word' id='word_1_112' title='bbox 870 1931 983 1986; x_wconf 91' lang='lat' dir='ltr'>tria</span> <span class='ocrx_word' id='word_1_113' title='bbox 1012 1944 1225 2001; x_wconf 90' lang='lat' dir='ltr'>genera</span> <span class='ocrx_word' id='word_1_114' title='bbox 1254 1926 1568 1991; x_wconf 86' lang='lat' dir='ltr'>visionum,</span> <span class='ocrx_word' id='word_1_115' title='bbox 1603 1926 1673 1978; x_wconf 92' lang='lat' dir='ltr'>de</span> <span class='ocrx_word' id='word_1_116' title='bbox 1709 1922 1924 1994; x_wconf 89' lang='lat' dir='ltr'>quibus</span> <span class='ocrx_word' id='word_1_117' title='bbox 1951 1926 2007 1977; x_wconf 91' lang='lat' dir='ltr'>et</span> 
     </span>
    </p>
   </div>
   <div class='ocr_carea' id='block_1_18' title="bbox 347 2013 2003 2094">
    <p class='ocr_par' dir='ltr' id='par_1_18' title="bbox 347 2013 2003 2094">
     <span class='ocr_line' id='line_1_18' title="bbox 347 2013 2003 2094; baseline -0.008 -15"><span class='ocrx_word' id='word_1_118' title='bbox 347 2025 407 2079; x_wconf 94' lang='lat' dir='ltr'>in</span> <span class='ocrx_word' id='word_1_119' title='bbox 432 2021 837 2094; x_wconf 88' lang='lat' dir='ltr'>superioribus</span> <span class='ocrx_word' id='word_1_120' title='bbox 860 2018 1027 2075; x_wconf 89' lang='lat' dir='ltr'>libris</span> <span class='ocrx_word' id='word_1_121' title='bbox 1049 2018 1270 2089; x_wconf 88' lang='lat' dir='ltr'>aliquid</span> <span class='ocrx_word' id='word_1_122' title='bbox 1292 2013 1733 2083; x_wconf 85' lang='lat' dir='ltr'>diximus,sicut</span> <span class='ocrx_word' id='word_1_123' title='bbox 1756 2029 1847 2067; x_wconf 90' lang='lat' dir='ltr'>res</span> <span class='ocrx_word' id='word_1_124' title='bbox 1872 2028 2003 2083; x_wconf 91' lang='lat' dir='ltr'>pos-</span> 
     </span>
    </p>
   </div>
   <div class='ocr_carea' id='block_1_19' title="bbox 351 2111 2007 2181">
    <p class='ocr_par' dir='ltr' id='par_1_19' title="bbox 351 2111 2007 2181">
     <span class='ocr_line' id='line_1_19' title="bbox 351 2111 2007 2181; baseline -0.009 -12"><span class='ocrx_word' id='word_1_125' title='bbox 351 2112 543 2169; x_wconf 89' lang='lat' dir='ltr'>tulare</span> <span class='ocrx_word' id='word_1_126' title='bbox 563 2111 887 2181; x_wconf 85' lang='lat' dir='ltr'>videbatur,</span> <span class='ocrx_word' id='word_1_127' title='bbox 915 2126 1028 2163; x_wconf 92' lang='lat' dir='ltr'>non</span> <span class='ocrx_word' id='word_1_128' title='bbox 1062 2114 1254 2161; x_wconf 85' lang='lat' dir='ltr'>tamen</span> <span class='ocrx_word' id='word_1_129' title='bbox 1287 2122 1489 2160; x_wconf 90' lang='lat' dir='ltr'>eorum</span> <span class='ocrx_word' id='word_1_130' title='bbox 1515 2118 1827 2158; x_wconf 89' lang='lat' dir='ltr'>numerum</span> <span class='ocrx_word' id='word_1_131' title='bbox 1852 2116 2007 2155; x_wconf 86' lang='lat' dir='ltr'>com-</span> 
     </span>
    </p>
   </div>
   <div class='ocr_carea' id='block_1_20' title="bbox 360 2191 2005 2265">
    <p class='ocr_par' dir='ltr' id='par_1_20' title="bbox 360 2191 2005 2265">
     <span class='ocr_line' id='line_1_20' title="bbox 360 2191 2005 2265; baseline -0.007 -8"><span class='ocrx_word' id='word_1_132' title='bbox 360 2200 817 2257; x_wconf 88' lang='lat' dir='ltr'>memoravimus</span> <span class='ocrx_word' id='word_1_133' title='bbox 841 2218 853 2265; x_wconf 88' lang='lat'>;</span> <span class='ocrx_word' id='word_1_134' title='bbox 877 2203 1101 2254; x_wconf 89' lang='lat' dir='ltr'>etnunc</span> <span class='ocrx_word' id='word_1_135' title='bbox 1124 2196 1372 2252; x_wconf 87' lang='lat' dir='ltr'>breviter</span> <span class='ocrx_word' id='word_1_136' title='bbox 1402 2196 1485 2249; x_wconf 91' lang='lat' dir='ltr'>eis</span> <span class='ocrx_word' id='word_1_137' title='bbox 1510 2191 2005 2259; x_wconf 85' lang='lat' dir='ltr'>insinuatis,quo-</span> 
     </span>
    </p>
   </div>
   <div class='ocr_carea' id='block_1_21' title="bbox 358 2280 2005 2360">
    <p class='ocr_par' dir='ltr' id='par_1_21' title="bbox 358 2280 2005 2360">
     <span class='ocr_line' id='line_1_21' title="bbox 358 2280 2005 2360; baseline -0.009 -14"><span class='ocrx_word' id='word_1_138' title='bbox 358 2292 516 2347; x_wconf 90' lang='lat' dir='ltr'>niam</span> <span class='ocrx_word' id='word_1_139' title='bbox 540 2294 815 2360; x_wconf 89' lang='lat' dir='ltr'>suscepta</span> <span class='ocrx_word' id='word_1_140' title='bbox 846 2286 1089 2359; x_wconf 65' lang='lat' dir='ltr'>quaestio</span> <span class='ocrx_word' id='word_1_141' title='bbox 1124 2286 1347 2357; x_wconf 84' lang='lat' dir='ltr'>flagitat</span> <span class='ocrx_word' id='word_1_142' title='bbox 1381 2288 1440 2339; x_wconf 92' lang='lat' dir='ltr'>ut</span> <span class='ocrx_word' id='word_1_143' title='bbox 1469 2284 1541 2338; x_wconf 92' lang='lat' dir='ltr'>de</span> <span class='ocrx_word' id='word_1_144' title='bbox 1586 2282 1677 2336; x_wconf 87' lang='lat' dir='ltr'>his</span> <span class='ocrx_word' id='word_1_145' title='bbox 1704 2280 2005 2351; x_wconf 86' lang='lat' dir='ltr'>aliquanto</span> 
     </span>
    </p>
   </div>
   <div class='ocr_carea' id='block_1_22' title="bbox 358 2367 2007 2444">
    <p class='ocr_par' dir='ltr' id='par_1_22' title="bbox 358 2367 2007 2444">
     <span class='ocr_line' id='line_1_22' title="bbox 358 2367 2007 2444; baseline -0.008 -7"><span class='ocrx_word' id='word_1_146' title='bbox 358 2381 599 2437; x_wconf 90' lang='lat' dir='ltr'>uberius</span> <span class='ocrx_word' id='word_1_147' title='bbox 630 2379 1014 2444; x_wconf 86' lang='lat' dir='ltr'>disseramus,</span> <span class='ocrx_word' id='word_1_148' title='bbox 1049 2376 1329 2431; x_wconf 87' lang='lat' dir='ltr'>debemus</span> <span class='ocrx_word' id='word_1_149' title='bbox 1360 2391 1427 2429; x_wconf 92' lang='lat' dir='ltr'>ea</span> <span class='ocrx_word' id='word_1_150' title='bbox 1449 2372 1626 2428; x_wconf 90' lang='lat' dir='ltr'>certis</span> <span class='ocrx_word' id='word_1_151' title='bbox 1656 2376 1711 2425; x_wconf 91' lang='lat' dir='ltr'>et</span> <span class='ocrx_word' id='word_1_152' title='bbox 1732 2367 2007 2441; x_wconf 87' lang='lat' dir='ltr'>congruis</span> 
     </span>
    </p>
   </div>
   <div class='ocr_carea' id='block_1_23' title="bbox 356 2459 2006 2543">
    <p class='ocr_par' dir='ltr' id='par_1_23' title="bbox 356 2459 2006 2543">
     <span class='ocr_line' id='line_1_23' title="bbox 356 2459 2006 2543; baseline -0.01 -17"><span class='ocrx_word' id='word_1_153' title='bbox 356 2470 590 2543; x_wconf 88' lang='lat' dir='ltr'>signare</span> <span class='ocrx_word' id='word_1_154' title='bbox 620 2467 1061 2533; x_wconf 90' lang='lat' dir='ltr'>nominibus,ne</span> <span class='ocrx_word' id='word_1_155' title='bbox 1083 2464 1317 2521; x_wconf 89' lang='lat' dir='ltr'>assidue</span> <span class='ocrx_word' id='word_1_156' title='bbox 1349 2459 1865 2531; x_wconf 90' lang='lat' dir='ltr'>circumloquendo</span> <span class='ocrx_word' id='word_1_157' title='bbox 1888 2474 2006 2511; x_wconf 86' lang='lat' dir='ltr'>mo-</span> 
     </span>
    </p>
   </div>
   <div class='ocr_carea' id='block_1_24' title="bbox 356 2546 2007 2626">
    <p class='ocr_par' dir='ltr' id='par_1_24' title="bbox 356 2546 2007 2626">
     <span class='ocr_line' id='line_1_24' title="bbox 356 2546 2007 2626; baseline -0.01 -11"><span class='ocrx_word' id='word_1_158' title='bbox 356 2578 452 2616; x_wconf 87' lang='lat' dir='ltr'>ras</span> <span class='ocrx_word' id='word_1_159' title='bbox 482 2560 789 2615; x_wconf 89' lang='lat' dir='ltr'>faciamus.</span> <span class='ocrx_word' id='word_1_160' title='bbox 824 2556 1084 2610; x_wconf 90' lang='lat' dir='ltr'>Primum</span> <span class='ocrx_word' id='word_1_161' title='bbox 1120 2571 1256 2626; x_wconf 86' lang='lat' dir='ltr'>ergo</span> <span class='ocrx_word' id='word_1_162' title='bbox 1290 2550 1653 2625; x_wconf 89' lang='lat' dir='ltr'>appellemus</span> <span class='ocrx_word' id='word_1_163' title='bbox 1686 2546 2007 2618; x_wconf 84' lang='lat' dir='ltr'>corporale,</span> 
     </span>
    </p>
   </div>
   <div class='ocr_carea' id='block_1_25' title="bbox 355 2636 2007 2723">
    <p class='ocr_par' dir='ltr' id='par_1_25' title="bbox 355 2636 2007 2723">
     <span class='ocr_line' id='line_1_25' title="bbox 355 2636 2007 2723; baseline -0.01 -18"><span class='ocrx_word' id='word_1_164' title='bbox 355 2650 494 2723; x_wconf 88' lang='lat' dir='ltr'>quia</span> <span class='ocrx_word' id='word_1_165' title='bbox 540 2665 643 2720; x_wconf 89' lang='lat' dir='ltr'>per</span> <span class='ocrx_word' id='word_1_166' title='bbox 690 2662 903 2718; x_wconf 90' lang='lat' dir='ltr'>corpus</span> <span class='ocrx_word' id='word_1_167' title='bbox 954 2644 1273 2716; x_wconf 90' lang='lat' dir='ltr'>percipitur</span> <span class='ocrx_word' id='word_1_168' title='bbox 1328 2646 1385 2696; x_wconf 90' lang='lat' dir='ltr'>et</span> <span class='ocrx_word' id='word_1_169' title='bbox 1439 2640 1699 2711; x_wconf 90' lang='lat' dir='ltr'>corporis</span> <span class='ocrx_word' id='word_1_170' title='bbox 1732 2636 2007 2695; x_wconf 78' lang='lat' dir='ltr'>sensibus</span> 
     </span>
    </p>
   </div>
   <div class='ocr_carea' id='block_1_26' title="bbox 354 2728 2008 2806">
    <p class='ocr_par' dir='ltr' id='par_1_26' title="bbox 354 2728 2008 2806">
     <span class='ocr_line' id='line_1_26' title="bbox 354 2728 2008 2806; baseline -0.011 -9"><span class='ocrx_word' id='word_1_171' title='bbox 354 2740 675 2798; x_wconf 77' lang='lat' dir='ltr'>exhibetur.</span> <span class='ocrx_word' id='word_1_172' title='bbox 690 2735 1021 2792; x_wconf 90' lang='lat' dir='ltr'>Secundum</span> <span class='ocrx_word' id='word_1_173' title='bbox 1038 2733 1373 2806; x_wconf 90' lang='lat' dir='ltr'>spirituale;</span> <span class='ocrx_word' id='word_1_174' title='bbox 1396 2730 1680 2803; x_wconf 89' lang='lat' dir='ltr'>quidquid</span> <span class='ocrx_word' id='word_1_175' title='bbox 1696 2728 1850 2784; x_wconf 89' lang='lat' dir='ltr'>enim</span> <span class='ocrx_word' id='word_1_176' title='bbox 1877 2741 2008 2781; x_wconf 92' lang='lat' dir='ltr'>cor-</span> 
     </span>
    </p>
   </div>
   <div class='ocr_carea' id='block_1_27' title="bbox 354 2817 2009 2903">
    <p class='ocr_par' dir='ltr' id='par_1_27' title="bbox 354 2817 2009 2903">
     <span class='ocr_line' id='line_1_27' title="bbox 354 2817 2009 2903; baseline -0.011 -16"><span class='ocrx_word' id='word_1_177' title='bbox 354 2847 465 2903; x_wconf 92' lang='lat' dir='ltr'>pus</span> <span class='ocrx_word' id='word_1_178' title='bbox 496 2844 613 2883; x_wconf 91' lang='lat' dir='ltr'>non</span> <span class='ocrx_word' id='word_1_179' title='bbox 645 2831 737 2881; x_wconf 90' lang='lat' dir='ltr'>est</span> <span class='ocrx_word' id='word_1_180' title='bbox 766 2829 822 2880; x_wconf 89' lang='lat' dir='ltr'>et</span> <span class='ocrx_word' id='word_1_181' title='bbox 850 2828 1046 2879; x_wconf 89' lang='lat' dir='ltr'>tamen</span> <span class='ocrx_word' id='word_1_182' title='bbox 1078 2822 1299 2895; x_wconf 88' lang='lat' dir='ltr'>aliquid</span> <span class='ocrx_word' id='word_1_183' title='bbox 1326 2822 1560 2893; x_wconf 82' lang='lat' dir='ltr'>est,jam</span> <span class='ocrx_word' id='word_1_184' title='bbox 1591 2824 1742 2874; x_wconf 89' lang='lat' dir='ltr'>recte</span> <span class='ocrx_word' id='word_1_185' title='bbox 1765 2817 2009 2903; x_wconf 75' lang='lat' dir='ltr'>spiritus</span> 
     </span>
    </p>
   </div>
   <div class='ocr_carea' id='block_1_28' title="bbox 354 2895 2011 2988">
    <p class='ocr_par' dir='ltr' id='par_1_28' title="bbox 354 2895 2011 2988">
     <span class='ocr_line' id='line_1_28' title="bbox 354 2895 2011 2988; baseline -0.008 -12"><span class='ocrx_word' id='word_1_186' title='bbox 354 2921 604 2978; x_wconf 87' lang='lat' dir='ltr'>dicitur:</span> <span class='ocrx_word' id='word_1_187' title='bbox 638 2922 695 2973; x_wconf 90' lang='lat' dir='ltr'>et</span> <span class='ocrx_word' id='word_1_188' title='bbox 724 2917 928 2988; x_wconf 85' lang='lat' dir='ltr'>utique</span> <span class='ocrx_word' id='word_1_189' title='bbox 960 2933 1076 2971; x_wconf 90' lang='lat' dir='ltr'>non</span> <span class='ocrx_word' id='word_1_190' title='bbox 1108 2920 1197 2971; x_wconf 92' lang='lat' dir='ltr'>est</span> <span class='ocrx_word' id='word_1_191' title='bbox 1227 2912 1746 2985; x_wconf 89' lang='lat' dir='ltr'>corpus,quamvis</span> <span class='ocrx_word' id='word_1_192' title='bbox 1778 2895 2011 2981; x_wconf 69' lang='lat' dir='ltr'>corpori</span> 
     </span>
    </p>
   </div>
   <div class='ocr_carea' id='block_1_29' title="bbox 354 2998 2007 3076">
    <p class='ocr_par' dir='ltr' id='par_1_29' title="bbox 354 2998 2007 3076">
     <span class='ocr_line' id='line_1_29' title="bbox 354 2998 2007 3076; baseline -0.009 -9"><span class='ocrx_word' id='word_1_193' title='bbox 354 3008 568 3067; x_wconf 89' lang='lat' dir='ltr'>similis</span> <span class='ocrx_word' id='word_1_194' title='bbox 608 3006 705 3074; x_wconf 90' lang='lat' dir='ltr'>sit,</span> <span class='ocrx_word' id='word_1_195' title='bbox 738 3006 933 3076; x_wconf 88' lang='lat' dir='ltr'>imago</span> <span class='ocrx_word' id='word_1_196' title='bbox 967 3003 1227 3060; x_wconf 89' lang='lat' dir='ltr'>absentis</span> <span class='ocrx_word' id='word_1_197' title='bbox 1282 3001 1562 3074; x_wconf 90' lang='lat' dir='ltr'>corporis,</span> <span class='ocrx_word' id='word_1_198' title='bbox 1598 3016 1704 3055; x_wconf 91' lang='lat' dir='ltr'>nec</span> <span class='ocrx_word' id='word_1_199' title='bbox 1752 2998 1849 3054; x_wconf 90' lang='lat' dir='ltr'>ille</span> <span class='ocrx_word' id='word_1_200' title='bbox 1879 2998 2007 3069; x_wconf 90' lang='lat' dir='ltr'>ipse</span> 
     </span>
    </p>
   </div>
   <div class='ocr_carea' id='block_1_30' title="bbox 355 3087 2004 3167">
    <p class='ocr_par' dir='ltr' id='par_1_30' title="bbox 355 3087 2004 3167">
     <span class='ocr_line' id='line_1_30' title="bbox 355 3087 2004 3167; baseline -0.009 -11"><span class='ocrx_word' id='word_1_201' title='bbox 355 3100 599 3156; x_wconf 90' lang='lat' dir='ltr'>obtutus</span> <span class='ocrx_word' id='word_1_202' title='bbox 650 3111 765 3167; x_wconf 94' lang='lat' dir='ltr'>quo</span> <span class='ocrx_word' id='word_1_203' title='bbox 816 3094 1092 3150; x_wconf 91' lang='lat' dir='ltr'>cernitur.</span> <span class='ocrx_word' id='word_1_204' title='bbox 1126 3092 1392 3149; x_wconf 87' lang='lat' dir='ltr'>Tertium</span> <span class='ocrx_word' id='word_1_205' title='bbox 1420 3107 1557 3146; x_wconf 92' lang='lat' dir='ltr'>vero</span> <span class='ocrx_word' id='word_1_206' title='bbox 1588 3087 2004 3157; x_wconf 89' lang='lat' dir='ltr'>intellectuale,</span> 
     </span>
    </p>
   </div>
   <div class='ocr_carea' id='block_1_31' title="bbox 354 3174 2004 3254">
    <p class='ocr_par' dir='ltr' id='par_1_31' title="bbox 354 3174 2004 3254">
     <span class='ocr_line' id='line_1_31' title="bbox 354 3174 2004 3254; baseline -0.008 -10"><span class='ocrx_word' id='word_1_207' title='bbox 354 3189 425 3244; x_wconf 91' lang='lat' dir='ltr'>ab</span> <span class='ocrx_word' id='word_1_208' title='bbox 460 3184 755 3242; x_wconf 89' lang='lat' dir='ltr'>intellectu</span> <span class='ocrx_word' id='word_1_209' title='bbox 787 3201 800 3251; x_wconf 90' lang='lat'><strong>;</strong></span> <span class='ocrx_word' id='word_1_210' title='bbox 835 3182 973 3254; x_wconf 89' lang='lat' dir='ltr'>quia</span> <span class='ocrx_word' id='word_1_211' title='bbox 996 3180 1248 3237; x_wconf 89' lang='lat' dir='ltr'>mentale</span> <span class='ocrx_word' id='word_1_212' title='bbox 1280 3199 1313 3236; x_wconf 89' lang='lat' dir='ltr'>a</span> <span class='ocrx_word' id='word_1_213' title='bbox 1342 3183 1557 3245; x_wconf 85' lang='lat' dir='ltr'>mente,</span> <span class='ocrx_word' id='word_1_214' title='bbox 1582 3178 1711 3250; x_wconf 89' lang='lat' dir='ltr'>ipsa</span> <span class='ocrx_word' id='word_1_215' title='bbox 1740 3174 2004 3233; x_wconf 86' lang='lat' dir='ltr'>vocabuli</span> 
     </span>
    </p>
   </div>
   <div class='ocr_carea' id='block_1_32' title="bbox 353 3269 1732 3339">
    <p class='ocr_par' dir='ltr' id='par_1_32' title="bbox 353 3269 1732 3339">
     <span class='ocr_line' id='line_1_32' title="bbox 353 3269 1732 3339; baseline -0.008 -6"><span class='ocrx_word' id='word_1_216' title='bbox 353 3276 612 3333; x_wconf 87' lang='lat' dir='ltr'>novitate</span> <span class='ocrx_word' id='word_1_217' title='bbox 642 3272 821 3330; x_wconf 89' lang='lat' dir='ltr'>nimis</span> <span class='ocrx_word' id='word_1_218' title='bbox 851 3272 1176 3328; x_wconf 86' lang='lat' dir='ltr'>absurdum</span> <span class='ocrx_word' id='word_1_219' title='bbox 1208 3275 1315 3339; x_wconf 89' lang='lat' dir='ltr'>est,</span> <span class='ocrx_word' id='word_1_220' title='bbox 1350 3274 1415 3325; x_wconf 90' lang='lat' dir='ltr'>ut</span> <span class='ocrx_word' id='word_1_221' title='bbox 1446 3269 1732 3323; x_wconf 84' lang='lat' dir='ltr'>dicamus.</span> 
     </span>
    </p>
   </div>
   <div class='ocr_carea' id='block_1_33' title="bbox 426 3354 2003 3420">
    <p class='ocr_par' dir='ltr' id='par_1_33' title="bbox 426 3354 2003 3420">
     <span class='ocr_line' id='line_1_33' title="bbox 426 3354 2003 3420; baseline -0.008 0"><span class='ocrx_word' id='word_1_222' title='bbox 426 3366 513 3420; x_wconf 89' lang='lat'>17.</span> <span class='ocrx_word' id='word_1_223' title='bbox 546 3365 765 3420; x_wconf 85' lang='lat' dir='ltr'>Horum</span> <span class='ocrx_word' id='word_1_224' title='bbox 815 3359 1233 3417; x_wconf 83' lang='lat' dir='ltr'>vocabuiorum</span> <span class='ocrx_word' id='word_1_225' title='bbox 1295 3359 1580 3414; x_wconf 88' lang='lat' dir='ltr'>rationem</span> <span class='ocrx_word' id='word_1_226' title='bbox 1631 3356 1680 3412; x_wconf 90' lang='lat' dir='ltr'>si</span> <span class='ocrx_word' id='word_1_227' title='bbox 1729 3354 2003 3412; x_wconf 90' lang='lat' dir='ltr'>subtilius</span> 
     </span>
    </p>
   </div>
   <div class='ocr_carea' id='block_1_34' title="bbox 353 3446 2001 3524">
    <p class='ocr_par' dir='ltr' id='par_1_34' title="bbox 353 3446 2001 3524">
     <span class='ocr_line' id='line_1_34' title="bbox 353 3446 2001 3524; baseline -0.007 -13"><span class='ocrx_word' id='word_1_228' title='bbox 353 3455 618 3519; x_wconf 86' lang='lat' dir='ltr'>reddam,</span> <span class='ocrx_word' id='word_1_229' title='bbox 651 3457 708 3511; x_wconf 89' lang='lat' dir='ltr'>ct</span> <span class='ocrx_word' id='word_1_230' title='bbox 738 3451 1013 3524; x_wconf 85' lang='lat' dir='ltr'>prolixior</span> <span class='ocrx_word' id='word_1_231' title='bbox 1042 3455 1099 3505; x_wconf 91' lang='lat' dir='ltr'>et</span> <span class='ocrx_word' id='word_1_232' title='bbox 1127 3448 1452 3521; x_wconf 87' lang='lat' dir='ltr'>perplexior</span> <span class='ocrx_word' id='word_1_233' title='bbox 1483 3463 1674 3503; x_wconf 90' lang='lat' dir='ltr'>sermo</span> <span class='ocrx_word' id='word_1_234' title='bbox 1706 3446 1834 3512; x_wconf 89' lang='lat' dir='ltr'>erit,</span> <span class='ocrx_word' id='word_1_235' title='bbox 1866 3461 2001 3500; x_wconf 92' lang='lat' dir='ltr'>cum</span> 
     </span>
    </p>
   </div>
   <div class='ocr_carea' id='block_1_35' title="bbox 354 3534 1999 3610">
    <p class='ocr_par' dir='ltr' id='par_1_35' title="bbox 354 3534 1999 3610">
     <span class='ocr_line' id='line_1_35' title="bbox 354 3534 1999 3610; baseline -0.008 -10"><span class='ocrx_word' id='word_1_236' title='bbox 354 3544 465 3599; x_wconf 87' lang='lat' dir='ltr'>hoc</span> <span class='ocrx_word' id='word_1_237' title='bbox 495 3543 585 3597; x_wconf 89' lang='lat' dir='ltr'>vel</span> <span class='ocrx_word' id='word_1_238' title='bbox 618 3539 894 3610; x_wconf 89' lang='lat' dir='ltr'>nulla,vel</span> <span class='ocrx_word' id='word_1_239' title='bbox 920 3544 1075 3593; x_wconf 91' lang='lat' dir='ltr'>certe</span> <span class='ocrx_word' id='word_1_240' title='bbox 1106 3555 1219 3593; x_wconf 91' lang='lat' dir='ltr'>non</span> <span class='ocrx_word' id='word_1_241' title='bbox 1253 3540 1417 3592; x_wconf 86' lang='lat' dir='ltr'>tanta</span> <span class='ocrx_word' id='word_1_242' title='bbox 1448 3535 1766 3592; x_wconf 89' lang='lat' dir='ltr'>necessitas</span> <span class='ocrx_word' id='word_1_243' title='bbox 1787 3534 1999 3607; x_wconf 83' lang='lat' dir='ltr'>exigat.</span> 
     </span>
    </p>
   </div>
   <div class='ocr_carea' id='block_1_36' title="bbox 353 3621 2003 3701">
    <p class='ocr_par' dir='ltr' id='par_1_36' title="bbox 353 3621 2003 3701">
     <span class='ocr_line' id='line_1_36' title="bbox 353 3621 2003 3701; baseline -0.006 -14"><span class='ocrx_word' id='word_1_244' title='bbox 353 3630 507 3688; x_wconf 89' lang='lat' dir='ltr'>Satis</span> <span class='ocrx_word' id='word_1_245' title='bbox 537 3634 628 3685; x_wconf 90' lang='lat' dir='ltr'>est</span> <span class='ocrx_word' id='word_1_246' title='bbox 657 3644 793 3701; x_wconf 91' lang='lat' dir='ltr'>ergo</span> <span class='ocrx_word' id='word_1_247' title='bbox 826 3627 975 3683; x_wconf 89' lang='lat' dir='ltr'>scire</span> <span class='ocrx_word' id='word_1_248' title='bbox 1028 3624 1328 3697; x_wconf 88' lang='lat' dir='ltr'>corporale</span> <span class='ocrx_word' id='word_1_249' title='bbox 1370 3624 1589 3696; x_wconf 88' lang='lat' dir='ltr'>aliquid</span> <span class='ocrx_word' id='word_1_250' title='bbox 1640 3623 1729 3679; x_wconf 90' lang='lat' dir='ltr'>vel</span> <span class='ocrx_word' id='word_1_251' title='bbox 1773 3621 2003 3694; x_wconf 90' lang='lat' dir='ltr'>pr0prie</span> 
     </span>
    </p>
   </div>
   <div class='ocr_carea' id='block_1_37' title="bbox 353 3711 2002 3788">
    <p class='ocr_par' dir='ltr' id='par_1_37' title="bbox 353 3711 2002 3788">
     <span class='ocr_line' id='line_1_37' title="bbox 353 3711 2002 3788; baseline -0.007 -11"><span class='ocrx_word' id='word_1_252' title='bbox 353 3720 492 3785; x_wconf 91' lang='lat' dir='ltr'>dici,</span> <span class='ocrx_word' id='word_1_253' title='bbox 524 3735 659 3774; x_wconf 90' lang='lat' dir='ltr'>cum</span> <span class='ocrx_word' id='word_1_254' title='bbox 706 3718 777 3772; x_wconf 92' lang='lat' dir='ltr'>de</span> <span class='ocrx_word' id='word_1_255' title='bbox 808 3716 1147 3788; x_wconf 87' lang='lat' dir='ltr'>corporibus</span> <span class='ocrx_word' id='word_1_256' title='bbox 1186 3714 1487 3785; x_wconf 84' lang='lat' dir='ltr'>agitur,vel</span> <span class='ocrx_word' id='word_1_257' title='bbox 1520 3713 1694 3769; x_wconf 89' lang='lat' dir='ltr'>etiam</span> <span class='ocrx_word' id='word_1_258' title='bbox 1718 3711 2002 3767; x_wconf 89' lang='lat' dir='ltr'>translato</span> 
     </span>
    </p>
   </div>
   <div class='ocr_carea' id='block_1_38' title="bbox 353 3801 2005 3876">
    <p class='ocr_par' dir='ltr' id='par_1_38' title="bbox 353 3801 2005 3876">
     <span class='ocr_line' id='line_1_38' title="bbox 353 3801 2005 3876; baseline -0.007 -10"><span class='ocrx_word' id='word_1_259' title='bbox 353 3807 659 3876; x_wconf 85' lang='lat' dir='ltr'>vocabulo,</span> <span class='ocrx_word' id='word_1_260' title='bbox 690 3806 843 3863; x_wconf 89' lang='lat' dir='ltr'>sicut</span> <span class='ocrx_word' id='word_1_261' title='bbox 872 3806 1095 3861; x_wconf 91' lang='lat' dir='ltr'>dictum</span> <span class='ocrx_word' id='word_1_262' title='bbox 1131 3810 1237 3874; x_wconf 90' lang='lat' dir='ltr'>est,</span> <span class='ocrx_word' id='word_1_263' title='bbox 1291 3806 1433 3873; x_wconf 89' lang='lat' dir='ltr'>Quia</span> <span class='ocrx_word' id='word_1_264' title='bbox 1473 3805 1531 3858; x_wconf 91' lang='lat' dir='ltr'>in</span> <span class='ocrx_word' id='word_1_265' title='bbox 1569 3806 1683 3874; x_wconf 86' lang='lat' dir='ltr'>ipso</span> <span class='ocrx_word' id='word_1_266' title='bbox 1723 3801 2005 3857; x_wconf 76' lang='lat' dir='ltr'>inhabitat</span> 
     </span>
    </p>
   </div>
   <div class='ocr_carea' id='block_1_39' title="bbox 356 3892 2002 3970">
    <p class='ocr_par' dir='ltr' id='par_1_39' title="bbox 356 3892 2002 3970">
     <span class='ocr_line' id='line_1_39' title="bbox 356 3892 2002 3970; baseline -0.007 -14"><span class='ocrx_word' id='word_1_267' title='bbox 356 3901 534 3957; x_wconf 88' lang='lat' dir='ltr'>omnis</span> <span class='ocrx_word' id='word_1_268' title='bbox 559 3895 843 3970; x_wconf 90' lang='lat' dir='ltr'>plenitudo</span> <span class='ocrx_word' id='word_1_269' title='bbox 872 3896 1182 3951; x_wconf 83' lang='lat' dir='ltr'>divinitatis</span> <span class='ocrx_word' id='word_1_270' title='bbox 1210 3894 1585 3964; x_wconf 80' lang='lat' dir='ltr'>corporaliter.</span> <span class='ocrx_word' id='word_1_271' title='bbox 1620 3893 1816 3963; x_wconf 90' lang='lat' dir='ltr'>Neque</span> <span class='ocrx_word' id='word_1_272' title='bbox 1845 3892 2002 3947; x_wconf 90' lang='lat' dir='ltr'>enim</span> 
     </span>
    </p>
   </div>
   <div class='ocr_carea' id='block_1_40' title="bbox 357 3980 2004 4057">
    <p class='ocr_par' dir='ltr' id='par_1_40' title="bbox 357 3980 2004 4057">
     <span class='ocr_line' id='line_1_40' title="bbox 357 3980 2004 4057; baseline -0.005 -13"><span class='ocrx_word' id='word_1_273' title='bbox 357 3987 632 4043; x_wconf 87' lang='lat' dir='ltr'>divinitas</span> <span class='ocrx_word' id='word_1_274' title='bbox 663 4002 877 4057; x_wconf 90' lang='lat' dir='ltr'>corpus</span> <span class='ocrx_word' id='word_1_275' title='bbox 907 3990 1017 4055; x_wconf 91' lang='lat' dir='ltr'>est,</span> <span class='ocrx_word' id='word_1_276' title='bbox 1049 3985 1148 4040; x_wconf 91' lang='lat' dir='ltr'>sed</span> <span class='ocrx_word' id='word_1_277' title='bbox 1195 3985 1332 4055; x_wconf 90' lang='lat' dir='ltr'>quia</span> <span class='ocrx_word' id='word_1_278' title='bbox 1376 3989 1742 4039; x_wconf 90' lang='lat' dir='ltr'>sacramenta</span> <span class='ocrx_word' id='word_1_279' title='bbox 1780 3980 2004 4036; x_wconf 89' lang='lat' dir='ltr'>Veteris</span> 
     </span>
    </p>
   </div>
   <div class='ocr_carea' id='block_1_41' title="bbox 357 4070 2006 4147">
    <p class='ocr_par' dir='ltr' id='par_1_41' title="bbox 357 4070 2006 4147">
     <span class='ocr_line' id='line_1_41' title="bbox 357 4070 2006 4147; baseline -0.005 -13"><span class='ocrx_word' id='word_1_280' title='bbox 357 4077 717 4134; x_wconf 81' lang='lat' dir='ltr'>Testamenti</span> <span class='ocrx_word' id='word_1_281' title='bbox 740 4073 995 4147; x_wconf 91' lang='lat' dir='ltr'>appellat</span> <span class='ocrx_word' id='word_1_282' title='bbox 1026 4075 1268 4129; x_wconf 90' lang='lat' dir='ltr'>umbras</span> <span class='ocrx_word' id='word_1_283' title='bbox 1299 4073 1747 4145; x_wconf 87' lang='lat' dir='ltr'>futuri,propter</span> <span class='ocrx_word' id='word_1_284' title='bbox 1776 4070 2006 4126; x_wconf 87' lang='lat' dir='ltr'>umbra-</span> 
     </span>
    </p>
   </div>
   <div class='ocr_carea' id='block_1_42' title="bbox 363 4159 2005 4236">
    <p class='ocr_par' dir='ltr' id='par_1_42' title="bbox 363 4159 2005 4236">
     <span class='ocr_line' id='line_1_42' title="bbox 363 4159 2005 4236; baseline -0.006 -13"><span class='ocrx_word' id='word_1_285' title='bbox 363 4184 492 4223; x_wconf 91' lang='lat' dir='ltr'>rum</span> <span class='ocrx_word' id='word_1_286' title='bbox 519 4165 1012 4236; x_wconf 89' lang='lat' dir='ltr'>comparationem</span> <span class='ocrx_word' id='word_1_287' title='bbox 1047 4162 1420 4235; x_wconf 77' lang='lat' dir='ltr'>corporaliter</span> <span class='ocrx_word' id='word_1_288' title='bbox 1456 4163 1604 4218; x_wconf 87' lang='lat' dir='ltr'>dixit</span> <span class='ocrx_word' id='word_1_289' title='bbox 1653 4161 1917 4217; x_wconf 88' lang='lat' dir='ltr'>habitare</span> <span class='ocrx_word' id='word_1_290' title='bbox 1946 4159 2005 4214; x_wconf 91' lang='lat' dir='ltr'>in</span> 
     </span>
    </p>
   </div>
   <div class='ocr_carea' id='block_1_43' title="bbox 361 4249 2008 4325">
    <p class='ocr_par' dir='ltr' id='par_1_43' title="bbox 361 4249 2008 4325">
     <span class='ocr_line' id='line_1_43' title="bbox 361 4249 2008 4325; baseline -0.003 -15"><span class='ocrx_word' id='word_1_291' title='bbox 361 4255 591 4310; x_wconf 89' lang='lat' dir='ltr'>Christo</span> <span class='ocrx_word' id='word_1_292' title='bbox 625 4253 1047 4325; x_wconf 89' lang='lat' dir='ltr'>plenitudinem</span> <span class='ocrx_word' id='word_1_293' title='bbox 1099 4252 1441 4317; x_wconf 86' lang='lat' dir='ltr'>divinitatis,</span> <span class='ocrx_word' id='word_1_294' title='bbox 1476 4252 1629 4323; x_wconf 93' lang='lat' dir='ltr'>quod</span> <span class='ocrx_word' id='word_1_295' title='bbox 1660 4251 1719 4306; x_wconf 91' lang='lat' dir='ltr'>in</span> <span class='ocrx_word' id='word_1_296' title='bbox 1752 4250 1850 4306; x_wconf 91' lang='lat' dir='ltr'>illo</span> <span class='ocrx_word' id='word_1_297' title='bbox 1895 4249 2008 4305; x_wconf 89' lang='lat' dir='ltr'>im-</span> 
     </span>
    </p>
   </div>
   <div class='ocr_carea' id='block_1_44' title="bbox 360 4340 2005 4416">
    <p class='ocr_par' dir='ltr' id='par_1_44' title="bbox 360 4340 2005 4416">
     <span class='ocr_line' id='line_1_44' title="bbox 360 4340 2005 4416; baseline -0.001 -18"><span class='ocrx_word' id='word_1_298' title='bbox 360 4343 631 4416; x_wconf 89' lang='lat' dir='ltr'>pleantur</span> <span class='ocrx_word' id='word_1_299' title='bbox 660 4342 878 4411; x_wconf 88' lang='lat' dir='ltr'>omnia,</span> <span class='ocrx_word' id='word_1_300' title='bbox 913 4358 1037 4412; x_wconf 77' lang='lat' dir='ltr'>quis</span> <span class='ocrx_word' id='word_1_301' title='bbox 1070 4342 1128 4396; x_wconf 92' lang='lat' dir='ltr'>in</span> <span class='ocrx_word' id='word_1_302' title='bbox 1160 4340 1279 4396; x_wconf 90' lang='lat' dir='ltr'>illis</span> <span class='ocrx_word' id='word_1_303' title='bbox 1311 4341 1537 4396; x_wconf 90' lang='lat' dir='ltr'>umbris</span> <span class='ocrx_word' id='word_1_304' title='bbox 1570 4341 1813 4411; x_wconf 80' lang='lat' dir='ltr'>figurata</span> <span class='ocrx_word' id='word_1_305' title='bbox 1846 4346 2005 4411; x_wconf 89' lang='lat' dir='ltr'>sunt,</span> 
     </span>
    </p>
   </div>
   <div class='ocr_carea' id='block_1_45' title="bbox 361 4430 2011 4502">
    <p class='ocr_par' dir='ltr' id='par_1_45' title="bbox 361 4430 2011 4502">
     <span class='ocr_line' id='line_1_45' title="bbox 361 4430 2011 4502; baseline -0.001 -14"><span class='ocrx_word' id='word_1_306' title='bbox 361 4449 427 4488; x_wconf 90' lang='lat' dir='ltr'>ac</span> <span class='ocrx_word' id='word_1_307' title='bbox 457 4432 542 4488; x_wconf 87' lang='lat' dir='ltr'>sic</span> <span class='ocrx_word' id='word_1_308' title='bbox 605 4431 1037 4502; x_wconf 90' lang='lat' dir='ltr'>quodammodo</span> <span class='ocrx_word' id='word_1_309' title='bbox 1094 4430 1439 4485; x_wconf 85' lang='lat' dir='ltr'>umbrarum</span> <span class='ocrx_word' id='word_1_310' title='bbox 1500 4430 1731 4485; x_wconf 88' lang='lat' dir='ltr'>illarum</span> <span class='ocrx_word' id='word_1_311' title='bbox 1778 4430 1904 4502; x_wconf 90' lang='lat' dir='ltr'>ipse</span> <span class='ocrx_word' id='word_1_312' title='bbox 1934 4431 2011 4487; x_wconf 86' lang='lat' dir='ltr'>sit</span> 
     </span>
    </p>
   </div>
   <div class='ocr_carea' id='block_1_46' title="bbox 361 4518 2009 4594">
    <p class='ocr_par' dir='ltr' id='par_1_46' title="bbox 361 4518 2009 4594">
     <span class='ocr_line' id='line_1_46' title="bbox 361 4518 2009 4594; baseline -0.001 -16"><span class='ocrx_word' id='word_1_313' title='bbox 361 4539 573 4594; x_wconf 88' lang='lat' dir='ltr'>corpus</span> <span class='ocrx_word' id='word_1_314' title='bbox 603 4521 826 4590; x_wconf 84' lang='lat' dir='ltr'>(Coloss.</span> <span class='ocrx_word' id='word_1_315' title='bbox 859 4534 921 4589; x_wconf 81' lang='lat' dir='ltr'>Ii,</span> <span class='ocrx_word' id='word_1_316' title='bbox 964 4520 1020 4586; x_wconf 90' lang='lat'>9,</span> <span class='ocrx_word' id='word_1_317' title='bbox 1056 4519 1165 4589; x_wconf 84' lang='lat'>17),</span> <span class='ocrx_word' id='word_1_318' title='bbox 1201 4518 1306 4573; x_wconf 93' lang='lat' dir='ltr'>hoc</span> <span class='ocrx_word' id='word_1_319' title='bbox 1335 4524 1423 4573; x_wconf 89' lang='lat' dir='ltr'>est</span> <span class='ocrx_word' id='word_1_320' title='bbox 1472 4519 1794 4590; x_wconf 83' lang='lat' dir='ltr'>ﬁgurarum</span> <span class='ocrx_word' id='word_1_321' title='bbox 1839 4524 1895 4576; x_wconf 90' lang='lat' dir='ltr'>et</span> <span class='ocrx_word' id='word_1_322' title='bbox 1925 4522 2009 4576; x_wconf 88' lang='lat' dir='ltr'>si-</span> 
     </span>
    </p>
   </div>
   <div class='ocr_carea' id='block_1_47' title="bbox 360 4607 2009 4684">
    <p class='ocr_par' dir='ltr' id='par_1_47' title="bbox 360 4607 2009 4684">
     <span class='ocr_line' id='line_1_47' title="bbox 360 4607 2009 4684; baseline 0 -17"><span class='ocrx_word' id='word_1_323' title='bbox 360 4610 807 4684; x_wconf 84' lang='lat' dir='ltr'>gniﬁcationum</span> <span class='ocrx_word' id='word_1_324' title='bbox 860 4607 1094 4664; x_wconf 91' lang='lat' dir='ltr'>illarum</span> <span class='ocrx_word' id='word_1_325' title='bbox 1144 4608 1268 4679; x_wconf 90' lang='lat' dir='ltr'>ipse</span> <span class='ocrx_word' id='word_1_326' title='bbox 1307 4609 1386 4662; x_wconf 89' lang='lat' dir='ltr'>sit</span> <span class='ocrx_word' id='word_1_327' title='bbox 1416 4608 1647 4663; x_wconf 86' lang='lat' dir='ltr'>veritas.</span> <span class='ocrx_word' id='word_1_328' title='bbox 1681 4610 1844 4664; x_wconf 89' lang='lat' dir='ltr'>Sicut</span> <span class='ocrx_word' id='word_1_329' title='bbox 1872 4626 2009 4684; x_wconf 88' lang='lat' dir='ltr'>ergo</span> 
     </span>
    </p>
   </div>
   <div class='ocr_carea' id='block_1_48' title="bbox 360 4696 2006 4772">
    <p class='ocr_par' dir='ltr' id='par_1_48' title="bbox 360 4696 2006 4772">
     <span class='ocr_line' id='line_1_48' title="bbox 360 4696 2006 4772; baseline 0.001 -17"><span class='ocrx_word' id='word_1_330' title='bbox 360 4701 499 4772; x_wconf 65' lang='lat' dir='ltr'>ipsa:</span> <span class='ocrx_word' id='word_1_331' title='bbox 528 4700 727 4771; x_wconf 69' lang='lat' dir='ltr'>ﬁgurae</span> <span class='ocrx_word' id='word_1_332' title='bbox 752 4696 1449 4771; x_wconf 80' lang='lat' dir='ltr'>significative,translato</span> <span class='ocrx_word' id='word_1_333' title='bbox 1474 4698 1674 4769; x_wconf 89' lang='lat' dir='ltr'>utique</span> <span class='ocrx_word' id='word_1_334' title='bbox 1706 4699 2006 4769; x_wconf 86' lang='lat' dir='ltr'>vocabulo,</span> 
     </span>
    </p>
   </div>
   <div class='ocr_carea' id='block_1_49' title="bbox 361 4788 2011 4861">
    <p class='ocr_par' dir='ltr' id='par_1_49' title="bbox 361 4788 2011 4861">
     <span class='ocr_line' id='line_1_49' title="bbox 361 4788 2011 4861; baseline 0.001 -17"><span class='ocrx_word' id='word_1_335' title='bbox 361 4807 476 4845; x_wconf 91' lang='lat' dir='ltr'>non</span> <span class='ocrx_word' id='word_1_336' title='bbox 511 4790 740 4860; x_wconf 89' lang='lat' dir='ltr'>proprie</span> <span class='ocrx_word' id='word_1_337' title='bbox 767 4790 933 4844; x_wconf 76' lang='lat' dir='ltr'>dictzs</span> <span class='ocrx_word' id='word_1_338' title='bbox 952 4791 1092 4842; x_wconf 92' lang='lat' dir='ltr'>sunt</span> <span class='ocrx_word' id='word_1_339' title='bbox 1124 4788 1342 4842; x_wconf 66' lang='lat' dir='ltr'>umbra:</span> <span class='ocrx_word' id='word_1_340' title='bbox 1368 4803 1379 4840; x_wconf 90' lang='lat'><strong>:</strong></span> <span class='ocrx_word' id='word_1_341' title='bbox 1411 4788 1492 4841; x_wconf 91' lang='lat' dir='ltr'>ita</span> <span class='ocrx_word' id='word_1_342' title='bbox 1524 4792 1580 4841; x_wconf 92' lang='lat' dir='ltr'>et</span> <span class='ocrx_word' id='word_1_343' title='bbox 1610 4789 1761 4858; x_wconf 92' lang='lat' dir='ltr'>quod</span> <span class='ocrx_word' id='word_1_344' title='bbox 1788 4789 1868 4844; x_wconf 85' lang='lat' dir='ltr'>ait</span> <span class='ocrx_word' id='word_1_345' title='bbox 1888 4789 2011 4861; x_wconf 91' lang='lat' dir='ltr'>ple-</span> 
     </span>
    </p>
   </div>
   <div class='ocr_carea' id='block_1_50' title="bbox 363 4876 2009 4948">
    <p class='ocr_par' dir='ltr' id='par_1_50' title="bbox 363 4876 2009 4948">
     <span class='ocr_line' id='line_1_50' title="bbox 363 4876 2009 4948; baseline 0.001 -15"><span class='ocrx_word' id='word_1_346' title='bbox 363 4878 692 4933; x_wconf 89' lang='lat' dir='ltr'>nitudinem</span> <span class='ocrx_word' id='word_1_347' title='bbox 725 4877 1049 4933; x_wconf 86' lang='lat' dir='ltr'>divinitatis</span> <span class='ocrx_word' id='word_1_348' title='bbox 1094 4876 1472 4948; x_wconf 87' lang='lat' dir='ltr'>corporaliter</span> <span class='ocrx_word' id='word_1_349' title='bbox 1500 4876 1784 4943; x_wconf 87' lang='lat' dir='ltr'>habitare,</span> <span class='ocrx_word' id='word_1_350' title='bbox 1820 4883 2009 4935; x_wconf 89' lang='lat' dir='ltr'>trans-</span> 
     </span>
    </p>
   </div>
   <div class='ocr_carea' id='block_1_51' title="bbox 362 4967 1012 5023">
    <p class='ocr_par' dir='ltr' id='par_1_51' title="bbox 362 4967 1012 5023">
     <span class='ocr_line' id='line_1_51' title="bbox 362 4967 1012 5023; baseline -0.005 -1"><span class='ocrx_word' id='word_1_351' title='bbox 362 4968 480 5023; x_wconf 88' lang='lat' dir='ltr'>lato</span> <span class='ocrx_word' id='word_1_352' title='bbox 510 4967 686 5021; x_wconf 91' lang='lat' dir='ltr'>verbo</span> <span class='ocrx_word' id='word_1_353' title='bbox 720 4984 865 5021; x_wconf 91' lang='lat' dir='ltr'>usus</span> <span class='ocrx_word' id='word_1_354' title='bbox 903 4970 1012 5021; x_wconf 89' lang='lat' dir='ltr'>est.</span> 
     </span>
    </p>
   </div>
   <div class='ocr_carea' id='block_1_52' title="bbox 433 5055 2009 5127">
    <p class='ocr_par' dir='ltr' id='par_1_52' title="bbox 433 5055 2009 5127">
     <span class='ocr_line' id='line_1_52' title="bbox 433 5055 2009 5127; baseline 0.003 -15"><span class='ocrx_word' id='word_1_355' title='bbox 433 5058 520 5112; x_wconf 93' lang='lat'>18.</span> <span class='ocrx_word' id='word_1_356' title='bbox 544 5055 857 5127; x_wconf 91' lang='lat' dir='ltr'>Spirituale</span> <span class='ocrx_word' id='word_1_357' title='bbox 886 5060 1078 5111; x_wconf 91' lang='lat' dir='ltr'>autem</span> <span class='ocrx_word' id='word_1_358' title='bbox 1108 5056 1373 5127; x_wconf 87' lang='lat' dir='ltr'>pluribus</span> <span class='ocrx_word' id='word_1_359' title='bbox 1397 5058 1585 5113; x_wconf 90' lang='lat' dir='ltr'>modis</span> <span class='ocrx_word' id='word_1_360' title='bbox 1605 5059 1837 5115; x_wconf 90' lang='lat' dir='ltr'>dicitur.</span> <span class='ocrx_word' id='word_1_361' title='bbox 1863 5061 2009 5116; x_wconf 91' lang='lat' dir='ltr'>Nam</span> 
     </span>
    </p>
   </div>
   <div class='ocr_carea' id='block_1_53' title="bbox 367 5145 2012 5217">
    <p class='ocr_par' dir='ltr' id='par_1_53' title="bbox 367 5145 2012 5217">
     <span class='ocr_line' id='line_1_53' title="bbox 367 5145 2012 5217; baseline 0.004 -15"><span class='ocrx_word' id='word_1_362' title='bbox 367 5152 423 5202; x_wconf 89' lang='lat' dir='ltr'>et</span> <span class='ocrx_word' id='word_1_363' title='bbox 439 5145 835 5217; x_wconf 90' lang='lat' dir='ltr'>corpus,quod</span> <span class='ocrx_word' id='word_1_364' title='bbox 859 5145 1117 5199; x_wconf 82' lang='lat' dir='ltr'>futurum</span> <span class='ocrx_word' id='word_1_365' title='bbox 1146 5152 1236 5201; x_wconf 89' lang='lat' dir='ltr'>est</span> <span class='ocrx_word' id='word_1_366' title='bbox 1265 5146 1321 5201; x_wconf 93' lang='lat' dir='ltr'>in</span> <span class='ocrx_word' id='word_1_367' title='bbox 1350 5149 1773 5204; x_wconf 84' lang='lat' dir='ltr'>resurrectione</span> <span class='ocrx_word' id='word_1_368' title='bbox 1787 5155 2012 5208; x_wconf 83' lang='lat' dir='ltr'>sancto-</span> 
     </span>
    </p>
   </div>
   <div class='ocr_carea' id='block_1_54' title="bbox 361 5234 2013 5308">
    <p class='ocr_par' dir='ltr' id='par_1_54' title="bbox 361 5234 2013 5308">
     <span class='ocr_line' id='line_1_54' title="bbox 361 5234 2013 5308; baseline 0.004 -18"><span class='ocrx_word' id='word_1_369' title='bbox 361 5235 828 5308; x_wconf 88' lang='lat' dir='ltr'>rum,spirituale</span> <span class='ocrx_word' id='word_1_370' title='bbox 844 5234 1102 5305; x_wconf 89' lang='lat' dir='ltr'>appellat</span> <span class='ocrx_word' id='word_1_371' title='bbox 1124 5234 1564 5305; x_wconf 83' lang='lat' dir='ltr'>Apostolus,ubi</span> <span class='ocrx_word' id='word_1_372' title='bbox 1591 5237 2013 5302; x_wconf 80' lang='lat' dir='ltr'>ait,Seminatur</span> 
     </span>
    </p>
   </div>
   <div class='ocr_carea' id='block_1_55' title="bbox 358 5324 2009 5409">
    <p class='ocr_par' dir='ltr' id='par_1_55' title="bbox 358 5324 2009 5409">
     <span class='ocr_line' id='line_1_55' title="bbox 358 5324 2009 5409; baseline 0.004 -29"><span class='ocrx_word' id='word_1_373' title='bbox 358 5340 552 5393; x_wconf 87' lang='lat' dir='ltr'>corpus</span> <span class='ocrx_word' id='word_1_374' title='bbox 583 5324 1117 5392; x_wconf 82' lang='lat' dir='ltr'>animale,resurget</span> <span class='ocrx_word' id='word_1_375' title='bbox 1142 5340 1333 5395; x_wconf 88' lang='lat' dir='ltr'>corpus</span> <span class='ocrx_word' id='word_1_376' title='bbox 1364 5326 1661 5395; x_wconf 86' lang='lat' dir='ltr'>spirituale</span> <span class='ocrx_word' id='word_1_377' title='bbox 1686 5329 1729 5397; x_wconf 86' lang='grc' dir='ltr'>(Ι</span> <span class='ocrx_word' id='word_1_378' title='bbox 1766 5332 1891 5385; x_wconf 88' lang='lat' dir='ltr'>Cor.</span> <span class='ocrx_word' id='word_1_379' title='bbox 1914 5348 2009 5409; x_wconf 75' lang='lat' dir='ltr'>xv,</span> 
     </span>
    </p>
   </div>
   <div class='ocr_carea' id='block_1_56' title="bbox 358 5413 2012 5485">
    <p class='ocr_par' dir='ltr' id='par_1_56' title="bbox 358 5413 2012 5485">
     <span class='ocr_line' id='line_1_56' title="bbox 358 5413 2012 5485; baseline 0.002 -17"><span class='ocrx_word' id='word_1_380' title='bbox 358 5416 489 5485; x_wconf 80' lang='grc'>44);</span> <span class='ocrx_word' id='word_1_381' title='bbox 523 5429 588 5468; x_wconf 87' lang='lat' dir='ltr'>eo</span> <span class='ocrx_word' id='word_1_382' title='bbox 621 5414 776 5484; x_wconf 93' lang='lat' dir='ltr'>quod</span> <span class='ocrx_word' id='word_1_383' title='bbox 812 5413 977 5467; x_wconf 91' lang='lat' dir='ltr'>miris</span> <span class='ocrx_word' id='word_1_384' title='bbox 1002 5413 1193 5468; x_wconf 89' lang='lat' dir='ltr'>modis</span> <span class='ocrx_word' id='word_1_385' title='bbox 1230 5414 1298 5467; x_wconf 87' lang='lat' dir='ltr'>ad</span> <span class='ocrx_word' id='word_1_386' title='bbox 1324 5430 1558 5469; x_wconf 90' lang='lat' dir='ltr'>omnem</span> <span class='ocrx_word' id='word_1_387' title='bbox 1584 5416 1922 5474; x_wconf 80' lang='lat' dir='ltr'>facilitatem</span> <span class='ocrx_word' id='word_1_388' title='bbox 1956 5422 2012 5476; x_wconf 92' lang='lat' dir='ltr'>et</span> 
     </span>
    </p>
   </div>
   <div class='ocr_carea' id='block_1_57' title="bbox 360 5500 2008 5573">
    <p class='ocr_par' dir='ltr' id='par_1_57' title="bbox 360 5500 2008 5573">
     <span class='ocr_line' id='line_1_57' title="bbox 360 5500 2008 5573; baseline 0.004 -15"><span class='ocrx_word' id='word_1_389' title='bbox 360 5503 858 5573; x_wconf 88' lang='lat' dir='ltr'>incorruptionem</span> <span class='ocrx_word' id='word_1_390' title='bbox 874 5500 1430 5573; x_wconf 89' lang='lat' dir='ltr'>spirituisubdatur,</span> <span class='ocrx_word' id='word_1_391' title='bbox 1454 5507 1509 5557; x_wconf 91' lang='lat' dir='ltr'>et</span> <span class='ocrx_word' id='word_1_392' title='bbox 1548 5503 1673 5558; x_wconf 90' lang='lat' dir='ltr'>sine</span> <span class='ocrx_word' id='word_1_393' title='bbox 1708 5504 1826 5562; x_wconf 91' lang='lat' dir='ltr'>ulla</span> <span class='ocrx_word' id='word_1_394' title='bbox 1858 5508 2008 5564; x_wconf 88' lang='lat' dir='ltr'>indi-</span> 
     </span>
    </p>
   </div>
   <div class='ocr_carea' id='block_1_58' title="bbox 364 5589 2009 5669">
    <p class='ocr_par' dir='ltr' id='par_1_58' title="bbox 364 5589 2009 5669">
     <span class='ocr_line' id='line_1_58' title="bbox 364 5589 2009 5669; baseline 0.003 -22"><span class='ocrx_word' id='word_1_395' title='bbox 364 5592 562 5664; x_wconf 87' lang='lat' dir='ltr'>gentia</span> <span class='ocrx_word' id='word_1_396' title='bbox 574 5590 966 5663; x_wconf 88' lang='lat' dir='ltr'>corporalium</span> <span class='ocrx_word' id='word_1_397' title='bbox 993 5589 1405 5647; x_wconf 88' lang='lat' dir='ltr'>alimentorum</span> <span class='ocrx_word' id='word_1_398' title='bbox 1422 5591 1545 5648; x_wconf 92' lang='lat' dir='ltr'>solo</span> <span class='ocrx_word' id='word_1_399' title='bbox 1558 5592 2009 5669; x_wconf 82' lang='lat' dir='ltr'>viviﬁceturspi-</span> 
     </span>
    </p>
   </div>
   <div class='ocr_carea' id='block_1_59' title="bbox 357 5681 2009 5753">
    <p class='ocr_par' dir='ltr' id='par_1_59' title="bbox 357 5681 2009 5753">
     <span class='ocr_line' id='line_1_59' title="bbox 357 5681 2009 5753; baseline 0.004 -16"><span class='ocrx_word' id='word_1_400' title='bbox 357 5681 1207 5753; x_wconf 85' lang='lat' dir='ltr'>ritu,nonquodincorpoream</span> <span class='ocrx_word' id='word_1_401' title='bbox 1244 5681 1633 5738; x_wconf 88' lang='lat' dir='ltr'>substantiam</span> <span class='ocrx_word' id='word_1_402' title='bbox 1668 5684 1744 5739; x_wconf 92' lang='lat' dir='ltr'>sit</span> <span class='ocrx_word' id='word_1_403' title='bbox 1773 5685 2009 5743; x_wconf 89' lang='lat' dir='ltr'>habitu-</span> 
     </span>
    </p>
   </div>
   <div class='ocr_carea' id='block_1_60' title="bbox 362 5772 2008 5851">
    <p class='ocr_par' dir='ltr' id='par_1_60' title="bbox 362 5772 2008 5851">
     <span class='ocr_line' id='line_1_60' title="bbox 362 5772 2008 5851; baseline 0.004 -23"><span class='ocrx_word' id='word_1_404' title='bbox 362 5791 515 5829; x_wconf 90' lang='lat' dir='ltr'>rum:</span> <span class='ocrx_word' id='word_1_405' title='bbox 536 5790 721 5845; x_wconf 89' lang='lat' dir='ltr'>neque</span> <span class='ocrx_word' id='word_1_406' title='bbox 736 5772 893 5829; x_wconf 90' lang='lat' dir='ltr'>enim</span> <span class='ocrx_word' id='word_1_407' title='bbox 910 5777 965 5830; x_wconf 92' lang='lat' dir='ltr'>et</span> <span class='ocrx_word' id='word_1_408' title='bbox 981 5773 1088 5829; x_wconf 92' lang='lat' dir='ltr'>hoc</span> <span class='ocrx_word' id='word_1_409' title='bbox 1102 5772 1517 5845; x_wconf 80' lang='lat' dir='ltr'>corpus,qualc</span> <span class='ocrx_word' id='word_1_410' title='bbox 1532 5792 1685 5830; x_wconf 92' lang='lat' dir='ltr'>nunc</span> <span class='ocrx_word' id='word_1_411' title='bbox 1700 5775 2008 5851; x_wconf 89' lang='lat' dir='ltr'>habemus,</span> 
     </span>
    </p>
   </div>
   <div class='ocr_carea' id='block_1_61' title="bbox 360 5862 2013 5940">
    <p class='ocr_par' dir='ltr' id='par_1_61' title="bbox 360 5862 2013 5940">
     <span class='ocr_line' id='line_1_61' title="bbox 360 5862 2013 5940; baseline 0.003 -19"><span class='ocrx_word' id='word_1_412' title='bbox 360 5864 564 5921; x_wconf 68' lang='lat' dir='ltr'>animus</span> <span class='ocrx_word' id='word_1_413' title='bbox 580 5863 752 5921; x_wconf 89' lang='lat' dir='ltr'>habet</span> <span class='ocrx_word' id='word_1_414' title='bbox 763 5862 1241 5933; x_wconf 82' lang='lat' dir='ltr'>substantiam,et</span> <span class='ocrx_word' id='word_1_415' title='bbox 1256 5863 1365 5923; x_wconf 87' lang='lat' dir='ltr'>hoc</span> <span class='ocrx_word' id='word_1_416' title='bbox 1383 5866 1635 5939; x_wconf 83' lang='lat' dir='ltr'>estquod</span> <span class='ocrx_word' id='word_1_417' title='bbox 1649 5867 2013 5940; x_wconf 86' lang='lat' dir='ltr'>anima,quia</span> 
     </span>
    </p>
   </div>
   <div class='ocr_carea' id='block_1_62' title="bbox 1252 356 3695 435">
    <p class='ocr_par' dir='ltr' id='par_1_62' title="bbox 1252 356 3695 435">
     <span class='ocr_line' id='line_1_62' title="bbox 1252 356 3695 435; baseline 0.004 -13"><span class='ocrx_word' id='word_1_418' title='bbox 1252 356 1351 423; x_wconf 82' lang='lat' dir='ltr'>DE</span> <span class='ocrx_word' id='word_1_419' title='bbox 1396 362 1673 424; x_wconf 66' lang='lat' dir='ltr'>GbNESl</span> <span class='ocrx_word' id='word_1_420' title='bbox 1722 363 1824 421; x_wconf 86' lang='lat' dir='ltr'>AD</span> <span class='ocrx_word' id='word_1_421' title='bbox 1871 360 2290 435; x_wconf 78' lang='lat' dir='ltr'>LITTERAM,</span> <span class='ocrx_word' id='word_1_422' title='bbox 2339 364 2399 421; x_wconf 93' lang='lat' dir='ltr'>S.</span> <span class='ocrx_word' id='word_1_423' title='bbox 2452 362 2879 425; x_wconf 85' lang='lat' dir='ltr'>AUGUSTINI</span> <span class='ocrx_word' id='word_1_424' title='bbox 3604 374 3695 433; x_wconf 65' lang='lat'>460</span> 
     </span>
    </p>
   </div>
   <div class='ocr_carea' id='block_1_63' title="bbox 2110 493 3700 569">
    <p class='ocr_par' dir='ltr' id='par_1_63' title="bbox 2110 493 3700 569">
     <span class='ocr_line' id='line_1_63' title="bbox 2110 493 3700 569; baseline 0.008 -22"><span class='ocrx_word' id='word_1_425' title='bbox 2110 493 2331 548; x_wconf 90' lang='lat' dir='ltr'>dictum</span> <span class='ocrx_word' id='word_1_426' title='bbox 2364 499 2453 549; x_wconf 91' lang='lat' dir='ltr'>est</span> <span class='ocrx_word' id='word_1_427' title='bbox 2491 495 2761 551; x_wconf 88' lang='lat' dir='ltr'>animale.</span> <span class='ocrx_word' id='word_1_428' title='bbox 2800 498 2943 553; x_wconf 89' lang='lat' dir='ltr'>Item</span> <span class='ocrx_word' id='word_1_429' title='bbox 2991 497 3231 569; x_wconf 88' lang='lat' dir='ltr'>spiritus</span> <span class='ocrx_word' id='word_1_430' title='bbox 3277 498 3492 567; x_wconf 88' lang='lat' dir='ltr'>dicitur,</span> <span class='ocrx_word' id='word_1_431' title='bbox 3521 502 3598 557; x_wconf 88' lang='lat' dir='ltr'>vel</span> <span class='ocrx_word' id='word_1_432' title='bbox 3625 519 3700 559; x_wconf 75' lang='lat' dir='ltr'>aer</span> 
     </span>
    </p>
   </div>
   <div class='ocr_carea' id='block_1_64' title="bbox 2114 582 3701 659">
    <p class='ocr_par' dir='ltr' id='par_1_64' title="bbox 2114 582 3701 659">
     <span class='ocr_line' id='line_1_64' title="bbox 2114 582 3701 659; baseline 0.007 -23"><span class='ocrx_word' id='word_1_433' title='bbox 2114 582 2339 651; x_wconf 88' lang='lat' dir='ltr'>iste,vel</span> <span class='ocrx_word' id='word_1_434' title='bbox 2372 584 2545 640; x_wconf 87' lang='lat' dir='ltr'>ﬂatus</span> <span class='ocrx_word' id='word_1_435' title='bbox 2577 586 2792 656; x_wconf 86' lang='lat' dir='ltr'>ejus,id</span> <span class='ocrx_word' id='word_1_436' title='bbox 2825 592 2911 642; x_wconf 90' lang='lat' dir='ltr'>est</span> <span class='ocrx_word' id='word_1_437' title='bbox 2944 592 3137 643; x_wconf 90' lang='lat' dir='ltr'>motus</span> <span class='ocrx_word' id='word_1_438' title='bbox 3176 589 3319 659; x_wconf 89' lang='lat' dir='ltr'>ejus,</span> <span class='ocrx_word' id='word_1_439' title='bbox 3350 588 3489 646; x_wconf 86' lang='lat' dir='ltr'>sicut</span> <span class='ocrx_word' id='word_1_440' title='bbox 3519 591 3701 647; x_wconf 87' lang='lat' dir='ltr'>dictum</span> 
     </span>
    </p>
   </div>
   <div class='ocr_carea' id='block_1_65' title="bbox 2115 674 3703 749">
    <p class='ocr_par' dir='ltr' id='par_1_65' title="bbox 2115 674 3703 749">
     <span class='ocr_line' id='line_1_65' title="bbox 2115 674 3703 749; baseline 0.005 -23"><span class='ocrx_word' id='word_1_441' title='bbox 2115 678 2227 727; x_wconf 86' lang='lat' dir='ltr'>est:</span> <span class='ocrx_word' id='word_1_442' title='bbox 2244 675 2336 743; x_wconf 85' lang='lat' dir='ltr'>Ign</span> <span class='ocrx_word' id='word_1_443' title='bbox 2346 674 3237 748; x_wconf 77' lang='lat' dir='ltr'>is,granclo,nix,glacies,spiritus</span> <span class='ocrx_word' id='word_1_444' title='bbox 3248 681 3555 749; x_wconf 84' lang='lat' dir='ltr'>tempestatis</span> <span class='ocrx_word' id='word_1_445' title='bbox 3570 682 3703 749; x_wconf 77' lang='lat' dir='ltr'>(Psat.</span> 
     </span>
    </p>
   </div>
   <div class='ocr_carea' id='block_1_66' title="bbox 2115 763 3705 840">
    <p class='ocr_par' dir='ltr' id='par_1_66' title="bbox 2115 763 3705 840">
     <span class='ocr_line' id='line_1_66' title="bbox 2115 763 3705 840; baseline 0.006 -25"><span class='ocrx_word' id='word_1_446' title='bbox 2115 779 2344 827; x_wconf 74' lang='lat' dir='ltr'>cxnvm,</span> <span class='ocrx_word' id='word_1_447' title='bbox 2373 765 2428 816; x_wconf 92' lang='lat'>8.</span> <span class='ocrx_word' id='word_1_448' title='bbox 2467 763 2685 819; x_wconf 92' lang='lat' dir='ltr'>Dicitur</span> <span class='ocrx_word' id='word_1_449' title='bbox 2716 766 2892 821; x_wconf 87' lang='lat' dir='ltr'>etiam</span> <span class='ocrx_word' id='word_1_450' title='bbox 2928 766 3173 837; x_wconf 88' lang='lat' dir='ltr'>spiritus</span> <span class='ocrx_word' id='word_1_451' title='bbox 3203 767 3412 837; x_wconf 87' lang='lat' dir='ltr'>anima,</span> <span class='ocrx_word' id='word_1_452' title='bbox 3435 767 3541 823; x_wconf 86' lang='lat' dir='ltr'>sive</span> <span class='ocrx_word' id='word_1_453' title='bbox 3562 785 3705 840; x_wconf 86' lang='lat' dir='ltr'>peco-</span> 
     </span>
    </p>
   </div>
   <div class='ocr_carea' id='block_1_67' title="bbox 2115 850 3707 929">
    <p class='ocr_par' dir='ltr' id='par_1_67' title="bbox 2115 850 3707 929">
     <span class='ocr_line' id='line_1_67' title="bbox 2115 850 3707 929; baseline 0.006 -24"><span class='ocrx_word' id='word_1_454' title='bbox 2115 851 2216 917; x_wconf 87' lang='lat' dir='ltr'>ris,</span> <span class='ocrx_word' id='word_1_455' title='bbox 2252 852 2370 907; x_wconf 89' lang='lat' dir='ltr'>sive</span> <span class='ocrx_word' id='word_1_456' title='bbox 2401 850 2679 921; x_wconf 90' lang='lat' dir='ltr'>hominis,</span> <span class='ocrx_word' id='word_1_457' title='bbox 2712 854 2867 909; x_wconf 90' lang='lat' dir='ltr'>sicut</span> <span class='ocrx_word' id='word_1_458' title='bbox 2898 856 3185 927; x_wconf 87' lang='lat' dir='ltr'>scriptum</span> <span class='ocrx_word' id='word_1_459' title='bbox 3218 861 3341 911; x_wconf 89' lang='lat' dir='ltr'>est:</span> <span class='ocrx_word' id='word_1_460' title='bbox 3374 858 3434 911; x_wconf 85' lang='lat' dir='ltr'>Et</span> <span class='ocrx_word' id='word_1_461' title='bbox 3474 859 3577 928; x_wconf 86' lang='lat' dir='ltr'>quis</span> <span class='ocrx_word' id='word_1_462' title='bbox 3602 862 3707 929; x_wconf 84' lang='lat' dir='ltr'>scit,</span> 
     </span>
    </p>
   </div>
   <div class='ocr_carea' id='block_1_68' title="bbox 2112 942 3710 1016">
    <p class='ocr_par' dir='ltr' id='par_1_68' title="bbox 2112 942 3710 1016">
     <span class='ocr_line' id='line_1_68' title="bbox 2112 942 3710 1016; baseline 0.005 -21"><span class='ocrx_word' id='word_1_463' title='bbox 2112 942 2343 1011; x_wconf 76' lang='lat' dir='ltr'>spiritus</span> <span class='ocrx_word' id='word_1_464' title='bbox 2379 942 2625 1011; x_wconf 85' lang='lat' dir='ltr'>ﬁliorum</span> <span class='ocrx_word' id='word_1_465' title='bbox 2655 942 2893 999; x_wconf 85' lang='lat' dir='ltr'>hominis</span> <span class='ocrx_word' id='word_1_466' title='bbox 2920 946 2970 998; x_wconf 89' lang='lat' dir='ltr'>si</span> <span class='ocrx_word' id='word_1_467' title='bbox 2998 945 3251 1000; x_wconf 81' lang='lat' dir='ltr'>ascendat</span> <span class='ocrx_word' id='word_1_468' title='bbox 3298 947 3405 1016; x_wconf 87' lang='lat' dir='ltr'>ipse</span> <span class='ocrx_word' id='word_1_469' title='bbox 3432 963 3647 1016; x_wconf 86' lang='lat' dir='ltr'>sursum,</span> <span class='ocrx_word' id='word_1_470' title='bbox 3669 958 3710 1003; x_wconf 78' lang='lat' dir='ltr'>et</span> 
     </span>
    </p>
   </div>
   <div class='ocr_carea' id='block_1_69' title="bbox 2112 1032 3710 1103">
    <p class='ocr_par' dir='ltr' id='par_1_69' title="bbox 2112 1032 3710 1103">
     <span class='ocr_line' id='line_1_69' title="bbox 2112 1032 3710 1103; baseline 0.006 -20"><span class='ocrx_word' id='word_1_471' title='bbox 2112 1032 2349 1100; x_wconf 81' lang='lat' dir='ltr'>spiritus</span> <span class='ocrx_word' id='word_1_472' title='bbox 2370 1033 2581 1101; x_wconf 77' lang='lat' dir='ltr'>pecoris</span> <span class='ocrx_word' id='word_1_473' title='bbox 2614 1032 2666 1087; x_wconf 97' lang='lat' dir='ltr'>si</span> <span class='ocrx_word' id='word_1_474' title='bbox 2707 1032 2993 1088; x_wconf 82' lang='lat' dir='ltr'>descendat</span> <span class='ocrx_word' id='word_1_475' title='bbox 3025 1034 3139 1103; x_wconf 84' lang='lat' dir='ltr'>ipse</span> <span class='ocrx_word' id='word_1_476' title='bbox 3167 1033 3409 1089; x_wconf 85' lang='lat' dir='ltr'>deorsum</span> <span class='ocrx_word' id='word_1_477' title='bbox 3445 1037 3499 1089; x_wconf 89' lang='lat' dir='ltr'>in</span> <span class='ocrx_word' id='word_1_478' title='bbox 3542 1047 3710 1092; x_wconf 89' lang='lat' dir='ltr'>terram</span> 
     </span>
    </p>
   </div>
   <div class='ocr_carea' id='block_1_70' title="bbox 2113 1119 3712 1195">
    <p class='ocr_par' dir='ltr' id='par_1_70' title="bbox 2113 1119 3712 1195">
     <span class='ocr_line' id='line_1_70' title="bbox 2113 1119 3712 1195; baseline 0.006 -21"><span class='ocrx_word' id='word_1_479' title='bbox 2113 1119 2313 1187; x_wconf 84' lang='lat' dir='ltr'>(Eccle.</span> <span class='ocrx_word' id='word_1_480' title='bbox 2348 1137 2434 1187; x_wconf 89' lang='lat' dir='ltr'>III,</span> <span class='ocrx_word' id='word_1_481' title='bbox 2465 1122 2557 1193; x_wconf 89' lang='grc'>21)</span> <span class='ocrx_word' id='word_1_482' title='bbox 2582 1122 2601 1175; x_wconf 78' lang='lat'><em>?</em></span> <span class='ocrx_word' id='word_1_483' title='bbox 2634 1120 2858 1177; x_wconf 91' lang='lat' dir='ltr'>Dicitur</span> <span class='ocrx_word' id='word_1_484' title='bbox 2887 1122 3133 1195; x_wconf 90' lang='lat' dir='ltr'>spiritus</span> <span class='ocrx_word' id='word_1_485' title='bbox 3156 1129 3212 1179; x_wconf 88' lang='lat' dir='ltr'>et</span> <span class='ocrx_word' id='word_1_486' title='bbox 3240 1123 3367 1195; x_wconf 89' lang='lat' dir='ltr'>ipsa</span> <span class='ocrx_word' id='word_1_487' title='bbox 3395 1141 3547 1180; x_wconf 89' lang='lat' dir='ltr'>mens</span> <span class='ocrx_word' id='word_1_488' title='bbox 3567 1128 3712 1183; x_wconf 85' lang='lat' dir='ltr'>ratio-</span> 
     </span>
    </p>
   </div>
   <div class='ocr_carea' id='block_1_71' title="bbox 2114 1208 3711 1285">
    <p class='ocr_par' dir='ltr' id='par_1_71' title="bbox 2114 1208 3711 1285">
     <span class='ocr_line' id='line_1_71' title="bbox 2114 1208 3711 1285; baseline 0.006 -23"><span class='ocrx_word' id='word_1_489' title='bbox 2114 1208 2284 1275; x_wconf 91' lang='lat' dir='ltr'>nalis,</span> <span class='ocrx_word' id='word_1_490' title='bbox 2320 1209 2420 1263; x_wconf 92' lang='lat' dir='ltr'>ubi</span> <span class='ocrx_word' id='word_1_491' title='bbox 2459 1214 2548 1265; x_wconf 91' lang='lat' dir='ltr'>est</span> <span class='ocrx_word' id='word_1_492' title='bbox 2587 1212 2828 1281; x_wconf 92' lang='lat' dir='ltr'>quidam</span> <span class='ocrx_word' id='word_1_493' title='bbox 2869 1217 3152 1283; x_wconf 89' lang='lat' dir='ltr'>tanquam</span> <span class='ocrx_word' id='word_1_494' title='bbox 3194 1214 3395 1269; x_wconf 90' lang='lat' dir='ltr'>oculus</span> <span class='ocrx_word' id='word_1_495' title='bbox 3424 1214 3628 1285; x_wconf 76' lang='lat' dir='ltr'>animis,</span> <span class='ocrx_word' id='word_1_496' title='bbox 3654 1218 3711 1271; x_wconf 89' lang='lat' dir='ltr'>ad</span> 
     </span>
    </p>
   </div>
   <div class='ocr_carea' id='block_1_72' title="bbox 2115 1299 3717 1376">
    <p class='ocr_par' dir='ltr' id='par_1_72' title="bbox 2115 1299 3717 1376">
     <span class='ocr_line' id='line_1_72' title="bbox 2115 1299 3717 1376; baseline 0.006 -25"><span class='ocrx_word' id='word_1_497' title='bbox 2115 1313 2289 1368; x_wconf 90' lang='lat' dir='ltr'>quem</span> <span class='ocrx_word' id='word_1_498' title='bbox 2311 1299 2561 1369; x_wconf 88' lang='lat' dir='ltr'>pertinet</span> <span class='ocrx_word' id='word_1_499' title='bbox 2580 1300 2772 1373; x_wconf 89' lang='lat' dir='ltr'>imago</span> <span class='ocrx_word' id='word_1_500' title='bbox 2792 1307 2847 1356; x_wconf 90' lang='lat' dir='ltr'>et</span> <span class='ocrx_word' id='word_1_501' title='bbox 2864 1302 3087 1372; x_wconf 86' lang='lat' dir='ltr'>agnitio</span> <span class='ocrx_word' id='word_1_502' title='bbox 3108 1302 3227 1358; x_wconf 91' lang='lat' dir='ltr'>Dei.</span> <span class='ocrx_word' id='word_1_503' title='bbox 3250 1302 3405 1358; x_wconf 90' lang='lat' dir='ltr'>Unde</span> <span class='ocrx_word' id='word_1_504' title='bbox 3421 1303 3554 1359; x_wconf 91' lang='lat' dir='ltr'>dicit</span> <span class='ocrx_word' id='word_1_505' title='bbox 3570 1310 3717 1376; x_wconf 80' lang='lat' dir='ltr'>Apos-</span> 
     </span>
    </p>
   </div>
   <div class='ocr_carea' id='block_1_73' title="bbox 2114 1386 3718 1462">
    <p class='ocr_par' dir='ltr' id='par_1_73' title="bbox 2114 1386 3718 1462">
     <span class='ocr_line' id='line_1_73' title="bbox 2114 1386 3718 1462; baseline 0.005 -21"><span class='ocrx_word' id='word_1_506' title='bbox 2114 1386 2291 1453; x_wconf 88' lang='lat' dir='ltr'>tolus,</span> <span class='ocrx_word' id='word_1_507' title='bbox 2326 1389 2697 1444; x_wconf 82' lang='lat' dir='ltr'>Renovamini</span> <span class='ocrx_word' id='word_1_508' title='bbox 2743 1390 2944 1462; x_wconf 81' lang='lat' dir='ltr'>spiritu</span> <span class='ocrx_word' id='word_1_509' title='bbox 2992 1395 3190 1447; x_wconf 85' lang='lat' dir='ltr'>mentis</span> <span class='ocrx_word' id='word_1_510' title='bbox 3222 1401 3430 1460; x_wconf 71' lang='lat' dir='ltr'>vestrae,</span> <span class='ocrx_word' id='word_1_511' title='bbox 3457 1402 3503 1449; x_wconf 88' lang='lat' dir='ltr'>et</span> <span class='ocrx_word' id='word_1_512' title='bbox 3534 1394 3718 1449; x_wconf 83' lang='lat' dir='ltr'>induite</span> 
     </span>
    </p>
   </div>
   <div class='ocr_carea' id='block_1_74' title="bbox 2112 1477 3717 1552">
    <p class='ocr_par' dir='ltr' id='par_1_74' title="bbox 2112 1477 3717 1552">
     <span class='ocr_line' id='line_1_74' title="bbox 2112 1477 3717 1552; baseline 0.005 -22"><span class='ocrx_word' id='word_1_513' title='bbox 2112 1492 2316 1531; x_wconf 87' lang='lat' dir='ltr'>novum</span> <span class='ocrx_word' id='word_1_514' title='bbox 2362 1477 2663 1547; x_wconf 84' lang='lat' dir='ltr'>hominem,</span> <span class='ocrx_word' id='word_1_515' title='bbox 2707 1482 2803 1552; x_wconf 83' lang='lat' dir='ltr'>qui</span> <span class='ocrx_word' id='word_1_516' title='bbox 2848 1481 3149 1536; x_wconf 88' lang='lat' dir='ltr'>secundum</span> <span class='ocrx_word' id='word_1_517' title='bbox 3202 1483 3369 1537; x_wconf 84' lang='lat' dir='ltr'>Deum</span> <span class='ocrx_word' id='word_1_518' title='bbox 3420 1487 3614 1538; x_wconf 82' lang='lat' dir='ltr'>creatus</span> <span class='ocrx_word' id='word_1_519' title='bbox 3655 1489 3717 1539; x_wconf 85' lang='lat' dir='ltr'>est</span> 
     </span>
    </p>
   </div>
   <div class='ocr_carea' id='block_1_75' title="bbox 2113 1566 3719 1637">
    <p class='ocr_par' dir='ltr' id='par_1_75' title="bbox 2113 1566 3719 1637">
     <span class='ocr_line' id='line_1_75' title="bbox 2113 1566 3719 1637; baseline 0.003 -16"><span class='ocrx_word' id='word_1_520' title='bbox 2113 1566 2332 1636; x_wconf 84' lang='lat' dir='ltr'>(Ephes.</span> <span class='ocrx_word' id='word_1_521' title='bbox 2370 1584 2443 1637; x_wconf 81' lang='grc' dir='ltr'>ιν,</span> <span class='ocrx_word' id='word_1_522' title='bbox 2476 1568 2567 1637; x_wconf 84' lang='grc'>23,</span> <span class='ocrx_word' id='word_1_523' title='bbox 2597 1568 2726 1637; x_wconf 84' lang='grc'>24);</span> <span class='ocrx_word' id='word_1_524' title='bbox 2761 1585 2894 1624; x_wconf 90' lang='lat' dir='ltr'>cum</span> <span class='ocrx_word' id='word_1_525' title='bbox 2942 1573 3000 1624; x_wconf 88' lang='lat' dir='ltr'>et</span> <span class='ocrx_word' id='word_1_526' title='bbox 3029 1569 3166 1625; x_wconf 91' lang='lat' dir='ltr'>alibi</span> <span class='ocrx_word' id='word_1_527' title='bbox 3199 1570 3353 1626; x_wconf 85' lang='lat' dir='ltr'>dicat</span> <span class='ocrx_word' id='word_1_528' title='bbox 3383 1571 3451 1626; x_wconf 90' lang='lat' dir='ltr'>de</span> <span class='ocrx_word' id='word_1_529' title='bbox 3488 1572 3719 1627; x_wconf 83' lang='lat' dir='ltr'>interiore</span> 
     </span>
    </p>
   </div>
   <div class='ocr_carea' id='block_1_76' title="bbox 2115 1652 3719 1729">
    <p class='ocr_par' dir='ltr' id='par_1_76' title="bbox 2115 1652 3719 1729">
     <span class='ocr_line' id='line_1_76' title="bbox 2115 1652 3719 1729; baseline 0.005 -22"><span class='ocrx_word' id='word_1_530' title='bbox 2115 1652 2373 1722; x_wconf 87' lang='lat' dir='ltr'>homine,</span> <span class='ocrx_word' id='word_1_531' title='bbox 2411 1655 2517 1722; x_wconf 88' lang='lat' dir='ltr'>Qui</span> <span class='ocrx_word' id='word_1_532' title='bbox 2565 1665 2865 1712; x_wconf 88' lang='lat' dir='ltr'>renovatur</span> <span class='ocrx_word' id='word_1_533' title='bbox 2908 1660 2967 1712; x_wconf 86' lang='lat' dir='ltr'>in</span> <span class='ocrx_word' id='word_1_534' title='bbox 2996 1660 3276 1729; x_wconf 84' lang='lat' dir='ltr'>agnitione</span> <span class='ocrx_word' id='word_1_535' title='bbox 3322 1660 3435 1725; x_wconf 88' lang='lat' dir='ltr'>Dei,</span> <span class='ocrx_word' id='word_1_536' title='bbox 3465 1661 3719 1715; x_wconf 81' lang='lat' dir='ltr'>secundum</span> 
     </span>
    </p>
   </div>
   <div class='ocr_carea' id='block_1_77' title="bbox 2114 1743 3721 1819">
    <p class='ocr_par' dir='ltr' id='par_1_77' title="bbox 2114 1743 3721 1819">
     <span class='ocr_line' id='line_1_77' title="bbox 2114 1743 3721 1819; baseline 0.006 -24"><span class='ocrx_word' id='word_1_537' title='bbox 2114 1743 2417 1811; x_wconf 75' lang='lat' dir='ltr'>imaginem</span> <span class='ocrx_word' id='word_1_538' title='bbox 2447 1746 2563 1814; x_wconf 80' lang='lat' dir='ltr'>eius</span> <span class='ocrx_word' id='word_1_539' title='bbox 2596 1748 2691 1817; x_wconf 86' lang='lat' dir='ltr'>qui</span> <span class='ocrx_word' id='word_1_540' title='bbox 2718 1748 2928 1802; x_wconf 83' lang='lat' dir='ltr'>creavit</span> <span class='ocrx_word' id='word_1_541' title='bbox 2955 1762 3079 1802; x_wconf 89' lang='lat' dir='ltr'>eum</span> <span class='ocrx_word' id='word_1_542' title='bbox 3108 1748 3333 1817; x_wconf 80' lang='lat' dir='ltr'>(Coloss.</span> <span class='ocrx_word' id='word_1_543' title='bbox 3361 1765 3443 1815; x_wconf 80' lang='grc' dir='ltr'>ιιι,</span> <span class='ocrx_word' id='word_1_544' title='bbox 3472 1749 3570 1819; x_wconf 90' lang='grc'>10).</span> <span class='ocrx_word' id='word_1_545' title='bbox 3605 1748 3721 1804; x_wconf 87' lang='lat' dir='ltr'>Item</span> 
     </span>
    </p>
   </div>
   <div class='ocr_carea' id='block_1_78' title="bbox 2115 1832 3722 1908">
    <p class='ocr_par' dir='ltr' id='par_1_78' title="bbox 2115 1832 3722 1908">
     <span class='ocr_line' id='line_1_78' title="bbox 2115 1832 3722 1908; baseline 0.004 -23"><span class='ocrx_word' id='word_1_546' title='bbox 2115 1848 2249 1886; x_wconf 88' lang='lat' dir='ltr'>cum</span> <span class='ocrx_word' id='word_1_547' title='bbox 2282 1832 2546 1899; x_wconf 87' lang='lat' dir='ltr'>dixisset,</span> <span class='ocrx_word' id='word_1_548' title='bbox 2581 1836 2754 1905; x_wconf 86' lang='lat' dir='ltr'>Igitur</span> <span class='ocrx_word' id='word_1_549' title='bbox 2787 1838 2903 1907; x_wconf 88' lang='lat' dir='ltr'>ipse</span> <span class='ocrx_word' id='word_1_550' title='bbox 2942 1852 3041 1907; x_wconf 88' lang='lat' dir='ltr'>ego</span> <span class='ocrx_word' id='word_1_551' title='bbox 3071 1846 3250 1892; x_wconf 90' lang='lat' dir='ltr'>mente</span> <span class='ocrx_word' id='word_1_552' title='bbox 3288 1838 3458 1892; x_wconf 84' lang='lat' dir='ltr'>servio</span> <span class='ocrx_word' id='word_1_553' title='bbox 3486 1838 3585 1908; x_wconf 89' lang='lat' dir='ltr'>legi</span> <span class='ocrx_word' id='word_1_554' title='bbox 3624 1839 3722 1902; x_wconf 83' lang='lat' dir='ltr'>Dei,</span> 
     </span>
    </p>
   </div>
   <div class='ocr_carea' id='block_1_79' title="bbox 2113 1924 3723 1997">
    <p class='ocr_par' dir='ltr' id='par_1_79' title="bbox 2113 1924 3723 1997">
     <span class='ocr_line' id='line_1_79' title="bbox 2113 1924 3723 1997; baseline 0.004 -23"><span class='ocrx_word' id='word_1_555' title='bbox 2113 1936 2283 1975; x_wconf 87' lang='lat' dir='ltr'>carne</span> <span class='ocrx_word' id='word_1_556' title='bbox 2330 1931 2515 1978; x_wconf 89' lang='lat' dir='ltr'>autem</span> <span class='ocrx_word' id='word_1_557' title='bbox 2559 1924 2666 1994; x_wconf 85' lang='lat' dir='ltr'>legi</span> <span class='ocrx_word' id='word_1_558' title='bbox 2705 1927 2918 1996; x_wconf 77' lang='lat' dir='ltr'>peccati</span> <span class='ocrx_word' id='word_1_559' title='bbox 2960 1925 3133 1995; x_wconf 84' lang='lat' dir='ltr'>(Rom.</span> <span class='ocrx_word' id='word_1_560' title='bbox 3167 1942 3271 1994; x_wconf 84' lang='lat' dir='ltr'>v11,</span> <span class='ocrx_word' id='word_1_561' title='bbox 3309 1927 3434 1997; x_wconf 87' lang='lat'>25);</span> <span class='ocrx_word' id='word_1_562' title='bbox 3478 1926 3580 1982; x_wconf 91' lang='lat' dir='ltr'>alio</span> <span class='ocrx_word' id='word_1_563' title='bbox 3620 1926 3723 1981; x_wconf 91' lang='lat' dir='ltr'>loco</span> 
     </span>
    </p>
   </div>
   <div class='ocr_carea' id='block_1_80' title="bbox 2116 2010 3724 2085">
    <p class='ocr_par' dir='ltr' id='par_1_80' title="bbox 2116 2010 3724 2085">
     <span class='ocr_line' id='line_1_80' title="bbox 2116 2010 3724 2085; baseline 0.003 -21"><span class='ocrx_word' id='word_1_564' title='bbox 2116 2010 2381 2065; x_wconf 91' lang='lat' dir='ltr'>eamdem</span> <span class='ocrx_word' id='word_1_565' title='bbox 2435 2014 2791 2069; x_wconf 88' lang='lat' dir='ltr'>sententiam</span> <span class='ocrx_word' id='word_1_566' title='bbox 2824 2030 3319 2085; x_wconf 87' lang='lat' dir='ltr'>commemorans,</span> <span class='ocrx_word' id='word_1_567' title='bbox 3353 2016 3509 2081; x_wconf 84' lang='lat' dir='ltr'>Caro,</span> <span class='ocrx_word' id='word_1_568' title='bbox 3542 2016 3724 2085; x_wconf 88' lang='lat' dir='ltr'>inquit,</span> 
     </span>
    </p>
   </div>
   <div class='ocr_carea' id='block_1_81' title="bbox 2115 2102 3723 2175">
    <p class='ocr_par' dir='ltr' id='par_1_81' title="bbox 2115 2102 3723 2175">
     <span class='ocr_line' id='line_1_81' title="bbox 2115 2102 3723 2175; baseline 0.004 -22"><span class='ocrx_word' id='word_1_569' title='bbox 2115 2102 2449 2171; x_wconf 87' lang='lat' dir='ltr'>concupiscit</span> <span class='ocrx_word' id='word_1_570' title='bbox 2493 2103 2753 2159; x_wconf 84' lang='lat' dir='ltr'>adversus</span> <span class='ocrx_word' id='word_1_571' title='bbox 2802 2104 3103 2175; x_wconf 80' lang='lat' dir='ltr'>spiritum,‘</span> <span class='ocrx_word' id='word_1_572' title='bbox 3135 2112 3187 2159; x_wconf 90' lang='lat' dir='ltr'>et</span> <span class='ocrx_word' id='word_1_573' title='bbox 3227 2106 3457 2175; x_wconf 72' lang='lat' dir='ltr'>spiritus</span> <span class='ocrx_word' id='word_1_574' title='bbox 3502 2104 3723 2159; x_wconf 82' lang='lat' dir='ltr'>adversus</span> 
     </span>
    </p>
   </div>
   <div class='ocr_carea' id='block_1_82' title="bbox 2114 2192 3725 2264">
    <p class='ocr_par' dir='ltr' id='par_1_82' title="bbox 2114 2192 3725 2264">
     <span class='ocr_line' id='line_1_82' title="bbox 2114 2192 3725 2264; baseline 0.004 -22"><span class='ocrx_word' id='word_1_575' title='bbox 2114 2205 2359 2252; x_wconf 84' lang='lat' dir='ltr'>carnem.</span> <span class='ocrx_word' id='word_1_576' title='bbox 2389 2194 2447 2244; x_wconf 88' lang='lat' dir='ltr'>ut</span> <span class='ocrx_word' id='word_1_577' title='bbox 2475 2208 2586 2247; x_wconf 90' lang='lat' dir='ltr'>non</span> <span class='ocrx_word' id='word_1_578' title='bbox 2630 2208 2695 2247; x_wconf 89' lang='lat' dir='ltr'>ea</span> <span class='ocrx_word' id='word_1_579' title='bbox 2731 2208 2849 2263; x_wconf 69' lang='lat' dir='ltr'>qua:</span> <span class='ocrx_word' id='word_1_580' title='bbox 2878 2194 3041 2247; x_wconf 86' lang='lat' dir='ltr'>vultis</span> <span class='ocrx_word' id='word_1_581' title='bbox 3068 2195 3299 2264; x_wconf 83' lang='lat' dir='ltr'>faciatis</span> <span class='ocrx_word' id='word_1_582' title='bbox 3328 2192 3523 2261; x_wconf 90' lang='lat' dir='ltr'>(Galat.</span> <span class='ocrx_word' id='word_1_583' title='bbox 3554 2210 3602 2262; x_wconf 91' lang='lat' dir='ltr'>v,</span> <span class='ocrx_word' id='word_1_584' title='bbox 3632 2196 3725 2261; x_wconf 88' lang='lat'>17),</span> 
     </span>
    </p>
   </div>
   <div class='ocr_carea' id='block_1_83' title="bbox 2116 2279 3727 2354">
    <p class='ocr_par' dir='ltr' id='par_1_83' title="bbox 2116 2279 3727 2354">
     <span class='ocr_line' id='line_1_83' title="bbox 2116 2279 3727 2354; baseline 0.004 -23"><span class='ocrx_word' id='word_1_585' title='bbox 2116 2295 2292 2349; x_wconf 89' lang='lat' dir='ltr'>quam</span> <span class='ocrx_word' id='word_1_586' title='bbox 2324 2279 2470 2335; x_wconf 87' lang='lat' dir='ltr'>dixit</span> <span class='ocrx_word' id='word_1_587' title='bbox 2500 2285 2776 2349; x_wconf 89' lang='lat' dir='ltr'>mentem,</span> <span class='ocrx_word' id='word_1_588' title='bbox 2810 2281 2961 2337; x_wconf 86' lang='lat' dir='ltr'>hanc</span> <span class='ocrx_word' id='word_1_589' title='bbox 2989 2281 3164 2337; x_wconf 83' lang='lat' dir='ltr'>etiam</span> <span class='ocrx_word' id='word_1_590' title='bbox 3200 2281 3476 2354; x_wconf 87' lang='lat' dir='ltr'>spiritum</span> <span class='ocrx_word' id='word_1_591' title='bbox 3506 2282 3727 2354; x_wconf 81' lang='lat' dir='ltr'>appella-</span> 
     </span>
    </p>
   </div>
   <div class='ocr_carea' id='block_1_84' title="bbox 2116 2368 3728 2442">
    <p class='ocr_par' dir='ltr' id='par_1_84' title="bbox 2116 2368 3728 2442">
     <span class='ocr_line' id='line_1_84' title="bbox 2116 2368 3728 2442; baseline 0.004 -23"><span class='ocrx_word' id='word_1_592' title='bbox 2116 2368 2214 2421; x_wconf 90' lang='lat' dir='ltr'>vit.</span> <span class='ocrx_word' id='word_1_593' title='bbox 2254 2369 2476 2424; x_wconf 90' lang='lat' dir='ltr'>Dicitur</span> <span class='ocrx_word' id='word_1_594' title='bbox 2505 2370 2750 2442; x_wconf 90' lang='lat' dir='ltr'>spiritus</span> <span class='ocrx_word' id='word_1_595' title='bbox 2783 2371 2959 2426; x_wconf 89' lang='lat' dir='ltr'>etiam</span> <span class='ocrx_word' id='word_1_596' title='bbox 2992 2376 3162 2439; x_wconf 83' lang='lat' dir='ltr'>Deus,</span> <span class='ocrx_word' id='word_1_597' title='bbox 3197 2370 3353 2426; x_wconf 88' lang='lat' dir='ltr'>sicut</span> <span class='ocrx_word' id='word_1_598' title='bbox 3382 2371 3459 2426; x_wconf 91' lang='lat' dir='ltr'>ait</span> <span class='ocrx_word' id='word_1_599' title='bbox 3481 2371 3728 2426; x_wconf 82' lang='lat' dir='ltr'>Dominus</span> 
     </span>
    </p>
   </div>
   <div class='ocr_carea' id='block_1_85' title="bbox 2118 2455 3733 2533">
    <p class='ocr_par' dir='ltr' id='par_1_85' title="bbox 2118 2455 3733 2533">
     <span class='ocr_line' id='line_1_85' title="bbox 2118 2455 3733 2533; baseline 0.004 -24"><span class='ocrx_word' id='word_1_600' title='bbox 2118 2455 2175 2509; x_wconf 88' lang='lat' dir='ltr'>iu</span> <span class='ocrx_word' id='word_1_601' title='bbox 2210 2458 2553 2530; x_wconf 81' lang='lat' dir='ltr'>Evangelio:</span> <span class='ocrx_word' id='word_1_602' title='bbox 2606 2460 2851 2533; x_wconf 88' lang='lat' dir='ltr'>Spiritus</span> <span class='ocrx_word' id='word_1_603' title='bbox 2881 2465 2961 2517; x_wconf 88' lang='lat' dir='ltr'>est</span> <span class='ocrx_word' id='word_1_604' title='bbox 2989 2462 3150 2528; x_wconf 88' lang='lat' dir='ltr'>Deus,</span> <span class='ocrx_word' id='word_1_605' title='bbox 3185 2468 3235 2516; x_wconf 89' lang='lat' dir='ltr'>et</span> <span class='ocrx_word' id='word_1_606' title='bbox 3278 2476 3365 2515; x_wconf 88' lang='lat' dir='ltr'>eos</span> <span class='ocrx_word' id='word_1_607' title='bbox 3394 2463 3488 2532; x_wconf 90' lang='lat' dir='ltr'>qui</span> <span class='ocrx_word' id='word_1_608' title='bbox 3522 2460 3733 2516; x_wconf 84' lang='lat' dir='ltr'>adorant</span> 
     </span>
    </p>
   </div>
   <div class='ocr_carea' id='block_1_86' title="bbox 2117 2549 3728 2622">
    <p class='ocr_par' dir='ltr' id='par_1_86' title="bbox 2117 2549 3728 2622">
     <span class='ocr_line' id='line_1_86' title="bbox 2117 2549 3728 2622; baseline 0.004 -23"><span class='ocrx_word' id='word_1_609' title='bbox 2117 2562 2262 2616; x_wconf 88' lang='lat' dir='ltr'>eum,</span> <span class='ocrx_word' id='word_1_610' title='bbox 2306 2549 2361 2601; x_wconf 88' lang='lat' dir='ltr'>in</span> <span class='ocrx_word' id='word_1_611' title='bbox 2407 2551 2611 2620; x_wconf 86' lang='lat' dir='ltr'>spiritu</span> <span class='ocrx_word' id='word_1_612' title='bbox 2655 2559 2712 2606; x_wconf 86' lang='lat' dir='ltr'>et</span> <span class='ocrx_word' id='word_1_613' title='bbox 2757 2553 2980 2607; x_wconf 87' lang='lat' dir='ltr'>veritate</span> <span class='ocrx_word' id='word_1_614' title='bbox 3030 2554 3239 2621; x_wconf 82' lang='lat' dir='ltr'>Oportet</span> <span class='ocrx_word' id='word_1_615' title='bbox 3295 2551 3524 2606; x_wconf 86' lang='lat' dir='ltr'>adorare</span> <span class='ocrx_word' id='word_1_616' title='bbox 3577 2554 3728 2622; x_wconf 88' lang='lat' dir='ltr'>(Joan.</span> 
     </span>
    </p>
   </div>
   <div class='ocr_carea' id='block_1_87' title="bbox 2118 2636 2339 2707">
    <p class='ocr_par' dir='ltr' id='par_1_87' title="bbox 2118 2636 2339 2707">
     <span class='ocr_line' id='line_1_87' title="bbox 2118 2636 2339 2707; baseline 0.005 -18"><span class='ocrx_word' id='word_1_617' title='bbox 2118 2650 2194 2705; x_wconf 85' lang='grc' dir='ltr'>ιν,</span> <span class='ocrx_word' id='word_1_618' title='bbox 2227 2636 2339 2707; x_wconf 83' lang='grc'>25).</span> 
     </span>
    </p>
   </div>
   <div class='ocr_carea' id='block_1_88' title="bbox 2118 2742 3729 2819">
    <p class='ocr_par' dir='ltr' id='par_1_88' title="bbox 2118 2742 3729 2819">
     <span class='ocr_line' id='line_1_88' title="bbox 2118 2742 3729 2819; baseline 0.004 -24"><span class='ocrx_word' id='word_1_619' title='bbox 2118 2742 2207 2796; x_wconf 88' lang='lat' dir='ltr'>CA</span> <span class='ocrx_word' id='word_1_620' title='bbox 2218 2742 2354 2798; x_wconf 90' lang='lat' dir='ltr'>PUT</span> <span class='ocrx_word' id='word_1_621' title='bbox 2370 2746 2512 2801; x_wconf 86' lang='lat' dir='ltr'>VIII.</span> <span class='ocrx_word' id='word_1_622' title='bbox 2528 2778 2595 2787; x_wconf 91' lang='lat'>-—</span> <span class='ocrx_word' id='word_1_623' title='bbox 2613 2748 2758 2804; x_wconf 86' lang='lat' dir='ltr'>Unde</span> <span class='ocrx_word' id='word_1_624' title='bbox 2772 2748 3064 2819; x_wconf 85' lang='lat' dir='ltr'>spirituale</span> <span class='ocrx_word' id='word_1_625' title='bbox 3078 2748 3291 2805; x_wconf 84' lang='lat' dir='ltr'>dicitur</span> <span class='ocrx_word' id='word_1_626' title='bbox 3303 2750 3570 2804; x_wconf 88' lang='lat' dir='ltr'>visionum</span> <span class='ocrx_word' id='word_1_627' title='bbox 3587 2764 3729 2819; x_wconf 84' lang='lat' dir='ltr'>genus</span> 
     </span>
    </p>
   </div>
   <div class='ocr_carea' id='block_1_89' title="bbox 2779 2822 3099 2876">
    <p class='ocr_par' dir='ltr' id='par_1_89' title="bbox 2779 2822 3099 2876">
     <span class='ocr_line' id='line_1_89' title="bbox 2779 2822 3099 2876; baseline 0 -1"><span class='ocrx_word' id='word_1_628' title='bbox 2779 2822 3099 2876; x_wconf 87' lang='lat' dir='ltr'>secundum.</span> 
     </span>
    </p>
   </div>
   <div class='ocr_carea' id='block_1_90' title="bbox 2191 2905 3730 2981">
    <p class='ocr_par' dir='ltr' id='par_1_90' title="bbox 2191 2905 3730 2981">
     <span class='ocr_line' id='line_1_90' title="bbox 2191 2905 3730 2981; baseline 0.003 -22"><span class='ocrx_word' id='word_1_629' title='bbox 2191 2905 2275 2960; x_wconf 86' lang='lat'>19.</span> <span class='ocrx_word' id='word_1_630' title='bbox 2311 2907 2387 2962; x_wconf 87' lang='lat' dir='ltr'>Ex</span> <span class='ocrx_word' id='word_1_631' title='bbox 2418 2908 2511 2963; x_wconf 90' lang='lat' dir='ltr'>his</span> <span class='ocrx_word' id='word_1_632' title='bbox 2542 2909 2816 2966; x_wconf 90' lang='lat' dir='ltr'>omnibus</span> <span class='ocrx_word' id='word_1_633' title='bbox 2850 2910 3060 2977; x_wconf 90' lang='lat' dir='ltr'>modis,</span> <span class='ocrx_word' id='word_1_634' title='bbox 3096 2925 3243 2981; x_wconf 90' lang='lat' dir='ltr'>quos</span> <span class='ocrx_word' id='word_1_635' title='bbox 3283 2910 3730 2966; x_wconf 87' lang='lat' dir='ltr'>commemoravi-</span> 
     </span>
    </p>
   </div>
   <div class='ocr_carea' id='block_1_91' title="bbox 2118 2998 3729 3072">
    <p class='ocr_par' dir='ltr' id='par_1_91' title="bbox 2118 2998 3729 3072">
     <span class='ocr_line' id='line_1_91' title="bbox 2118 2998 3729 3072; baseline 0.002 -23"><span class='ocrx_word' id='word_1_636' title='bbox 2118 3011 2271 3064; x_wconf 90' lang='lat' dir='ltr'>mus,</span> <span class='ocrx_word' id='word_1_637' title='bbox 2307 2998 2524 3069; x_wconf 89' lang='lat' dir='ltr'>quibus</span> <span class='ocrx_word' id='word_1_638' title='bbox 2556 2998 2887 3072; x_wconf 90' lang='lat' dir='ltr'>appellatur</span> <span class='ocrx_word' id='word_1_639' title='bbox 2918 2999 3312 3072; x_wconf 89' lang='lat' dir='ltr'>spiritus,non</span> <span class='ocrx_word' id='word_1_640' title='bbox 3345 2999 3619 3055; x_wconf 86' lang='lat' dir='ltr'>traximus</span> <span class='ocrx_word' id='word_1_641' title='bbox 3642 2999 3729 3054; x_wconf 86' lang='lat' dir='ltr'>hoc</span> 
     </span>
    </p>
   </div>
   <div class='ocr_carea' id='block_1_92' title="bbox 2115 3086 3730 3162">
    <p class='ocr_par' dir='ltr' id='par_1_92' title="bbox 2115 3086 3730 3162">
     <span class='ocr_line' id='line_1_92' title="bbox 2115 3086 3730 3162; baseline 0.002 -24"><span class='ocrx_word' id='word_1_642' title='bbox 2115 3086 2485 3156; x_wconf 89' lang='lat' dir='ltr'>vocabulum,</span> <span class='ocrx_word' id='word_1_643' title='bbox 2537 3105 2652 3160; x_wconf 92' lang='lat' dir='ltr'>quo</span> <span class='ocrx_word' id='word_1_644' title='bbox 2702 3088 3127 3162; x_wconf 88' lang='lat' dir='ltr'>appellavimus</span> <span class='ocrx_word' id='word_1_645' title='bbox 3177 3087 3484 3161; x_wconf 90' lang='lat' dir='ltr'>spirituale</span> <span class='ocrx_word' id='word_1_646' title='bbox 3541 3089 3634 3143; x_wconf 90' lang='lat' dir='ltr'>hoc</span> <span class='ocrx_word' id='word_1_647' title='bbox 3662 3088 3730 3141; x_wconf 89' lang='lat' dir='ltr'>vi-</span> 
     </span>
    </p>
   </div>
   <div class='ocr_carea' id='block_1_93' title="bbox 2115 3174 3729 3250">
    <p class='ocr_par' dir='ltr' id='par_1_93' title="bbox 2115 3174 3729 3250">
     <span class='ocr_line' id='line_1_93' title="bbox 2115 3174 3729 3250; baseline 0.002 -23"><span class='ocrx_word' id='word_1_648' title='bbox 2115 3174 2296 3229; x_wconf 90' lang='lat' dir='ltr'>sionis</span> <span class='ocrx_word' id='word_1_649' title='bbox 2325 3192 2510 3248; x_wconf 89' lang='lat' dir='ltr'>genus</span> <span class='ocrx_word' id='word_1_650' title='bbox 2542 3177 2613 3233; x_wconf 91' lang='lat' dir='ltr'>de</span> <span class='ocrx_word' id='word_1_651' title='bbox 2644 3195 2755 3249; x_wconf 92' lang='lat' dir='ltr'>quo</span> <span class='ocrx_word' id='word_1_652' title='bbox 2789 3195 2943 3234; x_wconf 91' lang='lat' dir='ltr'>nunc</span> <span class='ocrx_word' id='word_1_653' title='bbox 2974 3178 3242 3250; x_wconf 88' lang='lat' dir='ltr'>agimus;</span> <span class='ocrx_word' id='word_1_654' title='bbox 3275 3178 3375 3233; x_wconf 90' lang='lat' dir='ltr'>sed</span> <span class='ocrx_word' id='word_1_655' title='bbox 3412 3193 3479 3232; x_wconf 83' lang='lat' dir='ltr'>ex</span> <span class='ocrx_word' id='word_1_656' title='bbox 3509 3176 3601 3231; x_wconf 93' lang='lat' dir='ltr'>illo</span> <span class='ocrx_word' id='word_1_657' title='bbox 3636 3191 3729 3231; x_wconf 90' lang='lat' dir='ltr'>uno</span> 
     </span>
    </p>
   </div>
   <div class='ocr_carea' id='block_1_94' title="bbox 2114 3264 3728 3339">
    <p class='ocr_par' dir='ltr' id='par_1_94' title="bbox 2114 3264 3728 3339">
     <span class='ocr_line' id='line_1_94' title="bbox 2114 3264 3728 3339; baseline 0.002 -22"><span class='ocrx_word' id='word_1_658' title='bbox 2114 3264 2287 3320; x_wconf 90' lang='lat' dir='ltr'>modo</span> <span class='ocrx_word' id='word_1_659' title='bbox 2318 3282 2491 3338; x_wconf 92' lang='lat' dir='ltr'>quem</span> <span class='ocrx_word' id='word_1_660' title='bbox 2524 3267 2855 3324; x_wconf 91' lang='lat' dir='ltr'>invenimus</span> <span class='ocrx_word' id='word_1_661' title='bbox 2888 3268 2945 3323; x_wconf 91' lang='lat' dir='ltr'>in</span> <span class='ocrx_word' id='word_1_662' title='bbox 2998 3265 3255 3339; x_wconf 85' lang='lat' dir='ltr'>Epistola</span> <span class='ocrx_word' id='word_1_663' title='bbox 3287 3267 3360 3321; x_wconf 91' lang='lat' dir='ltr'>ad</span> <span class='ocrx_word' id='word_1_664' title='bbox 3411 3266 3728 3335; x_wconf 83' lang='lat' dir='ltr'>Corinthios,</span> 
     </span>
    </p>
   </div>
   <div class='ocr_carea' id='block_1_95' title="bbox 2115 3354 3730 3428">
    <p class='ocr_par' dir='ltr' id='par_1_95' title="bbox 2115 3354 3730 3428">
     <span class='ocr_line' id='line_1_95' title="bbox 2115 3354 3730 3428; baseline 0.001 -21"><span class='ocrx_word' id='word_1_665' title='bbox 2115 3369 2229 3424; x_wconf 92' lang='lat' dir='ltr'>quo</span> <span class='ocrx_word' id='word_1_666' title='bbox 2282 3354 2527 3426; x_wconf 89' lang='lat' dir='ltr'>spiritus</span> <span class='ocrx_word' id='word_1_667' title='bbox 2580 3373 2613 3412; x_wconf 89' lang='lat' dir='ltr'>a</span> <span class='ocrx_word' id='word_1_668' title='bbox 2660 3361 2855 3412; x_wconf 90' lang='lat' dir='ltr'>mente</span> <span class='ocrx_word' id='word_1_669' title='bbox 2902 3355 3291 3428; x_wconf 90' lang='lat' dir='ltr'>distinguitur</span> <span class='ocrx_word' id='word_1_670' title='bbox 3320 3356 3730 3412; x_wconf 81' lang='lat' dir='ltr'>evidentissima</span> 
     </span>
    </p>
   </div>
   <div class='ocr_carea' id='block_1_96' title="bbox 2114 3444 3732 3517">
    <p class='ocr_par' dir='ltr' id='par_1_96' title="bbox 2114 3444 3732 3517">
     <span class='ocr_line' id='line_1_96' title="bbox 2114 3444 3732 3517; baseline 0.001 -20"><span class='ocrx_word' id='word_1_671' title='bbox 2114 3444 2473 3501; x_wconf 88' lang='lat' dir='ltr'>testimonio.</span> <span class='ocrx_word' id='word_1_672' title='bbox 2508 3445 2570 3501; x_wconf 87' lang='lat' dir='ltr'>Si</span> <span class='ocrx_word' id='word_1_673' title='bbox 2594 3448 2742 3501; x_wconf 87' lang='lat' dir='ltr'>enim</span> <span class='ocrx_word' id='word_1_674' title='bbox 2772 3462 3017 3516; x_wconf 81' lang='lat' dir='ltr'>oravere,</span> <span class='ocrx_word' id='word_1_675' title='bbox 3043 3444 3253 3517; x_wconf 92' lang='lat' dir='ltr'>inquit,</span> <span class='ocrx_word' id='word_1_676' title='bbox 3281 3446 3504 3515; x_wconf 86' lang='lat' dir='ltr'>lingua,</span> <span class='ocrx_word' id='word_1_677' title='bbox 3529 3446 3732 3516; x_wconf 84' lang='lat' dir='ltr'>spiritus</span> 
     </span>
    </p>
   </div>
   <div class='ocr_carea' id='block_1_97' title="bbox 2112 3536 3733 3605">
    <p class='ocr_par' dir='ltr' id='par_1_97' title="bbox 2112 3536 3733 3605">
     <span class='ocr_line' id='line_1_97' title="bbox 2112 3536 3733 3605; baseline 0 -17"><span class='ocrx_word' id='word_1_678' title='bbox 2112 3548 2261 3588; x_wconf 87' lang='lat' dir='ltr'>meus</span> <span class='ocrx_word' id='word_1_679' title='bbox 2282 3543 2421 3601; x_wconf 91' lang='lat' dir='ltr'>orat,</span> <span class='ocrx_word' id='word_1_680' title='bbox 2439 3552 2590 3591; x_wconf 88' lang='lat' dir='ltr'>mens</span> <span class='ocrx_word' id='word_1_681' title='bbox 2610 3538 2793 3592; x_wconf 86' lang='lat' dir='ltr'>autem</span> <span class='ocrx_word' id='word_1_682' title='bbox 2820 3552 2943 3591; x_wconf 89' lang='lat' dir='ltr'>mea</span> <span class='ocrx_word' id='word_1_683' title='bbox 2971 3536 3318 3605; x_wconf 79' lang='lat' dir='ltr'>infructuosa</span> <span class='ocrx_word' id='word_1_684' title='bbox 3339 3538 3436 3591; x_wconf 87' lang='lat' dir='ltr'>est.</span> <span class='ocrx_word' id='word_1_685' title='bbox 3468 3537 3604 3591; x_wconf 89' lang='lat' dir='ltr'>Cum</span> <span class='ocrx_word' id='word_1_686' title='bbox 3621 3549 3733 3604; x_wconf 78' lang='lat' dir='ltr'>ergo</span> 
     </span>
    </p>
   </div>
   <div class='ocr_carea' id='block_1_98' title="bbox 2113 3620 3736 3695">
    <p class='ocr_par' dir='ltr' id='par_1_98' title="bbox 2113 3620 3736 3695">
     <span class='ocr_line' id='line_1_98' title="bbox 2113 3620 3736 3695; baseline 0.001 -20"><span class='ocrx_word' id='word_1_687' title='bbox 2113 3620 2375 3693; x_wconf 91' lang='lat' dir='ltr'>linguam</span> <span class='ocrx_word' id='word_1_688' title='bbox 2412 3627 2427 3659; x_wconf 77' lang='grc' dir='ltr'>ί</span> <span class='ocrx_word' id='word_1_689' title='bbox 2460 3624 2819 3695; x_wconf 89' lang='lat' dir='ltr'>intelligatur</span> <span class='ocrx_word' id='word_1_690' title='bbox 2870 3625 2977 3682; x_wconf 90' lang='lat' dir='ltr'>hoc</span> <span class='ocrx_word' id='word_1_691' title='bbox 3007 3623 3133 3680; x_wconf 90' lang='lat' dir='ltr'>loco</span> <span class='ocrx_word' id='word_1_692' title='bbox 3166 3623 3361 3679; x_wconf 87' lang='lat' dir='ltr'>dicere</span> <span class='ocrx_word' id='word_1_693' title='bbox 3391 3623 3656 3679; x_wconf 87' lang='lat' dir='ltr'>obscuras</span> <span class='ocrx_word' id='word_1_694' title='bbox 3688 3626 3736 3677; x_wconf 89' lang='lat' dir='ltr'>et</span> 
     </span>
    </p>
   </div>
   <div class='ocr_carea' id='block_1_99' title="bbox 2114 3712 3731 3787">
    <p class='ocr_par' dir='ltr' id='par_1_99' title="bbox 2114 3712 3731 3787">
     <span class='ocr_line' id='line_1_99' title="bbox 2114 3712 3731 3787; baseline -0.001 -22"><span class='ocrx_word' id='word_1_695' title='bbox 2114 3713 2392 3784; x_wconf 82' lang='lat' dir='ltr'>mysticas</span> <span class='ocrx_word' id='word_1_696' title='bbox 2436 3714 2915 3787; x_wconf 77' lang='lat' dir='ltr'>significationes,</span> <span class='ocrx_word' id='word_1_697' title='bbox 2950 3732 2982 3770; x_wconf 90' lang='lat' dir='ltr'>a</span> <span class='ocrx_word' id='word_1_698' title='bbox 3031 3714 3248 3787; x_wconf 90' lang='lat' dir='ltr'>quibus</span> <span class='ocrx_word' id='word_1_699' title='bbox 3297 3713 3349 3769; x_wconf 90' lang='lat' dir='ltr'>si</span> <span class='ocrx_word' id='word_1_700' title='bbox 3400 3712 3731 3769; x_wconf 87' lang='lat' dir='ltr'>intellectum</span> 
     </span>
    </p>
   </div>
   <div class='ocr_carea' id='block_1_100' title="bbox 2114 3796 3730 3873">
    <p class='ocr_par' dir='ltr' id='par_1_100' title="bbox 2114 3796 3730 3873">
     <span class='ocr_line' id='line_1_100' title="bbox 2114 3796 3730 3873; baseline -0.001 -18"><span class='ocrx_word' id='word_1_701' title='bbox 2114 3802 2328 3858; x_wconf 89' lang='lat' dir='ltr'>mentis</span> <span class='ocrx_word' id='word_1_702' title='bbox 2360 3819 2683 3873; x_wconf 89' lang='lat' dir='ltr'>removeas,</span> <span class='ocrx_word' id='word_1_703' title='bbox 2716 3820 2886 3860; x_wconf 90' lang='lat' dir='ltr'>nemo</span> <span class='ocrx_word' id='word_1_704' title='bbox 2918 3796 3259 3868; x_wconf 69' lang='lat' dir='ltr'>aediﬁcatur,</span> <span class='ocrx_word' id='word_1_705' title='bbox 3283 3802 3571 3859; x_wconf 91' lang='lat' dir='ltr'>audiendo</span> <span class='ocrx_word' id='word_1_706' title='bbox 3596 3798 3730 3873; x_wconf 88' lang='lat' dir='ltr'>quod</span> 
     </span>
    </p>
   </div>
   <div class='ocr_carea' id='block_1_101' title="bbox 2115 3892 3732 3965">
    <p class='ocr_par' dir='ltr' id='par_1_101' title="bbox 2115 3892 3732 3965">
     <span class='ocr_line' id='line_1_101' title="bbox 2115 3892 3732 3965; baseline -0.001 -20"><span class='ocrx_word' id='word_1_707' title='bbox 2115 3908 2228 3946; x_wconf 91' lang='lat' dir='ltr'>non</span> <span class='ocrx_word' id='word_1_708' title='bbox 2261 3892 2570 3965; x_wconf 89' lang='lat' dir='ltr'>intelligit;</span> <span class='ocrx_word' id='word_1_709' title='bbox 2606 3893 2759 3950; x_wconf 91' lang='lat' dir='ltr'>unde</span> <span class='ocrx_word' id='word_1_710' title='bbox 2790 3893 2968 3950; x_wconf 91' lang='lat' dir='ltr'>etiam</span> <span class='ocrx_word' id='word_1_711' title='bbox 3001 3893 3163 3960; x_wconf 91' lang='lat' dir='ltr'>dicit,</span> <span class='ocrx_word' id='word_1_712' title='bbox 3196 3894 3307 3961; x_wconf 86' lang='lat' dir='ltr'>Qui</span> <span class='ocrx_word' id='word_1_713' title='bbox 3337 3894 3489 3948; x_wconf 88' lang='lat' dir='ltr'>enim</span> <span class='ocrx_word' id='word_1_714' title='bbox 3516 3892 3732 3962; x_wconf 86' lang='lat' dir='ltr'>loquitur</span> 
     </span>
    </p>
   </div>
   <div class='ocr_carea' id='block_1_102' title="bbox 2114 3980 3737 4054">
    <p class='ocr_par' dir='ltr' id='par_1_102' title="bbox 2114 3980 3737 4054">
     <span class='ocr_line' id='line_1_102' title="bbox 2114 3980 3737 4054; baseline -0.001 -20"><span class='ocrx_word' id='word_1_715' title='bbox 2114 3980 2325 4052; x_wconf 86' lang='lat' dir='ltr'>lingua,</span> <span class='ocrx_word' id='word_1_716' title='bbox 2356 3998 2467 4039; x_wconf 87' lang='lat' dir='ltr'>non</span> <span class='ocrx_word' id='word_1_717' title='bbox 2500 3984 2815 4039; x_wconf 87' lang='lat' dir='ltr'>hominibus</span> <span class='ocrx_word' id='word_1_718' title='bbox 2837 3983 3097 4054; x_wconf 89' lang='lat' dir='ltr'>loquitur,</span> <span class='ocrx_word' id='word_1_719' title='bbox 3133 3981 3226 4038; x_wconf 86' lang='lat' dir='ltr'>sed</span> <span class='ocrx_word' id='word_1_720' title='bbox 3252 3983 3395 4045; x_wconf 86' lang='lat' dir='ltr'>Deo;</span> <span class='ocrx_word' id='word_1_721' title='bbox 3432 3997 3583 4037; x_wconf 85' lang='lat' dir='ltr'>nemo</span> <span class='ocrx_word' id='word_1_722' title='bbox 3610 3980 3737 4035; x_wconf 86' lang='lat' dir='ltr'>enim</span> 
     </span>
    </p>
   </div>
   <div class='ocr_carea' id='block_1_103' title="bbox 2114 4070 3738 4145">
    <p class='ocr_par' dir='ltr' id='par_1_103' title="bbox 2114 4070 3738 4145">
     <span class='ocr_line' id='line_1_103' title="bbox 2114 4070 3738 4145; baseline -0.002 -21"><span class='ocrx_word' id='word_1_723' title='bbox 2114 4070 2292 4137; x_wconf 89' lang='lat' dir='ltr'>audit,</span> <span class='ocrx_word' id='word_1_724' title='bbox 2314 4074 2540 4143; x_wconf 86' lang='lat' dir='ltr'>spiritus</span> <span class='ocrx_word' id='word_1_725' title='bbox 2568 4082 2751 4129; x_wconf 88' lang='lat' dir='ltr'>autem</span> <span class='ocrx_word' id='word_1_726' title='bbox 2772 4074 3013 4145; x_wconf 87' lang='lat' dir='ltr'>loquitur</span> <span class='ocrx_word' id='word_1_727' title='bbox 3041 4071 3304 4143; x_wconf 86' lang='lat' dir='ltr'>mysteria</span> <span class='ocrx_word' id='word_1_728' title='bbox 3330 4088 3343 4126; x_wconf 90' lang='lat'>:</span> <span class='ocrx_word' id='word_1_729' title='bbox 3379 4072 3524 4127; x_wconf 78' lang='lat' dir='ltr'>satis</span> <span class='ocrx_word' id='word_1_730' title='bbox 3546 4070 3738 4124; x_wconf 82' lang='lat' dir='ltr'>indicat</span> 
     </span>
    </p>
   </div>
   <div class='ocr_carea' id='block_1_104' title="bbox 2116 4156 3735 4234">
    <p class='ocr_par' dir='ltr' id='par_1_104' title="bbox 2116 4156 3735 4234">
     <span class='ocr_line' id='line_1_104' title="bbox 2116 4156 3735 4234; baseline -0.002 -21"><span class='ocrx_word' id='word_1_731' title='bbox 2116 4176 2242 4214; x_wconf 89' lang='lat' dir='ltr'>eam</span> <span class='ocrx_word' id='word_1_732' title='bbox 2274 4176 2336 4216; x_wconf 90' lang='lat' dir='ltr'>se</span> <span class='ocrx_word' id='word_1_733' title='bbox 2368 4162 2630 4234; x_wconf 88' lang='lat' dir='ltr'>linguam</span> <span class='ocrx_word' id='word_1_734' title='bbox 2661 4162 2769 4218; x_wconf 92' lang='lat' dir='ltr'>hoc</span> <span class='ocrx_word' id='word_1_735' title='bbox 2800 4162 2926 4218; x_wconf 94' lang='lat' dir='ltr'>loco</span> <span class='ocrx_word' id='word_1_736' title='bbox 2958 4159 3391 4233; x_wconf 86' lang='lat' dir='ltr'>appellare,ubi</span> <span class='ocrx_word' id='word_1_737' title='bbox 3424 4164 3558 4215; x_wconf 90' lang='lat' dir='ltr'>sunt</span> <span class='ocrx_word' id='word_1_738' title='bbox 3577 4156 3735 4229; x_wconf 88' lang='lat' dir='ltr'>signi-</span> 
     </span>
    </p>
   </div>
   <div class='ocr_carea' id='block_1_105' title="bbox 2118 4249 3741 4324">
    <p class='ocr_par' dir='ltr' id='par_1_105' title="bbox 2118 4249 3741 4324">
     <span class='ocr_line' id='line_1_105' title="bbox 2118 4249 3741 4324; baseline -0.002 -21"><span class='ocrx_word' id='word_1_739' title='bbox 2118 4249 2419 4307; x_wconf 83' lang='lat' dir='ltr'>ﬁcationes</span> <span class='ocrx_word' id='word_1_740' title='bbox 2468 4251 2623 4307; x_wconf 88' lang='lat' dir='ltr'>velut</span> <span class='ocrx_word' id='word_1_741' title='bbox 2672 4251 2957 4324; x_wconf 87' lang='lat' dir='ltr'>imagines</span> <span class='ocrx_word' id='word_1_742' title='bbox 2998 4265 3192 4305; x_wconf 88' lang='lat' dir='ltr'>rerum</span> <span class='ocrx_word' id='word_1_743' title='bbox 3225 4266 3291 4304; x_wconf 93' lang='lat' dir='ltr'>ac</span> <span class='ocrx_word' id='word_1_744' title='bbox 3325 4249 3741 4308; x_wconf 84' lang='lat' dir='ltr'>similitudines,</span> 
     </span>
    </p>
   </div>
   <div class='ocr_carea' id='block_1_106' title="bbox 2119 4336 3741 4413">
    <p class='ocr_par' dir='ltr' id='par_1_106' title="bbox 2119 4336 3741 4413">
     <span class='ocr_line' id='line_1_106' title="bbox 2119 4336 3741 4413; baseline -0.004 -18"><span class='ocrx_word' id='word_1_745' title='bbox 2119 4357 2246 4411; x_wconf 59' lang='lat' dir='ltr'>quas</span> <span class='ocrx_word' id='word_1_746' title='bbox 2278 4345 2342 4396; x_wconf 91' lang='lat' dir='ltr'>ut</span> <span class='ocrx_word' id='word_1_747' title='bbox 2372 4340 2795 4413; x_wconf 88' lang='lat' dir='ltr'>intelligantur,</span> <span class='ocrx_word' id='word_1_748' title='bbox 2826 4339 3093 4412; x_wconf 91' lang='lat' dir='ltr'>indigent</span> <span class='ocrx_word' id='word_1_749' title='bbox 3120 4336 3332 4395; x_wconf 89' lang='lat' dir='ltr'>mentis</span> <span class='ocrx_word' id='word_1_750' title='bbox 3363 4339 3588 4395; x_wconf 88' lang='lat' dir='ltr'>obtutu.</span> <span class='ocrx_word' id='word_1_751' title='bbox 3620 4336 3741 4391; x_wconf 90' lang='lat' dir='ltr'>Cum</span> 
     </span>
    </p>
   </div>
   <div class='ocr_carea' id='block_1_107' title="bbox 2120 4427 3742 4502">
    <p class='ocr_par' dir='ltr' id='par_1_107' title="bbox 2120 4427 3742 4502">
     <span class='ocr_line' id='line_1_107' title="bbox 2120 4427 3742 4502; baseline -0.004 -16"><span class='ocrx_word' id='word_1_752' title='bbox 2120 4435 2317 4486; x_wconf 86' lang='lat' dir='ltr'>autem</span> <span class='ocrx_word' id='word_1_753' title='bbox 2352 4447 2466 4486; x_wconf 93' lang='lat' dir='ltr'>non</span> <span class='ocrx_word' id='word_1_754' title='bbox 2511 4428 2942 4502; x_wconf 91' lang='lat' dir='ltr'>intelliguntur,</span> <span class='ocrx_word' id='word_1_755' title='bbox 2976 4428 3035 4483; x_wconf 90' lang='lat' dir='ltr'>in</span> <span class='ocrx_word' id='word_1_756' title='bbox 3068 4427 3277 4499; x_wconf 88' lang='lat' dir='ltr'>spiritu</span> <span class='ocrx_word' id='word_1_757' title='bbox 3318 4443 3420 4483; x_wconf 88' lang='lat' dir='ltr'>eas</span> <span class='ocrx_word' id='word_1_758' title='bbox 3450 4427 3590 4483; x_wconf 86' lang='lat' dir='ltr'>dicit</span> <span class='ocrx_word' id='word_1_759' title='bbox 3616 4440 3742 4491; x_wconf 85' lang='lat' dir='ltr'>esse,</span> 
     </span>
    </p>
   </div>
   <div class='ocr_carea' id='block_1_108' title="bbox 2121 4513 3743 4590">
    <p class='ocr_par' dir='ltr' id='par_1_108' title="bbox 2121 4513 3743 4590">
     <span class='ocr_line' id='line_1_108' title="bbox 2121 4513 3743 4590; baseline -0.005 -16"><span class='ocrx_word' id='word_1_760' title='bbox 2121 4536 2234 4575; x_wconf 92' lang='lat' dir='ltr'>non</span> <span class='ocrx_word' id='word_1_761' title='bbox 2268 4518 2325 4573; x_wconf 93' lang='lat' dir='ltr'>in</span> <span class='ocrx_word' id='word_1_762' title='bbox 2363 4524 2593 4575; x_wconf 89' lang='lat' dir='ltr'>mente:</span> <span class='ocrx_word' id='word_1_763' title='bbox 2656 4518 2810 4574; x_wconf 90' lang='lat' dir='ltr'>unde</span> <span class='ocrx_word' id='word_1_764' title='bbox 2858 4517 3118 4590; x_wconf 87' lang='lat' dir='ltr'>apertius</span> <span class='ocrx_word' id='word_1_765' title='bbox 3163 4516 3265 4586; x_wconf 92' lang='lat' dir='ltr'>ait,</span> <span class='ocrx_word' id='word_1_766' title='bbox 3314 4516 3378 4571; x_wconf 92' lang='lat' dir='ltr'>Si</span> <span class='ocrx_word' id='word_1_767' title='bbox 3427 4513 3743 4571; x_wconf 73' lang='lat' dir='ltr'>benedixeris</span> 
     </span>
    </p>
   </div>
   <div class='ocr_carea' id='block_1_109' title="bbox 2119 4605 3738 4681">
    <p class='ocr_par' dir='ltr' id='par_1_109' title="bbox 2119 4605 3738 4681">
     <span class='ocr_line' id='line_1_109' title="bbox 2119 4605 3738 4681; baseline -0.003 -17"><span class='ocrx_word' id='word_1_768' title='bbox 2119 4609 2349 4681; x_wconf 84' lang='lat' dir='ltr'>spiritus</span> <span class='ocrx_word' id='word_1_769' title='bbox 2362 4628 2379 4675; x_wconf 91' lang='lat'><strong><em>;</em></strong></span> <span class='ocrx_word' id='word_1_770' title='bbox 2394 4611 2494 4680; x_wconf 90' lang='lat' dir='ltr'>qui</span> <span class='ocrx_word' id='word_1_771' title='bbox 2502 4609 2712 4681; x_wconf 79' lang='lat' dir='ltr'>supplet</span> <span class='ocrx_word' id='word_1_772' title='bbox 2726 4609 2903 4664; x_wconf 90' lang='lat' dir='ltr'>locum</span> <span class='ocrx_word' id='word_1_773' title='bbox 2921 4606 3396 4677; x_wconf 65' lang='lat' dir='ltr'>idiotm,quomodo</span> <span class='ocrx_word' id='word_1_774' title='bbox 3408 4605 3738 4670; x_wconf 78' lang='lat' dir='ltr'>dicet,Amen,</span> 
     </span>
    </p>
   </div>
   <div class='ocr_carea' id='block_1_110' title="bbox 2120 4694 3740 4774">
    <p class='ocr_par' dir='ltr' id='par_1_110' title="bbox 2120 4694 3740 4774">
     <span class='ocr_line' id='line_1_110' title="bbox 2120 4694 3740 4774; baseline -0.007 -16"><span class='ocrx_word' id='word_1_775' title='bbox 2120 4720 2283 4774; x_wconf 86' lang='lat' dir='ltr'>super</span> <span class='ocrx_word' id='word_1_776' title='bbox 2310 4706 2465 4758; x_wconf 88' lang='lat' dir='ltr'>tuam</span> <span class='ocrx_word' id='word_1_777' title='bbox 2488 4702 2942 4768; x_wconf 85' lang='lat' dir='ltr'>benedictionem,</span> <span class='ocrx_word' id='word_1_778' title='bbox 2969 4700 3407 4773; x_wconf 87' lang='lat' dir='ltr'>quandoquidem</span> <span class='ocrx_word' id='word_1_779' title='bbox 3440 4701 3605 4755; x_wconf 87' lang='lat' dir='ltr'>nescit</span> <span class='ocrx_word' id='word_1_780' title='bbox 3627 4694 3740 4768; x_wconf 83' lang='lat' dir='ltr'>quid</span> 
     </span>
    </p>
   </div>
   <div class='ocr_carea' id='block_1_111' title="bbox 2120 4788 3745 4863">
    <p class='ocr_par' dir='ltr' id='par_1_111' title="bbox 2120 4788 3745 4863">
     <span class='ocr_line' id='line_1_111' title="bbox 2120 4788 3745 4863; baseline -0.006 -15"><span class='ocrx_word' id='word_1_781' title='bbox 2120 4793 2274 4849; x_wconf 86' lang='lat' dir='ltr'>dicas</span> <span class='ocrx_word' id='word_1_782' title='bbox 2295 4792 2322 4846; x_wconf 88' lang='lat'><strong>?</strong></span> <span class='ocrx_word' id='word_1_783' title='bbox 2353 4792 2499 4857; x_wconf 89' lang='lat' dir='ltr'>Quia</span> <span class='ocrx_word' id='word_1_784' title='bbox 2523 4807 2659 4863; x_wconf 90' lang='lat' dir='ltr'>ergo</span> <span class='ocrx_word' id='word_1_785' title='bbox 2690 4790 2865 4846; x_wconf 88' lang='lat' dir='ltr'>etiam</span> <span class='ocrx_word' id='word_1_786' title='bbox 2898 4790 3123 4862; x_wconf 89' lang='lat' dir='ltr'>lingua,</span> <span class='ocrx_word' id='word_1_787' title='bbox 3158 4790 3214 4845; x_wconf 92' lang='lat' dir='ltr'>id</span> <span class='ocrx_word' id='word_1_788' title='bbox 3247 4794 3337 4845; x_wconf 89' lang='lat' dir='ltr'>est</span> <span class='ocrx_word' id='word_1_789' title='bbox 3366 4788 3622 4844; x_wconf 89' lang='lat' dir='ltr'>membro</span> <span class='ocrx_word' id='word_1_790' title='bbox 3643 4800 3745 4840; x_wconf 87' lang='lat' dir='ltr'>cor-</span> 
     </span>
    </p>
   </div>
   <div class='ocr_carea' id='block_1_112' title="bbox 2121 4876 3740 4953">
    <p class='ocr_par' dir='ltr' id='par_1_112' title="bbox 2121 4876 3740 4953">
     <span class='ocr_line' id='line_1_112' title="bbox 2121 4876 3740 4953; baseline -0.007 -16"><span class='ocrx_word' id='word_1_791' title='bbox 2121 4881 2278 4953; x_wconf 89' lang='lat' dir='ltr'>poris</span> <span class='ocrx_word' id='word_1_792' title='bbox 2301 4881 2455 4952; x_wconf 92' lang='lat' dir='ltr'>quod</span> <span class='ocrx_word' id='word_1_793' title='bbox 2494 4896 2794 4935; x_wconf 89' lang='lat' dir='ltr'>movemus</span> <span class='ocrx_word' id='word_1_794' title='bbox 2827 4879 2885 4934; x_wconf 93' lang='lat' dir='ltr'>in</span> <span class='ocrx_word' id='word_1_795' title='bbox 2919 4896 3015 4935; x_wconf 91' lang='lat' dir='ltr'>ore</span> <span class='ocrx_word' id='word_1_796' title='bbox 3063 4895 3197 4935; x_wconf 90' lang='lat' dir='ltr'>cum</span> <span class='ocrx_word' id='word_1_797' title='bbox 3245 4878 3564 4949; x_wconf 90' lang='lat' dir='ltr'>loquimur,</span> <span class='ocrx_word' id='word_1_798' title='bbox 3595 4876 3740 4945; x_wconf 83' lang='lat' dir='ltr'>signa</span> 
     </span>
    </p>
   </div>
   <div class='ocr_carea' id='block_1_113' title="bbox 2122 4967 3740 5042">
    <p class='ocr_par' dir='ltr' id='par_1_113' title="bbox 2122 4967 3740 5042">
     <span class='ocr_line' id='line_1_113' title="bbox 2122 4967 3740 5042; baseline -0.006 -16"><span class='ocrx_word' id='word_1_799' title='bbox 2122 4970 2326 5042; x_wconf 90' lang='lat' dir='ltr'>utique</span> <span class='ocrx_word' id='word_1_800' title='bbox 2359 4986 2554 5025; x_wconf 89' lang='lat' dir='ltr'>rerum</span> <span class='ocrx_word' id='word_1_801' title='bbox 2596 4970 2829 5035; x_wconf 91' lang='lat' dir='ltr'>dantur,</span> <span class='ocrx_word' id='word_1_802' title='bbox 2867 4985 2980 5023; x_wconf 90' lang='lat' dir='ltr'>non</span> <span class='ocrx_word' id='word_1_803' title='bbox 3014 4984 3103 5023; x_wconf 86' lang='lat' dir='ltr'>res</span> <span class='ocrx_word' id='word_1_804' title='bbox 3154 4967 3293 5039; x_wconf 67' lang='lat' dir='ltr'>ipsa:</span> <span class='ocrx_word' id='word_1_805' title='bbox 3345 4968 3740 5038; x_wconf 84' lang='lat' dir='ltr'>proferuntur;</span> 
     </span>
    </p>
   </div>
   <div class='ocr_carea' id='block_1_114' title="bbox 2122 5055 3745 5133">
    <p class='ocr_par' dir='ltr' id='par_1_114' title="bbox 2122 5055 3745 5133">
     <span class='ocr_line' id='line_1_114' title="bbox 2122 5055 3745 5133; baseline -0.007 -17"><span class='ocrx_word' id='word_1_806' title='bbox 2122 5066 2424 5133; x_wconf 89' lang='lat' dir='ltr'>propterea</span> <span class='ocrx_word' id='word_1_807' title='bbox 2439 5058 2726 5115; x_wconf 90' lang='lat' dir='ltr'>translato</span> <span class='ocrx_word' id='word_1_808' title='bbox 2756 5059 2928 5113; x_wconf 92' lang='lat' dir='ltr'>verbo</span> <span class='ocrx_word' id='word_1_809' title='bbox 2946 5058 3206 5127; x_wconf 88' lang='lat' dir='ltr'>linguam</span> <span class='ocrx_word' id='word_1_810' title='bbox 3236 5055 3549 5127; x_wconf 90' lang='lat' dir='ltr'>appellavit</span> <span class='ocrx_word' id='word_1_811' title='bbox 3568 5065 3745 5125; x_wconf 83' lang='lat' dir='ltr'>quam-</span> 
     </span>
    </p>
   </div>
   <div class='ocr_carea' id='block_1_115' title="bbox 2122 5141 3743 5221">
    <p class='ocr_par' dir='ltr' id='par_1_115' title="bbox 2122 5141 3743 5221">
     <span class='ocr_line' id='line_1_115' title="bbox 2122 5141 3743 5221; baseline -0.007 -15"><span class='ocrx_word' id='word_1_812' title='bbox 2122 5150 2264 5206; x_wconf 88' lang='lat' dir='ltr'>libet</span> <span class='ocrx_word' id='word_1_813' title='bbox 2294 5150 2596 5221; x_wconf 90' lang='lat' dir='ltr'>signorum</span> <span class='ocrx_word' id='word_1_814' title='bbox 2650 5145 3031 5220; x_wconf 88' lang='lat' dir='ltr'>prolationem</span> <span class='ocrx_word' id='word_1_815' title='bbox 3063 5146 3407 5217; x_wconf 90' lang='lat' dir='ltr'>priusquam</span> <span class='ocrx_word' id='word_1_816' title='bbox 3440 5141 3743 5213; x_wconf 86' lang='lat' dir='ltr'>intelligan-</span> 
     </span>
    </p>
   </div>
   <div class='ocr_carea' id='block_1_116' title="bbox 2121 5228 3739 5308">
    <p class='ocr_par' dir='ltr' id='par_1_116' title="bbox 2121 5228 3739 5308">
     <span class='ocr_line' id='line_1_116' title="bbox 2121 5228 3739 5308; baseline -0.008 -13"><span class='ocrx_word' id='word_1_817' title='bbox 2121 5246 2262 5296; x_wconf 91' lang='lat' dir='ltr'>tur:</span> <span class='ocrx_word' id='word_1_818' title='bbox 2315 5256 2425 5308; x_wconf 81' lang='lat' dir='ltr'>quo</span> <span class='ocrx_word' id='word_1_819' title='bbox 2458 5255 2592 5293; x_wconf 91' lang='lat' dir='ltr'>cum</span> <span class='ocrx_word' id='word_1_820' title='bbox 2644 5236 2976 5293; x_wconf 87' lang='lat' dir='ltr'>intellectus</span> <span class='ocrx_word' id='word_1_821' title='bbox 3026 5236 3353 5305; x_wconf 88' lang='lat' dir='ltr'>accesserit,</span> <span class='ocrx_word' id='word_1_822' title='bbox 3407 5234 3505 5305; x_wconf 88' lang='lat' dir='ltr'>qui</span> <span class='ocrx_word' id='word_1_823' title='bbox 3550 5228 3739 5286; x_wconf 87' lang='lat' dir='ltr'>mentis</span> 
     </span>
    </p>
   </div>
   <div class='ocr_carea' id='block_1_117' title="bbox 2121 5319 3736 5402">
    <p class='ocr_par' dir='ltr' id='par_1_117' title="bbox 2121 5319 3736 5402">
     <span class='ocr_line' id='line_1_117' title="bbox 2121 5319 3736 5402; baseline -0.009 -15"><span class='ocrx_word' id='word_1_824' title='bbox 2121 5335 2209 5387; x_wconf 89' lang='lat' dir='ltr'>est</span> <span class='ocrx_word' id='word_1_825' title='bbox 2241 5329 2534 5402; x_wconf 79' lang='lat' dir='ltr'>proprius,</span> <span class='ocrx_word' id='word_1_826' title='bbox 2566 5328 2632 5383; x_wconf 79' lang='lat' dir='ltr'>fit</span> <span class='ocrx_word' id='word_1_827' title='bbox 2661 5327 2957 5394; x_wconf 89' lang='lat' dir='ltr'>revelatio,</span> <span class='ocrx_word' id='word_1_828' title='bbox 2989 5324 3076 5382; x_wconf 91' lang='lat' dir='ltr'>vel</span> <span class='ocrx_word' id='word_1_829' title='bbox 3110 5325 3349 5398; x_wconf 91' lang='lat' dir='ltr'>agnitio,</span> <span class='ocrx_word' id='word_1_830' title='bbox 3385 5325 3469 5378; x_wconf 89' lang='lat' dir='ltr'>vel</span> <span class='ocrx_word' id='word_1_831' title='bbox 3513 5319 3736 5395; x_wconf 86' lang='lat' dir='ltr'>prophe-</span> 
     </span>
    </p>
   </div>
   <div class='ocr_carea' id='block_1_118' title="bbox 2119 5409 3738 5489">
    <p class='ocr_par' dir='ltr' id='par_1_118' title="bbox 2119 5409 3738 5489">
     <span class='ocr_line' id='line_1_118' title="bbox 2119 5409 3738 5489; baseline -0.008 -14"><span class='ocrx_word' id='word_1_832' title='bbox 2119 5420 2222 5489; x_wconf 87' lang='lat' dir='ltr'>tia,</span> <span class='ocrx_word' id='word_1_833' title='bbox 2256 5418 2343 5473; x_wconf 91' lang='lat' dir='ltr'>vel</span> <span class='ocrx_word' id='word_1_834' title='bbox 2384 5418 2669 5474; x_wconf 90' lang='lat' dir='ltr'>doctrina.</span> <span class='ocrx_word' id='word_1_835' title='bbox 2705 5416 2957 5472; x_wconf 89' lang='lat' dir='ltr'>Proinde</span> <span class='ocrx_word' id='word_1_836' title='bbox 2988 5416 3087 5486; x_wconf 90' lang='lat' dir='ltr'>ait,</span> <span class='ocrx_word' id='word_1_837' title='bbox 3119 5414 3181 5470; x_wconf 88' lang='lat' dir='ltr'>Si</span> <span class='ocrx_word' id='word_1_838' title='bbox 3208 5430 3407 5470; x_wconf 85' lang='lat' dir='ltr'>venero</span> <span class='ocrx_word' id='word_1_839' title='bbox 3435 5412 3505 5467; x_wconf 87' lang='lat' dir='ltr'>ad</span> <span class='ocrx_word' id='word_1_840' title='bbox 3534 5426 3616 5466; x_wconf 78' lang='lat' dir='ltr'>vos</span> <span class='ocrx_word' id='word_1_841' title='bbox 3643 5409 3738 5462; x_wconf 87' lang='lat' dir='ltr'>lin-</span> 
     </span>
    </p>
   </div>
   <div class='ocr_carea' id='block_1_119' title="bbox 2118 5500 3739 5582">
    <p class='ocr_par' dir='ltr' id='par_1_119' title="bbox 2118 5500 3739 5582">
     <span class='ocr_line' id='line_1_119' title="bbox 2118 5500 3739 5582; baseline -0.01 -15"><span class='ocrx_word' id='word_1_842' title='bbox 2118 5514 2241 5582; x_wconf 82' lang='lat' dir='ltr'>guis</span> <span class='ocrx_word' id='word_1_843' title='bbox 2274 5512 2517 5582; x_wconf 86' lang='lat' dir='ltr'>loquens,</span> <span class='ocrx_word' id='word_1_844' title='bbox 2549 5510 2679 5581; x_wconf 86' lang='lat' dir='ltr'>quid</span> <span class='ocrx_word' id='word_1_845' title='bbox 2727 5510 2876 5565; x_wconf 89' lang='lat' dir='ltr'>vobis</span> <span class='ocrx_word' id='word_1_846' title='bbox 2923 5508 3171 5581; x_wconf 77' lang='lat' dir='ltr'>prodere,</span> <span class='ocrx_word' id='word_1_847' title='bbox 3211 5507 3323 5562; x_wconf 85' lang='lat' dir='ltr'>nisi</span> <span class='ocrx_word' id='word_1_848' title='bbox 3366 5507 3565 5577; x_wconf 89' lang='lat' dir='ltr'>loquar</span> <span class='ocrx_word' id='word_1_849' title='bbox 3610 5500 3739 5555; x_wconf 84' lang='lat' dir='ltr'>vobis</span> 
     </span>
    </p>
   </div>
   <div class='ocr_carea' id='block_1_120' title="bbox 2118 5591 3734 5670">
    <p class='ocr_par' dir='ltr' id='par_1_120' title="bbox 2118 5591 3734 5670">
     <span class='ocr_line' id='line_1_120' title="bbox 2118 5591 3734 5670; baseline -0.011 -11"><span class='ocrx_word' id='word_1_850' title='bbox 2118 5606 2178 5659; x_wconf 90' lang='lat' dir='ltr'>in</span> <span class='ocrx_word' id='word_1_851' title='bbox 2208 5604 2569 5669; x_wconf 77' lang='lat' dir='ltr'>reuelatione,</span> <span class='ocrx_word' id='word_1_852' title='bbox 2613 5610 2711 5658; x_wconf 88' lang='lat' dir='ltr'>aut</span> <span class='ocrx_word' id='word_1_853' title='bbox 2760 5604 2819 5657; x_wconf 88' lang='lat' dir='ltr'>in</span> <span class='ocrx_word' id='word_1_854' title='bbox 2870 5602 3172 5670; x_wconf 89' lang='lat' dir='ltr'>agnitione,</span> <span class='ocrx_word' id='word_1_855' title='bbox 3221 5606 3323 5654; x_wconf 89' lang='lat' dir='ltr'>aut</span> <span class='ocrx_word' id='word_1_856' title='bbox 3358 5599 3417 5652; x_wconf 87' lang='lat' dir='ltr'>in</span> <span class='ocrx_word' id='word_1_857' title='bbox 3454 5591 3734 5667; x_wconf 84' lang='lat' dir='ltr'>praphetia,</span> 
     </span>
    </p>
   </div>
   <div class='ocr_carea' id='block_1_121' title="bbox 2118 5679 3735 5763">
    <p class='ocr_par' dir='ltr' id='par_1_121' title="bbox 2118 5679 3735 5763">
     <span class='ocr_line' id='line_1_121' title="bbox 2118 5679 3735 5763; baseline -0.012 -14"><span class='ocrx_word' id='word_1_858' title='bbox 2118 5700 2217 5748; x_wconf 89' lang='lat' dir='ltr'>aut</span> <span class='ocrx_word' id='word_1_859' title='bbox 2258 5694 2315 5747; x_wconf 90' lang='lat' dir='ltr'>in</span> <span class='ocrx_word' id='word_1_860' title='bbox 2366 5690 2619 5747; x_wconf 84' lang='lat' dir='ltr'>doctrina</span> <span class='ocrx_word' id='word_1_861' title='bbox 2670 5692 2715 5763; x_wconf 89' lang='grc' dir='ltr'>(Ι</span> <span class='ocrx_word' id='word_1_862' title='bbox 2761 5690 2883 5747; x_wconf 83' lang='lat' dir='ltr'>Cor.</span> <span class='ocrx_word' id='word_1_863' title='bbox 2928 5705 3043 5756; x_wconf 71' lang='lat' dir='ltr'>xxv,</span> <span class='ocrx_word' id='word_1_864' title='bbox 3091 5689 3176 5755; x_wconf 77' lang='grc'>14,</span> <span class='ocrx_word' id='word_1_865' title='bbox 3219 5690 3274 5759; x_wconf 89' lang='lat'>2,</span> <span class='ocrx_word' id='word_1_866' title='bbox 3318 5687 3400 5751; x_wconf 87' lang='lat'>16,</span> <span class='ocrx_word' id='word_1_867' title='bbox 3432 5682 3543 5754; x_wconf 80' lang='lat'>6)?</span> <span class='ocrx_word' id='word_1_868' title='bbox 3582 5681 3633 5735; x_wconf 91' lang='lat' dir='ltr'>id</span> <span class='ocrx_word' id='word_1_869' title='bbox 3661 5679 3735 5732; x_wconf 86' lang='lat' dir='ltr'>est</span> 
     </span>
    </p>
   </div>
   <div class='ocr_carea' id='block_1_122' title="bbox 2120 5766 3735 5856">
    <p class='ocr_par' dir='ltr' id='par_1_122' title="bbox 2120 5766 3735 5856">
     <span class='ocr_line' id='line_1_122' title="bbox 2120 5766 3735 5856; baseline -0.011 -16"><span class='ocrx_word' id='word_1_870' title='bbox 2120 5801 2253 5840; x_wconf 91' lang='lat' dir='ltr'>cum</span> <span class='ocrx_word' id='word_1_871' title='bbox 2322 5784 2556 5856; x_wconf 85' lang='lat' dir='ltr'>signis;</span> <span class='ocrx_word' id='word_1_872' title='bbox 2623 5783 2733 5839; x_wconf 87' lang='lat' dir='ltr'>hoc</span> <span class='ocrx_word' id='word_1_873' title='bbox 2796 5784 2903 5853; x_wconf 90' lang='lat' dir='ltr'>est,</span> <span class='ocrx_word' id='word_1_874' title='bbox 2962 5780 3180 5852; x_wconf 74' lang='lat' dir='ltr'>linguas</span> <span class='ocrx_word' id='word_1_875' title='bbox 3234 5775 3537 5835; x_wconf 87' lang='lat' dir='ltr'>accesserit</span> <span class='ocrx_word' id='word_1_876' title='bbox 3583 5766 3735 5826; x_wconf 87' lang='lat' dir='ltr'>intel-</span> 
     </span>
    </p>
   </div>
   <div class='ocr_carea' id='block_1_123' title="bbox 2182 5872 3566 5948">
    <p class='ocr_par' dir='ltr' id='par_1_123' title="bbox 2182 5872 3566 5948">
     <span class='ocr_line' id='line_1_123' title="bbox 2182 5872 3566 5948; baseline -0.009 -12"><span class='ocrx_word' id='word_1_877' title='bbox 2182 5886 2200 5919; x_wconf 80' lang='grc'>¹</span> <span class='ocrx_word' id='word_1_878' title='bbox 2234 5882 2391 5948; x_wconf 78' lang='lat' dir='ltr'>Apud</span> <span class='ocrx_word' id='word_1_879' title='bbox 2415 5883 2501 5936; x_wconf 85' lang='lat' dir='ltr'>Er.</span> <span class='ocrx_word' id='word_1_880' title='bbox 2532 5882 2703 5947; x_wconf 70' lang='lat' dir='ltr'>Lugd.</span> <span class='ocrx_word' id='word_1_881' title='bbox 2731 5881 2866 5936; x_wconf 86' lang='lat' dir='ltr'>Ven.</span> <span class='ocrx_word' id='word_1_882' title='bbox 2897 5880 3026 5933; x_wconf 86' lang='lat' dir='ltr'>Lov.</span> <span class='ocrx_word' id='word_1_883' title='bbox 3055 5878 3265 5945; x_wconf 81' lang='lat' dir='ltr'>legitur,</span> <span class='ocrx_word' id='word_1_884' title='bbox 3299 5875 3476 5940; x_wconf 82' lang='lat' dir='ltr'>lingua</span> <span class='ocrx_word' id='word_1_885' title='bbox 3499 5872 3566 5924; x_wconf 84' lang='lat' dir='ltr'>Il.</span> 
     </span>
    </p>
   </div>
  </div>
