3986 6180
266 304 376 365 469

260 441 539 508 tanquam
576 434 922 491 medicinale
945 433 1349 501 consilium,ut
1367 433 1417 488 ei
1438 432 1704 505 praeputii
1731 431 1907 499 longi-

266 528 398 583 tudo
442 526 876 596 prazcideretur,
910 540 1024 595 quo
1057 524 1207 577 facto
1238 522 1338 577 diu
1372 539 1487 577 non
1519 521 1725 577 doluit.
1760 520 1906 575 Cum

256 632 379 672 vero
403 617 618 669 iterum
646 612 917 669 similiter
940 612 1242 678 doleret,et
1261 610 1479 667 similia
1492 610 1688 665 videre
1702 608 1910 682 cuspis-

258 712 355 768 set,
373 705 602 776 accepit
622 705 693 759 ab
715 703 798 758 eis
822 720 1028 757 rursus
1056 701 1472 767 consilium,ut
1491 700 1549 755 in
1574 716 1735 755 mare
1758 699 1911 771 pube

256 802 419 850 tenus
444 795 790 860 intrarel,ac
813 792 1319 864 postaliquantam
1336 807 1558 845 moram
1574 789 1912 844 indedisce-

254 882 926 953 deret,promittentibus
950 897 1090 935 sane
1114 880 1267 951 quod
1285 881 1411 949 jam
1436 879 1712 948 deinceps
1737 877 1913 932 vehe-

254 976 504 1026 mentem
532 971 703 1025 illum
723 969 980 1025 dolorem
996 985 1111 1023 non
1127 974 1281 1024 esset
1297 984 1472 1040 passu
1483 967 1711 1034 rus,sed
1728 965 1915 1021 solius

249 1061 404 1115 illius
428 1060 645 1115 viscosi
671 1058 936 1115 humoris
962 1057 1291 1113 molestiam
1313 1073 1325 1112 :
1344 1062 1520 1129 atque
1543 1056 1623 1111 ita
1644 1059 1913 1112 secutum

246 1157 363 1215 est;
401 1166 511 1204 nec
547 1165 801 1219 unquam
840 1147 1013 1203 talem
1049 1146 1312 1218 aliquam
1347 1150 1553 1219 postea
1584 1161 1796 1215 passus
1827 1135 1916 1198 est

242 1239 609 1295 eversionem
636 1237 850 1293 mentis
875 1255 907 1292 a
930 1237 1227 1304 sensibus,
1254 1252 1360 1292 nec
1385 1235 1498 1291 tale
1525 1234 1746 1306 aliquid
1768 1232 1915 1288 vidit

242 1328 407 1399 quale
426 1334 608 1383 antea
625 1344 757 1382 cum
783 1327 838 1381 in
864 1327 1075 1382 mediis
1093 1325 1393 1381 doloribus
1407 1329 1463 1380 et
1488 1322 1800 1380 horrendis
1817 1335 1916 1376 γο-

242 1417 401 1473 cibus
427 1422 678 1489 repente
711 1418 1127 1472 obmutescens
1168 1416 1555 1487 abriperetur.
1582 1415 1791 1468 Postea
1824 1408 1912 1467 ta'

244 1524 369 1562 men
408 1508 663 1563 medicis
695 1512 899 1563 caetera
930 1507 1274 1561 curantibus
1305 1510 1361 1560 et
1387 1503 1760 1568 sanantibus,
1796 1518 1910 1557 non

243 1598 572 1668 permansit
605 1598 661 1651 in
696 1598 994 1669 proposito
1028 1596 1383 1651 sanctitatis.

464 1685 707 1741 CAPUT
738 1686 936 1741 XVIII.
966 1717 1035 1726 —
1060 1686 1131 1740 De
1162 1686 1435 1739 visionum
1466 1682 1666 1738 causis.

436 1780 699 1831 letarum
760 1775 1053 1830 visionum
1114 1778 1169 1829 et
1220 1772 1647 1827 divinationum
1697 1785 1907 1824 causas

248 1868 299 1918 et
346 1865 564 1919 modos
611 1864 902 1936 vestigare
950 1864 999 1919 si
1032 1863 1165 1935 quis
1198 1865 1408 1933 potest,
1440 1863 1713 1931 certoque
1745 1874 1903 1912 com-

243 1953 631 2023 prehendere,
689 1970 824 2009 eum
860 1952 1048 2025 magis
1080 1952 1280 2007 audire
1324 1949 1553 2019 vellem,
1605 1964 1782 2020 quam
1831 1948 1901 2001 de

253 2059 338 2096 me
369 2041 701 2113 exspectari
738 2048 800 2095 ut
833 2042 955 2114 ipse
990 2041 1357 2096 dissererem.
1392 2039 1539 2105 Quid
1571 2042 1765 2093 tamen
1798 2052 1901 2108 pu-

249 2136 381 2195 tem,
418 2133 501 2187 ita
537 2138 737 2187 utnec
787 2132 939 2186 docti
992 2147 1083 2185 me
1128 2135 1403 2201 tanquam
1455 2127 1898 2183 confirmantem

245 2222 570 2290 derideant,
624 2238 727 2275 nec
776 2221 995 2276 indocti
1046 2225 1325 2292 tanquam
1386 2219 1690 2273 docentem
1747 2216 1895 2271 acci-

245 2311 422 2382 piant,
460 2312 567 2366 eed
603 2310 832 2383 utrique
863 2311 1284 2383 disceptantem
1318 2313 1373 2364 et
1403 2310 1761 2380 quaerentem
1795 2322 1895 2377 po-

244 2400 351 2456 tius
391 2418 576 2471 quam
612 2400 917 2470 scientem,
953 2417 1067 2456 non
1102 2399 1427 2455 occultabo.
1460 2398 1578 2467 Ego
1610 2396 1737 2451 visa
1784 2395 1899 2449 ista

242 2492 434 2545 omnia
466 2490 613 2545 visis
638 2507 909 2559 comparo
940 2490 1383 2545 somniantium.
1418 2486 1583 2541 Sicut
1611 2485 1767 2541 enim
1798 2485 1900 2539 ali-

243 2582 479 2651 quando
510 2585 568 2635 et
598 2580 717 2634 haec
751 2579 918 2646 lalsa,
952 2579 1263 2650 aliquando
1312 2580 1508 2632 autem
1557 2591 1693 2630 vera
1737 2577 1894 2644 sunt,

243 2668 562 2740 aliquando
612 2670 972 2741 perturbata,
1026 2667 1340 2739 aliquando
1384 2666 1734 2738 tranquilla;
1770 2666 1899 2735 ipsa

241 2764 427 2812 autem
464 2776 626 2828 vera,
662 2758 980 2830 aliquando
1016 2757 1226 2812 futuris
1268 2755 1507 2810 omnino
1541 2755 1777 2823 similia,
1811 2753 1896 2808 vel

245 2854 433 2917 aperte
468 2848 650 2917 dicta,
686 2847 1003 2919 aliquando
1054 2846 1321 2900 obscuris
1365 2844 1898 2914 significationibus

244 2942 293 2989 et
342 2937 517 3007 quasi
573 2938 837 3007 figuratis
889 2935 1281 2992 locutionibus
1333 2932 1722 3006 praenuntiata
1764 2949 1777 2987 :
1816 2932 1899 2986 sic

245 3025 410 3079 etiam
448 3024 555 3081 illa
586 3025 927 3081 omnia.Sed
959 3031 1159 3080 amant
1190 3024 1458 3079 homines
1490 3022 1788 3093 inexperta
1819 3020 1898 3075 ri-

245 3114 407 3177 mari,
441 3120 504 3169 et
538 3131 749 3169 causas
784 3114 1150 3170 insolitorum
1187 3113 1505 3183 requirere,
1541 3128 1673 3166 cum
1709 3110 1897 3182 quoti-

241 3202 410 3258 diana
434 3204 789 3276 plerumque
808 3204 948 3258 talia
963 3220 1110 3273 saepe
1124 3203 1300 3257 etiam
1316 3200 1642 3257 latentioris
1656 3199 1901 3271 originis

242 3308 408 3347 nosse
432 3309 553 3347 non
579 3298 801 3348 curent.
835 3293 980 3347 Nam
1018 3292 1515 3364 quemadmodum
1547 3290 1606 3345 in
1637 3289 1900 3351 vocibus,

242 3379 343 3435 hoc
365 3386 452 3437 est
480 3382 667 3454 signis
691 3382 907 3453 quibus
929 3380 1221 3452 loquendo
1244 3380 1486 3445 utimur,
1513 3378 1709 3434 audito
1726 3379 1900 3433 verbo

242 3469 500 3536 insileto,
518 3476 788 3542 quaerunt
812 3472 1000 3543 primo
1024 3470 1164 3541 quid
1191 3470 1286 3536 sit,
1304 3469 1413 3523 hoc
1434 3472 1522 3523 est
1545 3467 1683 3541 quid
1712 3468 1898 3538 signi-

243 3559 397 3631 ficeti;
434 3578 558 3632 quo
581 3562 811 3632 cognito
835 3560 1045 3614 deinde
1075 3564 1345 3630 quaerunt
1378 3559 1531 3613 unde
1561 3558 1642 3612 ita
1673 3558 1899 3612 dictum

242 3650 333 3715 sit,
368 3667 509 3705 cum
536 3655 653 3705 tam
682 3650 868 3705 multa
889 3650 1017 3705 sine
1049 3667 1189 3704 cura
1223 3648 1510 3714 nesciant,
1544 3664 1671 3719 qua:
1706 3647 1761 3701 in
1788 3665 1899 3702 usu

238 3739 530 3794 sermonis
548 3740 942 3805 habent,unde
965 3740 1045 3794 ita
1064 3740 1186 3795 sint
1208 3739 1365 3793 dicta
1386 3754 1399 3792 :
1417 3738 1499 3792 sic
1522 3754 1652 3792 eum
1680 3736 1897 3805 aliquid

246 3828 592 3883 inusitatum
622 3830 679 3883 in
710 3830 881 3884 rebus
904 3828 1329 3894 acciderit,sive
1351 3826 1901 3898 corporalibus,sive

233 3919 659 3988 Spiritualibus,
696 3937 903 3975 causas
954 3921 1357 3991 rationemque
1410 3918 1655 3974 sollicite
1700 3918 1905 3988 inqui-,

251 4014 403 4079 runt,
442 4014 500 4064 et
532 4009 643 4064 sibi
677 4010 838 4064 reddi
868 4027 900 4064 a
928 4010 1263 4065 doctoribus
1292 4009 1578 4081 ﬂagitant.

308 4099 391 4153 40.
409 4099 584 4154 Soleo
614 4104 804 4155 autem
832 4115 964 4153 cum
988 4116 1081 4154 me
1106 4099 1358 4169 quisque
1380 4091 1898 4168 interrogat,verbi

238 4188 590 4258 gratia,quid
622 4188 697 4243 sit
719 4192 901 4251 catus,
919 4193 975 4242 et
996 4186 1623 4258 respondeo,Prudens
1646 4185 1732 4240 vel
1762 4200 1901 4240 acu-

240 4281 351 4343 tus,
369 4295 478 4331 nec
494 4278 543 4331 ei
560 4276 797 4346 sufficit,
816 4279 914 4332 sed
935 4278 1121 4350 pergit
1145 4292 1403 4347 quaerere
1428 4276 1578 4330 unde
1603 4275 1800 4330 dictus
1823 4274 1899 4329 sit

240 4372 423 4434 catus,
460 4367 721 4422 vicissim
756 4368 968 4423 referre
999 4371 1056 4422 et
1088 4382 1346 4437 quaerere
1378 4366 1533 4420 unde
1574 4365 1764 4420 dictus
1819 4364 1899 4419 sit

242 4458 629 4528 acutus,quod
658 4456 1043 4511 nihilominus
1066 4456 1270 4527 utique
1290 4455 1619 4527 ignorabat,
1639 4455 1737 4509 sed
1759 4456 1901 4526 quia

243 4546 529 4601 usitatum
557 4563 769 4600 nomen
794 4545 1231 4618 erat,patientor
1244 4546 1370 4615 ejus
1386 4544 1667 4615 originem
1683 4547 1900 4601 nescie'

247 4636 339 4691 bat
373 4656 385 4690 ε
424 4638 579 4708 quod
615 4641 809 4692 autem
842 4653 1051 4691 novum
1083 4636 1347 4691 insonuit
1376 4636 1637 4702 auribus,
1691 4652 1895 4705 parum

252 4733 409 4794 putat
434 4742 605 4781 nosse
626 4726 760 4795 quid
788 4726 1174 4799 signiﬁcando
1199 4724 1524 4791 valeat,nisi
1542 4724 1720 4779 etiam
1745 4726 1899 4781 unde.

252 4814 477 4870 dicatur
508 4815 791 4886 exquirat.
819 4815 1094 4886 Quisquis
1126 4831 1261 4886 ergo
1294 4830 1361 4868 ex
1396 4830 1485 4869 me
1516 4814 1717 4882 quaerit
1744 4816 1897 4869 unde

249 4904 367 4959 visa
397 4903 803 4976 corporalibus
837 4904 1057 4959 similia
1089 4906 1145 4959 in
1178 4902 1389 4959 ecstasi
1422 4908 1896 4975 appareant,quaz

250 5011 373 5048 raro
406 4994 617 5048 accidit
647 4993 1138 5060 animre,vicissim
1174 5010 1367 5065 quaero
1400 4993 1555 5047 unde
1579 4999 1897 5065 appareant

250 5084 697 5151 dormientibus,
732 5102 855 5156 qua:
889 5086 1145 5156 qhotidie
1176 5084 1351 5139 sentit
1381 5083 1600 5149 anima,
1627 5088 1682 5138 et
1725 5101 1895 5140 nemo

248 5172 398 5227 istud
433 5180 533 5228 aut
561 5191 673 5227 non
710 5174 958 5229 multum
994 5180 1157 5228 curat
1186 5174 1500 5245 inquirere.
1536 5172 1714 5239 Quasi
1762 5190 1893 5229 vero

248 5260 372 5316 ideo
388 5264 584 5317 minus
603 5264 835 5318 mirasit
852 5265 1055 5318 talium
1073 5268 1282 5317 natura
1304 5264 1730 5333 visorum,quia
1752 5278 1894 5334 quo-

248 5350 464 5405 tidiana
494 5356 608 5419 est;
638 5356 738 5407 aut
770 5353 897 5407 ideo
932 5352 1128 5407 minus
1160 5354 1438 5419 curanda,
1464 5352 1598 5422 quia
1628 5351 1893 5408 omnium

249 5445 363 5508 est;
398 5446 497 5495 aut
521 5441 568 5496 si
600 5447 750 5497 recte
783 5442 1002 5497 faciunt
1029 5440 1130 5513 qui
1161 5442 1274 5497 ista
1304 5458 1418 5496 non
1452 5445 1744 5512 quierunt,
1780 5456 1893 5495 non

250 5530 459 5584 rectius
494 5530 733 5585 fecerint
756 5531 800 5585 si
827 5548 929 5586 nec
970 5532 1029 5586 in
1062 5530 1161 5586 illa
1194 5530 1406 5586 curiosi
1441 5531 1578 5586 sint.
1615 5531 1732 5604 Ego
1762 5547 1895 5585 vero

254 5618 431 5675 multo
463 5619 720 5692 amplius
752 5621 1027 5689 admiror,
1058 5621 1362 5692 multoque
1392 5623 1640 5676 maxime
1689 5624 1895 5692 stupeo

252 5715 465 5781 quanta
486 5708 782 5767 celeritate
804 5728 870 5767 ac
892 5712 1165 5768 facilitate
1188 5711 1247 5768 in
1271 5727 1332 5767 se
1354 5710 1551 5767 anima
1581 5709 1897 5767 fabricetur

1554 298 1783 361 LIBER
1833 297 2368 366 DUODECIMUS.

3549 309 3669 369 470

2018 433 2302 506 imagines
2325 454 2794 510 corporumque:
2820 438 3194 511 percorporis
3207 439 3405 497 oculos
3434 441 3665 497 viderit.

2017 538 2193 593 quam
2210 527 2631 583 somniantium
2649 527 2735 583 vel
2753 528 2919 583 etiam
2934 528 2991 582 in
3004 528 3215 583 ecstasi
3230 528 3672 596 visiones.Ques-

2018 629 2270 684 cumque
2293 621 2485 671 tamen
2511 616 2611 672 illa
2635 620 2844 673 natura
2866 618 3124 672 visorum
3148 618 3668 690 est,procu1,dubio

2021 718 2233 773 corpus
2265 721 2377 759 non
2411 711 2517 761 est.
2555 706 2670 761 Hoc
2702 722 2873 761 nosse
2906 706 2999 761 cui
3048 724 3162 761 non
3216 706 3457 775 sufficit,
3512 708 3667 763 unde

2021 792 2196 847 etiam
2229 794 2771 867 existant,inquirat
2801 796 2873 849 ab
2906 795 3068 861 aliis;
3105 811 3197 851 me
3229 796 3499 867 ignorare
3529 813 3671 854 con-

2025 880 2209 937 ﬁteor.

2202 972 2435 1027 CAPUT
2466 974 2602 1028 XIX.
2642 1006 2705 1014 —
2739 975 2884 1031 Unde
2910 977 3213 1030 nascantur
3235 975 3491 1031 visiones.

2099 1059 2185 1114 41.
2221 1060 2365 1115 Illud
2401 1061 2569 1133 plane
2602 1063 3002 1135 exemplorum
3033 1063 3446 1135 experimentis
3478 1062 3675 1136 colligi

2025 1150 2217 1216 datur,
2269 1152 2421 1205 sicut
2470 1169 2776 1225 corporum
2812 1152 3011 1224 pellor,
3047 1154 3245 1217 rubor,
3290 1158 3530 1219 tremor,
3579 1154 3672 1209 vel

2026 1240 2201 1295 etiam
2254 1242 2495 1296 morbus
2535 1242 2851 1313 aliquando
2900 1260 2934 1298 a
2962 1258 3201 1312 corpore
3231 1242 3408 1298 habet
3437 1259 3669 1315 causas,

2026 1327 2343 1399 aliquando
2375 1334 2446 1385 ab
2486 1331 2715 1399 anima;
2748 1336 2805 1386 et
2851 1348 2884 1385 a
2934 1346 3175 1402 corpore
3223 1331 3483 1402 quidem;
3535 1349 3668 1388 cum

2024 1420 2111 1474 vel
2144 1418 2358 1474 humor
2387 1420 2766 1488 suffunditur,
2799 1418 2885 1475 vel
2920 1420 3083 1475 cibus
3106 1420 3193 1475 vel
3242 1420 3463 1491 aliquid
3513 1420 3670 1477 aliud

2022 1508 2249 1581 corpori
2278 1509 2556 1579 injectum
2592 1511 2984 1577 extrinsecus;
3019 1510 3089 1565 ab
3123 1510 3322 1565 anima
3350 1527 3504 1577 vero,
3537 1528 3669 1567 cum

2019 1597 2107 1652 vel
2168 1599 2378 1654 timore
2433 1600 2741 1666 turbatur,
2792 1599 2882 1654 vel
2954 1600 3176 1670 pudore
3245 1600 3663 1667 confunditur,

2017 1687 2102 1741 vel
2152 1686 2446 1755 irascitur,
2496 1687 2584 1743 vel
2615 1691 2791 1755 amat,
2822 1687 2909 1742 vel
2944 1688 2991 1743 si
3024 1688 3166 1758 quid
3200 1689 3525 1759 ejusmodi;
3561 1706 3666 1745 nec

2015 1776 2331 1841 immerito,
2366 1777 2414 1831 si
2445 1777 2499 1831 id
2536 1778 2690 1848 quod
2722 1777 2944 1831 animat
2986 1782 3042 1831 et
3086 1777 3253 1849 regit,
3304 1777 3477 1832 etiam
3529 1794 3663 1833 cum

2012 1865 2417 1921 vehementius
2467 1870 2750 1933 movetur,
2799 1866 3198 1922 vehementius
3246 1867 3502 1939 exagitat
3536 1884 3548 1921 :
3582 1868 3664 1923 ita

2012 1958 2067 2009 et
2101 1954 2209 2026 ipsi
2242 1955 2453 2011 animee
2486 1960 2550 2011 ut
2580 1956 2636 2010 in
2670 1971 2737 2011 ea
2764 1956 2892 2011 visa
2921 1960 3143 2028 pergat,
3172 1972 3300 2027 quae
3330 1972 3445 2011 non
3477 1956 3528 2011 ei
3560 1973 3665 2029 per

2010 2061 2221 2101 sensus
2251 2046 2507 2117 corporis
2540 2045 2908 2113 nuntiantur,
2937 2046 3037 2101 sed
3084 2062 3186 2118 per
3233 2045 3655 2118 incorporalem

2010 2136 2424 2203 substantiam,
2458 2140 2515 2191 et
2546 2136 2629 2191 ita
2657 2140 2860 2208 pergat
2892 2139 2957 2189 ut
2987 2152 3101 2191 non
3134 2135 3427 2191 discernat
3456 2140 3656 2191 utrum

2008 2242 2251 2297 corpora
2283 2226 2401 2280 sint
2431 2243 2502 2281 an
2535 2224 2955 2281 similitudines
2986 2241 3316 2296 corporum,
3342 2224 3659 2297 aliquando

2008 2333 2041 2371 a
2072 2332 2307 2387 corpore
2338 2315 2571 2383 accidit,
2604 2315 2917 2387 aliquando
2948 2332 2982 2369 a
3012 2315 3220 2386 spiritu
3248 2331 3259 2368 ε
3286 2318 3342 2369 et
3366 2331 3400 2369 a
3422 2330 3662 2385 corpore

2009 2406 2268 2478 quidem,
2304 2405 2421 2460 sive
2466 2404 2716 2460 naturali
2765 2404 3187 2474 vicissitudine,
3239 2408 3304 2458 ut
3351 2408 3489 2459 sunt
3539 2404 3662 2459 visa

2008 2494 2453 2561 somniantium,
2505 2493 2758 2549 dormire
2807 2493 3024 2565 quippe
3074 2510 3107 2548 a
3154 2508 3392 2565 corpore
3434 2497 3523 2548 est
3554 2492 3657 2547 ho-

2008 2583 2188 2650 mini;
2223 2583 2341 2638 sive
2373 2582 2570 2653 aliqua
2603 2580 2757 2637 mala
2789 2581 3121 2637 valetudine
3144 2582 3416 2637 sensibus
3438 2586 3657 2653 pertur-

2006 2673 2251 2742 batis,ut
2280 2688 2413 2726 cum
2447 2689 2479 2726 a
2509 2670 2864 2743 phreneticis
2896 2670 3073 2726 simul
3104 2675 3161 2725 et
3192 2687 3435 2741 corpora
3464 2670 3659 2725 viden-

2006 2766 2183 2827 tur,et
2214 2760 2338 2815 visa
2367 2759 2583 2815 similia
2614 2760 2955 2831 corporibus
2980 2763 3261 2830 tanquam
3295 2763 3353 2813 et
3378 2760 3509 2830 ipsa
3538 2776 3654 2830 pres

2009 2849 2193 2905 oculis
2221 2848 2415 2903 adsint
2447 2864 2459 2902 :
2497 2852 2598 2902 aut
2626 2848 2861 2919 penitus
2892 2846 3247 2913 interclusis,
3303 2847 3455 2903 sicut
3502 2864 3655 2919 saepe

2009 2939 2158 2995 male
2205 2938 2388 2993 affecti
2422 2939 2622 2992 morbo
2654 2936 2850 3009 aliquo
2882 2937 3341 3009 ingravescente,
3374 2941 3657 3008 praesente

2010 3044 2249 3100 corpore
2281 3028 2380 3082 diu
2429 3027 2721 3096 absentes,
2772 3026 2982 3082 deinde
3033 3026 3370 3082 hominibus
3420 3026 3652 3094 redditi,

2012 3118 2197 3174 multa
2229 3134 2288 3172 se
2310 3117 2528 3172 vidisse
2557 3117 2828 3171 dixerunt
2860 3134 2872 3170 :
2904 3134 2939 3171 ι
2967 3116 3179 3188 spiritu
3201 3133 3357 3185 vero,
3381 3132 3514 3172 cum
3538 3132 3658 3172 om-

2012 3207 2149 3263 nino
2181 3224 2322 3262 sano
2354 3211 2530 3277 atque
2576 3206 2803 3277 integro
2852 3222 3092 3278 corpore
3139 3207 3196 3261 in
3245 3206 3653 3262 alienationem

2013 3297 2341 3368 rapiuntur,
2361 3296 2479 3351 sive
2501 3296 2579 3351 ita
2604 3299 2667 3350 ut
2690 3303 2741 3350 et
2766 3312 2867 3368 per
2886 3312 3095 3351 sensus
3126 3295 3385 3368 corporis
3416 3312 3660 3367 corpora

2012 3387 2330 3453 videant,et
2353 3385 2409 3439 in
2434 3385 2641 3456 spiritu
2668 3386 2929 3455 quaedam
2955 3384 3172 3440 similia
3195 3402 3324 3457 quae
3349 3402 3381 3439 a
3401 3384 3656 3455 corpori-

2011 3477 2121 3531 bus
2144 3492 2256 3531 non
2281 3474 2781 3543 discernantﬁsive
2804 3473 3038 3546 penitus
3061 3478 3399 3530 avertantur
3420 3491 3453 3529 a
3472 3473 3659 3529 sensi-

2010 3566 2121 3620 bus
2153 3564 2365 3628 carnis,
2402 3568 2455 3617 et
2487 3563 2629 3617 nihil
2663 3580 2763 3634 per
2787 3580 2887 3618 eos
2918 3563 3155 3618 omnino
3186 3563 3524 3630 sentientes,
3558 3561 3659 3616 illa

2009 3653 2296 3725 spirituali
2332 3653 2553 3708 visione
2575 3652 2842 3707 habitent
2864 3653 2921 3706 in
2946 3652 3437 3707 similitudinibus
3460 3668 3659 3722 corpo-

2011 3759 2161 3797 rum.
2187 3742 2296 3798 Sed
2324 3758 2455 3796 cum
2482 3741 2882 3797 malusinhtec
2906 3742 3112 3813 arripit
3133 3742 3396 3812 spiritus,
3418 3746 3519 3796 aut
3540 3741 3654 3795 daa—

2011 3832 2309 3887 moniacos
2332 3832 2596 3901 facit,aut
2619 3830 3077 3902 arreptitios,aut
3099 3831 3277 3885 falsos
3308 3831 3653 3902 prophetas:

2009 3938 2142 3975 cum
2183 3926 2377 3975 autem
2411 3920 2621 3983 bonus,
2652 3919 2851 3973 ﬁdeles
2886 3919 3167 3991 mysteria
3196 3918 3520 3989 loquentes,
3554 3922 3657 3973 aut

2010 4010 2316 4065 accedente
2336 4009 2511 4063 etiam
2530 4007 2917 4080 intelligentia
2934 4024 3102 4063 veros
3126 4008 3564 4079 praphetas,aut
3585 4008 3657 4064 ad

2009 4105 2241 4169 tempus
2267 4099 2417 4169 quod
2443 4113 2546 4169 per
2566 4114 2664 4151 eos
2690 4101 2916 4168 oportet
2940 4096 3460 4167 ostendi,videntes
3483 4102 3659 4169 atque

2011 4193 2333 4243 narrantes.

2010 4295 2245 4353 CAPUT
2267 4295 2379 4350 XX.
2404 4324 2471 4333 —-
2498 4295 2619 4349 Visa
2636 4309 2761 4366 quae
2786 4312 2817 4348 a
2836 4310 3060 4365 corpore
3084 4295 3417 4349 occasionem
3439 4292 3658 4363 habent,

2363 4382 2471 4422 non
2500 4369 2683 4422 tamen
2713 4366 2963 4421 exhiberi
2992 4383 3025 4420 a
3053 4382 3297 4437 corpore.

2084 4460 2168 4512 42.
2204 4457 2315 4513 Sed
2338 4473 2470 4512 cum
2499 4472 2532 4511 a
2555 4472 2795 4528 corpore
2818 4473 2996 4512 causa
3018 4460 3104 4512 est
3126 4460 3191 4511 ut
3213 4454 3353 4510 talia
3383 4454 3506 4510 visa
3537 4471 3656 4510 cer-

2010 4552 2246 4611 nantur,
2283 4563 2398 4600 non
2431 4562 2498 4600 ea
2530 4562 2738 4617 corpus
2769 4546 3033 4611 exhibet;
3065 4560 3248 4615 neque
3282 4543 3439 4599 enim
3484 4543 3662 4600 habet

2010 4653 2136 4691 eam
2173 4636 2310 4702 vim,
2344 4640 2407 4689 ut
2439 4635 2649 4688 formet
2680 4633 2895 4705 aliquid
2933 4632 3232 4705 spirituele
3267 4649 3279 4685 :
3312 4632 3411 4685 sed
3445 4633 3655 4703 sapito,

2009 4720 3658 4797 autperlurbato,autetiaminterclusoitinereintentionis

2007 4834 2040 4870 a
2059 4816 2313 4879 cerebro,
2332 4830 2446 4884 qua
2468 4812 2741 4883 dirigitur
2763 4810 3051 4866 sentiendi
3074 4813 3289 4878 motus,
3307 4810 3506 4867 anima
3526 4812 3657 4883 ipsa

2006 4922 2134 4977 quae
2160 4908 2315 4959 motu
2342 4901 2575 4974 preprio
2599 4916 2827 4955 cessare
2848 4901 2919 4955 ab
2953 4900 3061 4955 hoc
3093 4916 3263 4973 opere
3297 4918 3412 4958 non
3444 4906 3656 4974 potest,

2006 4994 2143 5066 quia
2172 5010 2274 5064 per
2303 5008 2514 5063 corpus
2549 5007 2662 5044 non
2698 4989 2933 5057 sinitur,
2968 4989 3056 5045 vel
3091 5006 3202 5047 non
3237 4990 3406 5064 plene
3444 4991 3660 5048 sinitur

2006 5080 2326 5153 corporalia
2348 5080 2584 5146 sentire,
2610 5078 2697 5133 vel
2723 5078 2790 5132 ad
2820 5079 3145 5150 corporalia
3165 5081 3279 5136 vim
3317 5098 3433 5136 suae
3466 5080 3657 5136 inten-

2004 5172 2179 5228 tionis
2194 5169 2681 5242 dirigere,spiritu
2697 5169 3081 5240 corporalium
3098 5170 3505 5227 similitudines
3520 5171 3658 5243 agit,

2004 5269 2102 5318 aut
2134 5262 2396 5316 intuetur
2427 5260 2705 5330 objectas.
2740 5260 2807 5313 Et
2838 5260 2885 5313 si
2918 5260 3155 5332 quidem
3199 5277 3296 5315 eas
3346 5261 3473 5332 ipsa
3518 5260 3663 5333 agit.

2006 5350 2326 5424 phantasia
2359 5354 2585 5405 tantum
2622 5353 2782 5417 sunt;
2806 5348 2853 5403 si
2878 5354 3073 5405 autem
3098 5348 3661 5419 objectasintuetur,

2006 5440 2372 5497 ostensiones
2396 5443 2554 5495 sunt.
2589 5440 2853 5511 Denique
2895 5457 3027 5493 eum
3055 5439 3206 5494 oculi
3234 5438 3432 5493 dolent
3452 5438 3536 5493 vel
3562 5456 3658 5495 ex-

2008 5530 2204 5586 stincti
2228 5530 2535 5602 sunt,quia
2560 5547 2674 5585 non
2696 5535 2783 5584 est
2804 5546 2984 5583 causa
3007 5528 3062 5582 in
3088 5529 3223 5584 sede
3247 5528 3489 5600 cerebri,
3506 5530 3659 5584 unde

2007 5623 2133 5689 ipsa
2157 5620 2430 5692 dirigitur
2447 5619 2693 5674 intentio
2708 5618 3139 5683 seutiendi,non
3156 5620 3305 5673 fiunt
3321 5618 3657 5688 hujusmodi

2006 5709 2554 5781 visiones,quamvis
2568 5709 2873 5765 cernendis
2890 5706 3290 5778 corporalibus
3303 5704 3659 5763 obstaculum
