3954 6178
396 353 505 414 471

395 485 668 540 existata
717 502 975 555 corpore.
1016 485 1203 556 Magis
1251 485 1405 539 enim
1461 487 1594 539 caeci
1646 482 1866 554 aliquid
1917 483 2050 536 dor-

396 573 649 629 mientes
709 590 882 645 quam
946 573 1252 644 vigilantes
1309 573 1551 627 vident.
1614 571 2051 626 Dormientibus

396 662 613 734 quippe
643 662 700 716 in
734 662 969 717 cerebro
1002 661 1342 732 consopitur
1369 662 1459 715 via
1489 661 1938 731 sentiendi,quaa
1970 660 2052 713 in-

396 754 717 809 tentionem
752 754 822 807 ad
856 752 1056 806 oculos
1088 752 1523 823 ducit,ideoque
1556 752 1683 823 ipsa
1716 750 1958 805 intentio
1991 749 2046 802 in

396 842 553 896 aliud
583 858 806 911 aversa,
841 843 1025 896 cernit
1055 841 1175 896 visa
1205 842 1567 896 somniorum
1598 847 1879 912 tanquam
1913 855 2048 910 spe-

395 932 509 986 cies
534 931 866 1001 corporales
915 932 1127 999 adsint,
1182 936 1246 985 ut
1299 932 1411 985 sibi
1462 930 1760 985 dormiens
1808 928 2048 1001 vigilare

392 1020 678 1082 videatur,
729 1024 785 1075 et
834 1038 947 1075 non
982 1020 1201 1075 similia
1232 1020 1595 1092 corporibus,
1631 1020 1729 1075 sed
1763 1018 1892 1090 ipsa
1922 1034 2045 1072 cor-

392 1126 535 1181 pora
564 1110 777 1163 intueri
811 1126 872 1164 se
926 1114 1086 1179 putet
1120 1127 1132 1163 :
1168 1126 1299 1164 cum
1353 1115 1547 1163 autem
1600 1108 1842 1177 vigilant
1891 1106 2043 1174 caeci,

390 1198 631 1253 ducitur
661 1216 763 1270 per
788 1199 889 1253 illa
919 1200 1131 1252 itinera
1162 1199 1408 1253 intentio
1440 1199 1734 1264 cernendi,
1757 1214 1881 1267 quae
1915 1212 2044 1251 cum

391 1290 462 1345 ad
494 1289 622 1344 loca
652 1292 871 1344 venerit
902 1289 1228 1355 oculorum,
1266 1306 1379 1344 non
1414 1289 1703 1343 exseritur
1733 1289 1909 1351 foras,
1943 1288 2044 1341 sed

392 1378 471 1433 ibi
505 1383 788 1446 remanet,
822 1383 887 1433 ut
910 1379 1149 1449 vigilare
1178 1396 1239 1434 se
1271 1379 1543 1445 sentiant,
1578 1378 1888 1449 potiusque
1920 1392 2049 1431 esse

393 1469 453 1522 in
486 1467 746 1522 tenebris
778 1467 1070 1539 vigilando
1102 1468 1276 1522 etiam
1311 1485 1411 1539 per
1454 1467 1631 1535 diem,
1683 1483 1859 1537 quam
1911 1466 2045 1519 dor-

395 1557 652 1627 miendo,
677 1557 797 1611 sive
832 1573 931 1628 per
962 1557 1114 1612 diem
1150 1557 1269 1611 sive
1302 1573 1405 1628 per
1435 1556 1843 1612 noctem.Nam
1867 1559 1923 1610 et
1947 1554 2047 1625 qui

393 1646 525 1700 caeci
560 1661 676 1700 non
706 1644 1134 1716 sunt,plerique
1158 1646 1476 1717 patentitus
1522 1644 1708 1699 oculis
1750 1644 2050 1699 dormiunt

396 1734 542 1790 nihil
575 1751 678 1805 per
706 1751 804 1789 eos
832 1734 1117 1801 videntes,
1147 1736 1247 1790 sed
1274 1752 1386 1789 non
1424 1735 1553 1790 ideo
1582 1733 1730 1788 nihil
1761 1733 2046 1802 videntes,

394 1839 528 1878 cum
576 1824 787 1895 spiritu
838 1828 1081 1878 cernant
1146 1824 1271 1879 visa
1338 1824 1705 1879 somniorum
1773 1840 1784 1877 :
1835 1823 1885 1878 si
1945 1839 2047 1875 au-

396 1917 511 1967 tem
590 1914 806 1969 clausis
883 1913 1070 1968 oculis
1135 1913 1413 1982 vigilent,
1492 1930 1681 1984 neque
1751 1912 2046 1966 dormien-

391 2003 541 2057 tium
582 2007 790 2075 prazsto
823 2008 961 2058 sunt
1010 2003 1335 2058 visionibus
1398 2019 1584 2073 neque
1647 2000 2045 2072 vigilantium.

390 2093 645 2146 Tantum
712 2096 906 2147 tamen
973 2091 1146 2159 valet,
1218 2093 1371 2163 quod
1440 2108 1627 2163 usque
1695 2092 1762 2145 ad
1848 2089 2049 2145 oculos

394 2196 598 2235 eorum
632 2197 737 2236 nec
759 2181 950 2252 sopita
972 2198 1078 2236 nec
1104 2184 1439 2251 perturbata
1462 2196 1566 2235 nec
1589 2179 1905 2235 interclusa
1927 2192 2051 2250 per‘

392 2269 548 2325 venit
577 2286 609 2323 a
638 2272 870 2325 cerebro
900 2270 993 2323 via
1023 2270 1398 2335 sentiendi,et
1428 2270 1632 2325 animae
1663 2269 2045 2324 intentionem

396 2375 585 2429 usque
617 2359 686 2413 ad
719 2358 877 2429 ipsas
910 2360 1179 2429 quamvis
1211 2358 1439 2414 clausas
1473 2359 1621 2414 fores
1650 2358 1909 2431 corporis
1941 2358 2049 2411 du—

398 2445 499 2512 cit,
532 2451 596 2501 ut
626 2446 954 2518 cogitentur
987 2448 1223 2518 quidem
1258 2448 1545 2519 imagines
1579 2464 1910 2518 corporum,
1947 2448 2046 2501 sed

398 2534 560 2590 nullo
592 2536 764 2591 modo
798 2553 901 2607 pro
933 2536 1017 2592 eis
1052 2536 1377 2591 habeantur
1406 2537 1747 2609 corporibus
1777 2553 1903 2607 quas
1950 2552 2051 2607 per

399 2623 600 2678 oculos
632 2624 989 2679 sentiuntur.

468 2713 816 2769 43.Tantum
853 2714 1219 2781 interest,ubi
1258 2714 1355 2767 fiat
1387 2714 1874 2785 impedimentum
1911 2729 2047 2767 sen-

396 2801 577 2856 tiendi
612 2801 957 2872 corporalia,
990 2818 1123 2856 cum
1161 2802 1223 2855 fit
1256 2802 1310 2856 in
1344 2818 1604 2874 corpore.
1638 2802 1693 2856 Si
1727 2802 1883 2856 enim
1935 2817 2047 2855 non

394 2890 460 2944 fit
506 2890 619 2947 nisi
651 2891 710 2945 in
736 2890 881 2962 ipsis
922 2891 1197 2956 aditibus,
1231 2896 1287 2945 et
1316 2892 1481 2962 quasi
1507 2892 1710 2961 januis
1741 2906 2047 2952 sensuum,

397 2978 556 3034 velut
600 2979 659 3033 in
711 2978 916 3045 oculis,
967 2981 1022 3034 in
1074 2982 1335 3047 auribus,
1390 2980 1729 3051 ca-terisque
1779 2979 2048 3034 sensibus

399 3068 829 3140 corporalibus,
882 3070 1005 3124 sola
1054 3070 1374 3141 impeditur
1442 3070 1731 3141 preceptio
1781 3086 2047 3141 corpora-

397 3158 578 3224 lium;
614 3174 728 3213 non
761 3163 952 3213 autem
988 3157 1193 3212 animae
1229 3159 1472 3213 intentio
1502 3158 1562 3212 in
1596 3158 1750 3212 aliud
1786 3158 1871 3213 sic
1900 3176 2054 3213 aver-

401 3249 638 3315 titur,ut
670 3264 773 3318 pro
804 3247 1145 3318 corporibus
1178 3248 1387 3302 habeat
1410 3248 1697 3319 imagines
1719 3264 2048 3319 corporum:

400 3338 449 3392 si
484 3340 677 3393 autem
710 3353 887 3391 causa
919 3347 1001 3391 est
1034 3336 1193 3390 intus
1228 3337 1284 3390 in
1319 3337 1573 3405 cerebro,
1602 3338 1756 3392 unde
1790 3336 2055 3409 dirigun-

403 3431 500 3481 tur
528 3426 629 3480 viae
662 3428 733 3479 ad
767 3442 834 3480 ea
863 3443 986 3496 quas
1048 3426 1185 3480 foris
1243 3430 1403 3490 sunt,
1465 3426 1806 3493 sentienda;
1870 3426 2053 3497 ipsius

406 3515 750 3569 intentionis
782 3532 914 3569 vasa
945 3514 1368 3585 sopiuntur,vel
1401 3518 1734 3581 turbantur,
1761 3516 1846 3570 vel
1879 3518 2055 3571 inter-

1291 355 1392 412 DE
1438 354 1716 412 GENESI
1765 352 1866 411 AD
1913 351 2335 421 LITTERAM,
2381 352 2445 409 S.
2498 351 2915 413 AUGUSTINI
3633 361 3719 419 4⁵12

2160 481 2392 537 CAPUT
2414 482 2552 538 XXI.
2579 512 2647 520 —
2676 483 2792 539 Visa
2811 482 3187 556 corporalibus
3208 483 3408 538 similia
3429 485 3481 539 in
3498 502 3602 556 quae
3629 493 3724 545 ani-

2314 571 2403 610 ma
2435 556 2678 626 rapitur,
2713 571 2821 609 non
2855 556 2976 610 ideo
3002 570 3121 610 esse
3148 558 3356 609 naturae
3382 558 3602 614 diversa).

2231 661 2317 714 44.
2347 661 2489 716 Cum
2516 666 2710 716 autem
2735 678 2875 717 sano
2900 677 3160 733 corpore,
3183 678 3285 717 nec
3307 678 3491 718 somno
3509 665 3728 722 sensibus

2160 750 2505 821 consopitis,
2538 751 2733 823 aliquo
2758 750 2985 806 occulto
3005 766 3177 821 opere
3200 750 3475 822 spirituali
3495 751 3547 806 in
3566 769 3623 807 ea
3637 755 3733 809 visa

2160 854 2284 908 quae
2301 838 2595 895 similiasu
2606 838 3081 911 ntcorporalibus
3093 840 3283 894 anima
3295 838 3617 911 rapitur,non
3630 844 3737 912 quia

2162 929 2371 983 modus
2394 928 2659 983 diversus
2682 929 2924 999 est,ideo
2948 932 3035 984 est
3057 928 3229 983 etiam
3254 928 3466 983 diversa
3484 931 3737 985 naturavi-

2159 1033 2353 1070 sorum
2380 1034 2392 1084 ;
2418 1034 2551 1071 cum
2567 1022 2623 1072 et
2639 1018 2696 1072 in
2715 1017 2830 1072 illis
2846 1017 3039 1073 causis
3055 1034 3182 1089 quae
3197 1018 3266 1071 de
3281 1033 3499 1087 corpore
3510 1018 3738 1089 existunt,

2159 1110 2234 1162 sit
2261 1106 2461 1177 utique
2483 1106 2833 1173 differentia,
2856 1110 2911 1162 et
2934 1105 3249 1177 aliquando
3276 1124 3309 1161 a
3328 1108 3602 1160 contrario.
3624 1108 3738 1163 Nam

2160 1193 2479 1265 phrenetici
2504 1212 2617 1249 non
2645 1195 2989 1250 dormiendo
3004 1194 3197 1265 potius
3211 1196 3743 1265 perturbatashabent

2159 1285 2448 1338 sentiendi
2471 1284 2594 1338 vias
2620 1285 2676 1338 in
2701 1286 2912 1355 capite,
2948 1288 3012 1338 ut
3031 1284 3173 1338 talia
3212 1283 3457 1353 videant,
3480 1284 3650 1355 qualia
3672 1301 3742 1340 so.

2160 1372 2450 1427 mniantes
2473 1372 2944 1444 vident,quorum
2968 1373 3311 1428 dormiendo
3329 1374 3744 1428 avertiturinten-

2157 1462 2241 1516 tia
2262 1478 2486 1516 asensu
2514 1462 2814 1533 vigilandi,
2848 1466 2905 1517 et
2936 1462 2993 1516 in
3026 1478 3094 1517 ea
3133 1462 3383 1517 videnda
3423 1462 3741 1517 convertitur.

2158 1552 2302 1607 Cum
2325 1567 2460 1622 ergo
2481 1550 2625 1604 illud
2651 1552 2751 1605 fiat
2772 1568 2886 1606 non
2923 1551 3287 1617 dormiendo,
3317 1551 3420 1606 hoc
3448 1556 3622 1606 autem
3647 1552 3749 1606 dor-

2161 1640 2417 1706 miendo,
2454 1657 2568 1694 non
2595 1645 2784 1695 tamen
2809 1658 2876 1695 ea
2897 1658 3022 1711 qum
3055 1640 3326 1695 videntur
3353 1657 3419 1694 ex
3448 1639 3551 1695 alio
3580 1655 3747 1711 genere

2159 1734 2504 1800 sunt,quam
2520 1746 2588 1784 ex
2602 1734 2805 1784 natura
2827 1729 3169 1801 spiritus,de
3192 1745 3309 1800 quo
3330 1728 3414 1783 vel
3438 1728 3492 1782 in
3514 1745 3615 1799 quo
3637 1729 3751 1783 fiunt

2158 1817 2577 1874 similitudines
2589 1820 3014 1891 corporum.lta
3030 1818 3298 1890 quamvis
3312 1818 3753 1873 diversasitcausa

2160 1908 2500 1963 intentionis
2533 1907 3059 1979 alienatae,quando
3091 1923 3232 1963 sane
3257 1924 3489 1978 corpore
3505 1905 3753 1979 vigilantis

2159 1996 2387 2052 occulta
2417 1998 2667 2068 quadam
2702 1997 2752 2051 vi
2786 1995 3077 2067 spirituali
3108 1997 3307 2051 anima
3336 1995 3567 2068 rapitur,
3585 2000 3640 2050 ut
3662 1995 3754 2050 vice

2157 2102 2467 2157 corporum
2498 2103 2803 2158 expressas
2837 2085 3226 2157 corporalium
3252 2102 3445 2141 rerum
3468 2082 3753 2140 similitudi-

2161 2191 2264 2229 nes
2307 2176 2365 2229 in
2404 2176 2614 2246 spiritu
2638 2175 2850 2239 videat,
2874 2176 3074 2231 eadem
3100 2180 3299 2230 tamen
3322 2179 3409 2230 est
3429 2179 3621 2230 natura
3640 2173 3753 2227 viso-

2160 2280 2311 2319 rum.
2345 2262 2539 2335 Neque
2576 2264 2729 2319 enim
2754 2264 2867 2319 dici
2890 2269 3102 2336 potest,
3135 2281 3269 2318 cum
3295 2263 3540 2318 causain
3566 2277 3757 2331 corpore

2159 2360 2266 2423 est,
2293 2360 2435 2409 tunc
2459 2354 2716 2410 animam
2743 2355 2867 2409 sine
2891 2354 3013 2410 ulla
3057 2355 3447 2426 praesensione
3476 2354 3755 2408 futurorum

2160 2461 2227 2499 ex
2276 2444 2471 2514 seipsa
2512 2460 2742 2499 versare
2774 2444 3063 2515 imagines
3093 2461 3427 2516 corporum,
3453 2443 3594 2498 sicut
3619 2440 3757 2496 etiam

2159 2534 2467 2605 cogitando
2490 2551 2587 2589 eas
2606 2533 2752 2588 solet
2780 2551 2793 2600 ;
2828 2549 2961 2588 cum
2986 2550 3119 2588 vero
3141 2535 3198 2588 in
3230 2551 3299 2588 ea
3318 2533 3559 2587 videnda
3591 2530 3756 2602 spiritu

2161 2625 2505 2689 assumitur,
2534 2622 2817 2677 divinitus
2840 2622 2962 2678 haec
2984 2623 3379 2678 demonstrari
3408 2640 3419 2677 :
3446 2618 3759 2694 quandoqui-

2160 2714 2292 2767 dem
2316 2718 2511 2784 aperte
2531 2713 2833 2783 Scriptura
2855 2711 3015 2778 dicit,
3048 2712 3339 2783 Eﬂundam
3369 2712 3432 2767 de
3450 2712 3639 2782 spiritu
3676 2723 3763 2762 meo

2158 2819 2325 2872 super
2344 2818 2555 2857 omnem
2577 2819 2820 2872 carnem,
2836 2811 2886 2859 el
2906 2805 3124 2869 iuvene:
3147 2803 3265 2856 visa
3282 2802 3559 2867 videbunt,
3578 2807 3621 2854 et
3642 2814 3763 2852 senas

2158 2892 2380 2945 somnia
2412 2894 2769 2947 somniahmzl
2807 2894 2962 2961 (Joel.
3002 2909 3065 2958 ιι,
3095 2892 3209 2962 28),
3242 2891 3451 2945 divinas
3491 2885 3761 2960 operationi

2161 2985 2473 3051 utrumque
2497 2980 2761 3037 tribuens
2785 3000 2796 3049 ;
2831 2985 2905 3047 et,
2930 2982 3167 3051 Angelus
3188 2981 3412 3034 Domini
3430 2976 3763 3050 apparuillo-

2160 3074 2289 3140 ,ςερὴ
2314 3071 2367 3123 in
2390 3072 2596 3125 somnis
2617 3070 2950 3139 (lz'ccns,Noli
2969 3074 3163 3126 timere
3177 3071 3424 3140 accipere
3444 3069 3656 3123 Mariam
3673 3080 3767 3119 ron.-

2154 3160 2343 3229 jugem
2370 3163 2605 3219 tummet
2628 3159 3010 3229 iterum,Tolle
3030 3162 3344 3231 puerumel
3367 3158 3498 3213 vade
3521 3158 3573 3210 in
3598 3157 3768 3223 [Egi/po

2162 3258 2282 3302 tum
2313 3249 2525 3317 (Matth.
2562 3266 2602 3319 1,
2631 3250 2739 3317 20;
2773 3254 2830 3303 et
2862 3267 2921 3315 ιι,
2959 3250 3066 3311 13).

2163 3355 2396 3409 CAPUT
2418 3356 2582 3411 XXII.
2608 3388 2669 3396 —
2692 3356 2961 3424 Quomodo
2983 3356 3302 3425 contingant
3327 3355 3443 3409 visa
3464 3353 3661 3418 illa,e.v
3678 3348 3771 3419 qui-

2228 3427 2325 3480 bus
2354 3427 2723 3482 divinationes
2754 3429 2959 3483 occulto
2992 3429 3259 3482 instinctu
3290 3443 3387 3482 seu
3417 3442 3543 3479 casu
3570 3425 3726 3495 facta.

2242 3516 2329 3569 45.
2368 3516 2563 3587 Itaque
2595 3518 2745 3571 bono
2776 3517 3012 3588 quidem
3047 3516 3257 3587 spiritu
3290 3514 3516 3570 assumi
3547 3511 3777 3583 spiritum

411 3603 752 3671 cluduntur,
785 3603 1000 3672 quibus
1034 3603 1243 3656 nititur
1270 3603 1467 3658 anima
1520 3606 1575 3657 in
1625 3622 1693 3658 ea
1740 3622 1865 3676 quae
1919 3604 2057 3659 foris

416 3696 577 3756 sunt,
627 3691 908 3745 intuenda
958 3690 1039 3745 vel
1088 3692 1413 3747 sentienda.
1468 3695 1649 3757 Quem
1682 3694 2053 3769 nisum‘quo-

415 3780 575 3835 niam
608 3797 721 3833 non
754 3779 993 3845 amittit,
1028 3784 1189 3834 tanta
1220 3783 1590 3852 expressione
1638 3783 1848 3837 format
1895 3784 2057 3837 simi-

412 3870 512 3934 lia,
571 3873 636 3923 ut
669 3870 953 3939 imagines
987 3869 1373 3939 corporalium
1408 3887 1441 3923 a
1470 3871 1813 3942 corporibus
1845 3872 2057 3925 discer-

413 3975 549 4015 nere
581 3976 698 4015 non
728 3958 951 4027 valens,
987 3964 1182 4014 utrum
1219 3960 1275 4013 in
1309 3960 1426 4014 illis
1459 3978 1530 4014 an
1564 3961 1623 4015 in
1658 3961 1787 4016 istis
1818 3962 1894 4016 sit
1927 3979 2061 4016 nes-

412 4049 557 4115 ciat;
593 4054 647 4104 et
679 4066 809 4103 cum
844 4047 1154 4120 scit,longe
1186 4047 1299 4103 alio
1332 4050 1502 4104 modo
1536 4050 1884 4122 sciat,quam
1919 4052 2059 4104 dum

414 4139 471 4192 in
505 4138 815 4209 cogitando
847 4142 1156 4191 versantur
1186 4137 1305 4191 sive
1352 4143 1665 4193 occurrunt
1722 4138 2059 4193 similitudi-

412 4243 516 4281 nes
547 4228 991 4296 corporum.Qui
1031 4228 1242 4281 modus
1277 4227 1388 4281 nisi
1422 4229 1494 4281 ab
1526 4228 1776 4298 expertis
1808 4230 1934 4299 capi
1970 4234 2059 4282 ut-

413 4330 663 4383 cumque
695 4330 808 4367 non
845 4318 1057 4383 potest.
1088 4314 1230 4367 Hinc
1264 4315 1418 4368 enim
1452 4320 1594 4380 erat,
1622 4317 1775 4386 quod
1808 4334 1899 4370 me
1930 4319 2062 4371 dor-

415 4402 604 4455 miens
638 4401 694 4454 in
728 4402 951 4455 somnis
983 4401 1174 4455 videre
1207 4402 1485 4467 sciebam,
1541 4420 1641 4457 nec
1687 4408 1883 4458 tamen
1932 4405 2063 4459 illas

410 4488 799 4561 corporalium
838 4505 1031 4541 rerum
1064 4489 1485 4545 similitudines
1517 4508 1665 4561 quas
1687 4494 2065 4557 videbam,sic

413 4582 484 4635 ab
516 4579 660 4651 ipsis
692 4576 1095 4647 corporalibus
1126 4579 2063 4647 discernebam,quemadmodum

416 4685 513 4723 eas
545 4667 870 4740 cogitantes
900 4665 1072 4720 etiam
1107 4666 1325 4722 clausis
1353 4668 1537 4724 oculis
1566 4670 1653 4724 vel
1682 4670 1756 4724 ‘in
1810 4672 2066 4727 tenebris

415 4758 714 4812 constituti
767 4758 1101 4811 discernere
1149 4756 1428 4812 solemus.
1474 4760 1724 4814 Tantum
1759 4760 1906 4815 valet
1938 4761 2067 4832 ipsa

416 4845 595 4899 animi
630 4847 878 4901 intentio
912 4850 1109 4900 utrum
1144 4846 1497 4916 perducatur
1522 4865 1703 4919 usque
1736 4851 1803 4904 ad
1856 4868 2065 4905 sensus

414 4934 549 4989 licet
571 4933 821 4999 clausos,
858 4952 925 4988 an
956 4935 1012 4989 in
1040 4936 1166 5005 ipsa
1187 4937 1410 5005 crebro,
1442 4937 1667 4993 undein
1695 4940 1811 4994 haec
1836 4940 2064 4996 nititur,

416 5023 613 5093 aliqua
634 5040 812 5078 causa
832 5023 1112 5079 existente
1137 5025 1191 5079 in
1218 5025 1374 5080 aliud
1401 5031 2065 5100 avertatur,utquamvis

414 5112 727 5184 aliquando
750 5129 812 5167 se
837 5113 1058 5167 noverit
1084 5130 1192 5167 non
1221 5131 1484 5186 corpora,
1518 5118 1614 5171 sed
1651 5134 1958 5189 corporum
1985 5120 2062 5173 si-

415 5202 781 5257 militudines
794 5200 1139 5265 cernere,vel
1161 5203 1351 5258 minus
1366 5207 1594 5261 erudita
1608 5207 1782 5261 etiam
1800 5208 1918 5279 ipsa
1937 5224 2063 5263 esse

412 5308 651 5361 corpora
691 5291 1055 5355 existimans,
1088 5291 1300 5344 sentiat
1330 5310 1391 5347 se
1424 5311 1533 5347 non
1573 5312 1640 5350 ea
1671 5313 1927 5367 corpore,
1961 5298 2057 5352 sed

411 5379 616 5451 spiritu
651 5379 864 5445 videre,
885 5378 1052 5445 longe
1084 5378 1159 5433 sit
1182 5384 1373 5434 tamen
1397 5382 1468 5435 ob
1493 5383 1796 5440 aflectione
1820 5404 1935 5457 qua
1957 5404 2061 5442 suo

413 5469 638 5540 corpori
674 5472 1055 5539 praesentatur
1092 5486 1103 5522 :
1142 5468 1293 5522 unde
1326 5486 1387 5524 se
1420 5476 1638 5526 norunt
1667 5478 1723 5527 et
1753 5475 1883 5529 caci
1916 5475 2064 5547 vigi-

414 5557 694 5621 lare,cnm
728 5556 1143 5610 similitudines
1174 5572 1481 5628 corporum
1508 5561 1787 5630 cogitatas
1811 5582 1842 5618 a
1865 5581 2062 5637 corp0'

415 5646 600 5716 ribus,
629 5663 754 5716 qua:
786 5646 977 5700 videre
1008 5664 1121 5699 non
1156 5654 1421 5718 possunt,
1456 5656 1609 5705 certa
1658 5654 1889 5708 notione
1937 5656 2056 5711 dis-

416 5740 682 5792 cernunt.

2169 3604 2425 3660 hominis
2455 3606 2523 3659 ad
2562 3606 2666 3660 has
2696 3606 2976 3661 videndae
3010 3604 3314 3676 imagines,
3342 3604 3456 3659 nisi
3488 3600 3690 3672 aliquid
3716 3596 3779 3650 si-

2169 3696 2465 3767 gnificent.
2502 3714 2616 3751 non
2667 3703 2805 3768 puto
2840 3715 2852 3751 :
2885 3713 3018 3752 cum
3064 3712 3198 3751 vero
3250 3697 3307 3750 in
3361 3710 3596 3766 corpore
3640 3703 3782 3745 causa

2170 3790 2279 3847 est,
2306 3791 2364 3837 ut
2397 3785 2453 3838 in
2483 3803 2581 3839 eas
2609 3786 2942 3858 expressius
2962 3785 3278 3841 intuendae
3309 3785 3603 3840 humanus
3624 3781 3783 3835 inten-

2172 3875 2344 3928 datur
2373 3876 2635 3944 spiritus,
2669 3892 2782 3929 non
2816 3890 3047 3945 semper
3077 3873 3299 3945 aliquid
3334 3874 3657 3946 significare
3682 3882 3779 3921 cre-

2172 3966 2430 4019 dendum
2464 3970 2580 4031 est;
2609 3966 2708 4020 sed
2740 3972 2880 4021 tunc
2909 3964 3265 4037 signiﬁcant,
3289 3982 3429 4020 cum
3461 3962 3783 4034 inspirantur

2173 4070 2204 4107 a
2237 4055 2678 4109 demonstrante
2704 4054 3065 4126 spiritu,sive
3095 4054 3567 4122 dormienti,sive
3597 4045 3783 4119 aliquid

2172 4142 2325 4196 aliud
2361 4160 2427 4196 ex
2460 4160 2718 4213 corpore,
2752 4148 2816 4197 ut
2846 4160 2878 4196 a
2908 4142 3100 4198 carnis
3132 4144 3413 4198 sensibus
3453 4141 3785 4197 alienaretur,

2175 4232 2438 4303 patienti.
2478 4231 2871 4302 Vigilantibus
2901 4231 3076 4289 etiam
3108 4248 3290 4300 neque
3331 4230 3459 4286 ulla
3503 4228 3691 4285 morbo
3732 4223 3791 4278 al-

2175 4320 2349 4375 ﬂictis
2383 4338 2485 4374 nec
2519 4322 2711 4376 furore
2739 4321 3066 4392 exagitatis,
3100 4321 3294 4375 oculto
3325 4321 3584 4392 quodam
3612 4314 3789 4371 instin-

2174 4415 2268 4462 ctu
2302 4408 2562 4480 ingestas
2594 4425 2722 4464 esse
2755 4410 3136 4481 cogitationes
3167 4426 3315 4481 quas
3373 4406 3683 4481 promendo
3724 4400 3790 4457 di-

2173 4500 2461 4565 vinarent,
2516 4516 2627 4553 non
2673 4499 2864 4554 solum
2899 4498 3055 4553 aliud
3091 4503 3354 4570 agentes,
3390 4499 3544 4553 sicut
3574 4493 3788 4566 Caiphae

2176 4587 2432 4657 pontifex
2466 4588 2827 4659 prophetavit
2854 4590 3031 4655 (Joan.
3064 4605 3140 4654 χι,
3168 4589 3282 4655 51),
3317 4605 3456 4643 cum
3486 4588 3610 4656 ejus
3636 4584 3789 4638 inten-

2180 4677 2260 4743 tio
2291 4693 2403 4729 non
2457 4676 2696 4731 haberet
2749 4677 3104 4732 voluntatem
3156 4677 3572 4749 prophetandi,
3618 4684 3787 4728 verum

2175 4766 2348 4820 etiam
2402 4766 2456 4819 id
2509 4766 2917 4836 suscipientes,
2972 4772 3033 4821 ut
3066 4767 3365 4822 divinandi
3399 4766 3573 4820 modo
3600 4756 3786 4832 aliquid

2178 4856 2459 4921 dicereut,
2497 4857 2787 4912 novimus.

2250 4947 2335 5000 46.
2363 4947 2505 5001 Nam
2540 4946 2777 5017 quidam
2796 4947 3306 5018 juvencsjocando
3328 4953 3394 5002 ut
3418 4938 3789 5009 fallerent,ubi

2177 5035 2463 5107 peregrini
2490 5036 2600 5090 iter
2627 5038 2897 5107 agebant,
2918 5037 3363 5092 mathematicos
3396 5053 3461 5092 se
3492 5052 3617 5091 esse
3642 5035 3790 5087 tinxe-

2176 5125 2676 5195 runt,ignorantes
2699 5126 2937 5179 omnino
2954 5130 3146 5179 utrum
3165 5126 3473 5181 duodecim
3494 5125 3654 5195 signa
3667 5121 3793 5175 dice-

2176 5215 2506 5278 rentur.Qui
2524 5230 2656 5268 cum
2673 5214 2962 5286 hospitem
2979 5230 3147 5270 suum
3166 5215 3361 5270 mirari
3379 5220 3793 5281 cerneremque:

2174 5303 2527 5370 dicebant,et
2539 5308 2799 5357 attestari
2816 5319 2943 5358 esse
2957 5304 3567 5375 verissima,audacius
3581 5304 3633 5357 in
3650 5300 3792 5373 plura

2175 5392 2464 5463 progressi
2494 5409 2561 5446 su
2575 5398 2651 5446 nt.
2664 5397 2735 5445 At
2756 5392 2854 5447 ille
2877 5398 3161 5448 attestans
3175 5394 3247 5449 ad
3262 5393 3461 5449 omnia
3476 5392 3789 5448 mirabatur.

2172 5480 2472 5536 Postremo
2492 5482 2561 5535 ab
2576 5482 2659 5535 cis
2674 5480 2858 5536 defilii
2876 5480 3063 5536 salute
3077 5482 3549 5553 quaesivit,qu9m
3565 5481 3658 5536 diu
3673 5479 3785 5534 abs-

2168 5574 2359 5623 entem
2396 5570 2788 5636 desiderabat,
2820 5580 2875 5625 et
2906 5572 3059 5641 quod
3092 5571 3387 5643 inopinate
3420 5572 3686 5638 tardaret,
3731 5581 3788 5621 ne

2168 5659 2303 5728 quid
2328 5658 2378 5713 ei
2401 5658 2705 5715 accidisset
2732 5659 3021 5715 sollicitus
3048 5663 3271 5715 erat.At
3290 5658 3368 5714 illi
3392 5677 3509 5715 non
3542 5661 3787 5714 curantes

2163 5747 2302 5816 quid
2327 5752 2459 5818 post
2477 5764 2677 5803 eorum
2703 5749 3040 5805 abscessum
3062 5748 3181 5805 veri
3198 5746 3783 5823 cognosceretur,dum
