3986 6180
490 314 610 373 475

1391 308 1491 372 ne
1536 311 1813 373 GENESI
1859 313 1960 370 AD
2007 308 2432 384 LITTERAM,
2481 310 2547 371 s.
2597 262 3016 373 AUGUSTINI

3755 324 3853 382 I76

495 444 733 516 quidem
751 448 1049 501 momento
1066 445 1270 501 eodem
1303 461 1416 516 quo
1440 461 1649 516 corpus
1670 460 1849 499 sensu
1881 442 2143 513 corporis
2253 442 2412 513 quod
2443 442 2503 498 in
2537 441 2649 498 hoc
2699 458 2896 497 rerum
2945 458 3153 515 genere
3183 462 3377 501 verum
3425 450 3532 518 est,
3564 448 3858 507 inveniatur

494 535 776 607 tangitur,
809 535 873 591 fit
902 535 1077 591 etiam
1108 535 1165 590 in
1199 536 1390 591 animo
1422 535 1537 590 tale
1565 534 1812 607 aliquid,
1847 550 1962 590 non
1989 533 2143 606 quod

496 624 605 680 hoc
635 623 731 690 sit,
763 625 862 680 sed
887 626 1036 696 quod
1061 623 1253 679 simile
1273 624 1386 691 sit;
1421 625 1577 695 quod
1608 625 1658 679 si
1692 641 1807 680 non
1839 625 2145 694 ﬁeret,nsc

496 730 707 770 sensus
740 712 836 768 ille
866 718 1039 784 esset,
1065 730 1179 784 quo
1214 729 1280 767 ea
1311 730 1441 784 qua:
1463 713 1826 769 extrinsecus
1854 713 2142 783 adjacent,

498 803 851 859 sentiuntur.
900 802 1097 873 Neque
1127 802 1283 857 enim
1316 819 1530 874 corpus
1582 804 1781 867 sentit,
1815 803 1915 858 sed
1952 802 2149 857 anima

498 906 601 963 per
630 907 862 961 corpus,
889 907 1001 962 quo
1031 890 1187 945 velut
1220 892 1423 945 nuntio
1456 891 1642 945 utitur
1673 891 1743 945 ad
1776 890 2148 945 formandum

496 982 558 1036 in
591 981 787 1052 seipsa
826 981 976 1050 quod
1028 980 1388 1035 extrinsecus
1440 980 1765 1035 nuntiatur.
1799 980 1924 1034 Non
1957 982 2150 1051 potest

498 1071 695 1141 itaque
729 1070 852 1125 fieri
895 1069 1043 1123 visio
1076 1069 1415 1141 corporalis,
1449 1068 1561 1123 nisi
1612 1068 1786 1123 etiam
1823 1067 2149 1141 spiritualis

498 1158 675 1215 simul
727 1159 829 1214 fiat
862 1175 874 1211 :
912 1158 1013 1214 sed
1067 1175 1182 1213 non
1235 1158 1612 1228 discernitur,
1649 1158 1759 1213 nisi
1810 1174 1942 1212 cum
1980 1158 2152 1213 fuerit

498 1265 708 1306 sensus
740 1247 972 1303 ablatus
1023 1265 1054 1302 a
1098 1264 1357 1319 corpore,
1393 1251 1457 1302 ut
1506 1247 1564 1302 id
1598 1249 1753 1320 quod
1806 1264 1907 1320 per
1936 1264 2151 1319 corpus

496 1339 823 1408 videbatur,
855 1337 1187 1393 inveniatur
1214 1337 1273 1392 in
1301 1336 1531 1409 spiritu.
1562 1338 1629 1392 At
1660 1353 1793 1392 vero
1824 1335 2151 1408 spiritualis

497 1428 643 1484 visio
676 1428 852 1483 etiam
884 1428 1011 1483 sine
1051 1426 1333 1499 corporali
1368 1426 1490 1482 ﬁeri
1523 1430 1735 1499 potest,
1770 1442 1904 1480 cum
1936 1427 2150 1481 absen-

498 1518 647 1575 tium
680 1533 988 1589 corporum
1045 1515 1461 1572 similitudines
1492 1518 1551 1572 in
1603 1516 1814 1588 spiritu
1848 1518 2149 1587 apparent,

500 1612 557 1665 et
586 1607 887 1679 ﬁnguntur
932 1606 1127 1661 multis
1182 1622 1285 1677 pro
1317 1606 1580 1675 arbitrio,
1612 1605 1699 1660 vel
1754 1610 1961 1676 prmter
1999 1603 2151 1659 arbi-

502 1696 676 1752 trium
711 1697 1206 1751 demonstrantur.
1232 1697 1376 1750 Item
1402 1694 1728 1766 spiritualis
1756 1693 1904 1749 visio
1927 1693 2153 1765 indiget

499 1785 884 1843 intellectuali
903 1791 966 1839 ut
991 1785 1367 1856 dijudicetur,
1384 1782 1796 1839 intellectualis
1819 1789 2015 1839 autem
2038 1782 2154 1839 ista

501 1874 793 1949 spirituali
827 1874 1100 1929 inferiore
1154 1891 1270 1929 non
1304 1874 1565 1945 indiget;
1609 1889 1673 1928 ac
1704 1889 1806 1944 per
1835 1872 1943 1928 hoc
1973 1872 2149 1944 spiri-

500 1964 645 2021 tuali
694 1963 1034 2036 corporalis,
1068 1962 1445 2018 intellectuali
1498 1966 1693 2017 autem
1725 1966 1971 2032 utraque
2006 1964 2149 2017 sub-

492 2056 651 2126 jecta
682 2057 789 2108 est.
819 2056 958 2107 Cum
994 2069 1130 2125 ergo
1161 2052 1437 2124 legimus,
1486 2052 1807 2123 Spirilualis
1837 2050 2029 2106 omnia
2049 2053 2150 2123 ju-

501 2143 669 2211 dicat,
702 2142 816 2214 ipse
845 2146 1027 2197 autem
1058 2159 1091 2197 a
1119 2144 1339 2198 nomine
1366 2140 1709 2213 dijudicalur
1728 2142 1775 2213 (l
1801 2140 1919 2196 Cor.
1945 2141 2149 2212 11,15);

504 2249 620 2288 non
651 2232 975 2287 secundum
1017 2230 1318 2304 spiritum,
1350 2248 1383 2285 a
1432 2247 1548 2302 quo
1579 2248 1745 2287 mens
1776 2230 2150 2299 discernitur,

504 2322 659 2379 sicut
687 2321 833 2376 illud
863 2322 1019 2392 quod
1053 2320 1271 2375 dictum
1305 2324 1413 2385 est,
1445 2320 1625 2378 Orabo
1654 2322 1881 2390 spiritu,
1913 2320 2079 2376 orabo
2099 2330 2183 2394 et,

503 2414 685 2467 mente
712 2410 810 2483 (Id.
844 2427 958 2479 XIV,
991 2410 1099 2481 15),
1124 2409 1225 2465 sed
1254 2426 1321 2464 ex
1352 2408 1454 2463 illa
1477 2408 1711 2464 notione
1743 2409 2026 2464 debemus
2056 2425 2151 2464 ac-

505 2500 698 2573 cipere
729 2516 847 2571 qua
889 2499 1110 2554 dictum
1162 2502 1272 2565 est,
1325 2500 1683 2554 Renovamini
1728 2507 1919 2554 autem
1945 2500 2155 2569 spiritu.

504 2590 702 2645 mentis
730 2591 925 2645 vestrae
954 2587 1110 2659 (Eph.
1146 2604 1221 2658 IV,
1252 2587 1364 2656 23).
1388 2588 1518 2642 Jam
1553 2588 1709 2643 enim
1742 2604 1923 2659 supra
1952 2587 2151 2643 docui-

504 2696 637 2736 mus
670 2678 782 2734 alio
817 2678 987 2733 modo
1018 2681 1074 2733 et
1093 2677 1282 2749 ipsam
1317 2681 1572 2733 mentem
1596 2677 1869 2749 spiritum
1901 2678 2037 2748 dici,
2062 2695 2152 2732 se-

502 2769 763 2827 cundum
782 2785 960 2839 quam
992 2766 1315 2840 spiritualis
1338 2767 1535 2823 omnia
1567 2767 1869 2838 dijudicat.
1892 2767 2153 2838 Quapro-

505 2864 634 2933 pter
668 2874 781 2913 non
837 2857 1093 2911 absurde
1143 2873 1333 2927 neque
1383 2856 1861 2911 inconvenienter
1904 2856 2156 2911 arbitror

504 2947 872 3021 spiritualem
903 2945 1185 3001 visionem
1218 2946 1369 3001 inter
1398 2944 1852 3001 intellectualem
1871 2950 1928 3001 et
1957 2962 2155 3017 corpo-

507 3038 690 3094 ralem
737 3040 1016 3107 tanquam
1076 3035 1445 3090 medietatem
1498 3036 1817 3106 quamdam
1871 3034 2151 3090 obtinere.

506 3132 653 3183 Puto
685 3125 840 3182 enim
882 3140 998 3181 non
1051 3124 1505 3197 incongruenter
1535 3124 1794 3180 medium
1828 3124 1962 3191 dici,
2000 3125 2153 3196 quod

506 3234 722 3290 corpus
768 3215 1001 3286 quidem
1054 3232 1167 3270 non
1216 3216 1324 3279 est,
1358 3214 1458 3269 sed
1511 3213 1705 3269 simile
1737 3217 1825 3269 est
1873 3214 2153 3286 corporis,

505 3308 657 3364 inter
682 3305 825 3361 illud
860 3304 1015 3377 quod
1046 3319 1177 3359 vere
1210 3319 1423 3375 corpus
1453 3306 1563 3374 est,
1598 3308 1655 3358 et
1684 3302 1828 3359 illud
1865 3304 2018 3375 quod
2052 3320 2156 3359 nec

506 3414 719 3471 corpus
747 3400 856 3468 est,
888 3411 993 3451 nec
1025 3394 1215 3452 simile
1246 3395 1527 3466 corporis.

507 3507 738 3563 CAPUT
767 3505 930 3560 XXV.
967 3535 1033 3546 —-
1058 3506 1252 3647 Solon;
1284 3504 1721 3629 (intellectualem
1752 3506 2019 3560 visionem
2047 3520 2158 3559 non

1247 3593 1277 3629 a
1328 3591 1437 3630 ere.

1247 3591 1437 3630 auare.

577 3668 668 3724 52.
700 3664 977 3721 Illuditur
993 3669 1188 3720 autem
1208 3664 1404 3719 anima
1427 3662 1916 3719 similitudinibus
1940 3679 2155 3730 rerum,

511 3773 627 3812 non
660 3772 863 3811 earum
890 3754 1050 3822 vitio,
1083 3754 1183 3809 sed
1214 3753 1506 3825 epinionis
1538 3770 1677 3820 sum,
1713 3769 1843 3807 cum
1877 3754 2162 3826 approbat

512 3862 639 3918 qua
666 3844 883 3901 similia
900 3849 1040 3900 sunt
1058 3861 1158 3916 pro
1174 3843 1247 3898 iis
1267 3842 1481 3914 quibus
1499 3843 1717 3899 similia
1734 3844 1971 3907 sunt,ab
1990 3842 2157 3897 intel-

511 3935 754 4009 ligentia
778 3933 1075 3989 deficiens.
1098 3932 1342 3988 Fallitur
1361 3949 1496 4005 ergo
1518 3933 1577 3987 in
1609 3932 1831 3989 visione
1852 3932 2161 4004 corporali,

511 4041 644 4083 cum
660 4025 719 4081 in
734 4024 879 4096 ipsis
892 4023 1235 4095 corporibus
1250 4022 1370 4078 ﬁeri
1385 4023 1717 4094 putatquod
1744 4022 1807 4078 ﬁt
1827 4023 1885 4077 in
1904 4021 2162 4093 corporis

514 4112 1395 4184 sensibus;sicutnavigantibus
1419 4111 1756 4167 videnturin
1779 4115 1935 4167 terra
1947 4111 2161 4167 moveri

514 4222 642 4277 qua
675 4209 853 4271 stant,
886 4208 944 4259 et
974 4202 1339 4258 intuentibus
1384 4200 1594 4257 ccelum
1624 4206 1781 4257 stare
1812 4202 2005 4257 sidera
2038 4218 2163 4273 quae

516 4296 898 4360 moventur,et
910 4290 1243 4346 divaricatis
1258 4290 1435 4345 radiis
1449 4290 1739 4345 oculorum
1755 4291 1785 4344 d
1798 4290 2165 4346 uaslucernee

513 4382 739 4456 species
761 4379 1195 4452 apparere,etin
1221 4378 2167 4450 aquaremusinfractus,etmulta

515 4470 859 4544 bujusmodi
877 4487 889 4526 :
907 4473 1008 4525 aut
1036 4486 1171 4524 cum
1187 4472 1356 4541 putat
1372 4467 1589 4539 aliquid
1616 4467 1722 4523 hoc
1745 4484 1893 4534 esse,
1914 4468 2065 4540 quod
2087 4467 2162 4523 si-

515 4562 735 4619 militer
762 4558 1085 4616 coloratum
1127 4562 1234 4623 est,
1268 4557 1355 4613 vel
1384 4556 1656 4613 similiter
1686 4562 1875 4624 sonat,
1908 4557 1995 4613 vel
2026 4556 2161 4623 olet,

514 4653 604 4711 vel
622 4652 796 4725 sapit,
811 4650 897 4706 vel
921 4649 1182 4722 tangitur
1204 4667 1217 4716 ;
1243 4648 1380 4703 hinc
1402 4647 1556 4701 enim
1590 4651 1647 4703 et
1669 4647 2165 4702 medicamentum

518 4742 752 4815 aliquod
768 4744 1028 4797 ceratum
1048 4742 1278 4795 coctum
1299 4738 1355 4792 in
1373 4738 1585 4793 cacabo
1610 4740 1847 4809 putatur
1870 4735 2166 4809 legumen,

517 4836 574 4888 et
592 4831 817 4887 sonitus
834 4830 1195 4887 transeuntis
1212 4827 1461 4884 vehiculi
1483 4830 1723 4899 putatur
1735 4843 1802 4881 ex
1823 4827 2099 4893 tonitruo,
2113 4832 2171 4883 et

516 4920 566 4977 ei
580 4919 759 4976 nullis
774 4919 903 4975 aliis
918 4919 1189 4976 sensibus
1208 4917 1669 4990 exploretur,sed
1689 4915 1797 4971 soli
1812 4917 1905 4987 aalj
1917 4920 2078 4971 aceat
2094 4916 2171 4971 ol-

515 5008 956 5079 factui,citrium
982 5012 1224 5081 putatur
1242 5007 1420 5063 herba
1444 5023 1572 5078 quae
1606 5009 1845 5061 vocatur
1870 5005 2174 5077 apiaria,et

518 5099 683 5155 cibus
716 5097 911 5170 aliquo
937 5096 1229 5153 dulciculo
1253 5113 1428 5152 succo
1460 5096 1703 5152 allectus
1726 5099 1972 5167 putatur
2002 5093 2172 5150 melle

520 5188 873 5257 conditus;et
887 5186 1123 5260 ignotus
1136 5186 1393 5241 annulus
1408 5184 1875 5241 contrectatusin
1892 5184 2170 5257 tenebris,

520 5285 763 5355 putatur
810 5293 1045 5347 aureus,
1080 5292 1213 5331 cum
1254 5274 1329 5330 sit
1359 5292 1542 5329 aereus
1576 5279 1674 5329 aut
1705 5279 2043 5347 argenteus,
2076 5277 2175 5328 aut

520 5388 654 5428 cum
674 5367 997 5441 repentinis
1014 5364 1450 5437 inopinatisque
1469 5364 1869 5436 corporalibus
1885 5363 2026 5419 visis
2050 5362 2172 5417 ani-

521 5477 615 5516 ma
648 5459 884 5514 turbata
899 5456 988 5511 vel
1018 5454 1076 5511 in
1097 5453 1320 5509 somnis
1344 5454 1537 5508 videre
1558 5470 1619 5509 se
1652 5457 1843 5524 putat,
1865 5452 1954 5508 vel
1979 5452 2173 5525 aliquo

519 5545 862 5621 bujusmodi
896 5542 1189 5618 spirituali
1213 5542 1358 5598 visio
1391 5541 1541 5598 afﬁci
1578 5558 1589 5597 :
1626 5543 1780 5598 unde
1809 5542 1865 5597 in
1898 5541 2173 5598 omnibus

521 5637 920 5713 corporalibus
954 5635 1114 5701 visis,
1136 5637 1190 5690 et
1219 5632 1464 5688 aliorum
1498 5648 1777 5688 sensuum
1807 5632 2170 5700 contestatio,

522 5737 579 5787 et
602 5730 853 5787 maxime
870 5726 1058 5801 ipsius
1075 5724 1290 5781 mentis
1310 5727 1477 5796 atque
1500 5722 1742 5780 rationis
1764 5722 2095 5792 adhibetur,
2108 5724 2174 5778 ut

2258 535 2547 603 quantum
2579 530 2828 587 inveniri
2878 536 3086 604 potest.
3121 533 3184 588 In
3232 534 3448 591 visione
3494 542 3680 591 autem
3709 538 3855 610 spiri-

2255 621 2425 687 tuali,
2457 621 2516 675 id
2548 626 2637 677 est
2662 622 2719 676 in
2751 638 3061 694 corporum
3086 622 3588 693 similitudinibus,
3612 641 3730 698 quae
3759 628 3856 699 spi-

2259 710 2374 766 ritu
2406 710 2698 777 videntur,
2719 710 2939 766 fallitur
2970 712 3335 781 anima,cum
3368 730 3428 769 ea
3458 731 3583 785 quae
3610 717 3688 770 sic
3708 716 3855 781 videt,

2259 800 2390 872 ipsa
2419 816 2661 877 corpora
2704 816 2832 856 esse
2862 801 3182 856 arbitratur
3207 818 3220 869 ;
3271 802 3357 856 vel
3385 804 3532 874 quod
3559 804 3661 858 sibi
3692 807 3859 876 suspi-

2261 891 2428 946 cione
2475 890 2735 962 falsaque
2784 892 3119 961 conjectura
3165 890 3416 957 ﬁnxerit,
3464 892 3568 947 hoc
3613 893 3770 949 etiam
3814 896 3860 949 in

2266 980 2606 1052 corporibus
2638 984 2827 1051 putat,
2859 996 2974 1051 qua
3020 997 3135 1035 non
3165 980 3289 1036 visa
3320 984 3614 1053 conjectat.
3660 986 3725 1036 At
3752 999 3861 1038 vero

2263 1069 2323 1124 in
2355 1068 2473 1124 illis
2495 1068 2994 1125 intellectualibus
3015 1070 3159 1124 visis
3182 1086 3296 1125 non
3332 1070 3547 1125 fallitur
3576 1088 3589 1125 :
3620 1078 3713 1125 aut
3732 1072 3863 1125 enim

2260 1157 2557 1231 intelligit,
2589 1165 2645 1214 et
2672 1176 2871 1214 verum
2904 1164 2991 1215 est
3018 1177 3031 1226 ;
3066 1163 3167 1214 aut
3197 1160 3245 1214 si
3272 1176 3470 1215 verum
3504 1176 3612 1214 non
3641 1164 3740 1227 est,
3770 1177 3866 1215 non

2261 1247 2534 1320 intelligit
2567 1264 2579 1304 :
2615 1250 2769 1303 unde
2801 1248 2961 1303 aliud
2992 1253 3081 1304 est
3121 1249 3178 1303 in
3213 1249 3305 1304 his
3344 1264 3534 1304 errare
3564 1264 3683 1320 quae
3711 1250 3864 1315 videt,

2264 1336 2422 1392 aliud
2456 1337 2585 1393 ideo
2618 1354 2811 1393 errare
2841 1338 2979 1409 quia
3010 1354 3124 1393 non
3155 1338 3330 1394 videt.

2262 1481 2494 1539 CAPUT
2526 1480 2717 1536 XXVI.
2750 1511 2818 1521 -—-
2848 1483 3057 1552 Raptus
3109 1482 3312 1536 animae
3356 1482 3578 1551 duplex,
3619 1480 3871 1551 :pirituali

2735 1555 2943 1608 visione
2971 1558 3020 1608 et
3050 1554 3433 1609 intellectuali.

2333 1698 2422 1752 53.
2450 1697 2811 1769 Quapropter
2832 1714 2966 1752 cum
2994 1696 3222 1769 rapitur
3242 1697 3442 1751 anima
3462 1695 3520 1751 in
3544 1712 3609 1750 ea
3632 1694 3746 1749 visa
3763 1708 3868 1765 que

2263 1787 2475 1861 spiritu
2493 1790 2814 1842 cernuntur
2827 1786 3045 1842 similia
3056 1784 3480 1858 corporalibus,
3495 1784 3571 1839 ita
3592 1788 3653 1839 ut
3667 1782 3870 1839 omnino

2264 1877 2581 1934 asensibus
2595 1875 2855 1948 corporis
2868 1881 3163 1931 avertatur
3176 1874 3431 1947 amplius
3446 1890 3619 1945 quam
3631 1874 3687 1927 in
3700 1888 3871 1928 somno

2263 1966 2537 2033 solet,sed
2554 1967 2750 2021 minus
2765 1982 2939 2037 quam
2964 1966 3019 2020 in
3042 1970 3255 2034 morte;
3275 1966 3403 2036 jam
3418 1963 3619 2018 divinae
3642 1960 3872 2019 admoni-

2264 2056 2444 2112 tionis
2474 2060 2643 2111 estet
2673 2054 2971 2125 adjutorii,
3007 2058 3070 2109 ut
3118 2071 3179 2110 se
3210 2071 3326 2110 non
3359 2069 3617 2125 corpora,
3654 2051 3745 2107 sed
3774 2049 3875 2105 visa

2263 2160 2573 2217 corporum
2589 2142 3204 2216 similiaspiritualiter
3217 2142 3445 2199 noverit
3465 2156 3709 2208 cernere,
3727 2138 3873 2195 sicuti

2264 2252 2390 2307 quae
2423 2251 2483 2289 se
2504 2235 2562 2289 in
2587 2234 2811 2289 somnis
2834 2233 3243 2299 videre,etiam
3262 2236 3578 2305 antequam
3611 2227 3871 2302 evigilent,

2264 2324 2478 2380 sciunt.
2510 2323 2591 2379 Ibi
2625 2322 2671 2378 si
2708 2322 2885 2378 etiam
2916 2322 3185 2378 videntur
3215 2322 3431 2387 futura,
3470 2321 3551 2376 ita
3580 2324 3642 2376 ut
3670 2317 3875 2375 omnino

2265 2414 2465 2469 futura
2495 2406 2832 2477 noscantur,
2866 2429 3115 2483 quorum
3167 2412 3457 2483 imagines
3488 2413 3784 2482 praesentes
3809 2406 3873 2460 vi-

2265 2504 2496 2569 dentur,
2532 2502 2651 2558 sive
2684 2502 2810 2573 ipsa
2858 2501 3115 2557 hominis
3148 2505 3341 2557 mente
3384 2500 3656 2555 divinitus
3685 2497 3874 2567 adiuta,

2249 2592 2385 2649 .sive
2416 2591 2612 2663 aliquo
2633 2590 2923 2660 interipsa
2946 2590 3072 2646 visa
3092 2590 3230 2662 quid
3256 2589 3588 2663 significent
3617 2601 3875 2659 exponen-

2263 2686 2340 2750 te,
2375 2682 2527 2737 sicut
2554 2681 2612 2735 in
2639 2679 2986 2752 Apocalypsi
3006 2679 3219 2735 Joanni
3248 2674 3822 2749 exponebatur(Apoc.
3844 2689 3877 2738 ι,

2267 2772 2334 2826 10
2361 2772 2523 2843 sqq.),
2560 2786 2771 2841 magna
2794 2768 3065 2825 revelatio
3097 2774 3187 2825 est
3217 2785 3231 2823 :
3266 2768 3501 2825 etiamsi
3529 2767 3667 2822 forte
3686 2764 3880 2837 ignoret

2263 2860 2362 2916 ille
2392 2861 2484 2916 cui
2508 2860 2627 2915 hinc
2646 2860 3141 2929 demonstrantur,
3169 2863 3371 2913 utrum
3389 2875 3419 2913 e
3436 2872 3669 2929 corpore
3687 2852 3880 2917 exierit,

2266 2965 2339 3006 an
2373 2949 2563 3006 adhuc
2594 2950 2669 3005 sit
2700 2950 2758 3004 in
2791 2948 3169 3021 corpore,sed
3200 2948 3419 3020 spiritu
3443 2964 3476 3001 a
3497 2944 3756 3002 sensibus
3776 2957 3882 2997 cor-

2266 3040 2425 3114 poris
2456 3039 2707 3094 alienato
2741 3038 2855 3094 ista
2904 3038 3132 3106 videat;
3189 3042 3387 3111 potest
3416 3035 3569 3092 enim
3602 3034 3681 3090 sic
3711 3035 3883 3103 raptus

2266 3130 2325 3185 id
2356 3129 2644 3202 ignorare,
2680 3129 2726 3184 si
2759 3130 2812 3184 ei
2842 3133 2894 3184 et
2930 3128 3037 3183 hoc
3068 3144 3183 3183 non
3216 3127 3581 3183 ostendatur.

2335 3220 2426 3274 54.
2460 3223 2638 3274 Porro
2668 3221 2883 3286 autem,
2909 3220 2958 3273 si
2992 3217 3498 3289 quemadmodum
3533 3217 3727 3285 raptus
3757 3213 3834 3265 est
3859 3225 3885 3262 a

2266 3308 2541 3372 sensibus
2572 3308 2854 3380 corporis,
2889 3312 2954 3362 ut
2985 3310 3141 3363 esset
3171 3305 3229 3360 in
3261 3306 3397 3361 istis
3429 3298 3885 3360 similitudinibus

2267 3415 2599 3471 corporum,
2628 3414 2752 3466 qua;
2784 3396 2993 3468 spiritu
3026 3396 3319 3461 videntur,
3359 3394 3440 3450 ita
3468 3398 3523 3449 et
3554 3392 3622 3448 ab
3652 3389 3786 3462 ipsis
3808 3402 3883 3442 ra-

2267 3488 2484 3559 piatur,
2519 3492 2585 3542 ut
2616 3486 2674 3540 in
2706 3486 2867 3540 illam
2902 3484 3071 3556 quasi
3102 3484 3403 3556 regionem
3434 3476 3882 3537 intellectualium

2266 3576 2356 3633 vel
2372 3575 2831 3648 intelligibilium
2851 3574 3232 3641 subvehatur,
3250 3573 3350 3629 ubi
3370 3573 3495 3629 sine
3519 3570 3637 3627 ulla
3656 3563 3884 3639 corporis

2269 3665 2657 3721 similitudine
2678 3664 2989 3736 perspicua
3018 3664 3229 3719 veritas
3252 3663 3542 3729 cernitur;
3576 3656 3747 3715 nullis
3776 3652 3881 3725 opi-

2270 3755 2515 3812 nionum
2533 3754 2811 3809 falsarum
2838 3753 3068 3809 nebulis
3090 3750 3521 3809 oﬂ‘uscaturzibi
3542 3750 3771 3804 virtutes
3786 3740 3884 3799 ani-

2271 3862 2377 3901 mae
2399 3862 2509 3899 non
2528 3848 2667 3899 sunt
2682 3859 2935 3915 operosae
2950 3859 3014 3897 ac
3028 3841 3563 3913 laboriosae.Neque
3578 3839 3725 3894 enim
3740 3846 3886 3905 opere

2270 3933 2663 4006 temperantia
2691 3931 2871 3987 libido
2900 3932 3181 3998 frenatur,
3217 3934 3319 3985 aut
3350 3946 3522 4002 opere
3556 3918 3885 3983 fortitudinis

2271 4022 2600 4078 tolerantur
2644 4022 2905 4085 adversa,
2940 4023 3042 4075 aut
3085 4036 3257 4091 opere
3297 4019 3545 4090 justitiee
3578 4015 3770 4086 iniqua
3796 4026 3886 4081 pu-

2272 4112 2535 4177 niuntur,
2570 4114 2670 4166 aut
2696 4126 2867 4182 opere
2887 4108 3209 4182 prudentis:
3234 4106 3390 4164 mala
3420 4106 3763 4162 devitantur.
3787 4098 3892 4153 Una

2271 4200 2350 4257 ibi
2386 4204 2441 4254 et
2471 4204 2590 4254 tota
2622 4198 2806 4254 virtus
2834 4203 2924 4254 est
2952 4215 3149 4254 amare
3170 4198 3325 4269 quod
3361 4197 3579 4261 videas,
3613 4199 3667 4249 et
3687 4200 3891 4247 summa

2273 4289 2519 4347 felicitas
2552 4288 2764 4343 habere
2796 4288 2949 4360 quod
2996 4304 3178 4343 amas.
3212 4286 3297 4343 Ibi
3329 4286 3486 4342 enim
3520 4288 3685 4340 beata
3711 4276 3887 4334 vitain

2273 4379 2430 4435 fonte
2489 4395 2595 4434 suo
2644 4377 2885 4445 bibitur,
2934 4377 3071 4432 inde
3121 4375 3453 4448 aspergitur
3510 4371 3727 4445 aliquid
3776 4362 3891 4423 huic

2273 4468 2544 4523 humanae
2593 4466 2741 4533 vitae,
2781 4471 2844 4521 ut
2892 4466 2948 4521 in
2998 4465 3423 4521 tentationibus
3474 4464 3653 4535 hujus
3698 4453 3891 4520 seculi,

2273 4559 2687 4629 temperanter,
2722 4555 2966 4622 fortiter,
2992 4554 3173 4624 juste,
3208 4553 3635 4625 prudenterque
3672 4549 3891 4603 vivatur.

2274 4650 2515 4719 Propter
2571 4644 2716 4700 illud
2769 4645 2984 4717 quippe
3034 4642 3500 4715 adipiscendum,
3563 4640 3660 4696 ubi
3716 4648 3895 4693 secura

2277 4736 2445 4808 quies
2475 4734 2581 4789 erit
2614 4738 2670 4789 et
2700 4733 3015 4789 ineffabilia
3046 4733 3190 4788 visio
3224 4732 3505 4799 veritatis,
3540 4730 3703 4786 labor
3730 4721 3891 4781 susci-

2278 4825 2452 4898 pitur,
2486 4828 2541 4879 et
2579 4823 2913 4879 continendi
2965 4840 2998 4878 a
3026 4822 3341 4894 voluptate,
3375 4826 3431 4877 et
3461 4814 3780 4876 sustinendi
3811 4810 3894 4898 adf

2277 4896 2605 4982 versitates,
2620 4918 2675 4967 et
2692 4911 3075 4968 subveniendi
3094 4910 3514 4983 indigentibus,
3530 4914 3586 4965 et
3616 4896 3897 4963 resistendi

2279 5003 2729 5075 decipientibus.
2758 5002 2842 5057 Ibi
2873 5002 3105 5057 videtur
3133 5000 3370 5057 claritas
3398 4998 3652 5068 Domini,
3685 5009 3789 5051 non
3812 5004 3899 5062 per

2278 5093 2562 5151 visionem
2596 5093 3045 5166 significantem,
3071 5091 3191 5147 sive
3221 5089 3602 5163 corporalem,
3626 5086 3768 5143 sicut
3795 5079 3899 5136 visa

2280 5187 2369 5240 est
2400 5184 2457 5237 in
2494 5186 2688 5238 monte
2717 5183 2855 5237 Sina
2884 5181 3218 5249 (Exod.x1x,
3254 5182 3363 5250 18),
3389 5181 3506 5235 sive
3537 5170 3897 5249 spiritualem,

2280 5272 2435 5329 sicut
2464 5271 2606 5327 vidit
2638 5271 2819 5326 Isaias
2855 5270 3011 5342 (Isai.
3044 5287 3123 5339 v1,
3154 5272 3226 5340 1),
3260 5268 3346 5325 vel
3379 5269 3634 5324 Joannes
3682 5264 3735 5317 in
3768 5264 3899 5328 Δρο-

2280 5361 2498 5433 calypsi
2553 5378 2565 5417 :
2620 5361 2719 5417 sed
2779 5377 2881 5433 per
2938 5358 3213 5431 speciem,
3265 5375 3380 5415 non
3435 5373 3535 5429 per
3593 5350 3897 5425 aenigmata.

2281 5456 2567 5522 quantum
2595 5467 2723 5505 eam
2757 5466 2962 5522 capere
2994 5466 3160 5504 mens
3187 5448 3448 5504 humana
3474 5448 3683 5519 potest,
3713 5450 3901 5497 secun-

2280 5541 2417 5596 dum
2452 5540 2809 5596 assumentis
2843 5540 2939 5595 Dei
2969 5538 3240 5612 gratiam,
3274 5543 3337 5594 ut
3365 5555 3429 5611 os
3462 5537 3530 5593 ad
3562 5551 3626 5591 os
3656 5529 3902 5602 loquatur

2281 5630 2331 5688 ei
2366 5646 2541 5701 quem
2574 5629 2818 5703 dignum
2870 5628 2972 5684 tali
3006 5632 3153 5684 Deus
3201 5628 3492 5700 colloquio
3539 5623 3768 5686 fecerit;
3799 5629 3898 5671 non

2282 5738 2348 5779 os
2378 5719 2656 5795 corporis,
2691 5719 2793 5777 sed
2825 5717 3058 5777 mentis.
