3986 6180
493 359 995 422 LOCUTIONUM
1048 361 1113 421 S.
1160 358 1587 421 AUGUSTINI
1636 359 1710 417 ΙΝ
1762 358 2406 421 HEPTATEUCHUM
2457 360 2689 420 LIBER
2732 361 3057 424 PRIMUS.
3366 369 3484 426 466

1838 492 2011 547 ﬁciet.
2046 493 2153 548 Sed
2186 495 2306 564 jam
2342 476 2679 548 universum
2715 493 2823 549 hoc
2875 512 3043 567 opus,
3079 498 3232 567 quod
3267 499 3485 554 duode-

1835 580 1948 634 cim
1984 580 2380 637 volummibus
2411 583 2764 649 continetur,
2800 583 2912 639 isto
2948 586 3179 641 tandem
3211 587 3323 642 ﬁne
3354 604 3488 643 con-

1837 670 2156 725 cludimus.

153 368 234 428 483

146 516 220 572 pro
260 495 405 552 modo
459 498 657 549 nostro
714 492 1185 564 disputavimus,
1244 495 1345 547 aut
1400 489 1725 563 spiritualis

146 591 283 645 lector
306 585 407 639 haec
435 582 924 654 approbabitdaut
955 581 1130 637 etiam
1162 585 1226 636 ut
1256 583 1335 636 sit
1374 578 1722 652 spiritualis,

141 679 389 748 adjuvante
417 673 633 745 Spiritu
657 671 1106 744 sancto,aliquid
1121 671 1313 728 exista
1327 670 1572 726 lectione
1588 686 1725 742 pro-

612 966 755 1053 DE
815 962 1615 1077 SUBSEQUENTI
1677 962 2475 1051 LOCUTIUNUM
2534 966 2942 1053 OPERE.

1244 1285 1386 1323 LIBRI
1430 1284 1463 1322 ll
1505 1284 1975 1323 RBTBACT‘TIONUM
2016 1286 2175 1324 CAPUT
2214 1286 2320 1325 LIV.

190 1391 384 1461 Septem
415 1388 600 1444 libros
632 1388 702 1443 de
733 1390 957 1459 septem
1008 1385 1172 1441 libris
1203 1385 1533 1441 divinarum
1586 1385 2044 1456 Scripturarum,
2078 1386 2133 1440 id
2168 1392 2257 1441 est
2286 1387 2466 1458 Moysi
2518 1388 2799 1459 quinque,
2833 1396 2891 1445 et
2922 1409 3037 1447 uno
3068 1392 3205 1449 Jesu
3239 1395 3411 1469 Nave,
3443 1403 3501 1453 et

136 1480 279 1535 altero
304 1478 573 1534 Judicum
610 1476 740 1544 feci,
774 1476 991 1531 notatis
1025 1475 1419 1531 locutionibus
1452 1474 1819 1547 singulorum
1854 1492 1979 1546 quae
2009 1475 2206 1531 minus
2241 1476 2468 1531 usitata:
2502 1482 2640 1533 sunt
2688 1477 2900 1550 lingua:
2933 1487 3143 1537 nostra:
3176 1501 3189 1539 :
3222 1501 3367 1555 quas
3398 1502 3500 1557 pa-

138 1584 237 1622 rum
266 1566 607 1622 advertendo
643 1582 880 1621 sensum
917 1570 1207 1636 quaerunt,
1241 1564 1341 1636 qui
1372 1563 1594 1635 legunt,
1630 1563 1961 1619 divinorum
1994 1563 2385 1634 eloquiorum,
2419 1582 2552 1619 cum
2584 1566 2658 1621 sit
2687 1566 3001 1625 locutionis
3032 1586 3237 1642 genus,
3270 1580 3327 1629 et
3357 1593 3499 1631 non-

132 1674 384 1729 nunquam
417 1655 740 1727 exculpunt
771 1654 993 1726 aliquid
1025 1655 1183 1727 quod
1216 1670 1249 1709 a
1278 1653 1519 1709 veritate
1571 1653 1806 1724 quidem
1859 1670 1974 1707 non
2023 1654 2373 1712 abhorreat:
2413 1671 2526 1708 non
2571 1659 2767 1711 tamen
2821 1657 2877 1711 id
2930 1659 3188 1717 sensisse
3235 1668 3437 1719 auctor
3466 1682 3499 1720 a

135 1763 218 1814 quo
243 1746 340 1801 hoc
369 1745 659 1817 scriptum
691 1748 779 1800 est
827 1744 1144 1810 invenitur,
1178 1743 1279 1798 sed
1312 1757 1521 1815 genere
1572 1740 1880 1797 locutionis
1916 1742 2018 1796 hoc
2067 1741 2283 1796 dixisse
2316 1742 2655 1798 credibilius
2705 1751 2967 1816 apparet.
3002 1748 3181 1804 Multa
3212 1757 3404 1807 autem
3438 1753 3499 1808 in

131 1832 402 1906 Scripturis
432 1832 659 1889 sanctis
690 1832 963 1897 obscura,
997 1831 1229 1903 cognito
1260 1829 1572 1885 locutionis
1604 1845 1815 1901 genere
1845 1828 2481 1899 dilucescunt.Propter
2511 1832 2663 1900 quod
2697 1835 3101 1905 cognoscenda
3130 1844 3271 1892 sunt
3299 1841 3500 1895 eadem

132 1938 302 1993 genera
330 1921 691 1977 locutionum
725 1920 824 1975 ubi
858 1920 1159 1977 sententiae
1192 1924 1430 1991 patent;
1467 1923 1529 1973 ut
1559 1918 1734 1973 etiam
1766 1918 1866 1973 ubi
1901 1918 2085 1973 latent
2127 1919 2379 1990 cognitio
2408 1918 2535 1990 ipsa
2566 1931 2891 1990 succurrat,
2924 1942 3141 1997 easque
3191 1928 3500 2001 intentioni

128 2010 330 2081 legentis
362 2010 609 2083 aperiat.
640 2011 830 2081 Hujus
862 2008 1054 2082 operis
1084 2008 1290 2064 titulus
1322 2012 1431 2076 est,
1468 2007 1816 2064 Loeutiones
1848 2009 1917 2062 de
1948 2008 2190 2075 Genesi;
2226 2012 2401 2079 atque
2432 2008 2513 2063 ita
2544 2011 2613 2065 de
2663 2012 2914 2084 singulis
2968 2015 3153 2071 libris.
3186 2018 3344 2082 Quod
3393 2036 3499 2074 au-

129 2106 215 2153 tem
248 2099 300 2154 in
332 2098 479 2154 libro
514 2099 707 2171 primo
741 2098 909 2170 posui
940 2098 1223 2168 scriptum
1258 2112 1387 2152 esse
1423 2114 1435 2151 :
1470 2098 1533 2150 Et
1560 2097 1695 2169 fecit
1725 2098 1833 2151 Noe
1861 2099 2054 2151 omnia
2086 2098 2245 2151 verba
2294 2111 2645 2170 quzecumque
2673 2104 2931 2173 praecepit
2979 2104 3069 2158 illi
3101 2108 3389 2177 Dominus,
3421 2108 3502 2163 sic

122 2188 229 2261 [erit
255 2190 449 2257 (Locut.
488 2191 551 2244 in
586 2188 713 2244 Gen.
742 2205 821 2254 v1,
851 2189 964 2257 22),
999 2203 1247 2258 eamque
1281 2185 1633 2241 locutionem
1666 2185 1781 2240 dixi
1817 2202 1945 2241 esse
1976 2184 2231 2241 similem
2264 2186 2336 2256 ei,
2372 2188 2526 2258 quod
2571 2188 2628 2242 in
2663 2191 2990 2248 conditione
3040 2200 3320 2252 creaturas
3366 2214 3501 2269 pos-

124 2287 351 2351 teaquam
386 2282 632 2349 dicitur,
670 2285 733 2336 Et
761 2282 839 2335 sic
888 2288 968 2335 est
1016 2284 1246 2351 factum,
1296 2277 1552 2343 additur,
1607 2287 1656 2332 et
1685 2279 1816 2349 fecit
1862 2279 2003 2332 Deus
2060 2276 2209 2348 (Gen.
2248 2279 2289 2348 ι)
2320 2294 2333 2344 ;
2371 2294 2484 2332 non
2519 2281 2678 2335 omni
2714 2283 2884 2339 modo
2934 2283 3128 2340 simile
3162 2286 3266 2342 hoc
3313 2287 3500 2344 eidem

125 2369 234 2424 mihi
264 2370 511 2426 videtur.
551 2370 811 2442 Denique
856 2369 933 2425 ibi
980 2368 1157 2424 etiam
1204 2384 1418 2423 sensus
1463 2366 1640 2433 latet;
1678 2367 1773 2422 hic
1813 2366 1938 2422 sola
1985 2367 2201 2422 locutio
2253 2372 2361 2423 est.
2416 2369 2533 2423 Hoc
2576 2387 2725 2441 Opus
2772 2372 2856 2427 sic
2903 2373 3152 2445 incipit:
3185 2378 3503 2434 Locutiones

120 2459 517 2529 Scripturarum.

118 2606 3488 2639 ﬂ

808 2777 932 2878 S.
1017 2776 1725 2878 Δυιιειιιι

1836 2776 2774 2879 AUGUSTINI

1330 2956 1614 3016 HIPPON
1628 2954 1847 3015 ENSIS
1909 2956 2176 3016 EPISCO
2190 2957 2256 3015 PI

115 3132 277 3253 IN
374 3126 2059 3259 HEPTATEUCHUM
2180 3130 3485 3269 LOCUTIONUM

1387 3355 1646 3429 LIBRI
1703 3355 2081 3431 SEPTEM
2110 3357 2201 3427 (α).

1226 3658 1674 3754 LIBER

1778 3662 2361 3760 PRIMUS.

1459 3848 1778 3899 Locutiones
1808 3850 1872 3898 de
1908 3851 2114 3899 Genesi.

147 4136 495 4190 Locutiones
550 4133 1009 4206 Scripturarum,
1042 4150 1174 4207 qum
1218 4136 1492 4192 videntur
1522 4152 1734 4191 secun-

87 4222 198 4277 dum
230 4226 665 4297 proprietates,
702 4241 827 4296 qua
876 4224 1156 4281 idiomata
1205 4242 1387 4298 graece
1430 4230 1733 4293 vocantur,

87 4309 267 4382 linguae
300 4313 613 4369 hebraicae
648 4312 731 4368 vel
764 4329 984 4386 graecae.

135 4402 288 4468 [Gem
326 4420 464 4475 cap.
506 4404 598 4473 1,?
635 4403 745 4473 1/1.]
780 4407 843 4458 Et
875 4402 1131 4458 dividant
1162 4403 1311 4459 inter
1336 4404 1579 4460 medium
1604 4404 1735 4473 diei,

82 4494 120 4540 et
146 4492 281 4547 inter
306 4494 583 4548 medium
614 4494 805 4547 noctis.

137 4580 228 4651 [1b.
258 4585 355 4648 20,
392 4582 530 4653 26.]
554 4582 823 4637 Volalilia
848 4582 1095 4637 volantia
1123 4598 1287 4654 super
1317 4590 1524 4638 terram
1546 4599 1740 4638 secun-

81 4667 187 4721 dum
211 4672 655 4738 ﬁrmamentum
678 4671 1118 4737 caeli.Qua3ritur
1142 4673 1435 4743 quomodo
1458 4672 1741 4743 accipien-

80 4757 196 4813 dum
230 4761 689 4827 sit,:ecundum
720 4761 1156 4830 ﬁrmamentum.
1189 4762 1277 4815 Sic
1313 4762 1512 4830 etiam,
1547 4764 1739 4817 Facia-

82 4861 181 4901 mu:
208 4849 516 4905 hominem
563 4850 857 4905 secundum
910 4851 1216 4922 imaginem
1245 4859 1296 4905 et
1338 4850 1634 4905 secundum
1664 4853 1740 4906 si-

80 4936 453 4995 militudinem
491 4957 513 4993 :
549 4939 704 5009 quod
738 4937 909 4993 multi
944 4938 1111 4993 latini
1144 4938 1373 4994 codices
1401 4938 1638 5006 habent,
1669 4938 1743 4995 ad

83 5026 366 5096 imaginem
396 5032 458 5084 et
496 5026 944 5083 similitudinem.

1370 5169 1640 5205 ADMONITIO
1676 5170 1748 5205 PP.

1916 4135 2023 4205 [1b.
2056 4135 2171 4206 28.]
2203 4137 2422 4207 Implele
2451 4147 2682 4211 terram,
2716 4149 2767 4196 et
2807 4142 3192 4203 dominamini
3218 4151 3334 4221 ejus
3363 4170 3381 4206 :
3413 4152 3498 4209 la-

1846 4223 1969 4277 tina
2000 4224 2155 4279 enim
2191 4225 2401 4281 locutio
2434 4231 2540 4296 est,
2574 4229 2965 4287 Dominamini
2991 4238 3059 4289 ei.

1917 4313 2022 4404 [Albq.
2062 4331 2119 4383 η,
2151 4314 2229 4404 5.]
2263 4316 2327 4369 Et
2360 4316 2514 4371 homo
2546 4334 2655 4371 non
2684 4329 2801 4375 erat
2829 4327 3049 4393 aperari
3078 4333 3315 4385 terram:
3340 4334 3497 4404 quod

1849 4400 2015 4456 latini
2047 4403 2272 4459 codices
2306 4404 2541 4471 habent,
2574 4410 2671 4477 qui
2697 4416 3013 4481 aperarelur
3041 4420 3269 4474 terram.

1920 4492 2028 4561 [1b.
2060 4492 2139 4562 8.]
2170 4494 2452 4549 Plantavit
2484 4496 2623 4550 Deus
2648 4499 2971 4568 paradisum
2991 4506 3293 4562 secundum
3314 4512 3499 4564 orien-

1848 4584 1955 4635 tem
1987 4599 2004 4635 :
2037 4582 2189 4652 quod
2224 4582 2388 4637 latini
2423 4583 2661 4655 habent,
2696 4588 2765 4641 ad
2794 4591 3082 4647 orientem.

1922 4670 2025 4741 [1b.
2061 4672 2136 4737 9.]
2170 4672 2327 4735 Quod
2382 4672 2598 4727 habent
2632 4676 2798 4730 multi
2858 4678 3019 4733 latini
3055 4683 3305 4750 codices,
3339 4691 3406 4744 Et
3436 4691 3501 4744 li-

1850 4777 2018 4827 gnum
2047 4761 2255 4815 sciendi
2286 4763 2485 4815 bonum
2515 4767 2563 4816 et
2597 4765 2823 4831 malum,
2870 4766 2976 4834 vel,
3011 4770 3225 4840 lignum
3252 4778 3502 4835 scienti}?

1853 4849 1979 4903 boni
2007 4858 2057 4903 et
2087 4850 2248 4919 mali,
2281 4850 2389 4919 vel,
2418 4851 2631 4918 lignum
2660 4853 2869 4910 sciendi
2914 4857 3043 4914 boni
3068 4869 3119 4916 et
3166 4865 3342 4928 mali;
3365 4872 3423 4922 et
3453 4869 3502 4923 si

1815 4954 1978 5008 -qu&3
2011 4942 2150 4992 sunt
2181 4938 2305 4993 alia:
2354 4939 2660 4996 varietates
2694 4942 2763 4996 de
2816 4943 2925 5001 hac
2978 4963 3037 5003 re
3086 4950 3500 5025 interpretum,

1851 5042 2072 5098 graecus
2115 5025 2309 5094 habet,
2340 5036 2391 5083 et
2440 5028 2650 5099 lignum
2701 5030 2774 5086 ad
2825 5036 3109 5095 sciendum
3146 5044 3505 5115 cognoscibila

1788 5167 2230 5206 BBNEDIC‘I‘INORUI.

91 5260 377 5340 fatigati
416 5262 827 5340 sggt‘de‘povo
861 5262 1168 5340 (δὲἑερέεω
1201 5260 1439 5340 luit-iv“
1470 5263 1592 5311 Μεε,
1624 5264 1945 5340 figor-idos
1974 5261 2146 5340 ,duogs,
2180 5260 2622 5340 adHYaticiapum,
2655 5266 3051 5340 _Sorbonicum,
3080 5274 3502 5340 Cisterciensem,

90 5323 405 5392 Beceeniem,
447 5325 854 5392 Michaelinum,
904 5325 996 5392 PP_.
1028 5323 1765 5392 ’BernardinorumAcollegii
1822 5325 2135 5392 Parisiensig
2179 5337 2383 5392 unum,
2428 5325 2522 5392 ad_
2550 5328 2920 5381 Corbeiensem
2979 5323 3508 5392 ve'tustiss'imu—rxiv‘ei

88 5390 272 5454 gptimae
306 5396 497 5449 notae,
535 5388 601 5438 ad
650 5389 921 5438 variantes
972 5386 1380 5436 Lovaniensium
1430 5386 1795 5438 lectiones—ex
1842 5393 2077 5451 quatuor
2108 5386 2367 5451 Belgicis:
2401 5391 2452 5436 et
2493 5387 2706 5439 domum
2755 5394 2821 5443 ad
2870 5386 3149 5450 editiones
3180 5386 3405 5453 iis?
3452 5386 3509 5454 6i

92 5447 186 5498 LJV.

249 5559 777 5640 Comparauimus
800 5564 1093 5640 praeterea
1116 5574 1213 5617 ea:
1240 5573 1435 5615 omne:
1462 5553 1743 5618 editiones

1773 5559 1943 5619 initio
1977 5560 2143 5618 Retr.
2181 5560 2241 5615 et
2272 5554 2569 5633 Confess.,
2604 5566 2643 5617 I.
2684 5562 2739 5638 t,
2774 5576 3140 5629 memoratas.
3230 5572 3312 5631 M.

138 5702 336 5775 (ql‘iloc
372 5699 631 5775 opuauad
652 5713 882 5775 anan
896 5698 1108 5775 circiter
1128 5696 1465 5775 γῆρας-θεηταί
1487 5697 1682 5775 idcirco
1709 5701 1885 5775 visum
1922 5705 2019 5756 est,
2053 5699 2177 5775 quia
2205 5697 2773 5775 in_1§etragtationibus
2802 5706 2979 5758 locum
3010 5708 3173 5760 habet
3198 5714 3502 5775 proximum

97 5769 190 5822 [amt
204 5764 378 5815 libros
414 5760 497 5813 de
532 5762 737 5825 Nuptiis
767 5768 820 5814 et
847 5760 1305 5825 Concupiscentia,
1338 5774 1474 5824 quos
1504 5774 1565 5812 eo
1596 5762 1706 5814 fere
1736 5768 1977 5828 tempore
2006 5764 2232 5826 scriptos
2262 5760 2423 5811 fuisse
2451 5761 2635 5825 liquet.
