3954 6178
225 342 316 401 493

220 470 585 539 Scripturarum
607 461 781 518 etiam
806 465 1011 519 cetera
1031 478 1231 519 earum
1277 462 1404 518 loca
1422 458 1804 521 indicabunt;

229 558 338 630 quis
358 556 530 611 dextra
559 553 892 608 nominatur
912 553 970 606 in
995 552 1271 609 omnibus
1296 543 1805 622 honis,sinistrain

218 644 484 710 malis,sive
503 642 739 697 felicitas
770 646 826 697 et
865 640 1199 709 infelicitas,
1225 642 1345 697 sive
1369 638 1604 712 justitia
1634 639 1689 691 et
1716 634 1806 688 in-

210 734 488 808 justitia,et
517 731 824 803 aliquando
862 731 1067 787 dextra
1111 731 1168 785 in
1203 730 1455 800 internis,
1480 727 1720 785 sinistra
1746 721 1807 777 in

218 821 599 895 temporalibus.

269 913 357 985 [1b.
378 928 496 979 xxv,
523 911 629 980 13.]
662 911 783 965 ch
810 912 939 965 sunt
966 912 1193 965 nomina
1226 909 1470 979 filiorum
1500 903 1696 963 Ismael
1725 916 1807 957 se-

215 1000 415 1056 cundum
432 1000 643 1054 nomina
659 1000 1079 1067 generationum
1091 1014 1282 1054 eorum
1294 1016 1313 1052 :
1336 1002 1618 1068 tanquam
1636 989 1812 1047 dixis-

211 1088 594 1155 set,secundum
626 1104 753 1160 quae
787 1087 1029 1143 nomina
1054 1086 1457 1157 generationes
1487 1097 1690 1141 eorum
1715 1094 1812 1150 ap-

204 1176 391 1248 pellatae
421 1180 568 1231 sunt.
970 1166 977 1171 ’

262 1266 350 1336 [1b.
374 1266 479 1335 20.]
526 1268 741 1337 Accepit
780 1267 1078 1322 Rebeccam
1108 1264 1299 1335 ﬁliam
1334 1264 1563 1319 Bathuel
1595 1260 1730 1333 Syri
1748 1257 1814 1327 de

201 1356 566 1425 Mesopotamia,
599 1370 838 1409 sororem
885 1355 1072 1410 Laban
1116 1354 1268 1425 Syri,
1295 1354 1405 1408 sibi
1436 1354 1491 1407 in
1537 1364 1810 1406 uxorem:

203 1460 308 1498 cum
326 1449 505 1516 posset
520 1443 633 1499 dici
656 1445 1088 1515 tantummodo,
1108 1460 1373 1511 uxorem;
1401 1447 1520 1509 aut,
1540 1440 1651 1497 sibi
1671 1448 1814 1494 ατο·

201 1549 321 1589 rem.

257 1621 348 1692 [1b.
377 1622 483 1693 24.]
513 1624 575 1676 Et
619 1622 671 1677 ei
698 1630 858 1677 erant
913 1624 1131 1693 gemini
1178 1623 1238 1677 in
1282 1630 1435 1677 utero
1466 1621 1623 1688 eius;
1677 1631 1839 1673 cum.

199 1714 369 1782 posset
396 1727 503 1766 non
524 1711 660 1766 addi
692 1713 846 1783 quod
882 1711 1101 1767 dictum
1136 1715 1243 1783 est,
1277 1709 1415 1783 eius.

255 1799 347 1870 [1b.
373 1799 481 1870 27.]
513 1800 813 1855 Creverunt
825 1808 1007 1855 autem
1026 1805 1286 1873 juvenes.
1307 1801 1410 1854 Est
1432 1797 1567 1853 talis
1595 1795 1811 1852 locutio

200 1890 246 1941 et
268 1888 404 1959 apud
438 1893 705 1943 auctores
735 1889 1063 1954 saeculares,
1098 1888 1271 1944 sicuti
1303 1892 1412 1959 est,
1454 1888 1516 1942 Et
1551 1887 1701 1941 scuta
1731 1885 1812 1939 la-

195 1978 343 2031 tentia
372 1976 605 2032 condunt
655 1978 824 2048 (Virg.
860 1977 1079 2033 (Eneid.
1115 1978 1210 2032 tib.
1246 1978 1295 2045 3,
1330 1994 1381 2032 υ.
1413 1976 1579 2044 237);
1615 1974 1672 2029 id
1703 1977 1810 2040 est,

195 2066 460 2123 condendo
490 2067 739 2123 latentia
769 2068 1013 2123 faciunt.
1046 2067 1135 2122 Sic
1170 2074 1226 2122 et
1252 2066 1368 2135 hic,
1397 2068 1694 2122 Creverunt
1714 2064 1814 2135 ju-

190 2170 341 2227 venes,
375 2172 503 2211 cum
537 2156 795 2212 infantes
841 2161 1056 2225 essent,
1088 2155 1458 2229 intelligitur,
1503 2152 1813 2209 crescendo

193 2243 305 2299 facti
323 2250 454 2300 sunt
478 2246 745 2314 juvenes.

246 2333 341 2404 [11).
371 2335 483 2407 31.]
516 2335 697 2390 Jacob
729 2335 801 2391 ad
834 2335 1004 2402 Esau,
1034 2333 1206 2390 Vende
1234 2333 1379 2387 mihi
1407 2332 1566 2387 hodie
1598 2331 1816 2402 primo-

188 2424 352 2489 genita
378 2429 475 2478 tua
505 2423 658 2478 mihi
682 2440 695 2477 :
731 2422 814 2478 sic
835 2424 990 2477 enim
1022 2422 1241 2477 habent
1270 2420 1496 2475 codices
1519 2418 1709 2491 graeci.

246 2510 341 2579 [1b.
374 2529 522 2578 XXVI,
554 2511 676 2585 28.]
725 2512 969 2567 Videntes
1001 2510 1240 2566 vidimus
1270 2510 1402 2580 quia
1447 2514 1526 2563 est
1558 2508 1821 2563 Dominus

189 2605 359 2655 tecum.

247 2688 340 2759 [1b.
370 2690 484 2762 28.]
516 2692 582 2745 Et
606 2690 1147 2761 disponemus'tecum
1169 2692 1553 2744 testamentum
1578 2702 1589 2740 :
1625 2688 1825 2739 amant

181 2777 469 2849 Scriptura:
530 2796 642 2852 pro
690 2787 865 2851 pacto
917 2794 1130 2849 ponere
1162 2780 1610 2843 testamentum,
1648 2773 1704 2827 id
1736 2776 1827 2827 est

186 2860 428 2935 διαθήκην
466 2869 639 2935 Quod
673 2869 840 2924 latini
892 2868 1131 2936 habent,
1164 2867 1230 2920 Et
1258 2866 1606 2936 disponemus
1656 2866 1829 2917 tecum

180 2958 554 3013 testamentum
598 2973 669 3012 ne
717 2959 892 3028 facias
943 2956 1227 3012 nobiscum
1254 2956 1508 3009 malum:
1543 2957 1825 3023 tanquam

178 3042 548 3115 diceretur,ut
566 3046 891 3118 paciscaris
910 3062 1027 3101 non
1044 3046 1231 3100 facere
1250 3043 1558 3099 nobiscum
1579 3040 1828 3095 malum.

238 3134 546 3204 [lb.xxvu,
584 3136 664 3206 1.]
724 3136 787 3189 Et
842 3136 1051 3190 vocavit
1108 3134 1291 3204 ﬁlium
1348 3148 1509 3185 suum
1562 3130 1832 3184 seniorem

178 3222 329 3290 Esau,
363 3230 414 3280 et
444 3225 603 3280 dixit
625 3242 643 3278 :
677 3223 787 3279 hoc
819 3222 943 3279 loco
975 3222 1227 3278 senioris
1267 3236 1480 3277 nomen
1508 3235 1622 3274 non
1649 3217 1833 3288 signi-

173 3310 550 3369 ﬁcatistatem
577 3313 944 3386 gravem,sed
970 3329 1039 3367 ex
1061 3309 1506 3382 comparatione
1533 3307 1832 3376 majorem,

235 3401 335 3469 [lh.
361 3403 440 3473 3.]
476 3403 643 3457 Nunc
671 3418 795 3473 ergo
824 3418 978 3457 sume
1009 3417 1100 3456 vas
1135 3410 1293 3455 tuum
1332 3400 1758 3470 pharetramque
1787 3400 1842 3450 et

175 3505 351 3545 arcum
377 3511 398 3547 :
430 3509 554 3548 non
580 3490 728 3547 dixit
755 3508 916 3561 vasa,
951 3491 1049 3546 sed
1082 3506 1221 3545 vas:
1254 3488 1407 3559 quod
1443 3490 1639 3541 autem
1672 3482 1838 3538 intel-

182 3575 276 3649 ligi
308 3579 517 3645 voluit,
558 3597 680 3635 non
731 3583 992 3652 apparet,
1026 3579 1141 3633 nisi
1192 3579 1339 3632 forte
1369 3576 1585 3630 locutio
1637 3576 1744 3642 est,
1776 3575 1841 3626 ut

170 3681 259 3723 vas
289 3668 646 3739 pharetram
678 3670 927 3725 voluerit
960 3666 1231 3739 intelligi,
1264 3671 1319 3721 et
1336 3663 1676 3736 exponendo
1699 3661 1837 3732 quid

168 3754 368 3812 dixerit
400 3775 533 3824 vas,
572 3758 907 3829 adjunxerit
929 3757 1366 3828 pharetramque
1394 3758 1449 3809 et
1478 3768 1691 3821 arcum,
1711 3756 1837 3806 tan-

171 3857 337 3913 quam
379 3846 632 3915 dixerit,
665 3863 833 3902 sume
864 3863 965 3901 vas
997 3850 1165 3901 tuum
1221 3847 1282 3899 et
1331 3842 1667 3915 pharetram
1695 3856 1708 3907 ;
1739 3854 1840 3893 ve-

169 3931 268 3987 luti
293 3936 342 3989 si
377 3935 638 4002 diceret,
672 3952 841 3991 sume
872 3952 972 3990 vas
1008 3939 1201 4001 tuum,
1235 3932 1291 3987 id
1336 3936 1426 3987 est
1454 3930 1791 4002 pharetram
1823 3986 1836 3999 ο

172 4022 375 4079 deinde
409 4027 607 4094 aliud,
643 4029 700 4080 et
732 4041 959 4092 arcum,
982 4024 1135 4096 quod
1169 4038 1284 4078 non
1315 4022 1387 4077 ad
1420 4019 1565 4075 illud
1585 4035 1687 4074 vas
1716 4010 1840 4089 per:

163 4111 370 4170 tineret
405 4116 574 4186 quod
609 4118 702 4171 est
732 4114 1042 4186 pharetra:
1107 4116 1209 4168 aut
1238 4116 1391 4167 certe
1420 4109 1754 4182 pharetram
1785 4120 1843 4171 et

166 4215 359 4258 arcum
386 4220 495 4259 vas
518 4203 714 4260 voluit
744 4201 1059 4275 appellare,
1085 4200 1445 4274 singularem
1481 4212 1706 4269 ponens
1729 4212 1839 4251 nu-

163 4306 390 4349 merum
424 4310 542 4365 pro
603 4292 839 4365 plurali;
890 4297 1173 4363 tanquam
1233 4290 1284 4345 si
1349 4288 1588 4353 diceret,
1645 4283 1842 4356 accipe

159 4384 377 4437 vestem
428 4386 637 4452 tuam,
679 4397 795 4453 quo
846 4382 1087 4436 nomine
1138 4377 1607 4450 intelligeremus
1641 4373 1841 4446 plures

158 4474 367 4542 vestes,
404 4472 598 4528 sicuti
655 4470 1041 4543 intelligimus
1088 4468 1341 4525 militem
1376 4482 1479 4538 pro
1527 4462 1838 4530 militibus,

164 4564 215 4611 et
244 4560 444 4616 multa
479 4566 635 4615 sunt
657 4560 821 4615 talia.

227 4647 336 4716 Ub.
358 4649 584 4720 3.]Esci
600 4650 663 4704 in
696 4652 1043 4721 campum,et
1062 4662 1262 4703 venare
1288 4644 1430 4700 mihi
1460 4642 1836 4698 venationem.

228 4737 337 4807 [1b.
373 4738 458 4809 9.]
496 4740 573 4793 Et
614 4739 750 4795 vade
778 4738 848 4794 ad
877 4754 998 4794 oves
1028 4781 1044 4808 ,
1083 4747 1134 4793 et
1152 4751 1307 4792 sume
1336 4733 1481 4789 mihi
1499 4731 1633 4787 duos
1662 4730 1841 4787 haedos

161 4830 385 4883 teneros
420 4834 481 4883 et
519 4828 721 4883 bonos:
756 4827 992 4883 nomine
1040 4827 1235 4881 ovium
1271 4823 1575 4891 utriusque
1616 4821 1840 4891 pecoris

160 4929 347 4985 genus
401 4916 794 4988 signiﬁcavit,
826 4917 979 4987 quod
1028 4916 1088 4972 in
1140 4914 1361 4971 eisdem
1393 4909 1629 4983 pascuis
1659 4908 1839 4965 simul

162 5012 350 5062 erant.

228 5098 343 5167 [1b.
380 5115 606 5166 xxvm,
635 5099 710 5170 4.]
743 5100 806 5154 Et
838 5099 931 5154 det
959 5098 1063 5154 tibi
1094 5095 1519 5153 benedictionem
1545 5092 1725 5163 patris
1756 5092 1839 5147 tui

160 5185 485 5243 Abraham:
516 5189 684 5243 Isaac
698 5187 841 5243 dicit
860 5188 982 5243 tilio
1004 5204 1111 5243 suo
1134 5188 1204 5241 de
1227 5202 1331 5243 avo
1372 5184 1499 5254 ejus
1523 5186 1685 5253 patre
1706 5195 1834 5238 suo.

225 5276 343 5347 [ld.
370 5278 463 5347 5.]
500 5279 577 5331 Et
623 5279 763 5333 exiit
812 5280 873 5334 in
919 5277 1359 5348 Mesopotamiam
1397 5273 1609 5344 Syriae:
1672 5270 1841 5343 quasi

160 5362 613 5437 Mesopotamia
643 5368 872 5422 dicatur
902 5366 1017 5421 nisi
1048 5365 1241 5438 Syriae,
1275 5361 1542 5435 quamvis
1573 5360 1683 5416 hoc
1705 5361 1840 5432 Sep-

156 5455 449 5526 tuaginta
491 5472 617 5510 non
649 5456 862 5512 habere
894 5454 1314 5529 perhibeantur
1340 5451 1541 5524 Syriae,
1574 5451 1674 5507 sed
1707 5465 1841 5505 cum

157 5544 459 5600 asterisco
499 5544 793 5617 scriptum
825 5551 934 5601 est.

228 5633 344 5699 (Ib.
389 5633 531 5707 15.]
572 5635 719 5691 Deus
742 5635 813 5691 ad
831 5634 1155 5700 Jacob,Non
1174 5632 1561 5703 derelinquam
1583 5631 1656 5692 te,
1680 5628 1847 5685 donec

156 5720 384 5794 faciam
410 5725 630 5782 omnia
651 5740 772 5797 quae
793 5728 966 5783 tecum
982 5724 1193 5797 locutus
1208 5739 1331 5781 sum
1345 5739 1364 5781 :
1380 5717 1553 5794 quasi
1574 5716 1846 5776 dimissu-

1557 324 1790 389 LIBER
1837 321 2157 384 PRIMUS.

1912 468 2036 519 rus,
2068 470 2201 509 cum
2234 455 2471 525 fecerit;
2506 475 2620 515 non
2654 460 2877 533 utique,
2911 464 3012 519 sed
3044 463 3260 523 locutio
3291 473 3399 525 est.

3438 341 3559 401 494

1988 543 2092 611 [1b.
2126 561 2325 613 xxvm,
2364 548 2470 617 16.]
2504 549 2764 605 Surrexit
2790 553 2949 607 Jacob
2981 553 3049 608 de
3103 571 3291 611 somno
3330 574 3450 623 suo,
3506 570 3563 617 et

1916 630 2079 699 dixit,
2114 636 2266 703 Quia
2286 639 2366 690 est
2385 636 2645 693 Dominus
2667 640 2726 694 in
2745 640 2862 696 loco
2875 642 2993 714 hoc,
3019 659 3111 715 ego
3139 650 3324 701 autem
3345 649 3563 719 ignora-

1919 720 2041 774 bam
2058 736 2080 780 .‘
2112 721 2321 794 plenus
2353 741 2561 782 sensus
2594 732 2700 799 est,
2734 730 2843 785 etsi
2876 748 2991 787 non
3023 732 3259 804 habeat,
3282 737 3437 805 quia.
3471 738 3565 793 Est

1918 809 2183 866 Dominus
2214 812 2273 866 in
2311 812 2429 871 loco
2458 816 2600 884 hoc;
2654 833 2720 872 ac
2770 818 2817 872 si
2879 820 3116 891 diceret,
3175 828 3265 879 est
3316 823 3412 880 hic
3469 825 3565 881 de-

1920 901 2268 958 monstratio
2295 903 2560 960 Domini:
2597 924 2710 962 non
2738 908 2892 963 enim
2916 909 3203 968 Dominus
3223 913 3283 969 in
3305 913 3431 971 loco
3454 919 3562 971 est.

1993 989 2100 1059 [1b.
2132 1007 2285 1058 xxxx,
2315 994 2394 1063 5.]
2426 995 2605 1049 Jacob
2636 995 3005 1069 interrogans
3035 1002 3188 1071 quod
3222 1002 3322 1073 ait,
3380 1005 3565 1059 Nostis

1920 1076 2114 1131 Laban
2150 1078 2325 1135 tilium
2354 1082 2613 1139 Nachor?
2645 1101 2776 1140 cum
2810 1091 2965 1142 esset
2994 1087 3152 1143 ﬁlius
3170 1090 3443 1161 Bathuel;
3472 1092 3562 1148 in-

1921 1163 2307 1237 telligendum
2341 1175 2429 1227 est
2462 1172 2807 1229 nobiliorem
2840 1174 3021 1231 fuisse
3054 1177 3302 1246 Naohor,
3335 1185 3390 1235 et
3439 1197 3561 1236 me-

1923 1254 2034 1309 rito
2066 1256 2372 1329 dignitatis
2404 1262 2532 1331 ejus
2563 1262 2778 1317 factum
2810 1279 2939 1319 esse
2961 1269 3025 1320 ut
3055 1266 3124 1321 de
3156 1266 3282 1339 ipso
3311 1268 3565 1325 interro-

1923 1349 2106 1416 garet.
2141 1348 2352 1404 Filium
2385 1355 2581 1406 autem
2623 1351 2735 1407 dici
2761 1357 2817 1407 et
2865 1352 2951 1408 avi
2985 1358 3041 1409 et
3074 1356 3268 1426 proavi
3307 1361 3364 1413 et
3415 1356 3567 1414 ultra

1926 1436 2167 1506 majoris
2198 1437 2448 1511 alicujus
2479 1458 2609 1496 eum
2644 1441 2745 1512 qui
2775 1458 2844 1497 ex
2875 1442 2971 1498 illo
3004 1452 3380 1517 propagatur,
3443 1447 3566 1501 usi-

1922 1523 2228 1583 tatissimis
2259 1527 2571 1585 locutionis
2602 1536 2710 1586 est.
2758 1531 2902 1588 Hinc
2962 1537 3050 1588 est
3097 1535 3251 1605 quod
3301 1540 3359 1590 et
3404 1536 3567 1592 Isaac

1925 1616 2149 1681 patrem
2180 1614 2285 1670 filii
2319 1617 2411 1673 sui
2442 1618 2756 1690 appellavit
2803 1621 3122 1690 Abraham,
3183 1624 3336 1679 sicut
3392 1623 3566 1696 paulo

1924 1707 2058 1757 ante
2089 1708 2560 1763 commemoravi.

1995 1792 2102 1861 [1b.
2134 1794 2209 1861 7.]
2244 1794 2429 1851 Adhuc
2459 1801 2536 1853 est
2566 1797 2683 1854 dies
2707 1799 2904 1867 multa,
2926 1800 3177 1857 nondum
3197 1806 3277 1857 est
3295 1802 3429 1858 hora
3449 1819 3571 1860 con-

1922 1883 2192 1952 gregandi
2205 1901 2424 1956 pecora.

1999 1972 2105 2044 [1b.
2138 1991 2268 2041 xxx,
2302 1976 2381 2047 4.]
2414 1977 2477 2032 Et
2502 1976 2665 2033 dedit
2703 1978 2792 2033 illi
2820 1979 3039 2033 Ballam
3094 1981 3357 2035 ancillam
3409 1996 3571 2037 suam

1925 2061 2031 2130 ipsi
2060 2078 2326 2120 uxorem:
2360 2064 2599 2135 plenum
2630 2070 2806 2137 esset,
2827 2066 2936 2122 etsi
2962 2070 3071 2139 ipsi
3090 2085 3205 2124 non
3228 2070 3565 2125 adderetur.

1998 2150 2102 2221 [lb.
2134 2152 2251 2225 27.]
2274 2154 2335 2209 Si
2360 2156 2549 2210 inveni
2558 2158 2798 2225 gratiam
2820 2159 3026 2226 antete,
3041 2162 3348 2228 auguratus
3360 2175 3531 2215 essem
3548 2177 3570 2223 ;

1928 2239 2206 2296 benedixit
2233 2246 2379 2298 enim
2409 2261 2497 2299 me
2525 2246 2665 2300 Deus
2696 2247 2753 2300 in
2784 2248 3016 2302 introitu
3047 2254 3173 2302 tuo:
3202 2264 3318 2303 non
3341 2246 3571 2303 videtur

1928 2343 2297 2401 consequens
2319 2333 2482 2404 ;quia
2510 2334 2601 2389 hic
2623 2334 2940 2390 dicendum
2967 2337 3094 2403 fuit,
3121 2336 3179 2390 Si
3208 2337 3566 2392 invenissem

1930 2418 2180 2488 gratiam
2204 2426 2337 2477 ante
2354 2425 2429 2489 te,
2463 2429 2784 2495 auguratus
2806 2440 3024 2491 essem;
3078 2441 3235 2480 nunc
3274 2430 3469 2482 autem
3514 2424 3575 2481 Si

1933 2509 2121 2564 inveni
2145 2527 2156 2564 :
2191 2511 2329 2566 ordo
2352 2516 2461 2575 est,
2486 2512 2544 2566 Si
2574 2512 2765 2567 inveni
2788 2512 3033 2583 gratiam
3056 2517 3190 2569 ante
3208 2519 3282 2583 te,
3303 2515 3582 2587 permitte

1935 2614 2026 2653 me
2049 2600 2357 2669 augurari;
2392 2599 2475 2654 ita
2507 2600 2669 2665 dixit,
2703 2606 3009 2672 auguratus
3038 2618 3231 2671 essem,
3291 2607 3577 2675 tanquam

1936 2687 2172 2755 diceret,
2206 2704 2237 2743 o
2269 2688 2317 2743 si
2350 2693 2673 2759 auguratus
2704 2689 2922 2745 essem!
2959 2690 3012 2744 id
3066 2695 3176 2756 est,
3229 2691 3301 2746 ad
3353 2692 3576 2748 bonum

1939 2777 2251 2847 augurium
2284 2782 2339 2832 te
2368 2779 2427 2831 in
2460 2778 2633 2833 domo
2658 2793 2786 2834 mea
2816 2778 3113 2834 haberem.

2012 2865 2116 2936 [1b.
2150 2866 2263 2937 33.]
2293 2869 2361 2922 Et
2392 2866 2650 2923 exaudiet
2678 2884 2761 2923 me
2781 2867 3003 2939 justitia
3033 2884 3156 2923 mea
3188 2870 3249 2924 in
3290 2869 3379 2925 die
3430 2885 3592 2926 cras—

1941 2955 2055 3009 tino
2078 2973 2096 3007 :
2122 2954 2180 3009 id
2213 2961 2323 3020 est,
2356 2956 2615 3011 exaudiri
2650 2973 2741 3011 me
2774 2956 2964 3012 faciet.

2013 3044 2118 3114 [lb.
2152 3061 2304 3106 xxxr,
2337 3045 2417 3115 2.]
2446 3046 2508 3100 Et
2536 3046 2686 3100 vidit
2714 3048 2874 3102 Jacob
2894 3048 3095 3117 faciem
3122 3049 3332 3119 Laban,
3362 3054 3414 3105 et
3474 3066 3591 3106 ecce

1940 3149 2053 3189 non
2080 3136 2198 3189 erat
2227 3133 2299 3188 ad
2324 3149 2448 3189 eum
2473 3136 2614 3189 sicut
2643 3136 2893 3191 hesterna
2911 3142 2964 3191 et
2980 3137 3429 3195 nudiustertiana
3451 3141 3546 3196 die
3571 3157 3584 3195 :

1946 3222 2411 3278 familiarissima
2439 3223 2499 3277 in
2565 3224 2882 3296 Scripturis
2929 3225 3169 3293 locutio,
3219 3226 3493 3282 hesterna
3531 3233 3589 3283 et

1945 3311 2418 3367 nudiustertiana
2449 3312 2563 3377 die,
2597 3329 2699 3384 pro
2730 3317 2992 3385 tempore
3023 3315 3309 3385 praeterito
3366 3315 3583 3387 posuit.

2019 3401 2128 3470 [1b.
2163 3401 2274 3471 10.]
2307 3402 2503 3456 Etvidi
2526 3403 2699 3457 oculis
2727 3403 2863 3457 meis
2884 3404 2943 3457 in
2958 3418 3144 3459 somno
3168 3420 3189 3465 ,·
3230 3419 3364 3460 cum
3397 3403 3583 3460 clausi

1948 3490 2068 3545 sint
2099 3490 2156 3544 in
2193 3505 2401 3545 somno
2432 3490 2581 3545 oculi
2614 3489 2892 3563 corporis.

2019 3580 2125 3650 (Ib.
2162 3580 2273 3649 13.]
2304 3580 2419 3651 Ego
2437 3596 2560 3633 sum
2579 3580 2735 3645 Deus,
2755 3582 2852 3651 qui
2870 3582 3107 3652 apparui
3126 3581 3232 3636 tibi
3245 3583 3305 3636 in
3325 3582 3434 3637 loco
3466 3583 3586 3648 Dei,

1949 3668 2164 3724 locutio
2197 3672 2322 3723 est:
2358 3684 2430 3723 an
2468 3669 2616 3723 Deus
2649 3668 2707 3723 in
2740 3668 2864 3725 loco
2898 3669 2997 3724 Dei
3055 3670 3138 3725 sic
3188 3670 3594 3742 accipiendum

1950 3760 2058 3825 est,
2091 3757 2411 3827 quomodo,
2442 3757 2596 3812 Pluit
2623 3759 2889 3815 Dominus
2918 3776 2949 3814 a
2982 3760 3215 3815 Domino
3264 3759 3422 3831 (Gen.
3472 3776 3594 3830 xxx,

1949 3847 2061 3918 24),
2094 3846 2276 3901 Filius
2298 3863 2329 3900 a
2358 3845 2573 3901 Patre?

2021 3935 2125 4005 [lb.
2159 3935 2273 4005 31.]
2302 3934 2649 4005 Bespondens
2677 3943 2862 3991 autem
2890 3936 3052 3992 Jacob
3083 3936 3231 3993 dixit
3270 3936 3341 3992 ad
3386 3937 3594 4005 Laban,

1950 4026 2081 4079 Dixi
2118 4026 2265 4079 enim
2289 4038 2359 4078 ne
2387 4027 2528 4092 [orte
2555 4025 2781 4093 auferas
2810 4025 2960 4094 ﬁlias
2983 4033 3105 4081 tuas
3133 4043 3166 4081 a
3195 4042 3303 4096 me,
3329 4033 3381 4081 et
3401 4028 3595 4082 omnia

1948 4129 2070 4171 mea
2078 4154 2091 4168 .

2022 4202 2128 4271 [1b.
2160 4201 2275 4271 33.]
2307 4202 2537 4257 Intravit
2561 4204 2747 4257 autem
2773 4201 2963 4258 Laban
2989 4210 3043 4259 et
3071 4204 3407 4260 inscrutatus
3435 4206 3513 4259 est
3536 4206 3597 4261 in

1949 4292 2104 4349 domo
2135 4292 2247 4346 Liae
2267 4308 2285 4345 :
2313 4290 2732 4347 advertendum
2766 4296 2855 4348 est
2888 4294 3183 4364 quomodo
3215 4294 3445 4349 dicatur
3491 4294 3596 4351 do-

1950 4398 2084 4437 mus
2115 4380 2335 4448 uxoris,
2368 4396 2502 4435 cum
2564 4380 2623 4436 in
2682 4380 2892 4439 itinere
2955 4382 3361 4454 comprehensi
3415 4383 3597 4439 sinta

1950 4472 2144 4527 Laban
2172 4496 2187 4539 ;
2219 4468 2331 4525 uisi
2364 4469 2508 4524 forte
2547 4473 2911 4528 consuetudo
2968 4473 3397 4544 Scripturarum
3457 4472 3597 4527 dicit

1950 4561 2191 4619 domum
2227 4574 2330 4631 pro
2362 4558 2555 4614 cubilo
2595 4559 2683 4615 vel
2744 4560 3019 4632 tentorio,
3080 4562 3373 4633 quomodo
3421 4561 3599 4616 etiam

1948 4647 2295 4706 ancillarum
2328 4647 2535 4704 domos
2567 4648 2730 4704 dicit.

2022 4738 2129 4811 [1b.
2162 4736 2252 4810 37]
2282 4739 2444 4793 Jacob
2488 4736 2629 4793 dicit
2658 4738 2728 4792 ad
2755 4740 2967 4806 Laban,
3031 4738 3171 4806 Quia
3224 4743 3498 4794 scrutatus
3542 4755 3601 4795 es

1949 4830 2134 4884 omnia
2171 4843 2300 4883 vasa
2328 4828 2523 4882 domus
2551 4842 2730 4884 meae:
2766 4844 2921 4882 nunc
2953 4844 3131 4883 unam
3164 4828 3404 4883 domum
3435 4827 3600 4896 dicit,

1950 4918 2119 4988 cujus
2153 4916 2416 4972 membra
2446 4920 2610 4971 erant
2640 4917 2852 4972 domus
2885 4933 3133 4972 uxorum
3158 4917 3286 4987 ejus
3310 4921 3367 4973 et
3383 4932 3598 4973 concu-

1948 5008 2264 5072 binarum;
2316 5010 2379 5060 ut
2428 5004 2790 5077 intelligatur
2819 5006 3027 5061 domos
3070 5005 3413 5079 appellatas,
3463 5023 3597 5081 cum

1949 5098 2146 5154 essent
2171 5093 2442 5150 cubicula
2474 5098 2573 5149 aut
2601 5096 2869 5165 tentoria,
2905 5112 3051 5168 quos
3071 5096 3245 5152 etiam
3274 5095 3596 5169 papiliones

1946 5190 2175 5242 vocant.

2020 5275 2129 5343 [1b.
2162 5274 2270 5339 42.]
2305 5272 2423 5327 Nisi
2454 5274 2589 5329 Deus
2617 5276 2795 5345 patris
2826 5278 2937 5333 mei
2968 5275 3257 5331 Abraham
3312 5282 3366 5329 et
3422 5275 3595 5330 timor

1949 5366 2106 5419 Isaac
2136 5361 2431 5432 adfuisset1
2464 5362 2647 5418 mihi:
2680 5369 2903 5434 patrem
2938 5381 3112 5421 suum
3146 5361 3402 5435 appellat
3418 5377 3591 5417 avum

1952 5469 2149 5522 suum,
2182 5451 2335 5506 sicut
2363 5450 2413 5505 ei
2448 5451 2672 5507 dixerat
2706 5452 2866 5509 Isaac
2898 5460 3061 5525 pater
3089 5455 3237 5524 ejus.

2023 5542 2131 5614 [1b.
2168 5557 2345 5607 xxxu,
2373 5540 2514 5608 3-5.]
2546 5543 2692 5598 Misit
2718 5546 2899 5599 autem
2928 5544 3092 5601 Jacob
3122 5544 3342 5599 nuntios
3382 5549 3510 5598 ante
3537 5555 3593 5595 se

2022 5732 2037 5766 ¹
2069 5730 2130 5780 In
2160 5728 2306 5790 Msa,
2329 5728 2497 5792 esset;
2520 5726 2676 5792 juxta
2702 5743 2862 5794 graec.
2894 5744 3012 5797 ιιι,
3038 5744 3103 5782 en
3132 5731 3255 5782 moi.
