  <div class='ocr_page' id='page_1' title='image "/cluster/home/n/w/nwhite01/storage/ocr_20150623/34/hvd.32044096580576/253.png"; bbox 0 0 3954 6178; ppageno 0'>
   <div class='ocr_carea' id='block_1_1' title="bbox 400 302 516 363">
    <p class='ocr_par' dir='ltr' id='par_1_1' title="bbox 400 302 516 363">
     <span class='ocr_line' id='line_1_1' title="bbox 400 302 516 363; baseline 0 0"><span class='ocrx_word' id='word_1_1' title='bbox 400 302 516 363; x_wconf 76' lang='lat'><strong><em>495</em></strong></span> 
     </span>
    </p>
   </div>
   <div class='ocr_carea' id='block_1_2' title="bbox 400 434 2043 508">
    <p class='ocr_par' dir='ltr' id='par_1_2' title="bbox 400 434 2043 508">
     <span class='ocr_line' id='line_1_2' title="bbox 400 434 2043 508; baseline 0.001 -16"><span class='ocrx_word' id='word_1_2' title='bbox 400 435 470 492; x_wconf 87' lang='lat' dir='ltr'><strong><em>ad</em></strong></span> <span class='ocrx_word' id='word_1_3' title='bbox 484 440 625 492; x_wconf 80' lang='lat' dir='ltr'><strong><em>Esau</em></strong></span> <span class='ocrx_word' id='word_1_4' title='bbox 640 434 874 506; x_wconf 79' lang='lat' dir='ltr'><strong><em>fratrem</em></strong></span> <span class='ocrx_word' id='word_1_5' title='bbox 883 449 1046 491; x_wconf 80' lang='lat' dir='ltr'><strong><em>suum</em></strong></span> <span class='ocrx_word' id='word_1_6' title='bbox 1082 454 1119 490; x_wconf 88' lang='grc' dir='ltr'><em>η</em></span> <span class='ocrx_word' id='word_1_7' title='bbox 1134 442 1339 493; x_wconf 85' lang='lat' dir='ltr'><strong><em>terram</em></strong></span> <span class='ocrx_word' id='word_1_8' title='bbox 1357 438 1481 492; x_wconf 85' lang='lat' dir='ltr'><strong><em>Seir</em></strong></span> <span class='ocrx_word' id='word_1_9' title='bbox 1489 437 1552 492; x_wconf 86' lang='lat' dir='ltr'><strong><em>in</em></strong></span> <span class='ocrx_word' id='word_1_10' title='bbox 1564 437 1840 508; x_wconf 84' lang='lat' dir='ltr'><strong><em>regionem</em></strong></span> <span class='ocrx_word' id='word_1_11' title='bbox 1851 438 2043 507; x_wconf 83' lang='lat' dir='ltr'><strong><em>Edam,</em></strong></span> 
     </span>
    </p>
   </div>
   <div class='ocr_carea' id='block_1_3' title="bbox 400 522 2047 597">
    <p class='ocr_par' dir='ltr' id='par_1_3' title="bbox 400 522 2047 597">
     <span class='ocr_line' id='line_1_3' title="bbox 400 522 2047 597; baseline 0.001 -17"><span class='ocrx_word' id='word_1_12' title='bbox 400 524 681 581; x_wconf 86' lang='lat' dir='ltr'><strong><em>mandavit</em></strong></span> <span class='ocrx_word' id='word_1_13' title='bbox 710 522 832 579; x_wconf 83' lang='lat' dir='ltr'><strong><em>illis</em></strong></span> <span class='ocrx_word' id='word_1_14' title='bbox 860 524 1062 594; x_wconf 83' lang='lat' dir='ltr'><strong><em>dicens,</em></strong></span> <span class='ocrx_word' id='word_1_15' title='bbox 1097 525 1186 581; x_wconf 90' lang='lat' dir='ltr'><strong><em>Sic</em></strong></span> <span class='ocrx_word' id='word_1_16' title='bbox 1212 526 1401 581; x_wconf 75' lang='lat' dir='ltr'><strong><em>dicetis</em></strong></span> <span class='ocrx_word' id='word_1_17' title='bbox 1447 525 1669 582; x_wconf 87' lang='lat' dir='ltr'><strong><em>domino</em></strong></span> <span class='ocrx_word' id='word_1_18' title='bbox 1714 542 1832 582; x_wconf 87' lang='lat' dir='ltr'><strong><em>meo</em></strong></span> <span class='ocrx_word' id='word_1_19' title='bbox 1878 527 2047 597; x_wconf 86' lang='lat' dir='ltr'><strong><em>Esau,</em></strong></span> 
     </span>
    </p>
   </div>
   <div class='ocr_carea' id='block_1_4' title="bbox 401 612 2045 685">
    <p class='ocr_par' dir='ltr' id='par_1_4' title="bbox 401 612 2045 685">
     <span class='ocr_line' id='line_1_4' title="bbox 401 612 2045 685; baseline 0.001 -16"><span class='ocrx_word' id='word_1_20' title='bbox 401 612 491 669; x_wconf 90' lang='lat' dir='ltr'><strong><em>Sic</em></strong></span> <span class='ocrx_word' id='word_1_21' title='bbox 518 614 655 669; x_wconf 89' lang='lat' dir='ltr'><strong><em>dicit</em></strong></span> <span class='ocrx_word' id='word_1_22' title='bbox 680 630 822 685; x_wconf 87' lang='lat' dir='ltr'><strong><em>puer</em></strong></span> <span class='ocrx_word' id='word_1_23' title='bbox 843 622 967 670; x_wconf 87' lang='lat' dir='ltr'><strong><em>tuus</em></strong></span> <span class='ocrx_word' id='word_1_24' title='bbox 994 616 1176 680; x_wconf 88' lang='lat' dir='ltr'><strong><em>Jacob,</em></strong></span> <span class='ocrx_word' id='word_1_25' title='bbox 1208 631 1335 670; x_wconf 80' lang='lat' dir='ltr'><strong><em>cum</em></strong></span> <span class='ocrx_word' id='word_1_26' title='bbox 1353 615 1536 669; x_wconf 89' lang='lat' dir='ltr'><strong><em>Laban</em></strong></span> <span class='ocrx_word' id='word_1_27' title='bbox 1561 615 1813 671; x_wconf 84' lang='lat' dir='ltr'><strong><em>habitavi</em></strong></span> <span class='ocrx_word' id='word_1_28' title='bbox 1861 623 1912 671; x_wconf 89' lang='lat' dir='ltr'><strong><em>et</em></strong></span> <span class='ocrx_word' id='word_1_29' title='bbox 1959 615 2045 671; x_wconf 90' lang='lat' dir='ltr'><strong><em>de-</em></strong></span> 
     </span>
    </p>
   </div>
   <div class='ocr_carea' id='block_1_5' title="bbox 403 703 2047 775">
    <p class='ocr_par' dir='ltr' id='par_1_5' title="bbox 403 703 2047 775">
     <span class='ocr_line' id='line_1_5' title="bbox 403 703 2047 775; baseline 0.003 -18"><span class='ocrx_word' id='word_1_30' title='bbox 403 711 644 758; x_wconf 89' lang='lat' dir='ltr'><strong><em>moratus</em></strong></span> <span class='ocrx_word' id='word_1_31' title='bbox 672 719 795 758; x_wconf 88' lang='lat' dir='ltr'><strong><em>sum</em></strong></span> <span class='ocrx_word' id='word_1_32' title='bbox 824 720 994 775; x_wconf 87' lang='lat' dir='ltr'><strong><em>usque</em></strong></span> <span class='ocrx_word' id='word_1_33' title='bbox 1022 703 1199 771; x_wconf 91' lang='lat' dir='ltr'><strong><em>modo,</em></strong></span> <span class='ocrx_word' id='word_1_34' title='bbox 1226 712 1280 759; x_wconf 84' lang='lat' dir='ltr'><strong><em>et</em></strong></span> <span class='ocrx_word' id='word_1_35' title='bbox 1309 706 1452 775; x_wconf 87' lang='lat' dir='ltr'><strong><em>facti</em></strong></span> <span class='ocrx_word' id='word_1_36' title='bbox 1470 709 1601 760; x_wconf 89' lang='lat' dir='ltr'><strong><em>sunt</em></strong></span> <span class='ocrx_word' id='word_1_37' title='bbox 1638 704 1781 761; x_wconf 82' lang='lat' dir='ltr'><strong><em>mihi</em></strong></span> <span class='ocrx_word' id='word_1_38' title='bbox 1819 707 1973 761; x_wconf 89' lang='lat' dir='ltr'><strong><em>boves</em></strong></span> <span class='ocrx_word' id='word_1_39' title='bbox 1995 707 2047 762; x_wconf 82' lang='lat' dir='ltr'><strong><em>et</em></strong></span> 
     </span>
    </p>
   </div>
   <div class='ocr_carea' id='block_1_6' title="bbox 401 793 2046 864">
    <p class='ocr_par' dir='ltr' id='par_1_6' title="bbox 401 793 2046 864">
     <span class='ocr_line' id='line_1_6' title="bbox 401 793 2046 864; baseline 0.002 -17"><span class='ocrx_word' id='word_1_40' title='bbox 401 793 557 847; x_wconf 86' lang='lat' dir='ltr'><strong><em>asini</em></strong></span> <span class='ocrx_word' id='word_1_41' title='bbox 574 800 758 847; x_wconf 83' lang='lat' dir='ltr'><strong><em>etoves</em></strong></span> <span class='ocrx_word' id='word_1_42' title='bbox 786 799 836 848; x_wconf 91' lang='lat' dir='ltr'><strong><em>et</em></strong></span> <span class='ocrx_word' id='word_1_43' title='bbox 859 794 1025 863; x_wconf 84' lang='lat' dir='ltr'><strong><em>pueri</em></strong></span> <span class='ocrx_word' id='word_1_44' title='bbox 1051 801 1101 848; x_wconf 88' lang='lat' dir='ltr'><strong><em>et</em></strong></span> <span class='ocrx_word' id='word_1_45' title='bbox 1129 793 1359 864; x_wconf 78' lang='lat' dir='ltr'><strong><em>puellae,</em></strong></span> <span class='ocrx_word' id='word_1_46' title='bbox 1391 801 1444 849; x_wconf 89' lang='lat' dir='ltr'><strong><em>et</em></strong></span> <span class='ocrx_word' id='word_1_47' title='bbox 1472 793 1606 848; x_wconf 89' lang='lat' dir='ltr'><strong><em>misi</em></strong></span> <span class='ocrx_word' id='word_1_48' title='bbox 1644 794 1905 849; x_wconf 86' lang='lat' dir='ltr'><strong><em>nuntiare</em></strong></span> <span class='ocrx_word' id='word_1_49' title='bbox 1952 794 2046 851; x_wconf 88' lang='lat' dir='ltr'><strong><em>do-</em></strong></span> 
     </span>
    </p>
   </div>
   <div class='ocr_carea' id='block_1_7' title="bbox 399 881 1896 950">
    <p class='ocr_par' dir='ltr' id='par_1_7' title="bbox 399 881 1896 950">
     <span class='ocr_line' id='line_1_7' title="bbox 399 881 1896 950; baseline 0.001 -15"><span class='ocrx_word' id='word_1_50' title='bbox 399 882 551 937; x_wconf 87' lang='lat' dir='ltr'><strong><em>mino</em></strong></span> <span class='ocrx_word' id='word_1_51' title='bbox 580 896 697 936; x_wconf 90' lang='lat' dir='ltr'><strong><em>meo</em></strong></span> <span class='ocrx_word' id='word_1_52' title='bbox 728 883 916 936; x_wconf 87' lang='lat' dir='ltr'><strong><em>Esau:</em></strong></span> <span class='ocrx_word' id='word_1_53' title='bbox 947 897 1061 937; x_wconf 92' lang='lat' dir='ltr'><strong><em>non</em></strong></span> <span class='ocrx_word' id='word_1_54' title='bbox 1104 881 1270 950; x_wconf 82' lang='lat' dir='ltr'><strong><em>dixit,</em></strong></span> <span class='ocrx_word' id='word_1_55' title='bbox 1304 882 1437 937; x_wconf 84' lang='lat' dir='ltr'><strong><em>misi</em></strong></span> <span class='ocrx_word' id='word_1_56' title='bbox 1470 882 1740 938; x_wconf 90' lang='lat' dir='ltr'><strong><em>nuntiare</em></strong></span> <span class='ocrx_word' id='word_1_57' title='bbox 1770 882 1896 938; x_wconf 89' lang='lat' dir='ltr'><strong><em>tibi.</em></strong></span> 
     </span>
    </p>
   </div>
   <div class='ocr_carea' id='block_1_8' title="bbox 471 987 2041 1060">
    <p class='ocr_par' dir='ltr' id='par_1_8' title="bbox 471 987 2041 1060">
     <span class='ocr_line' id='line_1_8' title="bbox 471 987 2041 1060; baseline 0.003 -19"><span class='ocrx_word' id='word_1_58' title='bbox 471 987 577 1058; x_wconf 92' lang='grc'><strong>[11).</strong></span> <span class='ocrx_word' id='word_1_59' title='bbox 611 1005 787 1058; x_wconf 70' lang='grc' dir='ltr'>χχχιι,</span> <span class='ocrx_word' id='word_1_60' title='bbox 821 989 933 1059; x_wconf 87' lang='grc'><strong>17.]</strong></span> <span class='ocrx_word' id='word_1_61' title='bbox 964 988 1023 1043; x_wconf 90' lang='lat' dir='ltr'><strong><em>Si</em></strong></span> <span class='ocrx_word' id='word_1_62' title='bbox 1054 991 1481 1060; x_wconf 86' lang='lat' dir='ltr'><strong><em>interrogaverit</em></strong></span> <span class='ocrx_word' id='word_1_63' title='bbox 1537 998 1586 1045; x_wconf 76' lang='lat' dir='ltr'><strong><em>te</em></strong></span> <span class='ocrx_word' id='word_1_64' title='bbox 1641 990 1789 1046; x_wconf 82' lang='lat' dir='ltr'><strong><em>Esau</em></strong></span> <span class='ocrx_word' id='word_1_65' title='bbox 1835 989 2041 1059; x_wconf 89' lang='lat' dir='ltr'><strong><em>dicens,</em></strong></span> 
     </span>
    </p>
   </div>
   <div class='ocr_carea' id='block_1_9' title="bbox 400 1078 2043 1151">
    <p class='ocr_par' dir='ltr' id='par_1_9' title="bbox 400 1078 2043 1151">
     <span class='ocr_line' id='line_1_9' title="bbox 400 1078 2043 1151; baseline 0.001 -18"><span class='ocrx_word' id='word_1_66' title='bbox 400 1078 561 1150; x_wconf 84' lang='lat' dir='ltr'><strong><em>Cujus</em></strong></span> <span class='ocrx_word' id='word_1_67' title='bbox 588 1093 641 1133; x_wconf 87' lang='lat' dir='ltr'><strong><em>es</em></strong></span> <span class='ocrx_word' id='word_1_68' title='bbox 660 1081 686 1131; x_wconf 73' lang='lat'><strong><em>.9</em></strong></span> <span class='ocrx_word' id='word_1_69' title='bbox 714 1081 767 1133; x_wconf 88' lang='lat' dir='ltr'><strong><em>et</em></strong></span> <span class='ocrx_word' id='word_1_70' title='bbox 796 1094 903 1148; x_wconf 88' lang='lat' dir='ltr'><strong><em>quo</em></strong></span> <span class='ocrx_word' id='word_1_71' title='bbox 933 1078 1098 1134; x_wconf 88' lang='lat' dir='ltr'><strong><em>vadis</em></strong></span> <span class='ocrx_word' id='word_1_72' title='bbox 1126 1080 1148 1131; x_wconf 83' lang='lat'><strong><em>?</em></strong></span> <span class='ocrx_word' id='word_1_73' title='bbox 1176 1083 1225 1134; x_wconf 88' lang='lat' dir='ltr'><strong><em>et</em></strong></span> <span class='ocrx_word' id='word_1_74' title='bbox 1245 1094 1405 1150; x_wconf 67' lang='lat' dir='ltr'><strong><em>cujus</em></strong></span> <span class='ocrx_word' id='word_1_75' title='bbox 1425 1080 1544 1136; x_wconf 53' lang='lat' dir='ltr'><strong><em>hac</em></strong></span> <span class='ocrx_word' id='word_1_76' title='bbox 1566 1094 1692 1151; x_wconf 72' lang='lat' dir='ltr'><strong><em>quae</em></strong></span> <span class='ocrx_word' id='word_1_77' title='bbox 1711 1079 2043 1135; x_wconf 84' lang='lat' dir='ltr'><strong><em>antecedunt</em></strong></span> 
     </span>
    </p>
   </div>
   <div class='ocr_carea' id='block_1_10' title="bbox 395 1165 2041 1239">
    <p class='ocr_par' dir='ltr' id='par_1_10' title="bbox 395 1165 2041 1239">
     <span class='ocr_line' id='line_1_10' title="bbox 395 1165 2041 1239; baseline 0.001 -17"><span class='ocrx_word' id='word_1_78' title='bbox 395 1170 447 1222; x_wconf 81' lang='lat' dir='ltr'><strong><em>te</em></strong></span> <span class='ocrx_word' id='word_1_79' title='bbox 465 1165 493 1221; x_wconf 81' lang='lat' dir='ltr'><strong><em>‘l</em></strong></span> <span class='ocrx_word' id='word_1_80' title='bbox 519 1169 571 1222; x_wconf 89' lang='lat' dir='ltr'><strong><em>et</em></strong></span> <span class='ocrx_word' id='word_1_81' title='bbox 597 1166 764 1233; x_wconf 90' lang='lat' dir='ltr'><strong><em>dices,</em></strong></span> <span class='ocrx_word' id='word_1_82' title='bbox 796 1169 971 1222; x_wconf 87' lang='lat' dir='ltr'><strong><em>Pueri</em></strong></span> <span class='ocrx_word' id='word_1_83' title='bbox 994 1168 1078 1221; x_wconf 89' lang='lat' dir='ltr'><strong><em>tui</em></strong></span> <span class='ocrx_word' id='word_1_84' title='bbox 1103 1167 1262 1224; x_wconf 89' lang='lat' dir='ltr'><strong><em>Jacob</em></strong></span> <span class='ocrx_word' id='word_1_85' title='bbox 1280 1185 1298 1222; x_wconf 87' lang='lat'><strong><em>:</em></strong></span> <span class='ocrx_word' id='word_1_86' title='bbox 1323 1166 1566 1239; x_wconf 90' lang='lat' dir='ltr'><strong><em>plenum</em></strong></span> <span class='ocrx_word' id='word_1_87' title='bbox 1597 1172 1753 1226; x_wconf 80' lang='lat' dir='ltr'><strong><em>esset</em></strong></span> <span class='ocrx_word' id='word_1_88' title='bbox 1780 1172 1839 1225; x_wconf 89' lang='lat' dir='ltr'><strong><em>et</em></strong></span> <span class='ocrx_word' id='word_1_89' title='bbox 1893 1168 2041 1224; x_wconf 90' lang='lat' dir='ltr'><strong><em>inte-</em></strong></span> 
     </span>
    </p>
   </div>
   <div class='ocr_carea' id='block_1_11' title="bbox 394 1254 1411 1327">
    <p class='ocr_par' dir='ltr' id='par_1_11' title="bbox 394 1254 1411 1327">
     <span class='ocr_line' id='line_1_11' title="bbox 394 1254 1411 1327; baseline -0.001 -16"><span class='ocrx_word' id='word_1_90' title='bbox 394 1271 588 1327; x_wconf 87' lang='lat' dir='ltr'><strong><em>grum,</em></strong></span> <span class='ocrx_word' id='word_1_91' title='bbox 620 1255 795 1311; x_wconf 88' lang='lat' dir='ltr'><strong><em>etiam</em></strong></span> <span class='ocrx_word' id='word_1_92' title='bbox 829 1254 877 1310; x_wconf 91' lang='lat' dir='ltr'><strong><em>si</em></strong></span> <span class='ocrx_word' id='word_1_93' title='bbox 909 1258 957 1311; x_wconf 86' lang='lat' dir='ltr'><strong><em>et</em></strong></span> <span class='ocrx_word' id='word_1_94' title='bbox 988 1272 1103 1311; x_wconf 92' lang='lat' dir='ltr'><strong><em>non</em></strong></span> <span class='ocrx_word' id='word_1_95' title='bbox 1135 1254 1411 1311; x_wconf 82' lang='lat' dir='ltr'><strong><em>haberet.</em></strong></span> 
     </span>
    </p>
   </div>
   <div class='ocr_carea' id='block_1_12' title="bbox 464 1344 2040 1416">
    <p class='ocr_par' dir='ltr' id='par_1_12' title="bbox 464 1344 2040 1416">
     <span class='ocr_line' id='line_1_12' title="bbox 464 1344 2040 1416; baseline 0.001 -16"><span class='ocrx_word' id='word_1_96' title='bbox 464 1344 572 1416; x_wconf 84' lang='lat' dir='ltr'>[1b.</span> <span class='ocrx_word' id='word_1_97' title='bbox 608 1345 975 1416; x_wconf 83' lang='lat' dir='ltr'><strong><em>18.]Munera</em></strong></span> <span class='ocrx_word' id='word_1_98' title='bbox 1003 1345 1407 1401; x_wconf 86' lang='lat' dir='ltr'><strong><em>misildomino</em></strong></span> <span class='ocrx_word' id='word_1_99' title='bbox 1446 1360 1563 1401; x_wconf 87' lang='lat' dir='ltr'><strong><em>meo</em></strong></span> <span class='ocrx_word' id='word_1_100' title='bbox 1612 1348 1785 1414; x_wconf 85' lang='lat' dir='ltr'><strong><em>Esau,</em></strong></span> <span class='ocrx_word' id='word_1_101' title='bbox 1834 1348 1884 1401; x_wconf 86' lang='lat' dir='ltr'><strong><em>et</em></strong></span> <span class='ocrx_word' id='word_1_102' title='bbox 1913 1361 2040 1401; x_wconf 79' lang='lat' dir='ltr'><strong><em>ecce</em></strong></span> 
     </span>
    </p>
   </div>
   <div class='ocr_carea' id='block_1_13' title="bbox 392 1433 2038 1505">
    <p class='ocr_par' dir='ltr' id='par_1_13' title="bbox 392 1433 2038 1505">
     <span class='ocr_line' id='line_1_13' title="bbox 392 1433 2038 1505; baseline 0.001 -18"><span class='ocrx_word' id='word_1_103' title='bbox 392 1434 508 1505; x_wconf 87' lang='lat' dir='ltr'><strong><em>ipse</em></strong></span> <span class='ocrx_word' id='word_1_104' title='bbox 526 1442 645 1504; x_wconf 87' lang='lat' dir='ltr'><strong><em>post</em></strong></span> <span class='ocrx_word' id='word_1_105' title='bbox 674 1449 772 1488; x_wconf 88' lang='lat' dir='ltr'><strong><em>nos</em></strong></span> <span class='ocrx_word' id='word_1_106' title='bbox 798 1449 810 1487; x_wconf 93' lang='lat'>:</span> <span class='ocrx_word' id='word_1_107' title='bbox 848 1433 1161 1489; x_wconf 87' lang='lat' dir='ltr'><strong><em>dicendum</em></strong></span> <span class='ocrx_word' id='word_1_108' title='bbox 1195 1438 1391 1489; x_wconf 87' lang='lat' dir='ltr'><strong><em>autem</em></strong></span> <span class='ocrx_word' id='word_1_109' title='bbox 1419 1434 1610 1490; x_wconf 77' lang='lat' dir='ltr'><strong><em>fuerat</em></strong></span> <span class='ocrx_word' id='word_1_110' title='bbox 1639 1434 1858 1489; x_wconf 87' lang='lat' dir='ltr'><strong><em>usitata</em></strong></span> <span class='ocrx_word' id='word_1_111' title='bbox 1879 1433 2038 1489; x_wconf 90' lang='lat' dir='ltr'><strong><em>locu-</em></strong></span> 
     </span>
    </p>
   </div>
   <div class='ocr_carea' id='block_1_14' title="bbox 390 1521 1891 1591">
    <p class='ocr_par' dir='ltr' id='par_1_14' title="bbox 390 1521 1891 1591">
     <span class='ocr_line' id='line_1_14' title="bbox 390 1521 1891 1591; baseline 0.003 -16"><span class='ocrx_word' id='word_1_112' title='bbox 390 1521 570 1590; x_wconf 86' lang='lat' dir='ltr'><strong><em>tione,</em></strong></span> <span class='ocrx_word' id='word_1_113' title='bbox 602 1521 841 1577; x_wconf 91' lang='lat' dir='ltr'><strong><em>dominc</em></strong></span> <span class='ocrx_word' id='word_1_114' title='bbox 865 1538 993 1578; x_wconf 84' lang='lat' dir='ltr'><strong><em>meo</em></strong></span> <span class='ocrx_word' id='word_1_115' title='bbox 1022 1522 1155 1591; x_wconf 83' lang='lat' dir='ltr'>tibi,</span> <span class='ocrx_word' id='word_1_116' title='bbox 1186 1528 1309 1591; x_wconf 87' lang='lat' dir='ltr'><strong><em>aut,</em></strong></span> <span class='ocrx_word' id='word_1_117' title='bbox 1345 1523 1585 1579; x_wconf 89' lang='lat' dir='ltr'><strong><em>domino</em></strong></span> <span class='ocrx_word' id='word_1_118' title='bbox 1621 1539 1729 1579; x_wconf 89' lang='lat' dir='ltr'><strong><em>suo</em></strong></span> <span class='ocrx_word' id='word_1_119' title='bbox 1763 1523 1891 1579; x_wconf 90' lang='lat' dir='ltr'><strong><em>tibi.</em></strong></span> 
     </span>
    </p>
   </div>
   <div class='ocr_carea' id='block_1_15' title="bbox 462 1628 2036 1702">
    <p class='ocr_par' dir='ltr' id='par_1_15' title="bbox 462 1628 2036 1702">
     <span class='ocr_line' id='line_1_15' title="bbox 462 1628 2036 1702; baseline 0.001 -19"><span class='ocrx_word' id='word_1_120' title='bbox 462 1629 568 1699; x_wconf 89' lang='grc'><strong>[11).</strong></span> <span class='ocrx_word' id='word_1_121' title='bbox 594 1629 711 1700; x_wconf 88' lang='lat'><strong>22.]</strong></span> <span class='ocrx_word' id='word_1_122' title='bbox 734 1628 987 1684; x_wconf 72' lang='lat' dir='ltr'><strong><em>Surrexit</em></strong></span> <span class='ocrx_word' id='word_1_123' title='bbox 1015 1635 1199 1684; x_wconf 87' lang='lat' dir='ltr'><strong><em>autem</em></strong></span> <span class='ocrx_word' id='word_1_124' title='bbox 1246 1630 1438 1686; x_wconf 87' lang='lat' dir='ltr'><strong><em>eadem</em></strong></span> <span class='ocrx_word' id='word_1_125' title='bbox 1494 1633 1667 1698; x_wconf 90' lang='lat' dir='ltr'><strong><em>nocte,</em></strong></span> <span class='ocrx_word' id='word_1_126' title='bbox 1721 1639 1771 1686; x_wconf 89' lang='lat' dir='ltr'><strong><em>et</em></strong></span> <span class='ocrx_word' id='word_1_127' title='bbox 1822 1630 2036 1702; x_wconf 86' lang='lat' dir='ltr'><strong><em>accepit</em></strong></span> 
     </span>
    </p>
   </div>
   <div class='ocr_carea' id='block_1_16' title="bbox 388 1717 2033 1791">
    <p class='ocr_par' dir='ltr' id='par_1_16' title="bbox 388 1717 2033 1791">
     <span class='ocr_line' id='line_1_16' title="bbox 388 1717 2033 1791; baseline 0.001 -18"><span class='ocrx_word' id='word_1_128' title='bbox 388 1734 589 1773; x_wconf 76' lang='lat' dir='ltr'><strong><em>uxores</em></strong></span> <span class='ocrx_word' id='word_1_129' title='bbox 617 1717 753 1773; x_wconf 91' lang='lat' dir='ltr'><strong><em>duas</em></strong></span> <span class='ocrx_word' id='word_1_130' title='bbox 782 1726 836 1773; x_wconf 86' lang='lat' dir='ltr'><strong><em>et</em></strong></span> <span class='ocrx_word' id='word_1_131' title='bbox 859 1719 998 1774; x_wconf 87' lang='lat' dir='ltr'><strong><em>duas</em></strong></span> <span class='ocrx_word' id='word_1_132' title='bbox 1026 1720 1260 1774; x_wconf 80' lang='lat' dir='ltr'><strong><em>ancillas</em></strong></span> <span class='ocrx_word' id='word_1_133' title='bbox 1279 1736 1298 1775; x_wconf 91' lang='lat'><em>:</em></span> <span class='ocrx_word' id='word_1_134' title='bbox 1329 1718 1426 1775; x_wconf 92' lang='lat' dir='ltr'><strong><em>hic</em></strong></span> <span class='ocrx_word' id='word_1_135' title='bbox 1454 1718 1905 1791; x_wconf 90' lang='lat' dir='ltr'><strong><em>distinguuntur</em></strong></span> <span class='ocrx_word' id='word_1_136' title='bbox 1961 1718 2033 1775; x_wconf 91' lang='lat' dir='ltr'><strong><em>ab</em></strong></span> 
     </span>
    </p>
   </div>
   <div class='ocr_carea' id='block_1_17' title="bbox 388 1805 2035 1879">
    <p class='ocr_par' dir='ltr' id='par_1_17' title="bbox 388 1805 2035 1879">
     <span class='ocr_line' id='line_1_17' title="bbox 388 1805 2035 1879; baseline 0.001 -18"><span class='ocrx_word' id='word_1_137' title='bbox 388 1805 691 1874; x_wconf 84' lang='lat' dir='ltr'><strong><em>uxoribus,</em></strong></span> <span class='ocrx_word' id='word_1_138' title='bbox 723 1823 866 1876; x_wconf 85' lang='lat' dir='ltr'><strong><em>quas</em></strong></span> <span class='ocrx_word' id='word_1_139' title='bbox 892 1806 1056 1877; x_wconf 89' lang='lat' dir='ltr'><strong><em>prius</em></strong></span> <span class='ocrx_word' id='word_1_140' title='bbox 1101 1824 1310 1863; x_wconf 80' lang='lat' dir='ltr'><strong><em>uxores</em></strong></span> <span class='ocrx_word' id='word_1_141' title='bbox 1341 1808 1644 1879; x_wconf 81' lang='lat' dir='ltr'><strong><em>Scriptura</em></strong></span> <span class='ocrx_word' id='word_1_142' title='bbox 1674 1809 1920 1863; x_wconf 79' lang='lat' dir='ltr'><strong><em>dixerat.</em></strong></span> <span class='ocrx_word' id='word_1_143' title='bbox 1971 1808 2035 1863; x_wconf 86' lang='lat' dir='ltr'><strong><em>Et</em></strong></span> 
     </span>
    </p>
   </div>
   <div class='ocr_carea' id='block_1_18' title="bbox 386 1896 2033 1967">
    <p class='ocr_par' dir='ltr' id='par_1_18' title="bbox 386 1896 2033 1967">
     <span class='ocr_line' id='line_1_18' title="bbox 386 1896 2033 1967; baseline 0.002 -17"><span class='ocrx_word' id='word_1_144' title='bbox 386 1896 590 1967; x_wconf 86' lang='lat' dir='ltr'><strong><em>accepit</em></strong></span> <span class='ocrx_word' id='word_1_145' title='bbox 618 1896 762 1952; x_wconf 87' lang='lat' dir='ltr'><strong><em>duas</em></strong></span> <span class='ocrx_word' id='word_1_146' title='bbox 790 1911 995 1953; x_wconf 77' lang='lat' dir='ltr'><strong><em>uxores</em></strong></span> <span class='ocrx_word' id='word_1_147' title='bbox 1022 1902 1074 1951; x_wconf 90' lang='lat' dir='ltr'><strong><em>et</em></strong></span> <span class='ocrx_word' id='word_1_148' title='bbox 1104 1896 1242 1952; x_wconf 89' lang='lat' dir='ltr'><strong><em>duas</em></strong></span> <span class='ocrx_word' id='word_1_149' title='bbox 1270 1898 1509 1952; x_wconf 86' lang='lat' dir='ltr'><strong><em>ancillas</em></strong></span> <span class='ocrx_word' id='word_1_150' title='bbox 1539 1916 1560 1953; x_wconf 89' lang='lat'><strong><em>:</em></strong></span> <span class='ocrx_word' id='word_1_151' title='bbox 1593 1897 1920 1953; x_wconf 88' lang='lat' dir='ltr'><strong><em>notandum</em></strong></span> <span class='ocrx_word' id='word_1_152' title='bbox 1942 1901 2033 1953; x_wconf 89' lang='lat' dir='ltr'><strong><em>est</em></strong></span> 
     </span>
    </p>
   </div>
   <div class='ocr_carea' id='block_1_19' title="bbox 386 1985 2029 2056">
    <p class='ocr_par' dir='ltr' id='par_1_19' title="bbox 386 1985 2029 2056">
     <span class='ocr_line' id='line_1_19' title="bbox 386 1985 2029 2056; baseline 0.001 -17"><span class='ocrx_word' id='word_1_153' title='bbox 386 1985 884 2056; x_wconf 77' lang='lat' dir='ltr'><strong><em>quemadmodum</em></strong></span> <span class='ocrx_word' id='word_1_154' title='bbox 901 1986 1564 2042; x_wconf 82' lang='lat' dir='ltr'><strong><em>dicaturconsuetudine</em></strong></span> <span class='ocrx_word' id='word_1_155' title='bbox 1576 1986 1802 2056; x_wconf 91' lang='lat' dir='ltr'><strong><em>Scriptu</em></strong></span> <span class='ocrx_word' id='word_1_156' title='bbox 1812 2002 2029 2055; x_wconf 88' lang='lat' dir='ltr'><strong><em>rarum,</em></strong></span> 
     </span>
    </p>
   </div>
   <div class='ocr_carea' id='block_1_20' title="bbox 387 2073 2029 2145">
    <p class='ocr_par' dir='ltr' id='par_1_20' title="bbox 387 2073 2029 2145">
     <span class='ocr_line' id='line_1_20' title="bbox 387 2073 2029 2145; baseline 0.002 -17"><span class='ocrx_word' id='word_1_157' title='bbox 387 2075 636 2145; x_wconf 83' lang='lat' dir='ltr'><strong><em>accepit,-</em></strong></span> <span class='ocrx_word' id='word_1_158' title='bbox 668 2090 783 2129; x_wconf 92' lang='lat' dir='ltr'><strong><em>ncn</em></strong></span> <span class='ocrx_word' id='word_1_159' title='bbox 814 2073 972 2129; x_wconf 90' lang='lat' dir='ltr'><strong><em>enim</em></strong></span> <span class='ocrx_word' id='word_1_160' title='bbox 1004 2078 1145 2130; x_wconf 90' lang='lat' dir='ltr'><strong><em>tunc</em></strong></span> <span class='ocrx_word' id='word_1_161' title='bbox 1194 2090 1293 2130; x_wconf 89' lang='lat' dir='ltr'><strong><em>eas</em></strong></span> <span class='ocrx_word' id='word_1_162' title='bbox 1326 2075 1516 2144; x_wconf 87' lang='lat' dir='ltr'><strong><em>duxit,</em></strong></span> <span class='ocrx_word' id='word_1_163' title='bbox 1548 2080 1651 2130; x_wconf 88' lang='lat' dir='ltr'><strong><em>aut</em></strong></span> <span class='ocrx_word' id='word_1_164' title='bbox 1699 2080 1841 2131; x_wconf 91' lang='lat' dir='ltr'><strong><em>tunc</em></strong></span> <span class='ocrx_word' id='word_1_165' title='bbox 1873 2092 1907 2131; x_wconf 88' lang='lat' dir='ltr'><strong><em>a</em></strong></span> <span class='ocrx_word' id='word_1_166' title='bbox 1937 2092 2029 2131; x_wconf 88' lang='lat' dir='ltr'><strong><em>so-</em></strong></span> 
     </span>
    </p>
   </div>
   <div class='ocr_carea' id='block_1_21' title="bbox 383 2162 786 2234">
    <p class='ocr_par' dir='ltr' id='par_1_21' title="bbox 383 2162 786 2234">
     <span class='ocr_line' id='line_1_21' title="bbox 383 2162 786 2234; baseline 0.002 -18"><span class='ocrx_word' id='word_1_167' title='bbox 383 2177 513 2218; x_wconf 90' lang='lat' dir='ltr'><strong><em>cero</em></strong></span> <span class='ocrx_word' id='word_1_168' title='bbox 544 2162 786 2234; x_wconf 89' lang='lat' dir='ltr'><strong><em>accepit.</em></strong></span> 
     </span>
    </p>
   </div>
   <div class='ocr_carea' id='block_1_22' title="bbox 455 2251 2031 2320">
    <p class='ocr_par' dir='ltr' id='par_1_22' title="bbox 455 2251 2031 2320">
     <span class='ocr_line' id='line_1_22' title="bbox 455 2251 2031 2320; baseline 0.002 -15"><span class='ocrx_word' id='word_1_169' title='bbox 455 2251 561 2320; x_wconf 84' lang='lat' dir='ltr'><strong><em>[1b.</em></strong></span> <span class='ocrx_word' id='word_1_170' title='bbox 595 2268 795 2320; x_wconf 77' lang='lat' dir='ltr'><strong><em>xxxiii,</em></strong></span> <span class='ocrx_word' id='word_1_171' title='bbox 819 2252 927 2319; x_wconf 91' lang='lat'><strong>13.]</strong></span> <span class='ocrx_word' id='word_1_172' title='bbox 954 2251 1115 2317; x_wconf 90' lang='lat' dir='ltr'><strong><em>Quod</em></strong></span> <span class='ocrx_word' id='word_1_173' title='bbox 1142 2251 1362 2308; x_wconf 88' lang='lat' dir='ltr'><strong><em>habent</em></strong></span> <span class='ocrx_word' id='word_1_174' title='bbox 1381 2252 1881 2320; x_wconf 88' lang='lat' dir='ltr'><strong><em>latiniccdices,Et</em></strong></span> <span class='ocrx_word' id='word_1_175' title='bbox 1908 2269 2031 2309; x_wconf 84' lang='lat' dir='ltr'><strong><em>oves</em></strong></span> 
     </span>
    </p>
   </div>
   <div class='ocr_carea' id='block_1_23' title="bbox 378 2340 2024 2414">
    <p class='ocr_par' dir='ltr' id='par_1_23' title="bbox 378 2340 2024 2414">
     <span class='ocr_line' id='line_1_23' title="bbox 378 2340 2024 2414; baseline 0.001 -18"><span class='ocrx_word' id='word_1_176' title='bbox 378 2347 433 2396; x_wconf 87' lang='lat' dir='ltr'><strong><em>et</em></strong></span> <span class='ocrx_word' id='word_1_177' title='bbox 457 2342 610 2396; x_wconf 78' lang='lat' dir='ltr'><strong><em>boves</em></strong></span> <span class='ocrx_word' id='word_1_178' title='bbox 630 2342 916 2411; x_wconf 81' lang='lat' dir='ltr'><strong><em>[etantur;</em></strong></span> <span class='ocrx_word' id='word_1_179' title='bbox 947 2341 1116 2413; x_wconf 64' lang='lat' dir='ltr'><strong><em>grisci</em></strong></span> <span class='ocrx_word' id='word_1_180' title='bbox 1148 2340 1385 2409; x_wconf 79' lang='lat' dir='ltr'><strong><em>habent,</em></strong></span> <span class='ocrx_word' id='word_1_181' title='bbox 1417 2343 1672 2413; x_wconf 83' lang='lat' dir='ltr'><strong><em>felantur</em></strong></span> <span class='ocrx_word' id='word_1_182' title='bbox 1700 2359 1866 2414; x_wconf 85' lang='lat' dir='ltr'><strong><em>super</em></strong></span> <span class='ocrx_word' id='word_1_183' title='bbox 1902 2358 2024 2398; x_wconf 87' lang='lat' dir='ltr'><strong><em>me:</em></strong></span> 
     </span>
    </p>
   </div>
   <div class='ocr_carea' id='block_1_24' title="bbox 382 2429 2027 2504">
    <p class='ocr_par' dir='ltr' id='par_1_24' title="bbox 382 2429 2027 2504">
     <span class='ocr_line' id='line_1_24' title="bbox 382 2429 2027 2504; baseline 0.002 -20"><span class='ocrx_word' id='word_1_184' title='bbox 382 2431 537 2502; x_wconf 89' lang='lat' dir='ltr'><strong><em>quod</em></strong></span> <span class='ocrx_word' id='word_1_185' title='bbox 569 2445 637 2484; x_wconf 86' lang='lat' dir='ltr'><strong><em>ea</em></strong></span> <span class='ocrx_word' id='word_1_186' title='bbox 649 2429 1075 2501; x_wconf 87' lang='lat' dir='ltr'><strong><em>signiﬁcatione</em></strong></span> <span class='ocrx_word' id='word_1_187' title='bbox 1091 2430 1314 2484; x_wconf 90' lang='lat' dir='ltr'><strong><em>dictum</em></strong></span> <span class='ocrx_word' id='word_1_188' title='bbox 1338 2434 1523 2498; x_wconf 89' lang='lat' dir='ltr'><strong><em>est,ut</em></strong></span> <span class='ocrx_word' id='word_1_189' title='bbox 1545 2430 2027 2504; x_wconf 87' lang='lat' dir='ltr'><strong><em>intelligatur,su-</em></strong></span> 
     </span>
    </p>
   </div>
   <div class='ocr_carea' id='block_1_25' title="bbox 384 2516 2028 2591">
    <p class='ocr_par' dir='ltr' id='par_1_25' title="bbox 384 2516 2028 2591">
     <span class='ocr_line' id='line_1_25' title="bbox 384 2516 2028 2591; baseline 0.001 -17"><span class='ocrx_word' id='word_1_190' title='bbox 384 2535 489 2591; x_wconf 90' lang='lat' dir='ltr'><strong><em>per</em></strong></span> <span class='ocrx_word' id='word_1_191' title='bbox 519 2516 980 2574; x_wconf 84' lang='lat' dir='ltr'><strong><em>sollicitudinem</em></strong></span> <span class='ocrx_word' id='word_1_192' title='bbox 1011 2517 1099 2573; x_wconf 85' lang='lat' dir='ltr'><strong><em>vel</em></strong></span> <span class='ocrx_word' id='word_1_193' title='bbox 1130 2535 1332 2574; x_wconf 87' lang='lat' dir='ltr'><strong><em>curam</em></strong></span> <span class='ocrx_word' id='word_1_194' title='bbox 1366 2535 1555 2574; x_wconf 83' lang='lat' dir='ltr'><strong><em>meam</em></strong></span> <span class='ocrx_word' id='word_1_195' title='bbox 1582 2537 1594 2586; x_wconf 92' lang='lat'><strong>;</strong></span> <span class='ocrx_word' id='word_1_196' title='bbox 1620 2520 1913 2591; x_wconf 91' lang='lat' dir='ltr'><strong><em>quomodo</em></strong></span> <span class='ocrx_word' id='word_1_197' title='bbox 1934 2536 2028 2576; x_wconf 89' lang='lat' dir='ltr'><strong><em>so-</em></strong></span> 
     </span>
    </p>
   </div>
   <div class='ocr_carea' id='block_1_26' title="bbox 382 2606 2028 2680">
    <p class='ocr_par' dir='ltr' id='par_1_26' title="bbox 382 2606 2028 2680">
     <span class='ocr_line' id='line_1_26' title="bbox 382 2606 2028 2680; baseline 0.001 -17"><span class='ocrx_word' id='word_1_198' title='bbox 382 2607 575 2663; x_wconf 87' lang='lat' dir='ltr'><strong><em>lemus</em></strong></span> <span class='ocrx_word' id='word_1_199' title='bbox 606 2606 791 2679; x_wconf 89' lang='lat' dir='ltr'><strong><em>loqui,</em></strong></span> <span class='ocrx_word' id='word_1_200' title='bbox 824 2623 959 2662; x_wconf 91' lang='lat' dir='ltr'><strong><em>cum</em></strong></span> <span class='ocrx_word' id='word_1_201' title='bbox 991 2607 1246 2662; x_wconf 88' lang='lat' dir='ltr'><strong><em>dicimus</em></strong></span> <span class='ocrx_word' id='word_1_202' title='bbox 1286 2625 1464 2680; x_wconf 86' lang='lat' dir='ltr'><strong><em>super</em></strong></span> <span class='ocrx_word' id='word_1_203' title='bbox 1520 2614 1697 2680; x_wconf 91' lang='lat' dir='ltr'><strong><em>caput</em></strong></span> <span class='ocrx_word' id='word_1_204' title='bbox 1756 2614 2028 2665; x_wconf 90' lang='lat' dir='ltr'><strong><em>nostrum</em></strong></span> 
     </span>
    </p>
   </div>
   <div class='ocr_carea' id='block_1_27' title="bbox 380 2695 1881 2769">
    <p class='ocr_par' dir='ltr' id='par_1_27' title="bbox 380 2695 1881 2769">
     <span class='ocr_line' id='line_1_27' title="bbox 380 2695 1881 2769; baseline -0.001 -15"><span class='ocrx_word' id='word_1_205' title='bbox 380 2713 508 2754; x_wconf 86' lang='lat' dir='ltr'><strong><em>esse</em></strong></span> <span class='ocrx_word' id='word_1_206' title='bbox 540 2695 785 2768; x_wconf 89' lang='lat' dir='ltr'><strong><em>aliquid,</em></strong></span> <span class='ocrx_word' id='word_1_207' title='bbox 818 2697 989 2767; x_wconf 82' lang='lat' dir='ltr'><strong><em>cujus</em></strong></span> <span class='ocrx_word' id='word_1_208' title='bbox 1020 2696 1337 2752; x_wconf 84' lang='lat' dir='ltr'><strong><em>maximam</em></strong></span> <span class='ocrx_word' id='word_1_209' title='bbox 1368 2713 1568 2752; x_wconf 88' lang='lat' dir='ltr'><strong><em>curam</em></strong></span> <span class='ocrx_word' id='word_1_210' title='bbox 1602 2698 1881 2769; x_wconf 82' lang='lat' dir='ltr'><strong><em>gerimus.</em></strong></span> 
     </span>
    </p>
   </div>
   <div class='ocr_carea' id='block_1_28' title="bbox 450 2802 2028 2875">
    <p class='ocr_par' dir='ltr' id='par_1_28' title="bbox 450 2802 2028 2875">
     <span class='ocr_line' id='line_1_28' title="bbox 450 2802 2028 2875; baseline 0.001 -18"><span class='ocrx_word' id='word_1_211' title='bbox 450 2804 559 2872; x_wconf 88' lang='grc'><strong>[11).</strong></span> <span class='ocrx_word' id='word_1_212' title='bbox 590 2820 783 2869; x_wconf 72' lang='lat' dir='ltr'><strong><em>xxxrv,</em></strong></span> <span class='ocrx_word' id='word_1_213' title='bbox 814 2803 893 2872; x_wconf 94' lang='lat'><strong><em>7.]</em></strong></span> <span class='ocrx_word' id='word_1_214' title='bbox 924 2804 990 2857; x_wconf 85' lang='lat' dir='ltr'><strong><em>Et</em></strong></span> <span class='ocrx_word' id='word_1_215' title='bbox 1019 2802 1131 2871; x_wconf 81' lang='lat' dir='ltr'><strong><em>ﬁlii</em></strong></span> <span class='ocrx_word' id='word_1_216' title='bbox 1158 2803 1319 2858; x_wconf 82' lang='lat' dir='ltr'><strong><em>Jacob</em></strong></span> <span class='ocrx_word' id='word_1_217' title='bbox 1347 2811 1613 2858; x_wconf 85' lang='lat' dir='ltr'><strong><em>venerunt</em></strong></span> <span class='ocrx_word' id='word_1_218' title='bbox 1638 2803 1703 2858; x_wconf 88' lang='lat' dir='ltr'><strong><em>de</em></strong></span> <span class='ocrx_word' id='word_1_219' title='bbox 1733 2819 1942 2875; x_wconf 88' lang='lat' dir='ltr'><strong><em>campo,</em></strong></span> <span class='ocrx_word' id='word_1_220' title='bbox 1974 2810 2028 2859; x_wconf 91' lang='lat' dir='ltr'><strong><em>et</em></strong></span> 
     </span>
    </p>
   </div>
   <div class='ocr_carea' id='block_1_29' title="bbox 378 2891 2026 2963">
    <p class='ocr_par' dir='ltr' id='par_1_29' title="bbox 378 2891 2026 2963">
     <span class='ocr_line' id='line_1_29' title="bbox 378 2891 2026 2963; baseline 0 -16"><span class='ocrx_word' id='word_1_221' title='bbox 378 2908 502 2948; x_wconf 90' lang='lat' dir='ltr'><strong><em>cum</em></strong></span> <span class='ocrx_word' id='word_1_222' title='bbox 527 2891 830 2957; x_wconf 82' lang='lat' dir='ltr'><strong><em>audissent,</em></strong></span> <span class='ocrx_word' id='word_1_223' title='bbox 859 2896 1168 2963; x_wconf 79' lang='lat' dir='ltr'><strong><em>compunctz</em></strong></span> <span class='ocrx_word' id='word_1_224' title='bbox 1197 2900 1325 2947; x_wconf 88' lang='lat' dir='ltr'><strong><em>sunt</em></strong></span> <span class='ocrx_word' id='word_1_225' title='bbox 1353 2894 1486 2958; x_wconf 83' lang='lat' dir='ltr'><strong><em>uiri,</em></strong></span> <span class='ocrx_word' id='word_1_226' title='bbox 1517 2898 1569 2948; x_wconf 90' lang='lat' dir='ltr'><strong><em>et</em></strong></span> <span class='ocrx_word' id='word_1_227' title='bbox 1593 2892 1748 2948; x_wconf 89' lang='lat' dir='ltr'><strong><em>triste</em></strong></span> <span class='ocrx_word' id='word_1_228' title='bbox 1767 2896 1885 2948; x_wconf 91' lang='lat' dir='ltr'><strong><em>erat</em></strong></span> <span class='ocrx_word' id='word_1_229' title='bbox 1909 2893 2026 2948; x_wconf 90' lang='lat' dir='ltr'><strong><em>illis</em></strong></span> 
     </span>
    </p>
   </div>
   <div class='ocr_carea' id='block_1_30' title="bbox 378 2979 2074 3053">
    <p class='ocr_par' dir='ltr' id='par_1_30' title="bbox 378 2979 2074 3053">
     <span class='ocr_line' id='line_1_30' title="bbox 378 2979 2074 3053; baseline -0.002 -18"><span class='ocrx_word' id='word_1_230' title='bbox 378 2980 535 3035; x_wconf 83' lang='lat' dir='ltr'><strong><em>valde</em></strong></span> <span class='ocrx_word' id='word_1_231' title='bbox 563 2982 705 3051; x_wconf 90' lang='lat' dir='ltr'><strong><em>quod</em></strong></span> <span class='ocrx_word' id='word_1_232' title='bbox 733 2984 892 3050; x_wconf 84' lang='lat' dir='ltr'><strong><em>turpe</em></strong></span> <span class='ocrx_word' id='word_1_233' title='bbox 916 2982 1118 3049; x_wconf 77' lang='lat' dir='ltr'><strong><em>fecerat</em></strong></span> <span class='ocrx_word' id='word_1_234' title='bbox 1146 2982 1202 3034; x_wconf 84' lang='lat' dir='ltr'><strong><em>in</em></strong></span> <span class='ocrx_word' id='word_1_235' title='bbox 1226 2979 1422 3049; x_wconf 79' lang='lat' dir='ltr'><strong><em>Israel,</em></strong></span> <span class='ocrx_word' id='word_1_236' title='bbox 1439 2980 1584 3053; x_wconf 87' lang='lat' dir='ltr'><strong><em>quod</em></strong></span> <span class='ocrx_word' id='word_1_237' title='bbox 1597 2980 1880 3037; x_wconf 83' lang='lat' dir='ltr'><strong><em>dormisset</em></strong></span> <span class='ocrx_word' id='word_1_238' title='bbox 1900 2997 2026 3037; x_wconf 91' lang='lat' dir='ltr'><strong><em>cum</em></strong></span> <span class='ocrx_word' id='word_1_239' title='bbox 2072 3029 2074 3031; x_wconf 74' lang='lat'><strong><em>.</em></strong></span> 
     </span>
    </p>
   </div>
   <div class='ocr_carea' id='block_1_31' title="bbox 378 3069 2022 3143">
    <p class='ocr_par' dir='ltr' id='par_1_31' title="bbox 378 3069 2022 3143">
     <span class='ocr_line' id='line_1_31' title="bbox 378 3069 2022 3143; baseline 0.001 -18"><span class='ocrx_word' id='word_1_240' title='bbox 378 3070 502 3139; x_wconf 81' lang='lat' dir='ltr'><strong><em>ﬁlia</em></strong></span> <span class='ocrx_word' id='word_1_241' title='bbox 529 3069 720 3136; x_wconf 81' lang='lat' dir='ltr'><strong><em>Jacob,</em></strong></span> <span class='ocrx_word' id='word_1_242' title='bbox 746 3072 931 3126; x_wconf 88' lang='lat' dir='ltr'><strong><em>etnon</em></strong></span> <span class='ocrx_word' id='word_1_243' title='bbox 949 3070 1029 3124; x_wconf 84' lang='lat' dir='ltr'><strong><em>sic</em></strong></span> <span class='ocrx_word' id='word_1_244' title='bbox 1044 3071 1151 3124; x_wconf 89' lang='lat' dir='ltr'><strong><em>erit</em></strong></span> <span class='ocrx_word' id='word_1_245' title='bbox 1178 3086 1191 3125; x_wconf 90' lang='lat'><strong>:</strong></span> <span class='ocrx_word' id='word_1_246' title='bbox 1214 3069 1452 3125; x_wconf 85' lang='lat' dir='ltr'><strong><em>difﬁcile</em></strong></span> <span class='ocrx_word' id='word_1_247' title='bbox 1466 3069 1599 3125; x_wconf 87' lang='lat' dir='ltr'><strong><em>talis</em></strong></span> <span class='ocrx_word' id='word_1_248' title='bbox 1623 3069 1837 3126; x_wconf 91' lang='lat' dir='ltr'><strong><em>locutio</em></strong></span> <span class='ocrx_word' id='word_1_249' title='bbox 1859 3086 2022 3143; x_wconf 90' lang='lat' dir='ltr'><strong><em>repe-</em></strong></span> 
     </span>
    </p>
   </div>
   <div class='ocr_carea' id='block_1_32' title="bbox 378 3157 2023 3231">
    <p class='ocr_par' dir='ltr' id='par_1_32' title="bbox 378 3157 2023 3231">
     <span class='ocr_line' id='line_1_32' title="bbox 378 3157 2023 3231; baseline 0.002 -18"><span class='ocrx_word' id='word_1_250' title='bbox 378 3157 529 3214; x_wconf 92' lang='lat' dir='ltr'><strong><em>ritur</em></strong></span> <span class='ocrx_word' id='word_1_251' title='bbox 558 3159 618 3214; x_wconf 92' lang='lat' dir='ltr'><strong><em>in</em></strong></span> <span class='ocrx_word' id='word_1_252' title='bbox 652 3158 991 3230; x_wconf 89' lang='lat' dir='ltr'><strong><em>Scripturis,</em></strong></span> <span class='ocrx_word' id='word_1_253' title='bbox 1025 3174 1139 3213; x_wconf 92' lang='lat' dir='ltr'><strong><em>non</em></strong></span> <span class='ocrx_word' id='word_1_254' title='bbox 1181 3157 1427 3214; x_wconf 89' lang='lat' dir='ltr'><strong><em>inducta</em></strong></span> <span class='ocrx_word' id='word_1_255' title='bbox 1477 3174 1729 3230; x_wconf 88' lang='lat' dir='ltr'><strong><em>persona</em></strong></span> <span class='ocrx_word' id='word_1_256' title='bbox 1779 3159 2023 3231; x_wconf 87' lang='lat' dir='ltr'><strong><em>loquen-</em></strong></span> 
     </span>
    </p>
   </div>
   <div class='ocr_carea' id='block_1_33' title="bbox 374 3246 2020 3319">
    <p class='ocr_par' dir='ltr' id='par_1_33' title="bbox 374 3246 2020 3319">
     <span class='ocr_line' id='line_1_33' title="bbox 374 3246 2020 3319; baseline 0 -16"><span class='ocrx_word' id='word_1_257' title='bbox 374 3247 523 3303; x_wconf 90' lang='lat' dir='ltr'><strong><em>tium</em></strong></span> <span class='ocrx_word' id='word_1_258' title='bbox 550 3246 896 3319; x_wconf 85' lang='lat' dir='ltr'><strong><em>scriptorem</em></strong></span> <span class='ocrx_word' id='word_1_259' title='bbox 933 3246 1108 3302; x_wconf 88' lang='lat' dir='ltr'><strong><em>verba</em></strong></span> <span class='ocrx_word' id='word_1_260' title='bbox 1156 3262 1359 3301; x_wconf 91' lang='lat' dir='ltr'><strong><em>eorum</em></strong></span> <span class='ocrx_word' id='word_1_261' title='bbox 1411 3247 1860 3317; x_wconf 86' lang='lat' dir='ltr'><strong><em>interposuisse:</em></strong></span> <span class='ocrx_word' id='word_1_262' title='bbox 1906 3265 2020 3305; x_wconf 90' lang='lat' dir='ltr'><strong><em>non</em></strong></span> 
     </span>
    </p>
   </div>
   <div class='ocr_carea' id='block_1_34' title="bbox 376 3334 2022 3402">
    <p class='ocr_par' dir='ltr' id='par_1_34' title="bbox 376 3334 2022 3402">
     <span class='ocr_line' id='line_1_34' title="bbox 376 3334 2022 3402; baseline 0 -10"><span class='ocrx_word' id='word_1_263' title='bbox 376 3336 534 3392; x_wconf 88' lang='lat' dir='ltr'><strong><em>enim</em></strong></span> <span class='ocrx_word' id='word_1_264' title='bbox 549 3337 712 3402; x_wconf 87' lang='lat' dir='ltr'><strong><em>ait,et</em></strong></span> <span class='ocrx_word' id='word_1_265' title='bbox 734 3335 1038 3391; x_wconf 89' lang='lat' dir='ltr'><strong><em>dixerunt:</em></strong></span> <span class='ocrx_word' id='word_1_266' title='bbox 1063 3335 1164 3390; x_wconf 88' lang='lat' dir='ltr'><strong><em>sed</em></strong></span> <span class='ocrx_word' id='word_1_267' title='bbox 1196 3334 1307 3389; x_wconf 84' lang='lat' dir='ltr'><strong><em>hoc</em></strong></span> <span class='ocrx_word' id='word_1_268' title='bbox 1329 3335 1508 3391; x_wconf 90' lang='lat' dir='ltr'><strong><em>tacito</em></strong></span> <span class='ocrx_word' id='word_1_269' title='bbox 1529 3336 1706 3392; x_wconf 86' lang='lat' dir='ltr'><strong><em>verba</em></strong></span> <span class='ocrx_word' id='word_1_270' title='bbox 1734 3336 1880 3392; x_wconf 87' lang='lat' dir='ltr'><strong><em>dixit</em></strong></span> <span class='ocrx_word' id='word_1_271' title='bbox 1926 3352 2022 3393; x_wconf 89' lang='lat' dir='ltr'><strong><em>eo-</em></strong></span> 
     </span>
    </p>
   </div>
   <div class='ocr_carea' id='block_1_35' title="bbox 376 3422 2018 3496">
    <p class='ocr_par' dir='ltr' id='par_1_35' title="bbox 376 3422 2018 3496">
     <span class='ocr_line' id='line_1_35' title="bbox 376 3422 2018 3496; baseline 0.002 -18"><span class='ocrx_word' id='word_1_272' title='bbox 376 3441 513 3479; x_wconf 89' lang='lat' dir='ltr'><strong><em>rum</em></strong></span> <span class='ocrx_word' id='word_1_273' title='bbox 540 3440 553 3479; x_wconf 88' lang='lat'>:</span> <span class='ocrx_word' id='word_1_274' title='bbox 582 3441 717 3479; x_wconf 89' lang='lat' dir='ltr'><strong><em>nam</em></strong></span> <span class='ocrx_word' id='word_1_275' title='bbox 744 3423 843 3495; x_wconf 88' lang='lat' dir='ltr'><strong><em>qui</em></strong></span> <span class='ocrx_word' id='word_1_276' title='bbox 872 3422 967 3479; x_wconf 90' lang='lat' dir='ltr'><strong><em>alii</em></strong></span> <span class='ocrx_word' id='word_1_277' title='bbox 991 3423 1183 3479; x_wconf 86' lang='lat' dir='ltr'><strong><em>dicere</em></strong></span> <span class='ocrx_word' id='word_1_278' title='bbox 1229 3427 1623 3495; x_wconf 81' lang='lat' dir='ltr'><strong><em>potuerunt,et</em></strong></span> <span class='ocrx_word' id='word_1_279' title='bbox 1650 3440 1759 3481; x_wconf 85' lang='lat' dir='ltr'><strong><em>non</em></strong></span> <span class='ocrx_word' id='word_1_280' title='bbox 1789 3428 1869 3481; x_wconf 89' lang='lat' dir='ltr'><strong><em>sic</em></strong></span> <span class='ocrx_word' id='word_1_281' title='bbox 1892 3428 2018 3496; x_wconf 89' lang='lat' dir='ltr'><strong><em>erit,</em></strong></span> 
     </span>
    </p>
   </div>
   <div class='ocr_carea' id='block_1_36' title="bbox 375 3511 2021 3584">
    <p class='ocr_par' dir='ltr' id='par_1_36' title="bbox 375 3511 2021 3584">
     <span class='ocr_line' id='line_1_36' title="bbox 375 3511 2021 3584; baseline 0.002 -17"><span class='ocrx_word' id='word_1_282' title='bbox 375 3512 490 3569; x_wconf 90' lang='lat' dir='ltr'><strong><em>nisi</em></strong></span> <span class='ocrx_word' id='word_1_283' title='bbox 521 3512 623 3583; x_wconf 91' lang='lat' dir='ltr'><strong><em>qui</em></strong></span> <span class='ocrx_word' id='word_1_284' title='bbox 653 3513 906 3584; x_wconf 81' lang='lat' dir='ltr'><strong><em>graviter</em></strong></span> <span class='ocrx_word' id='word_1_285' title='bbox 936 3511 1224 3583; x_wconf 85' lang='lat' dir='ltr'><strong><em>indignati</em></strong></span> <span class='ocrx_word' id='word_1_286' title='bbox 1249 3512 1565 3569; x_wconf 83' lang='lat' dir='ltr'><strong><em>vindictam</em></strong></span> <span class='ocrx_word' id='word_1_287' title='bbox 1592 3513 2021 3570; x_wconf 80' lang='lat' dir='ltr'><strong><em>moliebantur?</em></strong></span> 
     </span>
    </p>
   </div>
   <div class='ocr_carea' id='block_1_37' title="bbox 449 3616 2020 3691">
    <p class='ocr_par' dir='ltr' id='par_1_37' title="bbox 449 3616 2020 3691">
     <span class='ocr_line' id='line_1_37' title="bbox 449 3616 2020 3691; baseline 0.003 -18"><span class='ocrx_word' id='word_1_288' title='bbox 449 3619 557 3690; x_wconf 85' lang='lat' dir='ltr'><strong><em>[1b.</em></strong></span> <span class='ocrx_word' id='word_1_289' title='bbox 590 3619 645 3689; x_wconf 90' lang='lat'><strong>8]</strong></span> <span class='ocrx_word' id='word_1_290' title='bbox 675 3616 1007 3672; x_wconf 87' lang='lat' dir='ltr'><strong><em>Notandum</em></strong></span> <span class='ocrx_word' id='word_1_291' title='bbox 1041 3619 1194 3689; x_wconf 90' lang='lat' dir='ltr'><strong><em>quod</em></strong></span> <span class='ocrx_word' id='word_1_292' title='bbox 1231 3618 1466 3673; x_wconf 88' lang='lat' dir='ltr'><strong><em>Emmor</em></strong></span> <span class='ocrx_word' id='word_1_293' title='bbox 1494 3617 1739 3691; x_wconf 90' lang='lat' dir='ltr'><strong><em>loquens</em></strong></span> <span class='ocrx_word' id='word_1_294' title='bbox 1767 3621 1838 3676; x_wconf 89' lang='lat' dir='ltr'><strong><em>de</em></strong></span> <span class='ocrx_word' id='word_1_295' title='bbox 1870 3621 2020 3679; x_wconf 88' lang='lat' dir='ltr'><strong><em>Dina</em></strong></span> 
     </span>
    </p>
   </div>
   <div class='ocr_carea' id='block_1_38' title="bbox 377 3705 2014 3777">
    <p class='ocr_par' dir='ltr' id='par_1_38' title="bbox 377 3705 2014 3777">
     <span class='ocr_line' id='line_1_38' title="bbox 377 3705 2014 3777; baseline 0.003 -15"><span class='ocrx_word' id='word_1_296' title='bbox 377 3707 449 3762; x_wconf 88' lang='lat' dir='ltr'><strong><em>ad</em></strong></span> <span class='ocrx_word' id='word_1_297' title='bbox 479 3706 659 3763; x_wconf 87' lang='lat' dir='ltr'><strong><em>Jacob</em></strong></span> <span class='ocrx_word' id='word_1_298' title='bbox 691 3711 748 3762; x_wconf 89' lang='lat' dir='ltr'><strong><em>et</em></strong></span> <span class='ocrx_word' id='word_1_299' title='bbox 778 3710 833 3761; x_wconf 91' lang='lat' dir='ltr'><strong><em>et</em></strong></span> <span class='ocrx_word' id='word_1_300' title='bbox 865 3705 1014 3761; x_wconf 84' lang='lat' dir='ltr'><strong><em>ﬁlios</em></strong></span> <span class='ocrx_word' id='word_1_301' title='bbox 1046 3707 1196 3777; x_wconf 89' lang='lat' dir='ltr'><strong><em>ejus,</em></strong></span> <span class='ocrx_word' id='word_1_302' title='bbox 1228 3707 1407 3777; x_wconf 84' lang='lat' dir='ltr'><strong><em>ﬁliam</em></strong></span> <span class='ocrx_word' id='word_1_303' title='bbox 1432 3707 1574 3763; x_wconf 88' lang='lat' dir='ltr'><strong><em>dicit</em></strong></span> <span class='ocrx_word' id='word_1_304' title='bbox 1602 3714 1838 3765; x_wconf 88' lang='lat' dir='ltr'><strong><em>vestram</em></strong></span> <span class='ocrx_word' id='word_1_305' title='bbox 1862 3726 1875 3777; x_wconf 88' lang='lat'><strong>;</strong></span> <span class='ocrx_word' id='word_1_306' title='bbox 1900 3727 2014 3768; x_wconf 91' lang='lat' dir='ltr'><strong><em>non</em></strong></span> 
     </span>
    </p>
   </div>
   <div class='ocr_carea' id='block_1_39' title="bbox 366 3795 1572 3862">
    <p class='ocr_par' dir='ltr' id='par_1_39' title="bbox 366 3795 1572 3862">
     <span class='ocr_line' id='line_1_39' title="bbox 366 3795 1572 3862; baseline 0.001 -10"><span class='ocrx_word' id='word_1_307' title='bbox 366 3796 530 3861; x_wconf 91' lang='lat' dir='ltr'><strong><em>dicit,</em></strong></span> <span class='ocrx_word' id='word_1_308' title='bbox 568 3795 748 3851; x_wconf 88' lang='lat' dir='ltr'><strong><em>ﬁliam</em></strong></span> <span class='ocrx_word' id='word_1_309' title='bbox 782 3800 968 3862; x_wconf 87' lang='lat' dir='ltr'><strong><em>tuam,</em></strong></span> <span class='ocrx_word' id='word_1_310' title='bbox 1010 3812 1269 3851; x_wconf 86' lang='lat' dir='ltr'><strong><em>sororem</em></strong></span> <span class='ocrx_word' id='word_1_311' title='bbox 1303 3797 1572 3853; x_wconf 91' lang='lat' dir='ltr'><strong><em>istorum.</em></strong></span> 
     </span>
    </p>
   </div>
   <div class='ocr_carea' id='block_1_40' title="bbox 437 3884 2017 3959">
    <p class='ocr_par' dir='ltr' id='par_1_40' title="bbox 437 3884 2017 3959">
     <span class='ocr_line' id='line_1_40' title="bbox 437 3884 2017 3959; baseline 0.004 -18"><span class='ocrx_word' id='word_1_312' title='bbox 437 3886 546 3957; x_wconf 87' lang='grc'><strong>[11).</strong></span> <span class='ocrx_word' id='word_1_313' title='bbox 590 3886 676 3957; x_wconf 86' lang='grc'><strong><em>15,</em></strong></span> <span class='ocrx_word' id='word_1_314' title='bbox 711 3886 820 3956; x_wconf 93' lang='lat'><strong>16.]</strong></span> <span class='ocrx_word' id='word_1_315' title='bbox 852 3885 914 3940; x_wconf 91' lang='lat' dir='ltr'><strong><em>In</em></strong></span> <span class='ocrx_word' id='word_1_316' title='bbox 948 3884 1049 3941; x_wconf 82' lang='lat' dir='ltr'><strong><em>hoc</em></strong></span> <span class='ocrx_word' id='word_1_317' title='bbox 1069 3886 1279 3941; x_wconf 86' lang='lat' dir='ltr'><strong><em>similes</em></strong></span> <span class='ocrx_word' id='word_1_318' title='bbox 1306 3886 1516 3942; x_wconf 85' lang='lat' dir='ltr'><strong><em>erimus</em></strong></span> <span class='ocrx_word' id='word_1_319' title='bbox 1545 3887 1715 3959; x_wconf 83' lang='lat' dir='ltr'><strong><em>vobis,</em></strong></span> <span class='ocrx_word' id='word_1_320' title='bbox 1736 3897 1789 3945; x_wconf 90' lang='lat' dir='ltr'><strong><em>et</em></strong></span> <span class='ocrx_word' id='word_1_321' title='bbox 1806 3890 2017 3947; x_wconf 83' lang='lat' dir='ltr'><strong><em>habita-</em></strong></span> 
     </span>
    </p>
   </div>
   <div class='ocr_carea' id='block_1_41' title="bbox 363 3974 1407 4043">
    <p class='ocr_par' dir='ltr' id='par_1_41' title="bbox 363 3974 1407 4043">
     <span class='ocr_line' id='line_1_41' title="bbox 363 3974 1407 4043; baseline 0.001 -13"><span class='ocrx_word' id='word_1_322' title='bbox 363 3974 542 4031; x_wconf 89' lang='lat' dir='ltr'><strong><em>bimus</em></strong></span> <span class='ocrx_word' id='word_1_323' title='bbox 571 3977 633 4029; x_wconf 85' lang='lat' dir='ltr'><strong><em>in</em></strong></span> <span class='ocrx_word' id='word_1_324' title='bbox 660 3975 840 4031; x_wconf 82' lang='lat' dir='ltr'><strong><em>vobis:</em></strong></span> <span class='ocrx_word' id='word_1_325' title='bbox 874 3975 931 4029; x_wconf 94' lang='lat' dir='ltr'><strong><em>id</em></strong></span> <span class='ocrx_word' id='word_1_326' title='bbox 963 3979 1071 4043; x_wconf 88' lang='lat' dir='ltr'><strong><em>est,</em></strong></span> <span class='ocrx_word' id='word_1_327' title='bbox 1105 3974 1257 4030; x_wconf 90' lang='lat' dir='ltr'><strong><em>inter</em></strong></span> <span class='ocrx_word' id='word_1_328' title='bbox 1285 3991 1407 4031; x_wconf 86' lang='lat' dir='ltr'><strong><em>vos.</em></strong></span> 
     </span>
    </p>
   </div>
   <div class='ocr_carea' id='block_1_42' title="bbox 434 4064 2009 4143">
    <p class='ocr_par' dir='ltr' id='par_1_42' title="bbox 434 4064 2009 4143">
     <span class='ocr_line' id='line_1_42' title="bbox 434 4064 2009 4143; baseline 0.006 -25"><span class='ocrx_word' id='word_1_329' title='bbox 434 4064 544 4136; x_wconf 89' lang='grc'><strong>[11).</strong></span> <span class='ocrx_word' id='word_1_330' title='bbox 582 4064 693 4135; x_wconf 89' lang='grc'><strong>19.]</strong></span> <span class='ocrx_word' id='word_1_331' title='bbox 722 4065 1016 4136; x_wconf 81' lang='lat' dir='ltr'><strong><em>Appositus</em></strong></span> <span class='ocrx_word' id='word_1_332' title='bbox 1045 4066 1196 4120; x_wconf 90' lang='lat' dir='ltr'><strong><em>enim</em></strong></span> <span class='ocrx_word' id='word_1_333' title='bbox 1225 4072 1348 4120; x_wconf 79' lang='lat' dir='ltr'><strong><em>erat</em></strong></span> <span class='ocrx_word' id='word_1_334' title='bbox 1374 4065 1513 4136; x_wconf 59' lang='lat' dir='ltr'><strong><em>filim</em></strong></span> <span class='ocrx_word' id='word_1_335' title='bbox 1538 4066 1699 4123; x_wconf 86' lang='lat' dir='ltr'><strong><em>Jacob</em></strong></span> <span class='ocrx_word' id='word_1_336' title='bbox 1728 4085 1745 4121; x_wconf 90' lang='lat'><strong><em>:</em></strong></span> <span class='ocrx_word' id='word_1_337' title='bbox 1793 4066 1852 4123; x_wconf 90' lang='lat' dir='ltr'><strong><em>id</em></strong></span> <span class='ocrx_word' id='word_1_338' title='bbox 1900 4074 2009 4143; x_wconf 88' lang='lat' dir='ltr'><strong><em>est,</em></strong></span> 
     </span>
    </p>
   </div>
   <div class='ocr_carea' id='block_1_43' title="bbox 362 4152 781 4209">
    <p class='ocr_par' dir='ltr' id='par_1_43' title="bbox 362 4152 781 4209">
     <span class='ocr_line' id='line_1_43' title="bbox 362 4152 781 4209; baseline 0.005 -2"><span class='ocrx_word' id='word_1_339' title='bbox 362 4152 600 4208; x_wconf 90' lang='lat' dir='ltr'><strong><em>amabat</em></strong></span> <span class='ocrx_word' id='word_1_340' title='bbox 630 4169 781 4209; x_wconf 87' lang='lat' dir='ltr'><strong><em>eam.</em></strong></span> 
     </span>
    </p>
   </div>
   <div class='ocr_carea' id='block_1_44' title="bbox 441 4240 2009 4314">
    <p class='ocr_par' dir='ltr' id='par_1_44' title="bbox 441 4240 2009 4314">
     <span class='ocr_line' id='line_1_44' title="bbox 441 4240 2009 4314; baseline 0.007 -19"><span class='ocrx_word' id='word_1_341' title='bbox 441 4240 551 4311; x_wconf 91' lang='grc'><strong>[11).</strong></span> <span class='ocrx_word' id='word_1_342' title='bbox 583 4241 699 4312; x_wconf 83' lang='grc'><strong><em>26.]</em></strong></span> <span class='ocrx_word' id='word_1_343' title='bbox 735 4243 796 4295; x_wconf 87' lang='lat' dir='ltr'><strong><em>Et</em></strong></span> <span class='ocrx_word' id='word_1_344' title='bbox 823 4242 1004 4311; x_wconf 83' lang='lat' dir='ltr'><strong><em>ﬁlium</em></strong></span> <span class='ocrx_word' id='word_1_345' title='bbox 1034 4244 1153 4314; x_wconf 88' lang='lat' dir='ltr'><strong><em>ejus</em></strong></span> <span class='ocrx_word' id='word_1_346' title='bbox 1184 4241 1403 4298; x_wconf 83' lang='lat' dir='ltr'><strong><em>Sichem</em></strong></span> <span class='ocrx_word' id='word_1_347' title='bbox 1432 4244 1801 4301; x_wconf 81' lang='lat' dir='ltr'><strong><em>interecerunt</em></strong></span> <span class='ocrx_word' id='word_1_348' title='bbox 1826 4248 1887 4303; x_wconf 85' lang='lat' dir='ltr'><strong><em>in</em></strong></span> <span class='ocrx_word' id='word_1_349' title='bbox 1916 4264 2009 4306; x_wconf 87' lang='lat' dir='ltr'><strong><em>ore</em></strong></span> 
     </span>
    </p>
   </div>
   <div class='ocr_carea' id='block_1_45' title="bbox 361 4328 1279 4402">
    <p class='ocr_par' dir='ltr' id='par_1_45' title="bbox 361 4328 1279 4402">
     <span class='ocr_line' id='line_1_45' title="bbox 361 4328 1279 4402; baseline 0.002 -19"><span class='ocrx_word' id='word_1_350' title='bbox 361 4328 540 4398; x_wconf 78' lang='lat' dir='ltr'><strong><em>gladii</em></strong></span> <span class='ocrx_word' id='word_1_351' title='bbox 564 4346 583 4383; x_wconf 88' lang='lat'><em>:</em></span> <span class='ocrx_word' id='word_1_352' title='bbox 614 4345 680 4384; x_wconf 89' lang='lat' dir='ltr'><strong><em>ac</em></strong></span> <span class='ocrx_word' id='word_1_353' title='bbox 713 4329 761 4385; x_wconf 88' lang='lat' dir='ltr'><strong><em>si</em></strong></span> <span class='ocrx_word' id='word_1_354' title='bbox 794 4330 1033 4396; x_wconf 89' lang='lat' dir='ltr'><strong><em>diceret,</em></strong></span> <span class='ocrx_word' id='word_1_355' title='bbox 1064 4329 1279 4402; x_wconf 87' lang='lat' dir='ltr'><strong><em>gladio.</em></strong></span> 
     </span>
    </p>
   </div>
   <div class='ocr_carea' id='block_1_46' title="bbox 428 4434 2005 4509">
    <p class='ocr_par' dir='ltr' id='par_1_46' title="bbox 428 4434 2005 4509">
     <span class='ocr_line' id='line_1_46' title="bbox 428 4434 2005 4509; baseline 0.006 -18"><span class='ocrx_word' id='word_1_356' title='bbox 428 4435 535 4509; x_wconf 89' lang='grc'><strong>[11).</strong></span> <span class='ocrx_word' id='word_1_357' title='bbox 566 4434 659 4504; x_wconf 83' lang='grc'><strong><em>28,</em></strong></span> <span class='ocrx_word' id='word_1_358' title='bbox 678 4435 795 4508; x_wconf 87' lang='grc'><strong>29.]</strong></span> <span class='ocrx_word' id='word_1_359' title='bbox 817 4435 952 4500; x_wconf 70' lang='lat' dir='ltr'><strong><em>Qum</em></strong></span> <span class='ocrx_word' id='word_1_360' title='bbox 974 4434 1466 4492; x_wconf 88' lang='lat' dir='ltr'><strong><em>abstuleruntﬁlii</em></strong></span> <span class='ocrx_word' id='word_1_361' title='bbox 1485 4438 1664 4496; x_wconf 89' lang='lat' dir='ltr'><strong><em>Jacob</em></strong></span> <span class='ocrx_word' id='word_1_362' title='bbox 1693 4441 2005 4502; x_wconf 90' lang='lat' dir='ltr'><strong><em>decivitate</em></strong></span> 
     </span>
    </p>
   </div>
   <div class='ocr_carea' id='block_1_47' title="bbox 351 4523 2000 4600">
    <p class='ocr_par' dir='ltr' id='par_1_47' title="bbox 351 4523 2000 4600">
     <span class='ocr_line' id='line_1_47' title="bbox 351 4523 2000 4600; baseline 0.005 -19"><span class='ocrx_word' id='word_1_363' title='bbox 351 4524 743 4583; x_wconf 89' lang='lat' dir='ltr'><strong><em>Sicbimorum</em></strong></span> <span class='ocrx_word' id='word_1_364' title='bbox 765 4523 1121 4595; x_wconf 87' lang='lat' dir='ltr'><strong><em>Salem,cum</em></strong></span> <span class='ocrx_word' id='word_1_365' title='bbox 1138 4541 1266 4581; x_wconf 88' lang='lat' dir='ltr'><strong><em>eam</em></strong></span> <span class='ocrx_word' id='word_1_366' title='bbox 1290 4531 1838 4600; x_wconf 84' lang='lat' dir='ltr'><strong><em>expugnassent,sic</em></strong></span> <span class='ocrx_word' id='word_1_367' title='bbox 1856 4550 2000 4591; x_wconf 84' lang='lat' dir='ltr'><strong><em>enu-</em></strong></span> 
     </span>
    </p>
   </div>
   <div class='ocr_carea' id='block_1_48' title="bbox 351 4613 1999 4685">
    <p class='ocr_par' dir='ltr' id='par_1_48' title="bbox 351 4613 1999 4685">
     <span class='ocr_line' id='line_1_48' title="bbox 351 4613 1999 4685; baseline 0.006 -15"><span class='ocrx_word' id='word_1_368' title='bbox 351 4618 692 4671; x_wconf 77' lang='lat' dir='ltr'><strong><em>merentur:</em></strong></span> <span class='ocrx_word' id='word_1_369' title='bbox 726 4613 858 4671; x_wconf 89' lang='lat' dir='ltr'><strong><em>Oves</em></strong></span> <span class='ocrx_word' id='word_1_370' title='bbox 887 4629 1092 4681; x_wconf 90' lang='lat' dir='ltr'><strong><em>eorum,</em></strong></span> <span class='ocrx_word' id='word_1_371' title='bbox 1125 4620 1179 4669; x_wconf 85' lang='lat' dir='ltr'><strong><em>et</em></strong></span> <span class='ocrx_word' id='word_1_372' title='bbox 1211 4615 1361 4671; x_wconf 88' lang='lat' dir='ltr'><strong><em>boves</em></strong></span> <span class='ocrx_word' id='word_1_373' title='bbox 1389 4632 1597 4685; x_wconf 86' lang='lat' dir='ltr'><strong><em>eorum,</em></strong></span> <span class='ocrx_word' id='word_1_374' title='bbox 1629 4625 1680 4674; x_wconf 92' lang='lat' dir='ltr'><strong><em>et</em></strong></span> <span class='ocrx_word' id='word_1_375' title='bbox 1705 4621 1887 4677; x_wconf 85' lang='lat' dir='ltr'><strong><em>asinos</em></strong></span> <span class='ocrx_word' id='word_1_376' title='bbox 1916 4639 1999 4680; x_wconf 89' lang='lat' dir='ltr'><strong><em>eo-</em></strong></span> 
     </span>
    </p>
   </div>
   <div class='ocr_carea' id='block_1_49' title="bbox 346 4703 1997 4779">
    <p class='ocr_par' dir='ltr' id='par_1_49' title="bbox 346 4703 1997 4779">
     <span class='ocr_line' id='line_1_49' title="bbox 346 4703 1997 4779; baseline 0.008 -22"><span class='ocrx_word' id='word_1_377' title='bbox 346 4720 495 4774; x_wconf 84' lang='lat' dir='ltr'><strong><em>rum,</em></strong></span> <span class='ocrx_word' id='word_1_378' title='bbox 527 4719 878 4775; x_wconf 73' lang='lat' dir='ltr'><strong><em>quaecumque</em></strong></span> <span class='ocrx_word' id='word_1_379' title='bbox 890 4704 1121 4759; x_wconf 83' lang='lat' dir='ltr'><strong><em>erantin</em></strong></span> <span class='ocrx_word' id='word_1_380' title='bbox 1137 4703 1224 4760; x_wconf 84' lang='lat' dir='ltr'><strong><em>civ</em></strong></span> <span class='ocrx_word' id='word_1_381' title='bbox 1233 4705 1385 4774; x_wconf 88' lang='lat' dir='ltr'><strong><em>itate,</em></strong></span> <span class='ocrx_word' id='word_1_382' title='bbox 1399 4706 1449 4760; x_wconf 84' lang='lat' dir='ltr'><strong><em>et</em></strong></span> <span class='ocrx_word' id='word_1_383' title='bbox 1461 4720 1818 4779; x_wconf 66' lang='lat' dir='ltr'><strong><em>quaecumque</em></strong></span> <span class='ocrx_word' id='word_1_384' title='bbox 1837 4721 1997 4771; x_wconf 90' lang='lat' dir='ltr'><strong><em>erant</em></strong></span> 
     </span>
    </p>
   </div>
   <div class='ocr_carea' id='block_1_50' title="bbox 346 4792 1997 4869">
    <p class='ocr_par' dir='ltr' id='par_1_50' title="bbox 346 4792 1997 4869">
     <span class='ocr_line' id='line_1_50' title="bbox 346 4792 1997 4869; baseline 0.008 -23"><span class='ocrx_word' id='word_1_385' title='bbox 346 4794 409 4847; x_wconf 86' lang='lat' dir='ltr'><strong><em>in</em></strong></span> <span class='ocrx_word' id='word_1_386' title='bbox 438 4808 629 4863; x_wconf 89' lang='lat' dir='ltr'><strong><em>campo</em></strong></span> <span class='ocrx_word' id='word_1_387' title='bbox 660 4792 947 4859; x_wconf 85' lang='lat' dir='ltr'><strong><em>tulerunt;</em></strong></span> <span class='ocrx_word' id='word_1_388' title='bbox 973 4797 1022 4848; x_wconf 86' lang='lat' dir='ltr'><strong><em>et</em></strong></span> <span class='ocrx_word' id='word_1_389' title='bbox 1037 4795 1227 4849; x_wconf 87' lang='lat' dir='ltr'><strong><em>omnia</em></strong></span> <span class='ocrx_word' id='word_1_390' title='bbox 1244 4809 1469 4865; x_wconf 85' lang='lat' dir='ltr'><strong><em>corpora</em></strong></span> <span class='ocrx_word' id='word_1_391' title='bbox 1492 4810 1681 4851; x_wconf 88' lang='lat' dir='ltr'><strong><em>eorum</em></strong></span> <span class='ocrx_word' id='word_1_392' title='bbox 1696 4801 1997 4869; x_wconf 79' lang='lat' dir='ltr'><strong><em>captivave-</em></strong></span> 
     </span>
    </p>
   </div>
   <div class='ocr_carea' id='block_1_51' title="bbox 344 4881 1995 4961">
    <p class='ocr_par' dir='ltr' id='par_1_51' title="bbox 344 4881 1995 4961">
     <span class='ocr_line' id='line_1_51' title="bbox 344 4881 1995 4961; baseline 0.008 -27"><span class='ocrx_word' id='word_1_393' title='bbox 344 4883 550 4949; x_wconf 85' lang='lat' dir='ltr'><strong><em>runt,et</em></strong></span> <span class='ocrx_word' id='word_1_394' title='bbox 562 4881 916 4953; x_wconf 85' lang='lat' dir='ltr'><strong><em>diripuerunt</em></strong></span> <span class='ocrx_word' id='word_1_395' title='bbox 928 4897 1282 4954; x_wconf 51' lang='lat' dir='ltr'><strong><em>quacumque</em></strong></span> <span class='ocrx_word' id='word_1_396' title='bbox 1294 4888 1455 4938; x_wconf 86' lang='lat' dir='ltr'><strong><em>erant</em></strong></span> <span class='ocrx_word' id='word_1_397' title='bbox 1469 4884 1528 4939; x_wconf 84' lang='lat' dir='ltr'><strong><em>in</em></strong></span> <span class='ocrx_word' id='word_1_398' title='bbox 1538 4886 1842 4955; x_wconf 86' lang='lat' dir='ltr'><strong><em>civitate,et</em></strong></span> <span class='ocrx_word' id='word_1_399' title='bbox 1853 4907 1995 4961; x_wconf 65' lang='lat' dir='ltr'><strong><em>qum-</em></strong></span> 
     </span>
    </p>
   </div>
   <div class='ocr_carea' id='block_1_52' title="bbox 339 4970 1993 5041">
    <p class='ocr_par' dir='ltr' id='par_1_52' title="bbox 339 4970 1993 5041">
     <span class='ocr_line' id='line_1_52' title="bbox 339 4970 1993 5041; baseline 0.007 -17"><span class='ocrx_word' id='word_1_400' title='bbox 339 4985 570 5041; x_wconf 81' lang='lat' dir='ltr'><strong><em>cumque</em></strong></span> <span class='ocrx_word' id='word_1_401' title='bbox 597 4975 758 5023; x_wconf 86' lang='lat' dir='ltr'><strong><em>erant</em></strong></span> <span class='ocrx_word' id='word_1_402' title='bbox 784 4971 844 5024; x_wconf 90' lang='lat' dir='ltr'><strong><em>in</em></strong></span> <span class='ocrx_word' id='word_1_403' title='bbox 871 4970 1141 5025; x_wconf 85' lang='lat' dir='ltr'><strong><em>domibus.</em></strong></span> <span class='ocrx_word' id='word_1_404' title='bbox 1178 4972 1333 5027; x_wconf 88' lang='lat' dir='ltr'><strong><em>Inter</em></strong></span> <span class='ocrx_word' id='word_1_405' title='bbox 1350 4972 1471 5027; x_wconf 68' lang='lat' dir='ltr'><strong><em>haec</em></strong></span> <span class='ocrx_word' id='word_1_406' title='bbox 1493 4974 1822 5033; x_wconf 74' lang='lat' dir='ltr'><strong><em>omnisnon</em></strong></span> <span class='ocrx_word' id='word_1_407' title='bbox 1847 4980 1993 5037; x_wconf 87' lang='lat' dir='ltr'><strong><em>satis</em></strong></span> 
     </span>
    </p>
   </div>
   <div class='ocr_carea' id='block_1_53' title="bbox 338 5057 1990 5137">
    <p class='ocr_par' dir='ltr' id='par_1_53' title="bbox 338 5057 1990 5137">
     <span class='ocr_line' id='line_1_53' title="bbox 338 5057 1990 5137; baseline 0.008 -24"><span class='ocrx_word' id='word_1_408' title='bbox 338 5057 691 5130; x_wconf 88' lang='lat' dir='ltr'><strong><em>intelligitur</em></strong></span> <span class='ocrx_word' id='word_1_409' title='bbox 712 5057 850 5131; x_wconf 91' lang='lat' dir='ltr'><strong><em>quid</em></strong></span> <span class='ocrx_word' id='word_1_410' title='bbox 874 5059 1038 5128; x_wconf 85' lang='lat' dir='ltr'><strong><em>dixit,</em></strong></span> <span class='ocrx_word' id='word_1_411' title='bbox 1063 5067 1115 5115; x_wconf 91' lang='lat' dir='ltr'><strong><em>et</em></strong></span> <span class='ocrx_word' id='word_1_412' title='bbox 1139 5076 1365 5132; x_wconf 76' lang='lat' dir='ltr'><strong><em>corpora</em></strong></span> <span class='ocrx_word' id='word_1_413' title='bbox 1387 5078 1605 5118; x_wconf 89' lang='lat' dir='ltr'><strong><em>eorum:</em></strong></span> <span class='ocrx_word' id='word_1_414' title='bbox 1633 5069 1990 5137; x_wconf 88' lang='lat' dir='ltr'><strong><em>nequeenim</em></strong></span> 
     </span>
    </p>
   </div>
   <div class='ocr_carea' id='block_1_54' title="bbox 337 5148 1989 5228">
    <p class='ocr_par' dir='ltr' id='par_1_54' title="bbox 337 5148 1989 5228">
     <span class='ocr_line' id='line_1_54' title="bbox 337 5148 1989 5228; baseline 0.006 -25"><span class='ocrx_word' id='word_1_415' title='bbox 337 5148 765 5221; x_wconf 87' lang='lat' dir='ltr'><strong><em>suspicandum</em></strong></span> <span class='ocrx_word' id='word_1_416' title='bbox 798 5151 904 5217; x_wconf 89' lang='lat' dir='ltr'><strong><em>est,</em></strong></span> <span class='ocrx_word' id='word_1_417' title='bbox 926 5148 1079 5219; x_wconf 91' lang='lat' dir='ltr'><strong><em>quod</em></strong></span> <span class='ocrx_word' id='word_1_418' title='bbox 1105 5165 1347 5222; x_wconf 89' lang='lat' dir='ltr'><strong><em>corpora</em></strong></span> <span class='ocrx_word' id='word_1_419' title='bbox 1369 5152 1742 5210; x_wconf 88' lang='lat' dir='ltr'><strong><em>abstulerunt</em></strong></span> <span class='ocrx_word' id='word_1_420' title='bbox 1763 5173 1989 5228; x_wconf 87' lang='lat' dir='ltr'><strong><em>perem-</em></strong></span> 
     </span>
    </p>
   </div>
   <div class='ocr_carea' id='block_1_55' title="bbox 335 5236 1992 5318">
    <p class='ocr_par' dir='ltr' id='par_1_55' title="bbox 335 5236 1992 5318">
     <span class='ocr_line' id='line_1_55' title="bbox 335 5236 1992 5318; baseline 0.008 -27"><span class='ocrx_word' id='word_1_421' title='bbox 335 5243 570 5309; x_wconf 89' lang='lat' dir='ltr'><strong><em>ptorum</em></strong></span> <span class='ocrx_word' id='word_1_422' title='bbox 598 5255 610 5306; x_wconf 89' lang='lat'><strong>;</strong></span> <span class='ocrx_word' id='word_1_423' title='bbox 645 5237 745 5293; x_wconf 88' lang='lat' dir='ltr'><strong><em>sed</em></strong></span> <span class='ocrx_word' id='word_1_424' title='bbox 772 5252 967 5292; x_wconf 89' lang='lat' dir='ltr'><strong><em>rerum</em></strong></span> <span class='ocrx_word' id='word_1_425' title='bbox 999 5236 1380 5310; x_wconf 88' lang='lat' dir='ltr'><strong><em>intelligenda</em></strong></span> <span class='ocrx_word' id='word_1_426' title='bbox 1398 5245 1557 5307; x_wconf 88' lang='lat' dir='ltr'><strong><em>sunt,</em></strong></span> <span class='ocrx_word' id='word_1_427' title='bbox 1584 5259 1709 5313; x_wconf 69' lang='lat' dir='ltr'><strong><em>quae</em></strong></span> <span class='ocrx_word' id='word_1_428' title='bbox 1724 5261 1992 5318; x_wconf 88' lang='lat' dir='ltr'><strong><em>corpora-</em></strong></span> 
     </span>
    </p>
   </div>
   <div class='ocr_carea' id='block_1_56' title="bbox 333 5325 1987 5408">
    <p class='ocr_par' dir='ltr' id='par_1_56' title="bbox 333 5325 1987 5408">
     <span class='ocr_line' id='line_1_56' title="bbox 333 5325 1987 5408; baseline 0.007 -27"><span class='ocrx_word' id='word_1_429' title='bbox 333 5325 467 5381; x_wconf 90' lang='lat' dir='ltr'><strong><em>liter</em></strong></span> <span class='ocrx_word' id='word_1_430' title='bbox 484 5326 863 5397; x_wconf 88' lang='lat' dir='ltr'><strong><em>possidentur</em></strong></span> <span class='ocrx_word' id='word_1_431' title='bbox 882 5328 1182 5381; x_wconf 87' lang='lat' dir='ltr'><strong><em>:utecrum</em></strong></span> <span class='ocrx_word' id='word_1_432' title='bbox 1205 5326 1281 5382; x_wconf 91' lang='lat' dir='ltr'><strong><em>sit</em></strong></span> <span class='ocrx_word' id='word_1_433' title='bbox 1308 5330 1600 5385; x_wconf 85' lang='lat' dir='ltr'><strong><em>exsecutio</em></strong></span> <span class='ocrx_word' id='word_1_434' title='bbox 1622 5334 1777 5402; x_wconf 80' lang='lat' dir='ltr'><strong><em>quod</em></strong></span> <span class='ocrx_word' id='word_1_435' title='bbox 1794 5336 1987 5408; x_wconf 88' lang='lat' dir='ltr'><strong><em>sequi-</em></strong></span> 
     </span>
    </p>
   </div>
   <div class='ocr_carea' id='block_1_57' title="bbox 332 5410 1985 5487">
    <p class='ocr_par' dir='ltr' id='par_1_57' title="bbox 332 5410 1985 5487">
     <span class='ocr_line' id='line_1_57' title="bbox 332 5410 1985 5487; baseline 0.01 -22"><span class='ocrx_word' id='word_1_436' title='bbox 332 5415 448 5480; x_wconf 88' lang='lat' dir='ltr'><strong><em>tur,</em></strong></span> <span class='ocrx_word' id='word_1_437' title='bbox 481 5415 534 5466; x_wconf 86' lang='lat' dir='ltr'><strong><em>et</em></strong></span> <span class='ocrx_word' id='word_1_438' title='bbox 563 5410 1024 5483; x_wconf 87' lang='lat' dir='ltr'><strong><em>suppellectilem,</em></strong></span> <span class='ocrx_word' id='word_1_439' title='bbox 1048 5416 1104 5466; x_wconf 70' lang='lat' dir='ltr'><strong><em>tt</em></strong></span> <span class='ocrx_word' id='word_1_440' title='bbox 1121 5415 1513 5481; x_wconf 71' lang='lat' dir='ltr'><strong><em>castera,sicut</em></strong></span> <span class='ocrx_word' id='word_1_441' title='bbox 1534 5415 1593 5471; x_wconf 91' lang='lat' dir='ltr'><strong><em>in</em></strong></span> <span class='ocrx_word' id='word_1_442' title='bbox 1613 5418 1743 5487; x_wconf 89' lang='lat' dir='ltr'><strong><em>jure</em></strong></span> <span class='ocrx_word' id='word_1_443' title='bbox 1765 5422 1985 5482; x_wconf 90' lang='lat' dir='ltr'><strong><em>dicitur</em></strong></span> 
     </span>
    </p>
   </div>
   <div class='ocr_carea' id='block_1_58' title="bbox 328 5499 1979 5578">
    <p class='ocr_par' dir='ltr' id='par_1_58' title="bbox 328 5499 1979 5578">
     <span class='ocr_line' id='line_1_58' title="bbox 328 5499 1979 5578; baseline 0.011 -24"><span class='ocrx_word' id='word_1_444' title='bbox 328 5499 566 5556; x_wconf 85' lang='lat' dir='ltr'><strong><em>traditio</em></strong></span> <span class='ocrx_word' id='word_1_445' title='bbox 588 5515 899 5573; x_wconf 89' lang='lat' dir='ltr'><strong><em>corporum</em></strong></span> <span class='ocrx_word' id='word_1_446' title='bbox 923 5517 936 5569; x_wconf 89' lang='lat'>;</span> <span class='ocrx_word' id='word_1_447' title='bbox 962 5516 1301 5572; x_wconf 89' lang='lat' dir='ltr'><strong><em>quanquam</em></strong></span> <span class='ocrx_word' id='word_1_448' title='bbox 1324 5504 1495 5575; x_wconf 83' lang='lat' dir='ltr'><strong><em>graeci</em></strong></span> <span class='ocrx_word' id='word_1_449' title='bbox 1517 5506 1765 5578; x_wconf 79' lang='grc' dir='ltr'><strong><em>σωμάτια</em></strong></span> <span class='ocrx_word' id='word_1_450' title='bbox 1780 5527 1979 5577; x_wconf 85' lang='lat' dir='ltr'><strong><em>servos</em></strong></span> 
     </span>
    </p>
   </div>
   <div class='ocr_carea' id='block_1_59' title="bbox 328 5588 1975 5675">
    <p class='ocr_par' dir='ltr' id='par_1_59' title="bbox 328 5588 1975 5675">
     <span class='ocr_line' id='line_1_59' title="bbox 328 5588 1975 5675; baseline 0.002 -30"><span class='ocrx_word' id='word_1_451' title='bbox 328 5588 628 5662; x_wconf 88' lang='lat' dir='ltr'><strong><em>appellant</em></strong></span> <span class='ocrx_word' id='word_1_452' title='bbox 654 5588 1042 5647; x_wconf 82' lang='lat' dir='ltr'><strong><em>usitatissima</em></strong></span> <span class='ocrx_word' id='word_1_453' title='bbox 1060 5588 1481 5661; x_wconf 90' lang='lat' dir='ltr'><strong><em>locutione,sed</em></strong></span> <span class='ocrx_word' id='word_1_454' title='bbox 1502 5594 1642 5665; x_wconf 89' lang='lat' dir='ltr'><strong><em>quia</em></strong></span> <span class='ocrx_word' id='word_1_455' title='bbox 1658 5614 1774 5655; x_wconf 91' lang='lat' dir='ltr'><strong><em>non</em></strong></span> <span class='ocrx_word' id='word_1_456' title='bbox 1788 5620 1865 5655; x_wconf 89' lang='grc' dir='ltr'><strong><em>σω</em></strong></span> <span class='ocrx_word' id='word_1_457' title='bbox 1873 5601 1975 5675; x_wconf 87' lang='grc' dir='ltr'><strong><em>μά-</em></strong></span> 
     </span>
    </p>
   </div>
   <div class='ocr_carea' id='block_1_60' title="bbox 324 5677 1970 5752">
    <p class='ocr_par' dir='ltr' id='par_1_60' title="bbox 324 5677 1970 5752">
     <span class='ocr_line' id='line_1_60' title="bbox 324 5677 1970 5752; baseline 0.012 -19"><span class='ocrx_word' id='word_1_458' title='bbox 324 5697 431 5751; x_wconf 86' lang='grc' dir='ltr'><strong><em>τια,</em></strong></span> <span class='ocrx_word' id='word_1_459' title='bbox 448 5681 549 5736; x_wconf 86' lang='lat' dir='ltr'><strong><em>sed</em></strong></span> <span class='ocrx_word' id='word_1_460' title='bbox 573 5677 799 5751; x_wconf 84' lang='grc' dir='ltr'><strong><em>σώματα</em></strong></span> <span class='ocrx_word' id='word_1_461' title='bbox 830 5679 925 5737; x_wconf 85' lang='grc'><strong>1110</strong></span> <span class='ocrx_word' id='word_1_462' title='bbox 944 5680 1170 5737; x_wconf 90' lang='lat' dir='ltr'><strong><em>dictum</em></strong></span> <span class='ocrx_word' id='word_1_463' title='bbox 1192 5687 1300 5750; x_wconf 92' lang='lat' dir='ltr'><strong><em>est,</em></strong></span> <span class='ocrx_word' id='word_1_464' title='bbox 1334 5699 1449 5739; x_wconf 89' lang='lat' dir='ltr'><strong><em>non</em></strong></span> <span class='ocrx_word' id='word_1_465' title='bbox 1473 5686 1562 5740; x_wconf 84' lang='lat' dir='ltr'><strong><em>est</em></strong></span> <span class='ocrx_word' id='word_1_466' title='bbox 1584 5688 1803 5748; x_wconf 88' lang='lat' dir='ltr'><strong><em>temere</em></strong></span> <span class='ocrx_word' id='word_1_467' title='bbox 1832 5709 1970 5752; x_wconf 83' lang='lat' dir='ltr'><strong><em>con-</em></strong></span> 
     </span>
    </p>
   </div>
   <div class='ocr_carea' id='block_1_61' title="bbox 1149 300 3707 390">
    <p class='ocr_par' dir='ltr' id='par_1_61' title="bbox 1149 300 3707 390">
     <span class='ocr_line' id='line_1_61' title="bbox 1149 300 3707 390; baseline 0.011 -28"><span class='ocrx_word' id='word_1_468' title='bbox 1149 304 1655 366; x_wconf 85' lang='lat' dir='ltr'><strong><em>LOCUTIONUM</em></strong></span> <span class='ocrx_word' id='word_1_469' title='bbox 1703 303 1767 364; x_wconf 89' lang='lat' dir='ltr'><strong><em>S.</em></strong></span> <span class='ocrx_word' id='word_1_470' title='bbox 1815 300 2240 368; x_wconf 80' lang='lat' dir='ltr'><strong><em>AUGUSTINI</em></strong></span> <span class='ocrx_word' id='word_1_471' title='bbox 2286 305 2363 366; x_wconf 91' lang='lat' dir='ltr'><strong><em>IN</em></strong></span> <span class='ocrx_word' id='word_1_472' title='bbox 2409 308 3049 375; x_wconf 75' lang='lat' dir='ltr'><strong><em>HEPTATEUCHUM</em></strong></span> <span class='ocrx_word' id='word_1_473' title='bbox 3621 329 3707 390; x_wconf 64' lang='grc'><strong><em>196</em></strong></span> 
     </span>
    </p>
   </div>
   <div class='ocr_carea' id='block_1_62' title="bbox 2152 439 3709 535">
    <p class='ocr_par' dir='ltr' id='par_1_62' title="bbox 2152 439 3709 535">
     <span class='ocr_line' id='line_1_62' title="bbox 2152 439 3709 535; baseline 0.015 -42"><span class='ocrx_word' id='word_1_474' title='bbox 2152 439 2737 535; x_wconf 77' lang='lat' dir='ltr'><strong><em>ﬁrmandum,servos</em></strong></span> <span class='ocrx_word' id='word_1_475' title='bbox 2768 445 3164 517; x_wconf 87' lang='lat' dir='ltr'><strong><em>signiﬁcatos:</em></strong></span> <span class='ocrx_word' id='word_1_476' title='bbox 3199 448 3319 504; x_wconf 85' lang='lat' dir='ltr'><strong><em>ﬁeri</em></strong></span> <span class='ocrx_word' id='word_1_477' title='bbox 3349 454 3517 510; x_wconf 86' lang='lat' dir='ltr'><strong><em>tamen</em></strong></span> <span class='ocrx_word' id='word_1_478' title='bbox 3551 464 3709 535; x_wconf 74' lang='lat' dir='ltr'><strong><em>potest,</em></strong></span> 
     </span>
    </p>
   </div>
   <div class='ocr_carea' id='block_1_63' title="bbox 2154 528 2700 602">
    <p class='ocr_par' dir='ltr' id='par_1_63' title="bbox 2154 528 2700 602">
     <span class='ocr_line' id='line_1_63' title="bbox 2154 528 2700 602; baseline 0.007 -19"><span class='ocrx_word' id='word_1_479' title='bbox 2154 532 2217 584; x_wconf 90' lang='lat' dir='ltr'><strong><em>ut</em></strong></span> <span class='ocrx_word' id='word_1_480' title='bbox 2245 528 2351 584; x_wconf 86' lang='lat' dir='ltr'><strong><em>hoc</em></strong></span> <span class='ocrx_word' id='word_1_481' title='bbox 2382 532 2574 602; x_wconf 87' lang='lat' dir='ltr'><strong><em>magis</em></strong></span> <span class='ocrx_word' id='word_1_482' title='bbox 2605 531 2700 588; x_wconf 92' lang='lat' dir='ltr'><strong><em>sit.</em></strong></span> 
     </span>
    </p>
   </div>
   <div class='ocr_carea' id='block_1_64' title="bbox 2226 618 3718 695">
    <p class='ocr_par' dir='ltr' id='par_1_64' title="bbox 2226 618 3718 695">
     <span class='ocr_line' id='line_1_64' title="bbox 2226 618 3718 695; baseline 0.015 -24"><span class='ocrx_word' id='word_1_483' title='bbox 2226 618 2334 686; x_wconf 89' lang='grc'><strong>[11).</strong></span> <span class='ocrx_word' id='word_1_484' title='bbox 2367 636 2558 686; x_wconf 82' lang='lat' dir='ltr'><strong><em>xxxVI,</em></strong></span> <span class='ocrx_word' id='word_1_485' title='bbox 2578 622 2692 693; x_wconf 72' lang='lat'><strong>40.]</strong></span> <span class='ocrx_word' id='word_1_486' title='bbox 2715 625 2855 679; x_wconf 87' lang='lat' dir='ltr'><strong><em>Cum</em></strong></span> <span class='ocrx_word' id='word_1_487' title='bbox 2874 628 3107 695; x_wconf 88' lang='lat' dir='ltr'><strong><em>gentem</em></strong></span> <span class='ocrx_word' id='word_1_488' title='bbox 3130 628 3389 694; x_wconf 91' lang='lat' dir='ltr'><strong><em>Edcm,id</em></strong></span> <span class='ocrx_word' id='word_1_489' title='bbox 3406 635 3718 695; x_wconf 73' lang='lat' dir='ltr'><strong><em>estldumaao-</em></strong></span> 
     </span>
    </p>
   </div>
   <div class='ocr_carea' id='block_1_65' title="bbox 2155 714 3716 797">
    <p class='ocr_par' dir='ltr' id='par_1_65' title="bbox 2155 714 3716 797">
     <span class='ocr_line' id='line_1_65' title="bbox 2155 714 3716 797; baseline 0.014 -36"><span class='ocrx_word' id='word_1_490' title='bbox 2155 716 2736 771; x_wconf 89' lang='lat' dir='ltr'><strong><em>rum,commemoret</em></strong></span> <span class='ocrx_word' id='word_1_491' title='bbox 2782 714 3104 787; x_wconf 88' lang='lat' dir='ltr'><strong><em>Scriptura,</em></strong></span> <span class='ocrx_word' id='word_1_492' title='bbox 3136 721 3191 771; x_wconf 91' lang='lat' dir='ltr'><strong><em>et</em></strong></span> <span class='ocrx_word' id='word_1_493' title='bbox 3239 717 3334 788; x_wconf 89' lang='lat' dir='ltr'><strong><em>qui</em></strong></span> <span class='ocrx_word' id='word_1_494' title='bbox 3364 720 3413 774; x_wconf 92' lang='lat' dir='ltr'><strong><em>in</em></strong></span> <span class='ocrx_word' id='word_1_495' title='bbox 3442 738 3499 776; x_wconf 89' lang='lat' dir='ltr'><strong><em>ea</em></strong></span> <span class='ocrx_word' id='word_1_496' title='bbox 3528 741 3716 797; x_wconf 84' lang='lat' dir='ltr'><strong><em>regnas-</em></strong></span> 
     </span>
    </p>
   </div>
   <div class='ocr_carea' id='block_1_66' title="bbox 2154 799 3715 881">
    <p class='ocr_par' dir='ltr' id='par_1_66' title="bbox 2154 799 3715 881">
     <span class='ocr_line' id='line_1_66' title="bbox 2154 799 3715 881; baseline 0.015 -32"><span class='ocrx_word' id='word_1_497' title='bbox 2154 801 2305 865; x_wconf 87' lang='lat' dir='ltr'><strong><em>ssnt,</em></strong></span> <span class='ocrx_word' id='word_1_498' title='bbox 2330 802 2532 868; x_wconf 88' lang='lat' dir='ltr'><strong><em>postea</em></strong></span> <span class='ocrx_word' id='word_1_499' title='bbox 2559 799 2724 867; x_wconf 91' lang='lat' dir='ltr'><strong><em>dicit,</em></strong></span> <span class='ocrx_word' id='word_1_500' title='bbox 2759 803 2879 858; x_wconf 68' lang='lat' dir='ltr'><strong><em>Ha’c</em></strong></span> <span class='ocrx_word' id='word_1_501' title='bbox 2907 807 3137 862; x_wconf 85' lang='lat' dir='ltr'><strong><em>nomina</em></strong></span> <span class='ocrx_word' id='word_1_502' title='bbox 3163 809 3464 879; x_wconf 83' lang='lat' dir='ltr'><strong><em>principum</em></strong></span> <span class='ocrx_word' id='word_1_503' title='bbox 3488 813 3630 881; x_wconf 84' lang='lat' dir='ltr'><strong><em>Esau,</em></strong></span> <span class='ocrx_word' id='word_1_504' title='bbox 3654 834 3715 873; x_wconf 86' lang='lat' dir='ltr'><strong><em>se-</em></strong></span> 
     </span>
    </p>
   </div>
   <div class='ocr_carea' id='block_1_67' title="bbox 2150 885 3714 974">
    <p class='ocr_par' dir='ltr' id='par_1_67' title="bbox 2150 885 3714 974">
     <span class='ocr_line' id='line_1_67' title="bbox 2150 885 3714 974; baseline 0.013 -36"><span class='ocrx_word' id='word_1_505' title='bbox 2150 885 2390 941; x_wconf 87' lang='lat' dir='ltr'><strong><em>cundum</em></strong></span> <span class='ocrx_word' id='word_1_506' title='bbox 2421 887 2533 943; x_wconf 91' lang='lat' dir='ltr'><strong><em>loca</em></strong></span> <span class='ocrx_word' id='word_1_507' title='bbox 2580 905 2766 945; x_wconf 87' lang='lat' dir='ltr'><strong><em>eorum</em></strong></span> <span class='ocrx_word' id='word_1_508' title='bbox 2812 894 2867 947; x_wconf 89' lang='lat' dir='ltr'><strong><em>in</em></strong></span> <span class='ocrx_word' id='word_1_509' title='bbox 2899 896 3224 961; x_wconf 81' lang='lat' dir='ltr'><strong><em>regionibus</em></strong></span> <span class='ocrx_word' id='word_1_510' title='bbox 3250 912 3445 965; x_wconf 88' lang='lat' dir='ltr'><strong><em>eorum,</em></strong></span> <span class='ocrx_word' id='word_1_511' title='bbox 3472 903 3591 956; x_wconf 85' lang='lat' dir='ltr'><strong><em>etin</em></strong></span> <span class='ocrx_word' id='word_1_512' title='bbox 3612 921 3714 974; x_wconf 84' lang='lat' dir='ltr'><strong><em>gen-</em></strong></span> 
     </span>
    </p>
   </div>
   <div class='ocr_carea' id='block_1_68' title="bbox 2150 974 3721 1062">
    <p class='ocr_par' dir='ltr' id='par_1_68' title="bbox 2150 974 3721 1062">
     <span class='ocr_line' id='line_1_68' title="bbox 2150 974 3721 1062; baseline 0.013 -34"><span class='ocrx_word' id='word_1_513' title='bbox 2150 974 2300 1062; x_wconf 82' lang='lat' dir='ltr'><strong><em>tibus</em></strong></span> <span class='ocrx_word' id='word_1_514' title='bbox 2326 990 2515 1032; x_wconf 87' lang='lat' dir='ltr'><strong><em>eorum</em></strong></span> <span class='ocrx_word' id='word_1_515' title='bbox 2534 995 2552 1033; x_wconf 92' lang='lat'><em>:</em></span> <span class='ocrx_word' id='word_1_516' title='bbox 2583 984 2786 1051; x_wconf 86' lang='lat' dir='ltr'><strong><em>gentes</em></strong></span> <span class='ocrx_word' id='word_1_517' title='bbox 2804 981 3107 1053; x_wconf 86' lang='lat' dir='ltr'><strong><em>appellans</em></strong></span> <span class='ocrx_word' id='word_1_518' title='bbox 3137 984 3315 1041; x_wconf 91' lang='lat' dir='ltr'><strong><em>unius</em></strong></span> <span class='ocrx_word' id='word_1_519' title='bbox 3339 988 3721 1062; x_wconf 83' lang='lat' dir='ltr'><strong><em>gentis,pr0pter</em></strong></span> 
     </span>
    </p>
   </div>
   <div class='ocr_carea' id='block_1_69' title="bbox 2151 1060 3720 1143">
    <p class='ocr_par' dir='ltr' id='par_1_69' title="bbox 2151 1060 3720 1143">
     <span class='ocr_line' id='line_1_69' title="bbox 2151 1060 3720 1143; baseline 0.011 -27"><span class='ocrx_word' id='word_1_520' title='bbox 2151 1060 2508 1120; x_wconf 83' lang='lat' dir='ltr'><strong><em>familiarum</em></strong></span> <span class='ocrx_word' id='word_1_521' title='bbox 2541 1066 2955 1139; x_wconf 80' lang='lat' dir='ltr'><strong><em>multiplicatae</em></strong></span> <span class='ocrx_word' id='word_1_522' title='bbox 2989 1073 3407 1143; x_wconf 87' lang='lat' dir='ltr'><strong><em>generationes,</em></strong></span> <span class='ocrx_word' id='word_1_523' title='bbox 3437 1060 3552 1131; x_wconf 74' lang='lat' dir='ltr'><strong><em>cuni</em></strong></span> <span class='ocrx_word' id='word_1_524' title='bbox 3581 1060 3720 1136; x_wconf 81' lang='lat' dir='ltr'><strong><em>etiam</em></strong></span> 
     </span>
    </p>
   </div>
   <div class='ocr_carea' id='block_1_70' title="bbox 2148 1149 3725 1240">
    <p class='ocr_par' dir='ltr' id='par_1_70' title="bbox 2148 1149 3725 1240">
     <span class='ocr_line' id='line_1_70' title="bbox 2148 1149 3725 1240; baseline 0.011 -35"><span class='ocrx_word' id='word_1_525' title='bbox 2148 1149 2276 1223; x_wconf 90' lang='lat' dir='ltr'><strong><em>ipse</em></strong></span> <span class='ocrx_word' id='word_1_526' title='bbox 2303 1152 2486 1209; x_wconf 88' lang='lat' dir='ltr'><strong><em>Edcm</em></strong></span> <span class='ocrx_word' id='word_1_527' title='bbox 2536 1162 2870 1221; x_wconf 76' lang='lat' dir='ltr'><strong><em>vocaretur;</em></strong></span> <span class='ocrx_word' id='word_1_528' title='bbox 2902 1161 3056 1216; x_wconf 88' lang='lat' dir='ltr'><strong><em>unde</em></strong></span> <span class='ocrx_word' id='word_1_529' title='bbox 3085 1166 3143 1217; x_wconf 87' lang='lat' dir='ltr'><strong><em>et</em></strong></span> <span class='ocrx_word' id='word_1_530' title='bbox 3182 1178 3326 1233; x_wconf 90' lang='lat' dir='ltr'><strong><em>gens</em></strong></span> <span class='ocrx_word' id='word_1_531' title='bbox 3372 1180 3532 1236; x_wconf 85' lang='lat' dir='ltr'><strong><em>quam</em></strong></span> <span class='ocrx_word' id='word_1_532' title='bbox 3559 1184 3725 1240; x_wconf 82' lang='lat' dir='ltr'><strong><em>pr0pa-</em></strong></span> 
     </span>
    </p>
   </div>
   <div class='ocr_carea' id='block_1_71' title="bbox 2148 1240 3641 1325">
    <p class='ocr_par' dir='ltr' id='par_1_71' title="bbox 2148 1240 3641 1325">
     <span class='ocr_line' id='line_1_71' title="bbox 2148 1240 3641 1325; baseline 0.01 -31"><span class='ocrx_word' id='word_1_533' title='bbox 2148 1240 2307 1312; x_wconf 84' lang='lat' dir='ltr'><strong><em>gavit</em></strong></span> <span class='ocrx_word' id='word_1_534' title='bbox 2338 1246 2747 1315; x_wconf 86' lang='lat' dir='ltr'><strong><em>cognominata</em></strong></span> <span class='ocrx_word' id='word_1_535' title='bbox 2776 1254 2885 1315; x_wconf 89' lang='lat' dir='ltr'><strong><em>est,</em></strong></span> <span class='ocrx_word' id='word_1_536' title='bbox 2926 1250 3095 1320; x_wconf 89' lang='lat' dir='ltr'><strong><em>cujus</em></strong></span> <span class='ocrx_word' id='word_1_537' title='bbox 3126 1252 3329 1323; x_wconf 90' lang='lat' dir='ltr'><strong><em>utique</em></strong></span> <span class='ocrx_word' id='word_1_538' title='bbox 3358 1259 3506 1325; x_wconf 86' lang='lat' dir='ltr'><strong><em>pater</em></strong></span> <span class='ocrx_word' id='word_1_539' title='bbox 3532 1256 3641 1311; x_wconf 82' lang='lat' dir='ltr'><strong><em>fuit.</em></strong></span> 
     </span>
    </p>
   </div>
   <div class='ocr_carea' id='block_1_72' title="bbox 2220 1348 3731 1429">
    <p class='ocr_par' dir='ltr' id='par_1_72' title="bbox 2220 1348 3731 1429">
     <span class='ocr_line' id='line_1_72' title="bbox 2220 1348 3731 1429; baseline 0.011 -26"><span class='ocrx_word' id='word_1_540' title='bbox 2220 1348 2327 1419; x_wconf 83' lang='grc'><strong>[11).</strong></span> <span class='ocrx_word' id='word_1_541' title='bbox 2359 1367 2569 1424; x_wconf 82' lang='lat' dir='ltr'><strong><em>xxxvu,</em></strong></span> <span class='ocrx_word' id='word_1_542' title='bbox 2590 1354 2704 1425; x_wconf 91' lang='lat'><strong>21.]</strong></span> <span class='ocrx_word' id='word_1_543' title='bbox 2738 1355 2872 1411; x_wconf 84' lang='lat' dir='ltr'><strong><em>Cum</em></strong></span> <span class='ocrx_word' id='word_1_544' title='bbox 2902 1358 3142 1415; x_wconf 85' lang='lat' dir='ltr'><strong><em>audisset</em></strong></span> <span class='ocrx_word' id='word_1_545' title='bbox 3161 1368 3347 1416; x_wconf 88' lang='lat' dir='ltr'><strong><em>autem</em></strong></span> <span class='ocrx_word' id='word_1_546' title='bbox 3370 1362 3552 1429; x_wconf 84' lang='lat' dir='ltr'><strong><em>Ruben,</em></strong></span> <span class='ocrx_word' id='word_1_547' title='bbox 3575 1362 3731 1419; x_wconf 86' lang='lat' dir='ltr'><strong><em>libera-</em></strong></span> 
     </span>
    </p>
   </div>
   <div class='ocr_carea' id='block_1_73' title="bbox 2148 1438 3733 1521">
    <p class='ocr_par' dir='ltr' id='par_1_73' title="bbox 2148 1438 3733 1521">
     <span class='ocr_line' id='line_1_73' title="bbox 2148 1438 3733 1521; baseline 0.01 -30"><span class='ocrx_word' id='word_1_548' title='bbox 2148 1438 2224 1492; x_wconf 89' lang='lat' dir='ltr'><strong><em>vit</em></strong></span> <span class='ocrx_word' id='word_1_549' title='bbox 2254 1453 2378 1493; x_wconf 90' lang='lat' dir='ltr'><strong><em>eum</em></strong></span> <span class='ocrx_word' id='word_1_550' title='bbox 2407 1439 2471 1495; x_wconf 90' lang='lat' dir='ltr'><strong><em>de</em></strong></span> <span class='ocrx_word' id='word_1_551' title='bbox 2521 1443 2783 1499; x_wconf 85' lang='lat' dir='ltr'><strong><em>manibus</em></strong></span> <span class='ocrx_word' id='word_1_552' title='bbox 2822 1461 3031 1515; x_wconf 86' lang='lat' dir='ltr'><strong><em>eorum,</em></strong></span> <span class='ocrx_word' id='word_1_553' title='bbox 3066 1458 3116 1503; x_wconf 91' lang='lat' dir='ltr'><strong><em>et</em></strong></span> <span class='ocrx_word' id='word_1_554' title='bbox 3162 1449 3327 1513; x_wconf 71' lang='lat' dir='ltr'><strong><em>dixit,</em></strong></span> <span class='ocrx_word' id='word_1_555' title='bbox 3380 1450 3488 1505; x_wconf 88' lang='lat' dir='ltr'><strong><em>Non</em></strong></span> <span class='ocrx_word' id='word_1_556' title='bbox 3514 1452 3733 1521; x_wconf 77' lang='lat' dir='ltr'><strong><em>feriamus</em></strong></span> 
     </span>
    </p>
   </div>
   <div class='ocr_carea' id='block_1_74' title="bbox 2147 1530 3737 1609">
    <p class='ocr_par' dir='ltr' id='par_1_74' title="bbox 2147 1530 3737 1609">
     <span class='ocr_line' id='line_1_74' title="bbox 2147 1530 3737 1609; baseline 0.01 -29"><span class='ocrx_word' id='word_1_557' title='bbox 2147 1541 2269 1582; x_wconf 89' lang='lat' dir='ltr'><strong><em>eum</em></strong></span> <span class='ocrx_word' id='word_1_558' title='bbox 2300 1530 2360 1582; x_wconf 88' lang='lat' dir='ltr'><strong><em>in</em></strong></span> <span class='ocrx_word' id='word_1_559' title='bbox 2390 1530 2656 1599; x_wconf 87' lang='lat' dir='ltr'><strong><em>animum,</em></strong></span> <span class='ocrx_word' id='word_1_560' title='bbox 2687 1532 2813 1589; x_wconf 91' lang='lat' dir='ltr'><strong><em>Non</em></strong></span> <span class='ocrx_word' id='word_1_561' title='bbox 2844 1552 2979 1607; x_wconf 91' lang='lat' dir='ltr'><strong><em>ergo</em></strong></span> <span class='ocrx_word' id='word_1_562' title='bbox 3000 1535 3265 1593; x_wconf 89' lang='lat' dir='ltr'><strong><em>liberavit</em></strong></span> <span class='ocrx_word' id='word_1_563' title='bbox 3286 1543 3496 1609; x_wconf 83' lang='lat' dir='ltr'><strong><em>eum,et</em></strong></span> <span class='ocrx_word' id='word_1_564' title='bbox 3520 1540 3737 1596; x_wconf 87' lang='lat' dir='ltr'><strong><em>indeboc</em></strong></span> 
     </span>
    </p>
   </div>
   <div class='ocr_carea' id='block_1_75' title="bbox 2147 1614 3736 1702">
    <p class='ocr_par' dir='ltr' id='par_1_75' title="bbox 2147 1614 3736 1702">
     <span class='ocr_line' id='line_1_75' title="bbox 2147 1614 3736 1702; baseline 0.011 -34"><span class='ocrx_word' id='word_1_565' title='bbox 2147 1614 2322 1682; x_wconf 82' lang='lat' dir='ltr'><strong><em>dixit;</em></strong></span> <span class='ocrx_word' id='word_1_566' title='bbox 2379 1620 2481 1673; x_wconf 91' lang='lat' dir='ltr'><strong><em>sed</em></strong></span> <span class='ocrx_word' id='word_1_567' title='bbox 2532 1620 2641 1676; x_wconf 90' lang='lat' dir='ltr'><strong><em>hoc</em></strong></span> <span class='ocrx_word' id='word_1_568' title='bbox 2690 1622 2934 1680; x_wconf 88' lang='lat' dir='ltr'><strong><em>dicendo</em></strong></span> <span class='ocrx_word' id='word_1_569' title='bbox 2965 1642 3101 1680; x_wconf 89' lang='lat' dir='ltr'><strong><em>eum</em></strong></span> <span class='ocrx_word' id='word_1_570' title='bbox 3141 1625 3426 1682; x_wconf 88' lang='lat' dir='ltr'><strong><em>liberavit.</em></strong></span> <span class='ocrx_word' id='word_1_571' title='bbox 3460 1628 3607 1684; x_wconf 87' lang='lat' dir='ltr'><strong><em>Prius</em></strong></span> <span class='ocrx_word' id='word_1_572' title='bbox 3629 1646 3736 1702; x_wconf 80' lang='lat' dir='ltr'><strong><em>ergo</em></strong></span> 
     </span>
    </p>
   </div>
   <div class='ocr_carea' id='block_1_76' title="bbox 2147 1704 3741 1789">
    <p class='ocr_par' dir='ltr' id='par_1_76' title="bbox 2147 1704 3741 1789">
     <span class='ocr_line' id='line_1_76' title="bbox 2147 1704 3741 1789; baseline 0.01 -31"><span class='ocrx_word' id='word_1_573' title='bbox 2147 1704 2313 1776; x_wconf 89' lang='lat' dir='ltr'><strong><em>dixit,</em></strong></span> <span class='ocrx_word' id='word_1_574' title='bbox 2348 1707 2598 1764; x_wconf 87' lang='lat' dir='ltr'><strong><em>liberavit</em></strong></span> <span class='ocrx_word' id='word_1_575' title='bbox 2625 1726 2768 1778; x_wconf 90' lang='lat' dir='ltr'><strong><em>eum,</em></strong></span> <span class='ocrx_word' id='word_1_576' title='bbox 2801 1716 2857 1768; x_wconf 89' lang='lat' dir='ltr'><strong><em>et</em></strong></span> <span class='ocrx_word' id='word_1_577' title='bbox 2885 1714 3094 1769; x_wconf 88' lang='lat' dir='ltr'><strong><em>deinde</em></strong></span> <span class='ocrx_word' id='word_1_578' title='bbox 3121 1714 3279 1771; x_wconf 88' lang='lat' dir='ltr'><strong><em>brevi</em></strong></span> <span class='ocrx_word' id='word_1_579' title='bbox 3313 1717 3741 1789; x_wconf 80' lang='lat' dir='ltr'><strong><em>recapitulations</em></strong></span> 
     </span>
    </p>
   </div>
   <div class='ocr_carea' id='block_1_77' title="bbox 2147 1797 3311 1873">
    <p class='ocr_par' dir='ltr' id='par_1_77' title="bbox 2147 1797 3311 1873">
     <span class='ocr_line' id='line_1_77' title="bbox 2147 1797 3311 1873; baseline 0.01 -25"><span class='ocrx_word' id='word_1_580' title='bbox 2147 1797 2442 1864; x_wconf 88' lang='lat' dir='ltr'><strong><em>quomodo</em></strong></span> <span class='ocrx_word' id='word_1_581' title='bbox 2475 1815 2608 1853; x_wconf 91' lang='lat' dir='ltr'><strong><em>eum</em></strong></span> <span class='ocrx_word' id='word_1_582' title='bbox 2638 1799 2993 1873; x_wconf 89' lang='lat' dir='ltr'><strong><em>liberaverit,</em></strong></span> <span class='ocrx_word' id='word_1_583' title='bbox 3028 1804 3311 1860; x_wconf 86' lang='lat' dir='ltr'><strong><em>insinuat.</em></strong></span> 
     </span>
    </p>
   </div>
   <div class='ocr_carea' id='block_1_78' title="bbox 2218 1884 3739 1960">
    <p class='ocr_par' dir='ltr' id='par_1_78' title="bbox 2218 1884 3739 1960">
     <span class='ocr_line' id='line_1_78' title="bbox 2218 1884 3739 1960; baseline 0.009 -22"><span class='ocrx_word' id='word_1_584' title='bbox 2218 1884 2325 1951; x_wconf 90' lang='grc'><strong>[11).</strong></span> <span class='ocrx_word' id='word_1_585' title='bbox 2348 1886 2462 1958; x_wconf 83' lang='grc'><strong><em>22.]</em></strong></span> <span class='ocrx_word' id='word_1_586' title='bbox 2494 1888 2611 1942; x_wconf 86' lang='grc' dir='ltr'><strong><em>Νοη</em></strong></span> <span class='ocrx_word' id='word_1_587' title='bbox 2638 1891 2906 1960; x_wconf 81' lang='lat' dir='ltr'><strong><em>feriamus</em></strong></span> <span class='ocrx_word' id='word_1_588' title='bbox 2927 1908 3051 1947; x_wconf 86' lang='lat' dir='ltr'><strong><em>cum</em></strong></span> <span class='ocrx_word' id='word_1_589' title='bbox 3080 1894 3141 1947; x_wconf 86' lang='lat' dir='ltr'><strong><em>in</em></strong></span> <span class='ocrx_word' id='word_1_590' title='bbox 3170 1896 3455 1949; x_wconf 82' lang='lat' dir='ltr'><strong><em>animam:</em></strong></span> <span class='ocrx_word' id='word_1_591' title='bbox 3510 1895 3609 1950; x_wconf 89' lang='lat' dir='ltr'><strong><em>hoc</em></strong></span> <span class='ocrx_word' id='word_1_592' title='bbox 3641 1894 3739 1951; x_wconf 87' lang='lat' dir='ltr'><strong><em>loco</em></strong></span> 
     </span>
    </p>
   </div>
   <div class='ocr_carea' id='block_1_79' title="bbox 2144 1973 3743 2056">
    <p class='ocr_par' dir='ltr' id='par_1_79' title="bbox 2144 1973 3743 2056">
     <span class='ocr_line' id='line_1_79' title="bbox 2144 1973 3743 2056; baseline 0.008 -29"><span class='ocrx_word' id='word_1_593' title='bbox 2144 1973 2377 2029; x_wconf 89' lang='lat' dir='ltr'><strong><em>nomine</em></strong></span> <span class='ocrx_word' id='word_1_594' title='bbox 2409 1976 2615 2032; x_wconf 71' lang='lat' dir='ltr'><strong><em>anima:</em></strong></span> <span class='ocrx_word' id='word_1_595' title='bbox 2664 1978 2843 2035; x_wconf 89' lang='lat' dir='ltr'><strong><em>vitam</em></strong></span> <span class='ocrx_word' id='word_1_596' title='bbox 2876 1980 3140 2052; x_wconf 90' lang='lat' dir='ltr'><strong><em>corporis</em></strong></span> <span class='ocrx_word' id='word_1_597' title='bbox 3188 1982 3432 2039; x_wconf 89' lang='lat' dir='ltr'><strong><em>animati</em></strong></span> <span class='ocrx_word' id='word_1_598' title='bbox 3463 1984 3743 2056; x_wconf 89' lang='lat' dir='ltr'><strong><em>signiﬁcat,</em></strong></span> 
     </span>
    </p>
   </div>
   <div class='ocr_carea' id='block_1_80' title="bbox 2144 2063 3744 2139">
    <p class='ocr_par' dir='ltr' id='par_1_80' title="bbox 2144 2063 3744 2139">
     <span class='ocr_line' id='line_1_80' title="bbox 2144 2063 3744 2139; baseline 0.008 -24"><span class='ocrx_word' id='word_1_599' title='bbox 2144 2077 2248 2133; x_wconf 87' lang='lat' dir='ltr'><strong><em>per</em></strong></span> <span class='ocrx_word' id='word_1_600' title='bbox 2278 2063 2625 2122; x_wconf 83' lang='lat' dir='ltr'><strong><em>efﬁcientem</em></strong></span> <span class='ocrx_word' id='word_1_601' title='bbox 2678 2068 2738 2123; x_wconf 89' lang='lat' dir='ltr'><strong><em>id</em></strong></span> <span class='ocrx_word' id='word_1_602' title='bbox 2795 2071 2947 2139; x_wconf 91' lang='lat' dir='ltr'><strong><em>quod</em></strong></span> <span class='ocrx_word' id='word_1_603' title='bbox 2999 2070 3271 2127; x_wconf 84' lang='lat' dir='ltr'><strong><em>efﬁcitur.</em></strong></span> <span class='ocrx_word' id='word_1_604' title='bbox 3318 2073 3633 2129; x_wconf 87' lang='lat' dir='ltr'><strong><em>Secundum</em></strong></span> <span class='ocrx_word' id='word_1_605' title='bbox 3659 2073 3744 2128; x_wconf 84' lang='lat' dir='ltr'><strong><em>hoc</em></strong></span> 
     </span>
    </p>
   </div>
   <div class='ocr_carea' id='block_1_81' title="bbox 2144 2151 3747 2230">
    <p class='ocr_par' dir='ltr' id='par_1_81' title="bbox 2144 2151 3747 2230">
     <span class='ocr_line' id='line_1_81' title="bbox 2144 2151 3747 2230; baseline 0.007 -25"><span class='ocrx_word' id='word_1_606' title='bbox 2144 2151 2324 2207; x_wconf 90' lang='lat' dir='ltr'><strong><em>videri</em></strong></span> <span class='ocrx_word' id='word_1_607' title='bbox 2342 2157 2533 2224; x_wconf 91' lang='lat' dir='ltr'><strong><em>potest</em></strong></span> <span class='ocrx_word' id='word_1_608' title='bbox 2560 2155 2735 2212; x_wconf 90' lang='lat' dir='ltr'><strong><em>etiam</em></strong></span> <span class='ocrx_word' id='word_1_609' title='bbox 2759 2160 2828 2213; x_wconf 91' lang='lat' dir='ltr'><strong><em>ad</em></strong></span> <span class='ocrx_word' id='word_1_610' title='bbox 2864 2159 3162 2216; x_wconf 89' lang='lat' dir='ltr'><strong><em>diabolum</em></strong></span> <span class='ocrx_word' id='word_1_611' title='bbox 3184 2162 3407 2217; x_wconf 89' lang='lat' dir='ltr'><strong><em>dictum</em></strong></span> <span class='ocrx_word' id='word_1_612' title='bbox 3431 2178 3552 2218; x_wconf 89' lang='lat' dir='ltr'><strong><em>esse</em></strong></span> <span class='ocrx_word' id='word_1_613' title='bbox 3569 2164 3747 2230; x_wconf 80' lang='lat' dir='ltr'><strong><em>delob,</em></strong></span> 
     </span>
    </p>
   </div>
   <div class='ocr_carea' id='block_1_82' title="bbox 2142 2240 3748 2321">
    <p class='ocr_par' dir='ltr' id='par_1_82' title="bbox 2142 2240 3748 2321">
     <span class='ocr_line' id='line_1_82' title="bbox 2142 2240 3748 2321; baseline 0.008 -28"><span class='ocrx_word' id='word_1_614' title='bbox 2142 2240 2400 2296; x_wconf 84' lang='lat' dir='ltr'><strong><em>Animam</em></strong></span> <span class='ocrx_word' id='word_1_615' title='bbox 2427 2244 2545 2311; x_wconf 76' lang='lat' dir='ltr'><strong><em>eius</em></strong></span> <span class='ocrx_word' id='word_1_616' title='bbox 2566 2262 2634 2300; x_wconf 88' lang='lat' dir='ltr'><strong><em>ne</em></strong></span> <span class='ocrx_word' id='word_1_617' title='bbox 2664 2249 2866 2317; x_wconf 86' lang='lat' dir='ltr'><strong><em>tangas</em></strong></span> <span class='ocrx_word' id='word_1_618' title='bbox 2881 2248 2997 2316; x_wconf 91' lang='lat' dir='ltr'><strong><em>(Job</em></strong></span> <span class='ocrx_word' id='word_1_619' title='bbox 3030 2249 3163 2321; x_wconf 76' lang='lat'><strong><em>11,6)</em></strong></span> <span class='ocrx_word' id='word_1_620' title='bbox 3189 2267 3201 2317; x_wconf 91' lang='lat'><strong>;</strong></span> <span class='ocrx_word' id='word_1_621' title='bbox 3236 2250 3294 2304; x_wconf 93' lang='lat' dir='ltr'><strong><em>id</em></strong></span> <span class='ocrx_word' id='word_1_622' title='bbox 3335 2256 3443 2317; x_wconf 91' lang='lat' dir='ltr'><strong><em>est,</em></strong></span> <span class='ocrx_word' id='word_1_623' title='bbox 3469 2268 3536 2306; x_wconf 91' lang='lat' dir='ltr'><strong><em>ne</em></strong></span> <span class='ocrx_word' id='word_1_624' title='bbox 3557 2251 3748 2306; x_wconf 85' lang='lat' dir='ltr'><strong><em>occidas</em></strong></span> 
     </span>
    </p>
   </div>
   <div class='ocr_carea' id='block_1_83' title="bbox 2140 2331 3753 2410">
    <p class='ocr_par' dir='ltr' id='par_1_83' title="bbox 2140 2331 3753 2410">
     <span class='ocr_line' id='line_1_83' title="bbox 2140 2331 3753 2410; baseline 0.007 -28"><span class='ocrx_word' id='word_1_625' title='bbox 2140 2345 2296 2410; x_wconf 74' lang='lat' dir='ltr'><strong><em>eum.</em></strong></span> <span class='ocrx_word' id='word_1_626' title='bbox 2360 2331 2504 2387; x_wconf 87' lang='lat' dir='ltr'><strong><em>Nam</em></strong></span> <span class='ocrx_word' id='word_1_627' title='bbox 2566 2336 2891 2391; x_wconf 89' lang='lat' dir='ltr'><strong><em>secundum</em></strong></span> <span class='ocrx_word' id='word_1_628' title='bbox 2952 2335 3111 2392; x_wconf 89' lang='lat' dir='ltr'><strong><em>illam</em></strong></span> <span class='ocrx_word' id='word_1_629' title='bbox 3149 2339 3630 2410; x_wconf 89' lang='lat' dir='ltr'><strong><em>signiﬁcationem</em></strong></span> <span class='ocrx_word' id='word_1_630' title='bbox 3660 2356 3753 2410; x_wconf 87' lang='lat' dir='ltr'><strong><em>qua</em></strong></span> 
     </span>
    </p>
   </div>
   <div class='ocr_carea' id='block_1_84' title="bbox 2140 2408 3750 2498">
    <p class='ocr_par' dir='ltr' id='par_1_84' title="bbox 2140 2408 3750 2498">
     <span class='ocr_line' id='line_1_84' title="bbox 2140 2408 3750 2498; baseline 0.005 -26"><span class='ocrx_word' id='word_1_631' title='bbox 2140 2408 2351 2474; x_wconf 74' lang='lat' dir='ltr'><strong><em>natura</em></strong></span> <span class='ocrx_word' id='word_1_632' title='bbox 2380 2420 2587 2477; x_wconf 70' lang='lat' dir='ltr'><strong><em>animae</em></strong></span> <span class='ocrx_word' id='word_1_633' title='bbox 2636 2432 3149 2498; x_wconf 89' lang='lat' dir='ltr'><strong><em>commemoratur,</em></strong></span> <span class='ocrx_word' id='word_1_634' title='bbox 3180 2428 3325 2483; x_wconf 90' lang='lat' dir='ltr'><strong><em>illud</em></strong></span> <span class='ocrx_word' id='word_1_635' title='bbox 3360 2446 3392 2483; x_wconf 93' lang='lat' dir='ltr'><strong><em>a</em></strong></span> <span class='ocrx_word' id='word_1_636' title='bbox 3428 2430 3653 2483; x_wconf 91' lang='lat' dir='ltr'><strong><em>Domino</em></strong></span> <span class='ocrx_word' id='word_1_637' title='bbox 3681 2428 3750 2481; x_wconf 89' lang='lat' dir='ltr'><strong><em>di-</em></strong></span> 
     </span>
    </p>
   </div>
   <div class='ocr_carea' id='block_1_85' title="bbox 2139 2507 3751 2588">
    <p class='ocr_par' dir='ltr' id='par_1_85' title="bbox 2139 2507 3751 2588">
     <span class='ocr_line' id='line_1_85' title="bbox 2139 2507 3751 2588; baseline 0.006 -27"><span class='ocrx_word' id='word_1_638' title='bbox 2139 2507 2290 2563; x_wconf 91' lang='lat' dir='ltr'><strong><em>citur</em></strong></span> <span class='ocrx_word' id='word_1_639' title='bbox 2314 2526 2326 2564; x_wconf 89' lang='lat'>:</span> <span class='ocrx_word' id='word_1_640' title='bbox 2358 2511 2533 2567; x_wconf 89' lang='lat' dir='ltr'><strong><em>Nolite</em></strong></span> <span class='ocrx_word' id='word_1_641' title='bbox 2562 2514 2752 2570; x_wconf 89' lang='lat' dir='ltr'><strong><em>timere</em></strong></span> <span class='ocrx_word' id='word_1_642' title='bbox 2771 2530 2858 2570; x_wconf 89' lang='lat' dir='ltr'><strong><em>eos</em></strong></span> <span class='ocrx_word' id='word_1_643' title='bbox 2883 2517 2980 2588; x_wconf 83' lang='lat' dir='ltr'><strong><em>qui</em></strong></span> <span class='ocrx_word' id='word_1_644' title='bbox 3006 2532 3200 2588; x_wconf 88' lang='lat' dir='ltr'><strong><em>corpus</em></strong></span> <span class='ocrx_word' id='word_1_645' title='bbox 3224 2519 3508 2584; x_wconf 87' lang='lat' dir='ltr'><strong><em>occidunt,</em></strong></span> <span class='ocrx_word' id='word_1_646' title='bbox 3537 2520 3751 2573; x_wconf 81' lang='lat' dir='ltr'><strong><em>animam</em></strong></span> 
     </span>
    </p>
   </div>
   <div class='ocr_carea' id='block_1_86' title="bbox 2137 2602 3469 2677">
    <p class='ocr_par' dir='ltr' id='par_1_86' title="bbox 2137 2602 3469 2677">
     <span class='ocr_line' id='line_1_86' title="bbox 2137 2602 3469 2677; baseline 0.008 -25"><span class='ocrx_word' id='word_1_647' title='bbox 2137 2604 2320 2654; x_wconf 88' lang='lat' dir='ltr'><strong><em>autem</em></strong></span> <span class='ocrx_word' id='word_1_648' title='bbox 2346 2615 2457 2655; x_wconf 85' lang='lat' dir='ltr'><strong><em>non</em></strong></span> <span class='ocrx_word' id='word_1_649' title='bbox 2480 2605 2707 2672; x_wconf 85' lang='lat' dir='ltr'><strong><em>possunt</em></strong></span> <span class='ocrx_word' id='word_1_650' title='bbox 2737 2602 2979 2663; x_wconf 86' lang='lat' dir='ltr'><strong><em>occidere</em></strong></span> <span class='ocrx_word' id='word_1_651' title='bbox 3009 2604 3239 2677; x_wconf 58' lang='lat' dir='ltr'><strong><em>(Matth,</em></strong></span> <span class='ocrx_word' id='word_1_652' title='bbox 3261 2624 3324 2673; x_wconf 84' lang='lat' dir='ltr'><strong><em>x,</em></strong></span> <span class='ocrx_word' id='word_1_653' title='bbox 3354 2606 3469 2677; x_wconf 87' lang='lat'><strong><em>28).</em></strong></span> 
     </span>
    </p>
   </div>
   <div class='ocr_carea' id='block_1_87' title="bbox 2208 2706 3757 2782">
    <p class='ocr_par' dir='ltr' id='par_1_87' title="bbox 2208 2706 3757 2782">
     <span class='ocr_line' id='line_1_87' title="bbox 2208 2706 3757 2782; baseline 0.005 -21"><span class='ocrx_word' id='word_1_654' title='bbox 2208 2706 2313 2777; x_wconf 80' lang='grc'><strong>[11).</strong></span> <span class='ocrx_word' id='word_1_655' title='bbox 2340 2707 2454 2777; x_wconf 83' lang='grc'><strong><em>27.]</em></strong></span> <span class='ocrx_word' id='word_1_656' title='bbox 2505 2710 2667 2774; x_wconf 88' lang='lat' dir='ltr'><strong><em>Quod</em></strong></span> <span class='ocrx_word' id='word_1_657' title='bbox 2706 2711 2887 2767; x_wconf 76' lang='lat' dir='ltr'><strong><em>ludas</em></strong></span> <span class='ocrx_word' id='word_1_658' title='bbox 2936 2711 3099 2782; x_wconf 89' lang='lat' dir='ltr'><strong><em>dicit,</em></strong></span> <span class='ocrx_word' id='word_1_659' title='bbox 3145 2715 3343 2770; x_wconf 78' lang='lat' dir='ltr'><strong><em>Manus</em></strong></span> <span class='ocrx_word' id='word_1_660' title='bbox 3377 2718 3561 2770; x_wconf 87' lang='lat' dir='ltr'><strong><em>autem</em></strong></span> <span class='ocrx_word' id='word_1_661' title='bbox 3590 2720 3757 2770; x_wconf 68' lang='lat' dir='ltr'><strong><em>nostra</em></strong></span> 
     </span>
    </p>
   </div>
   <div class='ocr_carea' id='block_1_88' title="bbox 2133 2799 3757 2872">
    <p class='ocr_par' dir='ltr' id='par_1_88' title="bbox 2133 2799 3757 2872">
     <span class='ocr_line' id='line_1_88' title="bbox 2133 2799 3757 2872; baseline 0.006 -23"><span class='ocrx_word' id='word_1_662' title='bbox 2133 2811 2247 2851; x_wconf 83' lang='lat' dir='ltr'><strong><em>non</em></strong></span> <span class='ocrx_word' id='word_1_663' title='bbox 2276 2799 2388 2852; x_wconf 88' lang='lat' dir='ltr'><strong><em>sint</em></strong></span> <span class='ocrx_word' id='word_1_664' title='bbox 2416 2814 2584 2868; x_wconf 87' lang='lat' dir='ltr'><strong><em>super</em></strong></span> <span class='ocrx_word' id='word_1_665' title='bbox 2610 2815 2757 2866; x_wconf 88' lang='lat' dir='ltr'><strong><em>eum,</em></strong></span> <span class='ocrx_word' id='word_1_666' title='bbox 2781 2799 2891 2856; x_wconf 89' lang='lat' dir='ltr'><strong><em>hoc</em></strong></span> <span class='ocrx_word' id='word_1_667' title='bbox 2921 2805 3011 2857; x_wconf 88' lang='lat' dir='ltr'><strong><em>est</em></strong></span> <span class='ocrx_word' id='word_1_668' title='bbox 3032 2803 3188 2872; x_wconf 89' lang='lat' dir='ltr'><strong><em>quod</em></strong></span> <span class='ocrx_word' id='word_1_669' title='bbox 3221 2804 3340 2860; x_wconf 92' lang='lat' dir='ltr'><strong><em>dici</em></strong></span> <span class='ocrx_word' id='word_1_670' title='bbox 3373 2821 3407 2860; x_wconf 93' lang='lat' dir='ltr'><strong><em>a</em></strong></span> <span class='ocrx_word' id='word_1_671' title='bbox 3438 2804 3601 2860; x_wconf 83' lang='lat' dir='ltr'><strong><em>nobis</em></strong></span> <span class='ocrx_word' id='word_1_672' title='bbox 3616 2804 3757 2867; x_wconf 87' lang='lat' dir='ltr'><strong><em>solet,</em></strong></span> 
     </span>
    </p>
   </div>
   <div class='ocr_carea' id='block_1_89' title="bbox 2136 2884 2947 2945">
    <p class='ocr_par' dir='ltr' id='par_1_89' title="bbox 2136 2884 2947 2945">
     <span class='ocr_line' id='line_1_89' title="bbox 2136 2884 2947 2945; baseline 0.005 -4"><span class='ocrx_word' id='word_1_673' title='bbox 2136 2884 2342 2941; x_wconf 81' lang='lat' dir='ltr'><strong><em>Manus</em></strong></span> <span class='ocrx_word' id='word_1_674' title='bbox 2372 2887 2422 2941; x_wconf 90' lang='lat' dir='ltr'><strong><em>ei</em></strong></span> <span class='ocrx_word' id='word_1_675' title='bbox 2456 2903 2570 2942; x_wconf 91' lang='lat' dir='ltr'><strong><em>non</em></strong></span> <span class='ocrx_word' id='word_1_676' title='bbox 2606 2887 2947 2945; x_wconf 89' lang='lat' dir='ltr'><strong><em>inferamus.</em></strong></span> 
     </span>
    </p>
   </div>
   <div class='ocr_carea' id='block_1_90' title="bbox 2205 2972 3757 3048">
    <p class='ocr_par' dir='ltr' id='par_1_90' title="bbox 2205 2972 3757 3048">
     <span class='ocr_line' id='line_1_90' title="bbox 2205 2972 3757 3048; baseline 0.005 -20"><span class='ocrx_word' id='word_1_677' title='bbox 2205 2972 2315 3046; x_wconf 76' lang='lat' dir='ltr'><strong><em>[1b.</em></strong></span> <span class='ocrx_word' id='word_1_678' title='bbox 2342 2975 2458 3045; x_wconf 88' lang='lat'><strong>27.]</strong></span> <span class='ocrx_word' id='word_1_679' title='bbox 2490 2976 2762 3045; x_wconf 85' lang='lat' dir='ltr'><strong><em>Quoniam</em></strong></span> <span class='ocrx_word' id='word_1_680' title='bbox 2791 2978 2980 3048; x_wconf 84' lang='lat' dir='ltr'><strong><em>frater</em></strong></span> <span class='ocrx_word' id='word_1_681' title='bbox 3008 2988 3189 3037; x_wconf 83' lang='lat' dir='ltr'><strong><em>noster</em></strong></span> <span class='ocrx_word' id='word_1_682' title='bbox 3216 2990 3268 3037; x_wconf 90' lang='lat' dir='ltr'><strong><em>et</em></strong></span> <span class='ocrx_word' id='word_1_683' title='bbox 3293 2999 3427 3039; x_wconf 91' lang='lat' dir='ltr'><strong><em>caro</em></strong></span> <span class='ocrx_word' id='word_1_684' title='bbox 3458 2987 3640 3039; x_wconf 87' lang='lat' dir='ltr'><strong><em>nostra</em></strong></span> <span class='ocrx_word' id='word_1_685' title='bbox 3664 2990 3757 3037; x_wconf 84' lang='lat' dir='ltr'><strong><em>est:</em></strong></span> 
     </span>
    </p>
   </div>
   <div class='ocr_carea' id='block_1_91' title="bbox 2135 3062 3761 3143">
    <p class='ocr_par' dir='ltr' id='par_1_91' title="bbox 2135 3062 3761 3143">
     <span class='ocr_line' id='line_1_91' title="bbox 2135 3062 3761 3143; baseline 0.006 -28"><span class='ocrx_word' id='word_1_686' title='bbox 2135 3078 2248 3116; x_wconf 91' lang='lat' dir='ltr'><strong><em>non</em></strong></span> <span class='ocrx_word' id='word_1_687' title='bbox 2281 3062 2462 3131; x_wconf 88' lang='lat' dir='ltr'><strong><em>aliud,</em></strong></span> <span class='ocrx_word' id='word_1_688' title='bbox 2496 3067 2596 3120; x_wconf 87' lang='lat' dir='ltr'><strong><em>sed</em></strong></span> <span class='ocrx_word' id='word_1_689' title='bbox 2642 3066 2732 3122; x_wconf 89' lang='lat' dir='ltr'><strong><em>bis</em></strong></span> <span class='ocrx_word' id='word_1_690' title='bbox 2763 3067 2872 3123; x_wconf 91' lang='lat' dir='ltr'><strong><em>hoc</em></strong></span> <span class='ocrx_word' id='word_1_691' title='bbox 2901 3069 3054 3124; x_wconf 91' lang='lat' dir='ltr'><strong><em>idem</em></strong></span> <span class='ocrx_word' id='word_1_692' title='bbox 3088 3070 3316 3127; x_wconf 86' lang='lat' dir='ltr'><strong><em>dictum</em></strong></span> <span class='ocrx_word' id='word_1_693' title='bbox 3359 3078 3474 3142; x_wconf 88' lang='lat' dir='ltr'><strong><em>est,</em></strong></span> <span class='ocrx_word' id='word_1_694' title='bbox 3503 3078 3761 3143; x_wconf 86' lang='lat' dir='ltr'><strong><em>tanquam</em></strong></span> 
     </span>
    </p>
   </div>
   <div class='ocr_carea' id='block_1_92' title="bbox 2134 3152 3761 3230">
    <p class='ocr_par' dir='ltr' id='par_1_92' title="bbox 2134 3152 3761 3230">
     <span class='ocr_line' id='line_1_92' title="bbox 2134 3152 3761 3230; baseline 0.006 -26"><span class='ocrx_word' id='word_1_695' title='bbox 2134 3152 2474 3223; x_wconf 83' lang='lat' dir='ltr'><strong><em>exponendo</em></strong></span> <span class='ocrx_word' id='word_1_696' title='bbox 2523 3154 2659 3225; x_wconf 90' lang='lat' dir='ltr'><strong><em>quid</em></strong></span> <span class='ocrx_word' id='word_1_697' title='bbox 2691 3155 2764 3210; x_wconf 91' lang='lat' dir='ltr'><strong><em>sit</em></strong></span> <span class='ocrx_word' id='word_1_698' title='bbox 2815 3156 2992 3212; x_wconf 84' lang='lat' dir='ltr'><strong><em>frater</em></strong></span> <span class='ocrx_word' id='word_1_699' title='bbox 3022 3163 3240 3230; x_wconf 88' lang='lat' dir='ltr'><strong><em>noster,</em></strong></span> <span class='ocrx_word' id='word_1_700' title='bbox 3274 3160 3336 3215; x_wconf 89' lang='lat' dir='ltr'><strong><em>id</em></strong></span> <span class='ocrx_word' id='word_1_701' title='bbox 3371 3166 3463 3217; x_wconf 88' lang='lat' dir='ltr'><strong><em>est</em></strong></span> <span class='ocrx_word' id='word_1_702' title='bbox 3495 3177 3622 3216; x_wconf 87' lang='lat' dir='ltr'><strong><em>caro</em></strong></span> <span class='ocrx_word' id='word_1_703' title='bbox 3650 3176 3761 3215; x_wconf 87' lang='lat' dir='ltr'><strong><em>nos-</em></strong></span> 
     </span>
    </p>
   </div>
   <div class='ocr_carea' id='block_1_93' title="bbox 2132 3240 3577 3318">
    <p class='ocr_par' dir='ltr' id='par_1_93' title="bbox 2132 3240 3577 3318">
     <span class='ocr_line' id='line_1_93' title="bbox 2132 3240 3577 3318; baseline 0.007 -25"><span class='ocrx_word' id='word_1_704' title='bbox 2132 3240 2245 3310; x_wconf 89' lang='lat' dir='ltr'><strong><em>tra,</em></strong></span> <span class='ocrx_word' id='word_1_705' title='bbox 2277 3241 2429 3311; x_wconf 91' lang='lat' dir='ltr'><strong><em>quod</em></strong></span> <span class='ocrx_word' id='word_1_706' title='bbox 2463 3256 2532 3296; x_wconf 83' lang='lat' dir='ltr'><strong><em>ex</em></strong></span> <span class='ocrx_word' id='word_1_707' title='bbox 2561 3242 2763 3298; x_wconf 87' lang='lat' dir='ltr'><strong><em>eadem</em></strong></span> <span class='ocrx_word' id='word_1_708' title='bbox 2795 3259 2968 3299; x_wconf 88' lang='lat' dir='ltr'><strong><em>carne</em></strong></span> <span class='ocrx_word' id='word_1_709' title='bbox 2999 3244 3231 3301; x_wconf 88' lang='lat' dir='ltr'><strong><em>fuerant</em></strong></span> <span class='ocrx_word' id='word_1_710' title='bbox 3262 3250 3577 3318; x_wconf 90' lang='lat' dir='ltr'><strong><em>procreati.</em></strong></span> 
     </span>
    </p>
   </div>
   <div class='ocr_carea' id='block_1_94' title="bbox 2205 3327 3769 3406">
    <p class='ocr_par' dir='ltr' id='par_1_94' title="bbox 2205 3327 3769 3406">
     <span class='ocr_line' id='line_1_94' title="bbox 2205 3327 3769 3406; baseline 0.004 -24"><span class='ocrx_word' id='word_1_711' title='bbox 2205 3327 2311 3396; x_wconf 83' lang='grc'><strong>[11).</strong></span> <span class='ocrx_word' id='word_1_712' title='bbox 2345 3330 2459 3401; x_wconf 89' lang='grc'><strong>31.]</strong></span> <span class='ocrx_word' id='word_1_713' title='bbox 2500 3329 2826 3387; x_wconf 87' lang='lat' dir='ltr'><strong><em>Occiderunt</em></strong></span> <span class='ocrx_word' id='word_1_714' title='bbox 2854 3333 3071 3389; x_wconf 64' lang='lat' dir='ltr'><strong><em>haedum</em></strong></span> <span class='ocrx_word' id='word_1_715' title='bbox 3117 3351 3467 3406; x_wconf 85' lang='lat' dir='ltr'><strong><em>caprarum:</em></strong></span> <span class='ocrx_word' id='word_1_716' title='bbox 3527 3337 3609 3392; x_wconf 91' lang='lat' dir='ltr'><strong><em>sic</em></strong></span> <span class='ocrx_word' id='word_1_717' title='bbox 3639 3335 3769 3391; x_wconf 86' lang='lat' dir='ltr'><strong><em>solet</em></strong></span> 
     </span>
    </p>
   </div>
   <div class='ocr_carea' id='block_1_95' title="bbox 2130 3415 3768 3492">
    <p class='ocr_par' dir='ltr' id='par_1_95' title="bbox 2130 3415 3768 3492">
     <span class='ocr_line' id='line_1_95' title="bbox 2130 3415 3768 3492; baseline 0.004 -21"><span class='ocrx_word' id='word_1_718' title='bbox 2130 3415 2292 3488; x_wconf 90' lang='lat' dir='ltr'><strong><em>loqui</em></strong></span> <span class='ocrx_word' id='word_1_719' title='bbox 2341 3417 2661 3490; x_wconf 90' lang='lat' dir='ltr'><strong><em>Scriptura,</em></strong></span> <span class='ocrx_word' id='word_1_720' title='bbox 2695 3422 3196 3492; x_wconf 91' lang='lat' dir='ltr'><strong><em>quemadmodum</em></strong></span> <span class='ocrx_word' id='word_1_721' title='bbox 3229 3424 3290 3479; x_wconf 89' lang='lat' dir='ltr'><strong><em>in</em></strong></span> <span class='ocrx_word' id='word_1_722' title='bbox 3346 3426 3607 3489; x_wconf 87' lang='lat' dir='ltr'><strong><em>Psalmo,</em></strong></span> <span class='ocrx_word' id='word_1_723' title='bbox 3640 3424 3768 3478; x_wconf 84' lang='lat' dir='ltr'><strong><em>Sicut</em></strong></span> 
     </span>
    </p>
   </div>
   <div class='ocr_carea' id='block_1_96' title="bbox 2130 3508 3769 3586">
    <p class='ocr_par' dir='ltr' id='par_1_96' title="bbox 2130 3508 3769 3586">
     <span class='ocr_line' id='line_1_96' title="bbox 2130 3508 3769 3586; baseline 0.004 -26"><span class='ocrx_word' id='word_1_724' title='bbox 2130 3508 2268 3574; x_wconf 89' lang='lat' dir='ltr'><strong><em>agni</em></strong></span> <span class='ocrx_word' id='word_1_725' title='bbox 2321 3509 2504 3563; x_wconf 90' lang='lat' dir='ltr'><strong><em>ovium</em></strong></span> <span class='ocrx_word' id='word_1_726' title='bbox 2538 3510 2710 3579; x_wconf 90' lang='lat' dir='ltr'><strong><em>(Psal.</em></strong></span> <span class='ocrx_word' id='word_1_727' title='bbox 2743 3527 2901 3576; x_wconf 85' lang='lat' dir='ltr'><strong><em>cxm,</em></strong></span> <span class='ocrx_word' id='word_1_728' title='bbox 2935 3512 3008 3583; x_wconf 83' lang='grc'><strong><em>4),</em></strong></span> <span class='ocrx_word' id='word_1_729' title='bbox 3063 3512 3232 3584; x_wconf 87' lang='lat' dir='ltr'><strong><em>quasi</em></strong></span> <span class='ocrx_word' id='word_1_730' title='bbox 3285 3515 3485 3586; x_wconf 89' lang='lat' dir='ltr'><strong><em>possit</em></strong></span> <span class='ocrx_word' id='word_1_731' title='bbox 3533 3530 3656 3570; x_wconf 85' lang='lat' dir='ltr'><strong><em>esse</em></strong></span> <span class='ocrx_word' id='word_1_732' title='bbox 3689 3518 3769 3568; x_wconf 85' lang='lat' dir='ltr'><strong><em>aut</em></strong></span> 
     </span>
    </p>
   </div>
   <div class='ocr_carea' id='block_1_97' title="bbox 2131 3591 3540 3671">
    <p class='ocr_par' dir='ltr' id='par_1_97' title="bbox 2131 3591 3540 3671">
     <span class='ocr_line' id='line_1_97' title="bbox 2131 3591 3540 3671; baseline 0.008 -24"><span class='ocrx_word' id='word_1_733' title='bbox 2131 3591 2333 3650; x_wconf 68' lang='lat' dir='ltr'><strong><em>haedus</em></strong></span> <span class='ocrx_word' id='word_1_734' title='bbox 2362 3595 2472 3651; x_wconf 87' lang='lat' dir='ltr'><strong><em>nisi</em></strong></span> <span class='ocrx_word' id='word_1_735' title='bbox 2505 3613 2834 3669; x_wconf 88' lang='lat' dir='ltr'><strong><em>caprarum,</em></strong></span> <span class='ocrx_word' id='word_1_736' title='bbox 2866 3603 2967 3655; x_wconf 91' lang='lat' dir='ltr'><strong><em>aut</em></strong></span> <span class='ocrx_word' id='word_1_737' title='bbox 2998 3601 3130 3671; x_wconf 89' lang='lat' dir='ltr'><strong><em>agni</em></strong></span> <span class='ocrx_word' id='word_1_738' title='bbox 3162 3602 3278 3657; x_wconf 90' lang='lat' dir='ltr'><strong><em>nisi</em></strong></span> <span class='ocrx_word' id='word_1_739' title='bbox 3313 3603 3540 3658; x_wconf 88' lang='lat' dir='ltr'><strong><em>ovium.</em></strong></span> 
     </span>
    </p>
   </div>
   <div class='ocr_carea' id='block_1_98' title="bbox 2200 3702 3767 3781">
    <p class='ocr_par' dir='ltr' id='par_1_98' title="bbox 2200 3702 3767 3781">
     <span class='ocr_line' id='line_1_98' title="bbox 2200 3702 3767 3781; baseline 0.004 -25"><span class='ocrx_word' id='word_1_740' title='bbox 2200 3702 2308 3772; x_wconf 86' lang='lat' dir='ltr'><strong><em>[lb.</em></strong></span> <span class='ocrx_word' id='word_1_741' title='bbox 2341 3720 2578 3775; x_wconf 86' lang='lat' dir='ltr'><strong><em>xxxvm,</em></strong></span> <span class='ocrx_word' id='word_1_742' title='bbox 2614 3705 2723 3775; x_wconf 90' lang='lat'><strong>13.]</strong></span> <span class='ocrx_word' id='word_1_743' title='bbox 2758 3708 2831 3761; x_wconf 83' lang='lat' dir='ltr'><strong><em>Et</em></strong></span> <span class='ocrx_word' id='word_1_744' title='bbox 2860 3709 3178 3763; x_wconf 87' lang='lat' dir='ltr'><strong><em>nuntiatum</em></strong></span> <span class='ocrx_word' id='word_1_745' title='bbox 3196 3713 3278 3765; x_wconf 86' lang='lat' dir='ltr'><strong><em>est</em></strong></span> <span class='ocrx_word' id='word_1_746' title='bbox 3308 3712 3495 3765; x_wconf 79' lang='lat' dir='ltr'><strong><em>nurui</em></strong></span> <span class='ocrx_word' id='word_1_747' title='bbox 3523 3711 3636 3781; x_wconf 85' lang='lat' dir='ltr'><strong><em>ejus</em></strong></span> <span class='ocrx_word' id='word_1_748' title='bbox 3657 3710 3767 3763; x_wconf 85' lang='lat' dir='ltr'><strong><em>Tha-</em></strong></span> 
     </span>
    </p>
   </div>
   <div class='ocr_carea' id='block_1_99' title="bbox 2124 3792 3765 3867">
    <p class='ocr_par' dir='ltr' id='par_1_99' title="bbox 2124 3792 3765 3867">
     <span class='ocr_line' id='line_1_99' title="bbox 2124 3792 3765 3867; baseline 0.002 -22"><span class='ocrx_word' id='word_1_749' title='bbox 2124 3806 2253 3845; x_wconf 89' lang='lat' dir='ltr'><strong><em>mar</em></strong></span> <span class='ocrx_word' id='word_1_750' title='bbox 2278 3792 2547 3849; x_wconf 85' lang='lat' dir='ltr'><strong><em>dicentes:</em></strong></span> <span class='ocrx_word' id='word_1_751' title='bbox 2600 3793 2911 3850; x_wconf 90' lang='lat' dir='ltr'><strong><em>dicendum</em></strong></span> <span class='ocrx_word' id='word_1_752' title='bbox 2959 3800 3153 3852; x_wconf 88' lang='lat' dir='ltr'><strong><em>autem</em></strong></span> <span class='ocrx_word' id='word_1_753' title='bbox 3187 3798 3321 3867; x_wconf 87' lang='lat' dir='ltr'><strong><em>fuit,</em></strong></span> <span class='ocrx_word' id='word_1_754' title='bbox 3354 3799 3765 3854; x_wconf 87' lang='lat' dir='ltr'><strong><em>Nuntiaverunt</em></strong></span> 
     </span>
    </p>
   </div>
   <div class='ocr_carea' id='block_1_100' title="bbox 2125 3879 2403 3936">
    <p class='ocr_par' dir='ltr' id='par_1_100' title="bbox 2125 3879 2403 3936">
     <span class='ocr_line' id='line_1_100' title="bbox 2125 3879 2403 3936; baseline 0.004 -1"><span class='ocrx_word' id='word_1_755' title='bbox 2125 3879 2403 3936; x_wconf 85' lang='lat' dir='ltr'><strong><em>dicentes.</em></strong></span> 
     </span>
    </p>
   </div>
   <div class='ocr_carea' id='block_1_101' title="bbox 2195 3969 3773 4044">
    <p class='ocr_par' dir='ltr' id='par_1_101' title="bbox 2195 3969 3773 4044">
     <span class='ocr_line' id='line_1_101' title="bbox 2195 3969 3773 4044; baseline 0.001 -20"><span class='ocrx_word' id='word_1_756' title='bbox 2195 3969 2303 4038; x_wconf 89' lang='grc'><strong>[11).</strong></span> <span class='ocrx_word' id='word_1_757' title='bbox 2336 3970 2447 4042; x_wconf 85' lang='grc'><strong>14.]</strong></span> <span class='ocrx_word' id='word_1_758' title='bbox 2469 3971 2534 4026; x_wconf 90' lang='lat' dir='ltr'><strong><em>Et</em></strong></span> <span class='ocrx_word' id='word_1_759' title='bbox 2552 3970 2809 4044; x_wconf 79' lang='lat' dir='ltr'><strong><em>depositis</em></strong></span> <span class='ocrx_word' id='word_1_760' title='bbox 2829 3973 3166 4030; x_wconf 84' lang='lat' dir='ltr'><strong><em>vestimentis</em></strong></span> <span class='ocrx_word' id='word_1_761' title='bbox 3185 3976 3489 4032; x_wconf 85' lang='lat' dir='ltr'><strong><em>viduitatis</em></strong></span> <span class='ocrx_word' id='word_1_762' title='bbox 3508 3991 3627 4033; x_wconf 67' lang='lat' dir='ltr'><strong><em>sua:</em></strong></span> <span class='ocrx_word' id='word_1_763' title='bbox 3648 3993 3677 4030; x_wconf 84' lang='grc' dir='ltr'><em>α</em></span> <span class='ocrx_word' id='word_1_764' title='bbox 3698 3988 3773 4029; x_wconf 84' lang='lat' dir='ltr'><strong><em>se:</em></strong></span> 
     </span>
    </p>
   </div>
   <div class='ocr_carea' id='block_1_102' title="bbox 2122 4056 3511 4136">
    <p class='ocr_par' dir='ltr' id='par_1_102' title="bbox 2122 4056 3511 4136">
     <span class='ocr_line' id='line_1_102' title="bbox 2122 4056 3511 4136; baseline 0.006 -23"><span class='ocrx_word' id='word_1_765' title='bbox 2122 4056 2259 4129; x_wconf 90' lang='lat' dir='ltr'><strong><em>quid</em></strong></span> <span class='ocrx_word' id='word_1_766' title='bbox 2294 4058 2493 4115; x_wconf 90' lang='lat' dir='ltr'><strong><em>minus</em></strong></span> <span class='ocrx_word' id='word_1_767' title='bbox 2522 4065 2697 4128; x_wconf 85' lang='lat' dir='ltr'><strong><em>esset,</em></strong></span> <span class='ocrx_word' id='word_1_768' title='bbox 2729 4061 2780 4118; x_wconf 89' lang='lat' dir='ltr'><strong><em>si</em></strong></span> <span class='ocrx_word' id='word_1_769' title='bbox 2812 4079 2927 4119; x_wconf 91' lang='lat' dir='ltr'><strong><em>non</em></strong></span> <span class='ocrx_word' id='word_1_770' title='bbox 2960 4064 3299 4136; x_wconf 89' lang='lat' dir='ltr'><strong><em>adderetur,</em></strong></span> <span class='ocrx_word' id='word_1_771' title='bbox 3337 4084 3374 4122; x_wconf 90' lang='lat' dir='ltr'><strong><em>a</em></strong></span> <span class='ocrx_word' id='word_1_772' title='bbox 3403 4084 3462 4123; x_wconf 89' lang='lat' dir='ltr'><strong><em>se</em></strong></span> <span class='ocrx_word' id='word_1_773' title='bbox 3483 4066 3511 4121; x_wconf 77' lang='lat' dir='ltr'><strong><em>‘l</em></strong></span> 
     </span>
    </p>
   </div>
   <div class='ocr_carea' id='block_1_103' title="bbox 2193 4147 3776 4226">
    <p class='ocr_par' dir='ltr' id='par_1_103' title="bbox 2193 4147 3776 4226">
     <span class='ocr_line' id='line_1_103' title="bbox 2193 4147 3776 4226; baseline 0.007 -26"><span class='ocrx_word' id='word_1_774' title='bbox 2193 4147 2301 4216; x_wconf 85' lang='grc'><strong>[11).</strong></span> <span class='ocrx_word' id='word_1_775' title='bbox 2332 4148 2447 4220; x_wconf 87' lang='grc'><strong><em>26.]</em></strong></span> <span class='ocrx_word' id='word_1_776' title='bbox 2478 4151 2543 4205; x_wconf 90' lang='lat' dir='ltr'><strong><em>Et</em></strong></span> <span class='ocrx_word' id='word_1_777' title='bbox 2590 4166 2699 4206; x_wconf 86' lang='lat' dir='ltr'><strong><em>non</em></strong></span> <span class='ocrx_word' id='word_1_778' title='bbox 2747 4154 3000 4224; x_wconf 86' lang='lat' dir='ltr'><strong><em>apposuit</em></strong></span> <span class='ocrx_word' id='word_1_779' title='bbox 3044 4154 3291 4226; x_wconf 88' lang='lat' dir='ltr'><strong><em>amplius</em></strong></span> <span class='ocrx_word' id='word_1_780' title='bbox 3318 4158 3476 4212; x_wconf 88' lang='lat' dir='ltr'><strong><em>scire</em></strong></span> <span class='ocrx_word' id='word_1_781' title='bbox 3503 4172 3625 4211; x_wconf 81' lang='lat' dir='ltr'><strong><em>eam</em></strong></span> <span class='ocrx_word' id='word_1_782' title='bbox 3643 4173 3660 4209; x_wconf 86' lang='lat'><strong><em>:</em></strong></span> <span class='ocrx_word' id='word_1_783' title='bbox 3690 4167 3776 4224; x_wconf 81' lang='lat' dir='ltr'><strong><em>pro</em></strong></span> 
     </span>
    </p>
   </div>
   <div class='ocr_carea' id='block_1_104' title="bbox 2122 4238 3183 4308">
    <p class='ocr_par' dir='ltr' id='par_1_104' title="bbox 2122 4238 3183 4308">
     <span class='ocr_line' id='line_1_104' title="bbox 2122 4238 3183 4308; baseline 0.006 -17"><span class='ocrx_word' id='word_1_784' title='bbox 2122 4252 2188 4292; x_wconf 89' lang='lat' dir='ltr'><strong><em>eo</em></strong></span> <span class='ocrx_word' id='word_1_785' title='bbox 2219 4238 2374 4308; x_wconf 89' lang='lat' dir='ltr'><strong><em>quod</em></strong></span> <span class='ocrx_word' id='word_1_786' title='bbox 2402 4243 2494 4294; x_wconf 90' lang='lat' dir='ltr'><strong><em>est</em></strong></span> <span class='ocrx_word' id='word_1_787' title='bbox 2523 4238 2759 4297; x_wconf 90' lang='lat' dir='ltr'><strong><em>misceri</em></strong></span> <span class='ocrx_word' id='word_1_788' title='bbox 2806 4241 2880 4297; x_wconf 93' lang='lat' dir='ltr'><strong><em>ei.</em></strong></span> <span class='ocrx_word' id='word_1_789' title='bbox 3180 4262 3183 4263; x_wconf 57' lang='lat'><strong><em>&#39;</em></strong></span> 
     </span>
    </p>
   </div>
   <div class='ocr_carea' id='block_1_105' title="bbox 2195 4325 3777 4403">
    <p class='ocr_par' dir='ltr' id='par_1_105' title="bbox 2195 4325 3777 4403">
     <span class='ocr_line' id='line_1_105' title="bbox 2195 4325 3777 4403; baseline 0.004 -23"><span class='ocrx_word' id='word_1_790' title='bbox 2195 4325 2300 4396; x_wconf 88' lang='lat' dir='ltr'><strong><em>[1b.</em></strong></span> <span class='ocrx_word' id='word_1_791' title='bbox 2330 4343 2522 4393; x_wconf 77' lang='lat' dir='ltr'><strong><em>xxxix,</em></strong></span> <span class='ocrx_word' id='word_1_792' title='bbox 2556 4329 2587 4383; x_wconf 70' lang='lat' dir='ltr'><strong><em>li</em></strong></span> <span class='ocrx_word' id='word_1_793' title='bbox 2614 4333 2629 4396; x_wconf 93' lang='lat'><strong><em>]</em></strong></span> <span class='ocrx_word' id='word_1_794' title='bbox 2690 4330 2754 4385; x_wconf 87' lang='lat' dir='ltr'><strong><em>Et</em></strong></span> <span class='ocrx_word' id='word_1_795' title='bbox 2784 4330 2997 4386; x_wconf 88' lang='lat' dir='ltr'><strong><em>invenit</em></strong></span> <span class='ocrx_word' id='word_1_796' title='bbox 3030 4332 3229 4403; x_wconf 75' lang='lat' dir='ltr'><strong><em>Ioseph</em></strong></span> <span class='ocrx_word' id='word_1_797' title='bbox 3258 4336 3525 4403; x_wconf 83' lang='lat' dir='ltr'><strong><em>gratiam</em></strong></span> <span class='ocrx_word' id='word_1_798' title='bbox 3576 4334 3633 4388; x_wconf 87' lang='lat' dir='ltr'><strong><em>in</em></strong></span> <span class='ocrx_word' id='word_1_799' title='bbox 3663 4348 3777 4387; x_wconf 80' lang='lat' dir='ltr'><strong><em>con-</em></strong></span> 
     </span>
    </p>
   </div>
   <div class='ocr_carea' id='block_1_106' title="bbox 2119 4416 3779 4495">
    <p class='ocr_par' dir='ltr' id='par_1_106' title="bbox 2119 4416 3779 4495">
     <span class='ocr_line' id='line_1_106' title="bbox 2119 4416 3779 4495; baseline 0.003 -27"><span class='ocrx_word' id='word_1_800' title='bbox 2119 4418 2303 4485; x_wconf 84' lang='lat' dir='ltr'><strong><em>spectu</em></strong></span> <span class='ocrx_word' id='word_1_801' title='bbox 2332 4416 2554 4473; x_wconf 86' lang='lat' dir='ltr'><strong><em>domini</em></strong></span> <span class='ocrx_word' id='word_1_802' title='bbox 2579 4419 2671 4474; x_wconf 87' lang='lat' dir='ltr'><strong><em>sui</em></strong></span> <span class='ocrx_word' id='word_1_803' title='bbox 2690 4435 2709 4474; x_wconf 87' lang='lat'><strong><em>:</em></strong></span> <span class='ocrx_word' id='word_1_804' title='bbox 2756 4418 2878 4475; x_wconf 67' lang='lat' dir='ltr'><strong><em>haec</em></strong></span> <span class='ocrx_word' id='word_1_805' title='bbox 2909 4418 3122 4476; x_wconf 91' lang='lat' dir='ltr'><strong><em>locutio</em></strong></span> <span class='ocrx_word' id='word_1_806' title='bbox 3172 4422 3329 4478; x_wconf 90' lang='lat' dir='ltr'><strong><em>nulli</em></strong></span> <span class='ocrx_word' id='word_1_807' title='bbox 3363 4428 3463 4479; x_wconf 77' lang='lat' dir='ltr'><strong><em>est</em></strong></span> <span class='ocrx_word' id='word_1_808' title='bbox 3507 4423 3704 4495; x_wconf 86' lang='lat' dir='ltr'><strong><em>ignota</em></strong></span> <span class='ocrx_word' id='word_1_809' title='bbox 3728 4418 3779 4473; x_wconf 87' lang='lat' dir='ltr'><strong><em>in</em></strong></span> 
     </span>
    </p>
   </div>
   <div class='ocr_carea' id='block_1_107' title="bbox 2116 4502 2451 4574">
    <p class='ocr_par' dir='ltr' id='par_1_107' title="bbox 2116 4502 2451 4574">
     <span class='ocr_line' id='line_1_107' title="bbox 2116 4502 2451 4574; baseline 0.009 -18"><span class='ocrx_word' id='word_1_810' title='bbox 2116 4502 2451 4574; x_wconf 89' lang='lat' dir='ltr'><strong><em>Scripturis.</em></strong></span> 
     </span>
    </p>
   </div>
   <div class='ocr_carea' id='block_1_108' title="bbox 2193 4591 3775 4667">
    <p class='ocr_par' dir='ltr' id='par_1_108' title="bbox 2193 4591 3775 4667">
     <span class='ocr_line' id='line_1_108' title="bbox 2193 4591 3775 4667; baseline 0.002 -20"><span class='ocrx_word' id='word_1_811' title='bbox 2193 4591 2298 4663; x_wconf 87' lang='grc'><strong>[11).</strong></span> <span class='ocrx_word' id='word_1_812' title='bbox 2332 4593 2414 4664; x_wconf 88' lang='lat'><strong><em>6.]</em></strong></span> <span class='ocrx_word' id='word_1_813' title='bbox 2444 4593 2508 4648; x_wconf 85' lang='lat' dir='ltr'><strong><em>Et</em></strong></span> <span class='ocrx_word' id='word_1_814' title='bbox 2536 4595 2815 4652; x_wconf 81' lang='lat' dir='ltr'><strong><em>nesciebat</em></strong></span> <span class='ocrx_word' id='word_1_815' title='bbox 2845 4612 2970 4667; x_wconf 51' lang='lat' dir='ltr'><strong><em>qua</em></strong></span> <span class='ocrx_word' id='word_1_816' title='bbox 3014 4601 3166 4655; x_wconf 87' lang='lat' dir='ltr'><strong><em>circa</em></strong></span> <span class='ocrx_word' id='word_1_817' title='bbox 3193 4616 3326 4655; x_wconf 87' lang='lat' dir='ltr'><strong><em>eum</em></strong></span> <span class='ocrx_word' id='word_1_818' title='bbox 3361 4604 3532 4656; x_wconf 86' lang='lat' dir='ltr'><strong><em>erant</em></strong></span> <span class='ocrx_word' id='word_1_819' title='bbox 3561 4599 3700 4655; x_wconf 80' lang='lat' dir='ltr'><strong><em>nihil</em></strong></span> <span class='ocrx_word' id='word_1_820' title='bbox 3724 4600 3775 4650; x_wconf 73' lang='grc' dir='ltr'><strong><em>ιε</em></strong></span> 
     </span>
    </p>
   </div>
   <div class='ocr_carea' id='block_1_109' title="bbox 2116 4681 3778 4762">
    <p class='ocr_par' dir='ltr' id='par_1_109' title="bbox 2116 4681 3778 4762">
     <span class='ocr_line' id='line_1_109' title="bbox 2116 4681 3778 4762; baseline 0.002 -27"><span class='ocrx_word' id='word_1_821' title='bbox 2116 4681 2267 4751; x_wconf 91' lang='lat' dir='ltr'><strong><em>apud</em></strong></span> <span class='ocrx_word' id='word_1_822' title='bbox 2302 4682 2530 4738; x_wconf 79' lang='lat' dir='ltr'><strong><em>Graecos</em></strong></span> <span class='ocrx_word' id='word_1_823' title='bbox 2584 4683 2803 4740; x_wconf 90' lang='lat' dir='ltr'><strong><em>usitata</em></strong></span> <span class='ocrx_word' id='word_1_824' title='bbox 2851 4691 2942 4741; x_wconf 91' lang='lat' dir='ltr'><strong><em>est</em></strong></span> <span class='ocrx_word' id='word_1_825' title='bbox 2991 4686 3161 4760; x_wconf 89' lang='lat' dir='ltr'><strong><em>vulgo</em></strong></span> <span class='ocrx_word' id='word_1_826' title='bbox 3195 4687 3459 4755; x_wconf 88' lang='lat' dir='ltr'><strong><em>locutio,</em></strong></span> <span class='ocrx_word' id='word_1_827' title='bbox 3499 4690 3653 4762; x_wconf 90' lang='lat' dir='ltr'><strong><em>apud</em></strong></span> <span class='ocrx_word' id='word_1_828' title='bbox 3688 4701 3778 4741; x_wconf 85' lang='lat' dir='ltr'><strong><em>nos</em></strong></span> 
     </span>
    </p>
   </div>
   <div class='ocr_carea' id='block_1_110' title="bbox 2116 4774 3682 4849">
    <p class='ocr_par' dir='ltr' id='par_1_110' title="bbox 2116 4774 3682 4849">
     <span class='ocr_line' id='line_1_110' title="bbox 2116 4774 3682 4849; baseline 0.004 -25"><span class='ocrx_word' id='word_1_829' title='bbox 2116 4774 2273 4826; x_wconf 85' lang='lat' dir='ltr'><strong><em>recta</em></strong></span> <span class='ocrx_word' id='word_1_830' title='bbox 2302 4788 2417 4827; x_wconf 89' lang='lat' dir='ltr'><strong><em>non</em></strong></span> <span class='ocrx_word' id='word_1_831' title='bbox 2448 4777 2539 4829; x_wconf 89' lang='lat' dir='ltr'><strong><em>est</em></strong></span> <span class='ocrx_word' id='word_1_832' title='bbox 2573 4798 2586 4840; x_wconf 85' lang='lat'><strong>;</strong></span> <span class='ocrx_word' id='word_1_833' title='bbox 2619 4774 2742 4840; x_wconf 90' lang='lat' dir='ltr'><strong><em>sed,</em></strong></span> <span class='ocrx_word' id='word_1_834' title='bbox 2779 4775 3077 4832; x_wconf 89' lang='lat' dir='ltr'><strong><em>nesciebat</em></strong></span> <span class='ocrx_word' id='word_1_835' title='bbox 3110 4775 3369 4849; x_wconf 88' lang='lat' dir='ltr'><strong><em>aliquid,</em></strong></span> <span class='ocrx_word' id='word_1_836' title='bbox 3398 4779 3682 4834; x_wconf 87' lang='lat' dir='ltr'><strong><em>dicimus.</em></strong></span> 
     </span>
    </p>
   </div>
   <div class='ocr_carea' id='block_1_111' title="bbox 2184 4877 3778 4958">
    <p class='ocr_par' dir='ltr' id='par_1_111' title="bbox 2184 4877 3778 4958">
     <span class='ocr_line' id='line_1_111' title="bbox 2184 4877 3778 4958; baseline 0.002 -26"><span class='ocrx_word' id='word_1_837' title='bbox 2184 4877 2289 4948; x_wconf 87' lang='grc'><strong>[11).</strong></span> <span class='ocrx_word' id='word_1_838' title='bbox 2320 4880 2398 4950; x_wconf 88' lang='lat'><strong><em>6.]</em></strong></span> <span class='ocrx_word' id='word_1_839' title='bbox 2423 4881 2641 4937; x_wconf 70' lang='lat' dir='ltr'><strong><em>Praeter</em></strong></span> <span class='ocrx_word' id='word_1_840' title='bbox 2656 4898 2856 4953; x_wconf 86' lang='lat' dir='ltr'><strong><em>panem</em></strong></span> <span class='ocrx_word' id='word_1_841' title='bbox 2880 4900 3039 4953; x_wconf 89' lang='lat' dir='ltr'><strong><em>quem</em></strong></span> <span class='ocrx_word' id='word_1_842' title='bbox 3061 4885 3173 4955; x_wconf 88' lang='lat' dir='ltr'><strong><em>ipse</em></strong></span> <span class='ocrx_word' id='word_1_843' title='bbox 3189 4885 3431 4941; x_wconf 84' lang='lat' dir='ltr'><strong><em>edebat:</em></strong></span> <span class='ocrx_word' id='word_1_844' title='bbox 3463 4904 3572 4958; x_wconf 89' lang='lat' dir='ltr'><strong><em>per</em></strong></span> <span class='ocrx_word' id='word_1_845' title='bbox 3585 4896 3778 4958; x_wconf 85' lang='lat' dir='ltr'><strong><em>panem</em></strong></span> 
     </span>
    </p>
   </div>
   <div class='ocr_carea' id='block_1_112' title="bbox 2111 4965 3778 5047">
    <p class='ocr_par' dir='ltr' id='par_1_112' title="bbox 2111 4965 3778 5047">
     <span class='ocr_line' id='line_1_112' title="bbox 2111 4965 3778 5047; baseline 0.002 -27"><span class='ocrx_word' id='word_1_846' title='bbox 2111 4965 2312 5038; x_wconf 89' lang='lat' dir='ltr'><strong><em>utique</em></strong></span> <span class='ocrx_word' id='word_1_847' title='bbox 2342 4968 2539 5025; x_wconf 89' lang='lat' dir='ltr'><strong><em>omnia</em></strong></span> <span class='ocrx_word' id='word_1_848' title='bbox 2570 4969 2815 5043; x_wconf 88' lang='lat' dir='ltr'><strong><em>intelligi</em></strong></span> <span class='ocrx_word' id='word_1_849' title='bbox 2848 4971 3029 5027; x_wconf 90' lang='lat' dir='ltr'><strong><em>voluit</em></strong></span> <span class='ocrx_word' id='word_1_850' title='bbox 3060 4974 3131 5028; x_wconf 90' lang='lat' dir='ltr'><strong><em>ad</em></strong></span> <span class='ocrx_word' id='word_1_851' title='bbox 3164 4973 3397 5029; x_wconf 87' lang='lat' dir='ltr'><strong><em>victum</em></strong></span> <span class='ocrx_word' id='word_1_852' title='bbox 3451 4976 3585 5047; x_wconf 91' lang='lat' dir='ltr'><strong><em>ejus</em></strong></span> <span class='ocrx_word' id='word_1_853' title='bbox 3618 4968 3778 5045; x_wconf 83' lang='lat' dir='ltr'><strong><em>perti-</em></strong></span> 
     </span>
    </p>
   </div>
   <div class='ocr_carea' id='block_1_113' title="bbox 2108 5054 3779 5135">
    <p class='ocr_par' dir='ltr' id='par_1_113' title="bbox 2108 5054 3779 5135">
     <span class='ocr_line' id='line_1_113' title="bbox 2108 5054 3779 5135; baseline 0.005 -27"><span class='ocrx_word' id='word_1_854' title='bbox 2108 5054 2338 5123; x_wconf 88' lang='lat' dir='ltr'><strong><em>nentia;</em></strong></span> <span class='ocrx_word' id='word_1_855' title='bbox 2367 5058 2517 5113; x_wconf 87' lang='lat' dir='ltr'><strong><em>unde</em></strong></span> <span class='ocrx_word' id='word_1_856' title='bbox 2540 5076 2643 5129; x_wconf 92' lang='lat' dir='ltr'><strong><em>pro</em></strong></span> <span class='ocrx_word' id='word_1_857' title='bbox 2668 5060 3008 5130; x_wconf 87' lang='lat' dir='ltr'><strong><em>quotidiano</em></strong></span> <span class='ocrx_word' id='word_1_858' title='bbox 3030 5062 3204 5133; x_wconf 88' lang='lat' dir='ltr'><strong><em>victu,</em></strong></span> <span class='ocrx_word' id='word_1_859' title='bbox 3233 5064 3421 5135; x_wconf 86' lang='lat' dir='ltr'><strong><em>panis</em></strong></span> <span class='ocrx_word' id='word_1_860' title='bbox 3441 5066 3612 5119; x_wconf 85' lang='lat' dir='ltr'><strong><em>solus</em></strong></span> <span class='ocrx_word' id='word_1_861' title='bbox 3644 5059 3779 5133; x_wconf 74' lang='lat' dir='ltr'><strong><em>posi-</em></strong></span> 
     </span>
    </p>
   </div>
   <div class='ocr_carea' id='block_1_114' title="bbox 2105 5144 3775 5222">
    <p class='ocr_par' dir='ltr' id='par_1_114' title="bbox 2105 5144 3775 5222">
     <span class='ocr_line' id='line_1_114' title="bbox 2105 5144 3775 5222; baseline 0.003 -24"><span class='ocrx_word' id='word_1_862' title='bbox 2105 5144 2635 5218; x_wconf 84' lang='lat' dir='ltr'><strong><em>tusintelligiturin</em></strong></span> <span class='ocrx_word' id='word_1_863' title='bbox 2667 5148 2928 5205; x_wconf 84' lang='lat' dir='ltr'><strong><em>oratione</em></strong></span> <span class='ocrx_word' id='word_1_864' title='bbox 2965 5151 3261 5207; x_wconf 88' lang='lat' dir='ltr'><strong><em>Dominica</em></strong></span> <span class='ocrx_word' id='word_1_865' title='bbox 3290 5154 3529 5222; x_wconf 79' lang='lat' dir='ltr'><strong><em>(Matth.</em></strong></span> <span class='ocrx_word' id='word_1_866' title='bbox 3566 5170 3641 5222; x_wconf 71' lang='grc' dir='ltr'><strong><em>γι,</em></strong></span> <span class='ocrx_word' id='word_1_867' title='bbox 3679 5147 3775 5217; x_wconf 83' lang='grc'><strong>11).</strong></span> 
     </span>
    </p>
   </div>
   <div class='ocr_carea' id='block_1_115' title="bbox 2173 5250 3778 5327">
    <p class='ocr_par' dir='ltr' id='par_1_115' title="bbox 2173 5250 3778 5327">
     <span class='ocr_line' id='line_1_115' title="bbox 2173 5250 3778 5327; baseline 0.002 -22"><span class='ocrx_word' id='word_1_868' title='bbox 2173 5250 2277 5323; x_wconf 89' lang='grc'><strong>[11).</strong></span> <span class='ocrx_word' id='word_1_869' title='bbox 2300 5254 2381 5323; x_wconf 87' lang='grc'><strong><em>7.]</em></strong></span> <span class='ocrx_word' id='word_1_870' title='bbox 2439 5258 2504 5310; x_wconf 83' lang='lat' dir='ltr'><strong><em>Et</em></strong></span> <span class='ocrx_word' id='word_1_871' title='bbox 2558 5256 2713 5310; x_wconf 89' lang='lat' dir='ltr'><strong><em>misit</em></strong></span> <span class='ocrx_word' id='word_1_872' title='bbox 2757 5272 2902 5313; x_wconf 73' lang='lat' dir='ltr'><strong><em>uxor</em></strong></span> <span class='ocrx_word' id='word_1_873' title='bbox 2931 5260 3160 5314; x_wconf 89' lang='lat' dir='ltr'><strong><em>Domini</em></strong></span> <span class='ocrx_word' id='word_1_874' title='bbox 3187 5260 3311 5327; x_wconf 82' lang='lat' dir='ltr'><strong><em>eius</em></strong></span> <span class='ocrx_word' id='word_1_875' title='bbox 3347 5262 3546 5317; x_wconf 88' lang='lat' dir='ltr'><strong><em>oculos</em></strong></span> <span class='ocrx_word' id='word_1_876' title='bbox 3576 5274 3699 5314; x_wconf 90' lang='lat' dir='ltr'><strong><em>suos</em></strong></span> <span class='ocrx_word' id='word_1_877' title='bbox 3727 5258 3778 5309; x_wconf 85' lang='lat' dir='ltr'><strong><em>in</em></strong></span> 
     </span>
    </p>
   </div>
   <div class='ocr_carea' id='block_1_116' title="bbox 2098 5340 3774 5419">
    <p class='ocr_par' dir='ltr' id='par_1_116' title="bbox 2098 5340 3774 5419">
     <span class='ocr_line' id='line_1_116' title="bbox 2098 5340 3774 5419; baseline 0.001 -23"><span class='ocrx_word' id='word_1_878' title='bbox 2098 5340 2329 5411; x_wconf 78' lang='lat' dir='ltr'><strong><em>Ioseph:</em></strong></span> <span class='ocrx_word' id='word_1_879' title='bbox 2367 5341 2515 5399; x_wconf 87' lang='lat' dir='ltr'><strong><em>solet</em></strong></span> <span class='ocrx_word' id='word_1_880' title='bbox 2532 5347 2588 5398; x_wconf 89' lang='lat' dir='ltr'><strong><em>et</em></strong></span> <span class='ocrx_word' id='word_1_881' title='bbox 2617 5344 2773 5417; x_wconf 88' lang='lat' dir='ltr'><strong><em>apud</em></strong></span> <span class='ocrx_word' id='word_1_882' title='bbox 2795 5362 2901 5401; x_wconf 90' lang='lat' dir='ltr'><strong><em>nos</em></strong></span> <span class='ocrx_word' id='word_1_883' title='bbox 2925 5346 3096 5419; x_wconf 85' lang='lat' dir='ltr'><strong><em>vulgo</em></strong></span> <span class='ocrx_word' id='word_1_884' title='bbox 3118 5364 3244 5404; x_wconf 90' lang='lat' dir='ltr'><strong><em>esse</em></strong></span> <span class='ocrx_word' id='word_1_885' title='bbox 3272 5350 3517 5406; x_wconf 84' lang='lat' dir='ltr'><strong><em>usitata</em></strong></span> <span class='ocrx_word' id='word_1_886' title='bbox 3544 5345 3774 5408; x_wconf 87' lang='lat' dir='ltr'><strong><em>locutio,</em></strong></span> 
     </span>
    </p>
   </div>
   <div class='ocr_carea' id='block_1_117' title="bbox 2098 5432 3054 5505">
    <p class='ocr_par' dir='ltr' id='par_1_117' title="bbox 2098 5432 3054 5505">
     <span class='ocr_line' id='line_1_117' title="bbox 2098 5432 3054 5505; baseline 0.007 -21"><span class='ocrx_word' id='word_1_887' title='bbox 2098 5445 2201 5501; x_wconf 89' lang='lat' dir='ltr'><strong><em>pro</em></strong></span> <span class='ocrx_word' id='word_1_888' title='bbox 2223 5447 2288 5486; x_wconf 90' lang='lat' dir='ltr'><strong><em>eo</em></strong></span> <span class='ocrx_word' id='word_1_889' title='bbox 2319 5432 2472 5502; x_wconf 91' lang='lat' dir='ltr'><strong><em>quod</em></strong></span> <span class='ocrx_word' id='word_1_890' title='bbox 2504 5436 2613 5505; x_wconf 86' lang='lat' dir='ltr'><strong><em>est,</em></strong></span> <span class='ocrx_word' id='word_1_891' title='bbox 2645 5433 2870 5489; x_wconf 86' lang='lat' dir='ltr'><strong><em>Amavit</em></strong></span> <span class='ocrx_word' id='word_1_892' title='bbox 2898 5451 3054 5491; x_wconf 91' lang='lat' dir='ltr'><strong><em>eum.</em></strong></span> 
     </span>
    </p>
   </div>
   <div class='ocr_carea' id='block_1_118' title="bbox 2157 5581 3776 5654">
    <p class='ocr_par' dir='ltr' id='par_1_118' title="bbox 2157 5581 3776 5654">
     <span class='ocr_line' id='line_1_118' title="bbox 2157 5581 3776 5654; baseline 0.005 -25"><span class='ocrx_word' id='word_1_893' title='bbox 2157 5581 2171 5616; x_wconf 80' lang='grc' dir='ltr'>ι</span> <span class='ocrx_word' id='word_1_894' title='bbox 2202 5581 2339 5654; x_wconf 77' lang='lat' dir='ltr'><strong><em>Editi</em></strong></span> <span class='ocrx_word' id='word_1_895' title='bbox 2362 5596 2376 5630; x_wconf 88' lang='lat'><strong>:</strong></span> <span class='ocrx_word' id='word_1_896' title='bbox 2414 5582 2699 5654; x_wconf 47' lang='grc' dir='ltr'><strong><em>ονε-εἰηο</em></strong></span> <span class='ocrx_word' id='word_1_897' title='bbox 2728 5599 2841 5654; x_wconf 74' lang='lat' dir='ltr'><strong><em>eum</em></strong></span> <span class='ocrx_word' id='word_1_898' title='bbox 2861 5588 3173 5654; x_wconf 86' lang='lat' dir='ltr'><strong><em>erant;_ne_c</em></strong></span> <span class='ocrx_word' id='word_1_899' title='bbox 3194 5587 3443 5651; x_wconf 82' lang='lat' dir='ltr'><strong><em>addunt,</em></strong></span> <span class='ocrx_word' id='word_1_900' title='bbox 3466 5588 3623 5651; x_wconf 83' lang='lat' dir='ltr'><strong><em>nihil,</em></strong></span> <span class='ocrx_word' id='word_1_901' title='bbox 3637 5583 3776 5654; x_wconf 83' lang='lat' dir='ltr'><strong><em>quod</em></strong></span> 
     </span>
    </p>
   </div>
   <div class='ocr_carea' id='block_1_119' title="bbox 2088 5648 3770 5722">
    <p class='ocr_par' dir='ltr' id='par_1_119' title="bbox 2088 5648 3770 5722">
     <span class='ocr_line' id='line_1_119' title="bbox 2088 5648 3770 5722; baseline 0.004 -30"><span class='ocrx_word' id='word_1_902' title='bbox 2088 5648 2429 5722; x_wconf 58' lang='lat' dir='ltr'><strong><em>reposuimus</em></strong></span> <span class='ocrx_word' id='word_1_903' title='bbox 2443 5660 2509 5695; x_wconf 88' lang='lat' dir='ltr'><strong><em>ex</em></strong></span> <span class='ocrx_word' id='word_1_904' title='bbox 2530 5648 2655 5696; x_wconf 86' lang='lat' dir='ltr'><strong><em>Mss.</em></strong></span> <span class='ocrx_word' id='word_1_905' title='bbox 2677 5648 2875 5722; x_wconf 78' lang='lat' dir='ltr'><strong><em>quippe</em></strong></span> <span class='ocrx_word' id='word_1_906' title='bbox 2899 5648 3035 5722; x_wconf 38' lang='lat' dir='ltr'><strong><em>c‘um&#39;</em></strong></span> <span class='ocrx_word' id='word_1_907' title='bbox 3052 5650 3211 5722; x_wconf 77' lang='lat' dir='ltr'><strong><em>hujus</em></strong></span> <span class='ocrx_word' id='word_1_908' title='bbox 3235 5654 3403 5702; x_wconf 79' lang='lat' dir='ltr'><strong><em>vocis</em></strong></span> <span class='ocrx_word' id='word_1_909' title='bbox 3430 5648 3770 5703; x_wconf 50' lang='lat' dir='ltr'><strong><em>&#39;causa&#39;locu-</em></strong></span> 
     </span>
    </p>
   </div>
   <div class='ocr_carea' id='block_1_120' title="bbox 2088 5707 3254 5777">
    <p class='ocr_par' dir='ltr' id='par_1_120' title="bbox 2088 5707 3254 5777">
     <span class='ocr_line' id='line_1_120' title="bbox 2088 5707 3254 5777; baseline 0.004 -21"><span class='ocrx_word' id='word_1_910' title='bbox 2088 5707 2289 5758; x_wconf 87' lang='lat' dir='ltr'><strong><em>tionem</em></strong></span> <span class='ocrx_word' id='word_1_911' title='bbox 2321 5707 2465 5759; x_wconf 87' lang='lat' dir='ltr'><strong><em>illam</em></strong></span> <span class='ocrx_word' id='word_1_912' title='bbox 2496 5707 2879 5762; x_wconf 71' lang='lat' dir='ltr'><strong><em>commemoret</em></strong></span> <span class='ocrx_word' id='word_1_913' title='bbox 2907 5707 3254 5777; x_wconf 81' lang='lat' dir='ltr'><strong><em>Augustinus.</em></strong></span> 
     </span>
    </p>
   </div>
  </div>
