3954 6178
196 382 285 443 497
1528 369 1743 431 LIBER

1925 368 2120 434 [MUS.

245 512 332 587 [1b.
358 523 520 574 xxxix,
556 505 635 576 7.]
666 506 733 561 Et
759 506 862 572 ait,
890 506 1083 561 Dormi
1108 519 1320 560 mecum
1351 521 1371 560 :
1400 507 1458 559 et
1502 502 1615 559 ista
1646 502 1767 557 usi-

189 607 277 657 tata
299 604 369 654 est
395 594 614 661 locutio,
650 610 754 665 pro
808 611 873 650 eo
927 594 1081 666 quod
1127 597 1236 665 est,
1268 592 1602 650 Concumbe
1641 607 1767 647 me-

189 707 309 746 cum.

237 780 319 848 [1b.
346 774 445 844 22.]
472 775 533 827 Et
562 773 707 828 dedit
737 773 973 828 carceris
1002 780 1177 828 custos
1216 787 1493 828 carcerem
1520 786 1617 843 per
1646 786 1763 825 ma-

183 885 285 923 num
306 863 473 935 Ioseph
503 880 520 919 :
551 878 652 934 pro
683 878 747 917 eo
796 862 951 933 quod
984 866 1093 928 est,
1124 863 1189 916 In
1241 877 1452 916 manus
1502 857 1760 931 Joseph;

178 974 257 1029 per
280 955 411 1026 quod
442 950 746 1023 signiﬁcat,
780 951 838 1005 in
870 954 1175 1023 potestate.

234 1046 315 1111 [1b.
344 1060 420 1112 η,
451 1041 525 1113 8.]
556 1043 620 1096 Et
648 1040 934 1106 dixerunt,
968 1040 1254 1096 Somnium
1287 1039 1545 1109 vidimus,
1574 1044 1623 1093 et
1650 1052 1759 1091 non

170 1139 228 1189 est
268 1135 355 1203 qui
395 1134 774 1202 interpretetur
824 1130 968 1185 illud
1004 1147 1014 1185 :
1048 1145 1181 1184 cum
1232 1128 1529 1184 somnium
1581 1142 1757 1182 suum

172 1221 517 1293 unusquisque
566 1219 835 1285 vidisset,
871 1236 983 1273 non
1020 1219 1309 1285 dixerunt,
1342 1217 1583 1275 Somnia
1611 1215 1759 1271 vidi-

168 1328 305 1379 mus;
333 1311 445 1374 sed,
477 1308 758 1364 Somnium
786 1308 1044 1363 vidimus.

218 1402 303 1471 [lb.
338 1399 435 1470 12.]
466 1399 583 1452 Tres
613 1397 797 1467 fundi,
834 1406 938 1452 tres
960 1396 1073 1452 dies
1104 1401 1233 1451 sunt
1264 1414 1281 1451 :
1314 1412 1429 1451 non
1459 1394 1624 1462 dixit,
1640 1398 1757 1449 tres

169 1490 265 1543 dies
293 1488 627 1559 signiﬁcant.
663 1487 731 1541 Et
764 1486 1014 1541 multum
1068 1486 1189 1542 hinc
1236 1484 1451 1541 locutio
1498 1483 1758 1539 notanda

160 1578 334 1642 est,ubi
363 1576 549 1648 aliqua
580 1575 1000 1647 signiﬁcantia,
1034 1591 1235 1631 earum
1268 1590 1462 1630 rerum
1496 1589 1643 1644 quas
1673 1571 1756 1627 si-

159 1666 408 1738 gniﬁcant,
441 1665 673 1720 nomine
722 1664 1089 1736 appellantur
1124 1682 1135 1720 :
1171 1664 1304 1719 inde
1352 1667 1440 1719 est
1487 1662 1642 1734 quod
1675 1661 1758 1717 ait

156 1754 439 1825 Apostolus,
472 1756 634 1810 Petra
666 1758 851 1809 autem
894 1757 1011 1809 erat
1060 1753 1311 1809 Christus
1338 1752 1385 1823 (I
1418 1751 1537 1808 Cor.
1569 1768 1625 1822 x,
1657 1750 1752 1822 4);

158 1860 244 1900 non
272 1845 360 1909 ait,
390 1845 553 1899 Petra
586 1842 960 1915 signiﬁcabat
990 1842 1305 1898 Christum.

204 1933 401 2004 {1b.13.]
434 1935 493 1988 Et
522 1932 681 1988 dabis
710 1933 941 1988 calicem
970 1931 1328 1987 Pharaoniin
1355 1945 1584 1985 manum
1598 1930 1753 1998 eius;

153 2037 256 2075 cum
285 2022 504 2093 plenum
537 2020 953 2089 esset,etiamsi
974 2037 1088 2075 non
1108 2019 1509 2089 adderetur,in
1528 2035 1755 2075 manum

149 2125 257 2177 eius.

197 2199 283 2270 [lb.
313 2201 416 2271 19.]
447 2202 508 2255 Et
538 2204 759 2271 auferet
814 2201 1027 2255 Pharao
1080 2203 1256 2267 caput
1302 2200 1461 2254 tuum
1511 2198 1606 2253 abs
1654 2206 1705 2254 te
1734 2215 1753 2252 :

146 2288 343 2359 plenum
374 2295 543 2360 esset,
578 2288 755 2344 etiam
786 2289 833 2343 si
867 2305 980 2343 non
1017 2288 1277 2357 haberet,
1308 2288 1403 2343 abs
1433 2295 1501 2343 te.

201 2378 290 2447 [1b.
320 2378 421 2449 19.]
454 2381 513 2433 Et
532 2378 961 2434 manducahunt
989 2394 1113 2433 aves
1144 2378 1269 2433 cteli
1295 2392 1489 2433 carnes
1518 2384 1641 2433 tuas
1661 2376 1755 2433 abs

152 2470 227 2520 te:
254 2468 449 2523 similis
479 2467 767 2537 superiori
798 2466 1099 2522 locutioni.

199 2554 290 2625 [lh.
319 2573 425 2626 xu,
461 2558 537 2628 1.]
570 2559 640 2612 Et
668 2558 873 2627 factum
903 2559 980 2611 est
1009 2560 1131 2628 post
1180 2556 1463 2611 biennium
1490 2556 1706 2612 dierum
1737 2572 1750 2612 :

142 2642 252 2713 quid
282 2646 465 2701 minus
495 2650 658 2700 esset
691 2646 738 2699 si
772 2662 885 2701 non
920 2645 1180 2711 haberet,
1211 2645 1472 2701 dierum?

196 2734 280 2803 (Ib.
309 2736 379 2802 7.]
411 2739 677 2791 Surrexit
704 2743 889 2789 autem
921 2735 1157 2803 Pharao,
1191 2739 1242 2789 et
1272 2738 1394 2789 erat
1434 2736 1706 2789 somnium
1736 2752 1754 2788 :

144 2830 307 2879 amant
334 2825 649 2897 Scriptura:
683 2826 767 2880 sic
797 2824 960 2896 loqui
1012 2825 1081 2880 de
1113 2824 1383 2892 somniis,
1414 2840 1547 2879 cum
1582 2824 1757 2879 fuerit

136 2910 459 2981 evigilatum,
492 2921 780 2985 tanquam
816 2913 1043 2968 reddita
1070 2912 1295 2967 homini
1338 2913 1579 2967 veritate
1607 2911 1754 2982 vigi-

137 2998 370 3071 lantium,
404 3010 543 3059 tunc
574 3003 724 3058 illud
755 3007 1034 3075 appareat
1068 3000 1387 3069 somnium,
1422 3002 1574 3073 quod
1616 3016 1752 3057 cum

132 3087 406 3155 videretur,
439 3091 617 3164 quasi
649 3092 860 3147 veritas
894 3092 1024 3147 fuit.

184 3178 276 3247 [1b.
303 3181 376 3251 9.]
420 3187 716 3237 Peccatum
762 3198 943 3235 meum
994 3180 1252 3236 recordor
1298 3179 1478 3236 hodie.
1534 3179 1752 3237 Pharao

125 3267 275 3325 iratus
300 3273 405 3341 [uit
430 3272 634 3342 pueris
662 3273 797 3338 suis,
830 3274 881 3326 et
923 3272 1104 3342 posuit
1134 3286 1231 3325 nos
1262 3270 1320 3323 in
1364 3285 1582 3325 carcere
1613 3286 1632 3324 :
1666 3267 1750 3323 illi

125 3353 438 3428 loquebatur
469 3367 759 3431 tanquam
795 3361 864 3415 de
897 3359 1098 3414 altero.

178 3445 270 3516 [lb.
309 3450 410 3521 11.]
442 3451 506 3504 Et
540 3448 786 3505 vidimus
814 3452 1092 3505 somnium
1121 3447 1283 3503 ambo
1313 3452 1470 3503 nocte
1498 3464 1630 3516 una,
1652 3463 1750 3519 ego

122 3538 160 3586 et
185 3536 300 3591 ille:
326 3539 493 3608 quasi
536 3555 655 3593 non
691 3538 1169 3608 sufliceret,quod
1201 3538 1360 3593 ambo
1389 3537 1749 3593 dixerat.De-

120 3620 232 3678 inde
260 3631 311 3680 et
340 3626 455 3695 hic,
494 3628 744 3683 vidimus
792 3629 1065 3682 somnium
1109 3625 1287 3694 dicit;
1322 3642 1459 3694 non,
1488 3626 1749 3683 vidimus

118 3716 314 3771 somnia
347 3734 359 3771 :
392 3722 688 3789 tanquam
724 3734 908 3772 unum
940 3717 1113 3772 ambo
1146 3716 1447 3771 vidissent.

171 3801 266 3872 [1b.
298 3807 409 3875 13.]
442 3810 678 3862 Factum
709 3809 783 3861 est
815 3810 995 3860 autem
1036 3807 1177 3860 sicut
1206 3807 1540 3878 comparavit
1567 3806 1745 3875 nobis,

115 3892 177 3943 ita
200 3897 243 3946 et
270 3898 516 3967 contigit.
546 3898 781 3951 Factum
805 3899 881 3950 est
910 3906 1134 3956 autem;
1165 3894 1249 3950 sic
1280 3893 1429 3950 solet
1451 3894 1750 3966 Scriptura

115 3993 298 4047 ponere
329 4000 341 4037 :
376 4002 516 4039 nam
553 3985 801 4057 plenum
841 3988 1017 4049 esset,
1047 3986 1188 4039 sicut
1220 3985 1368 4039 enim
1413 3985 1750 4055 comparavit

113 4068 258 4138 nobis,
290 4074 362 4127 ita
395 4080 448 4128 et
479 4075 736 4144 contigit.
1640 4130 1641 4133 η

169 4157 261 4228 [1b.
298 4162 407 4233 49.]
437 4164 647 4232 Quales
678 4178 962 4233 nunquam
992 4161 1108 4217 vidi
1154 4162 1289 4216 tales
1330 4161 1385 4215 in
1432 4164 1548 4216 tota
1597 4165 1748 4217 terra

112 4248 308 4319 .Egypli
350 4255 648 4324 turpiores
683 4270 701 4306 :
731 4252 844 4306 dici
878 4256 1073 4306 autem
1108 4254 1305 4321 posset
1340 4266 1498 4305 more
1530 4254 1745 4321 nostro,

113 4336 299 4402 quibus
352 4358 671 4411 nunquam
708 4341 820 4395 vidi
868 4340 1195 4411 turpiores;
1229 4345 1332 4395 aut
1361 4339 1565 4411 quales
1599 4357 1745 4395 nun-

109 4436 258 4491 quam
289 4429 403 4484 vidi
434 4456 446 4496 ;
483 4437 621 4496 aut,
656 4445 956 4499 nunquam
989 4428 1108 4483 vidi
1138 4428 1626 4497 tales.Exsurgens
1653 4446 1751 4485 au-

107 4515 193 4565 tem
221 4515 477 4574 dormivit
509 4539 532 4573 .·
565 4535 877 4588 exsurgens
907 4518 1007 4588 ait,
1043 4534 1144 4590 pro
1175 4517 1601 4590 expergiscens.

164 4602 258 4673 Ub.
288 4607 401 4678 25.]
420 4610 657 4676 Quanta
686 4609 828 4661 Deus
848 4606 1243 4677 facit,ostendit
1270 4607 1588 4662 Pharaoni:
1613 4623 1746 4662 cum

105 4690 174 4743 illi
202 4693 566 4765 loqueretur,
604 4703 887 4767 tanquam
920 4695 990 4750 de
1021 4695 1201 4750 altero
1233 4693 1391 4751 dicit.

162 4784 252 4852 {1b.
287 4787 402 4859 30.]
430 4790 498 4843 Et
530 4794 819 4842 consumet
846 4788 1029 4855 fames
1061 4795 1266 4841 terram
1300 4801 1312 4839 :
1350 4786 1749 4857 pro,homines

105 4872 185 4937 qui
216 4880 349 4929 sunt
379 4877 442 4930 in
476 4882 666 4931 terra.

165 4960 261 5029 μδ.
296 4965 413 5036 33.]
446 4967 619 5020 Nunc
647 4979 778 5035 ergo
805 4963 924 5018 vide
958 4962 1233 5017 hominem
1252 4962 1577 5033 prudentem
1597 4972 1646 5019 et
1660 4966 1733 5019 in-

103 5050 449 5123 telligcntem,
486 5060 545 5109 et
572 5054 847 5108 constitue
866 5068 989 5107 eum
1009 5066 1171 5122 super
1188 5055 1395 5106 terram
1415 5055 1640 5124 Egypti
1658 5070 1679 5115 ;
1701 5062 1751 5110 et

102 5136 251 5202 faciat
271 5143 496 5198 Pharao
522 5147 577 5198 et
600 5144 899 5198 constituat
919 5142 1157 5196 locorum
1171 5142 1449 5212 principes
1464 5158 1629 5212 super
1643 5147 1749 5199 ter-

101 5233 413 5303 ram:quasi
451 5232 622 5287 alius
652 5232 729 5285 sit
759 5231 851 5285 cui
886 5229 1292 5295 dixit,Provzde
1320 5230 1750 5303 hominempru-

104 5314 312 5385 dentem,
343 5328 403 5375 et
437 5321 604 5375 alius
638 5321 706 5374 de
736 5335 850 5391 quo
884 5319 1046 5382 dixit,
1081 5319 1375 5374 constituat
1402 5324 1641 5376 Pharao.

159 5409 256 5475 [1b.
289 5412 407 5483 35.]
444 5414 526 5465 Et
561 5418 923 5479 congregetur
961 5410 1206 5463 triticum
1252 5408 1352 5463 sub
1390 5425 1562 5464 manu
1608 5411 1751 5464 Pha-

106 5500 265 5551 raonis
297 5517 311 5553 :
344 5498 403 5553 id
442 5503 566 5562 est,
604 5502 911 5569 potestate.

160 5586 255 5652 (Ib.
290 5590 406 5659 40.]
444 5594 670 5644 Tamen
721 5588 981 5642 thronum
1026 5588 1326 5658 praecedam
1367 5590 1452 5644 tui
1496 5603 1589 5658 ego
1620 5606 1638 5643 :
1672 5590 1755 5644 sic

106 5687 155 5725 se
168 5674 457 5733 habentve
468 5679 585 5732 rba
600 5677 661 5730 in
677 5693 1013 5749 greeco,quaa
1028 5676 1167 5731 dixit
1184 5677 1406 5732 Pharao
1428 5678 1495 5732 ad
1511 5677 1724 5750 Joseph
1738 5719 1750 5732 .

106 5762 193 5817 Sed
224 5769 545 5835 praecedam
580 5767 684 5837 tui,
704 5768 919 5822 usitata
951 5771 1039 5822 est
1068 5767 1221 5839 apud
1256 5765 1485 5823 Graecos
1514 5766 1749 5835 locutio,

3407 372 3532 433 498

1877 506 2027 573 apud
2063 519 2169 559 nos
2201 508 2397 559 autem
2428 504 2665 570 dicitur,
2700 503 3021 575 praecedam
3052 505 3109 559 te
3143 518 3155 557 ε
3187 500 3334 558 illud
3366 519 3521 584 vero,

1876 592 2198 663 pracsdam
2232 596 2288 649 te
2304 592 2717 663 thronum,nec
2736 592 2889 664 apud
2915 590 3146 648 Graecos
3167 591 3384 647 usitata
3405 608 3531 663 per-

1874 678 2264 751 hibetur,sed,
2299 682 2624 753 praecedam
2655 686 2709 737 te
2740 680 3038 752 throno,id
3072 685 3159 737 est
3189 679 3410 737 honore
3438 695 3530 737 se-

1875 769 1966 825 dis
1993 795 2007 837 ;
2040 771 2194 842 quod
2226 770 2921 843 intelligitur,przecedam
2943 774 2999 826 te
3030 768 3349 842 regno,hoc
3369 770 3525 827 enim
3614 786 3625 797 ·

1872 856 1959 914 illi
1990 863 2045 914 et
2075 864 2277 931 postea
2302 859 2463 916 dicit.

1944 946 2050 1019 [1b.
2083 965 2199 1018 xu,
2230 949 2343 1020 44.]
2375 951 2483 1021 Ego
2531 951 2745 1006 Pharao
2767 966 2788 1011 ;
2816 950 2937 1005 sine
2984 953 3036 1005 te
3082 964 3243 1003 nemo
3296 948 3527 1006 extollet

1868 1054 2099 1094 manum
2150 1056 2310 1095 suam
2356 1057 2521 1113 super
2569 1056 2781 1097 omnem
2824 1044 3033 1097 terram
3080 1041 3306 1112 Egypti
3332 1059 3348 1094 :
3394 1045 3522 1095 tan-

1870 1142 2049 1200 quam
2080 1129 2321 1198 diceret,
2353 1146 2458 1202 ego
2491 1147 2625 1186 sum
2659 1146 2776 1198 rex,
2808 1134 2871 1185 tu
2904 1134 3102 1186 autem
3135 1129 3407 1202 princeps
3436 1130 3522 1186 vel

1868 1218 2214 1290 praepositus
2260 1219 2509 1292 Egypti.
2559 1220 2781 1275 Pharao
2832 1219 3050 1292 quippe
3101 1235 3216 1274 non
3265 1218 3522 1275 hominis

1868 1322 2078 1363 nomen
2113 1312 2221 1375 est,
2254 1309 2355 1365 sed
2388 1308 2557 1381 regias
2593 1309 2918 1379 potestatis.

1937 1396 2042 1466 [1b.
2074 1411 2210 1464 xm,
2249 1398 2296 1464 1,
2330 1398 2409 1467 2.]
2448 1397 2649 1453 Videns
2703 1401 2886 1453 autem
2912 1397 3084 1455 Jacob
3114 1398 3248 1469 quia
3275 1405 3353 1452 est
3382 1413 3517 1452 ven-

1865 1484 2002 1540 ditio
2033 1486 2090 1539 in
2120 1487 2382 1559 AEgypto,
2416 1487 2559 1542 dixit
2586 1486 2722 1557 ﬁliis
2751 1489 2889 1552 suis,
2925 1487 3104 1556 Quare
3130 1501 3317 1558 segnes
3349 1488 3522 1542 estis!

1864 1574 2000 1629 Ecce
2030 1574 2233 1631 audivi
2261 1576 2402 1648 quod
2430 1580 2509 1632 est
2535 1576 2770 1633 venditio
2799 1578 2860 1631 in
2890 1578 3121 1648 ngypto
3145 1592 3164 1631 :
3197 1576 3519 1632 notandum

1865 1662 2005 1734 quia
2033 1663 2090 1719 id
2124 1665 2278 1736 quod
2311 1665 2549 1722 audisse
2579 1681 2642 1721 se
2673 1664 2834 1734 dicit,
2868 1665 3087 1721 vidisse
3133 1681 3270 1721 eum
3320 1664 3516 1736 Scrip-

1862 1754 1994 1808 tura
2024 1752 2266 1809 dixerat.

1935 1840 2018 1912 [Ib
2072 1842 2153 1915 2.]
2185 1845 2400 1899 Emitte
2429 1843 2585 1900 nobis
2613 1844 2848 1915 pusillas
2877 1859 3044 1913 escas,
3077 1852 3137 1899 ut
3161 1844 3434 1911 vivamus,
3459 1848 3514 1899 et

1861 1945 1970 1985 non
2001 1934 2311 1988 moriamur
2340 1948 2354 1987 :
2388 1949 2572 1989 unum
2607 1932 2814 1989 horum
2855 1932 3170 2000 sufﬁceret,
3204 1937 3325 1999 aut,
3356 1934 3510 1989 viva-

1862 2035 2008 2087 mus,
2041 2023 2163 2087 aut,
2194 2037 2307 2077 non
2337 2023 2672 2078 moriamur.

1934 2110 2042 2178 [1b.
2076 2108 2191 2182 41.]
2219 2111 2415 2166 Pacati
2442 2126 2669 2174 sumus;
2698 2126 2811 2166 non
2859 2113 2989 2165 sunt
3016 2110 3178 2180 pueri
3207 2110 3293 2165 tui
3319 2110 3512 2182 explo-

1861 2202 2070 2254 ratores
2102 2215 2115 2254 :
2152 2199 2322 2271 quasi
2353 2200 2423 2256 de
2455 2199 2553 2255 alii
2584 2197 2858 2269 dixerint,
2888 2215 2999 2256 non
3039 2202 3169 2254 sunt
3219 2200 3383 2270 pueri
3427 2200 3515 2255 tui

1864 2286 2269 2358 exploratores,
2321 2305 2456 2344 cum
2512 2293 2752 2361 possent
2798 2288 3013 2359 dicere,
3076 2304 3192 2343 non
3243 2304 3452 2344 sumus
3497 2302 3511 2343 :

1862 2376 2322 2435 honoriﬁcentia;
2381 2381 2579 2435 autem
2648 2394 2806 2436 more
2860 2376 3113 2435 maxime
3169 2378 3253 2434 ita
3307 2376 3515 2450 loque-

1863 2464 2098 2523 bantur.

1935 2554 2165 2627 [Ib.13.]
2195 2556 2497 2614 Duodecim
2523 2572 2717 2612 sumus
2742 2557 2906 2628 pueri
2932 2556 3021 2611 tui
3048 2555 3255 2628 fratres
3286 2558 3345 2609 in
3369 2562 3518 2610 terra

1864 2643 2128 2700 Chanaan
2164 2663 2176 2701 :
2212 2662 2346 2701 cum
2381 2646 2674 2717 posterius
2704 2645 3092 2717 dicant,quod
3125 2660 3280 2698 unus
3311 2658 3514 2699 eorum

1862 2749 1978 2788 non
2012 2734 2111 2804 sit,
2136 2734 2332 2806 ipsum
2365 2733 2589 2790 scilicet
2616 2733 2831 2806 Joseph
2866 2750 2979 2788 non
3011 2748 3139 2789 esse
3169 2731 3511 2788 existiman-

1863 2823 2037 2891 tes,id
2070 2828 2181 2893 est,
2214 2823 2474 2895 periisse.
2502 2823 2619 2880 Hac
2644 2822 2934 2880 locutione
2963 2821 3185 2878 dictum
3218 2825 3307 2877 est
3336 2821 3513 2877 etiam

1861 2910 2104 2979 illud,Hi
2122 2913 2232 2982 ﬁlii
2253 2914 2420 2969 Iacob
2445 2915 2545 2984 qui
2571 2915 2712 2983 facti
2730 2921 2858 2968 sunt
2879 2914 2940 2967 in
2962 2912 3513 2983 Mesopotamia(Gen.

1861 3002 2289 3070 xxxv,26);cum
2319 3001 2399 3057 ibi
2433 3018 2547 3057 non
2582 3002 2756 3058 fuerit
2785 3006 2962 3058 natus
2990 3000 3318 3071 Benjamin.
3352 3001 3515 3066 Quod

1862 3096 2055 3146 autem
2104 3091 2396 3160 dixerunt,
2428 3108 2613 3147 sumus
2645 3094 2703 3147 in
2755 3096 2930 3146 terra.
2957 3089 3247 3158 Chanaan,
3281 3106 3414 3144 cum
3450 3106 3515 3145 eo

1860 3184 2125 3251 tempore
2155 3196 2270 3252 quo
2301 3180 2781 3251 loquebantur,in
2813 3181 3055 3253 Egypto
3086 3183 3306 3245 essent,
3327 3195 3515 3234 sumus

1861 3268 2083 3324 dictum
2117 3274 2226 3336 est,
2274 3286 2377 3340 pro
2424 3268 2763 3326 habitamus
2800 3286 2813 3325 :
2848 3269 2983 3326 inde
3026 3268 3185 3325 enim
3233 3270 3518 3323 venerant

1860 3356 2020 3413 illico
2052 3357 2318 3429 redituri,
2351 3359 2432 3414 ibi
2466 3362 2917 3415 commorantes.

1932 3449 2037 3521 [1b.
2076 3450 2188 3520 111.]
2221 3453 2338 3506 Hoc
2364 3453 2447 3507 est
2476 3450 2614 3522 quod
2644 3451 2766 3506 dixi
2795 3449 3154 3519 vobis,dicens
3170 3448 3313 3522 quod
3336 3448 3517 3519 explo-

1858 3545 2066 3597 ratores
2111 3543 2245 3597 estis
2276 3559 2290 3598 :
2324 3541 2462 3611 quid
2497 3542 2744 3610 deesset,
2778 3541 2955 3597 etiam
3002 3540 3050 3597 si
3083 3557 3198 3597 non
3252 3541 3511 3605 adderet,

1855 3631 2038 3687 dicens
2058 3633 2084 3683 .9

1928 3720 2034 3785 [1b.
2073 3720 2176 3786 19.]
2212 3721 2321 3788 Ipsi
2369 3735 2494 3775 vero
2526 3722 2599 3775 ite
2648 3727 2702 3775 et
2730 3718 2913 3776 ducite
2957 3720 3291 3791 emptionem
3339 3718 3515 3773 tritici

1854 3809 2025 3865 vestri
2055 3826 2073 3865 :
2103 3809 2417 3880 ducite,pro
2448 3824 2514 3864 eo
2545 3808 2699 3879 quod
2728 3809 2991 3876 est,ferte
3014 3833 3028 3875 ;
3053 3807 3194 3879 quia
3222 3807 3377 3864 enim
3406 3807 3513 3861 du-

1855 3901 2071 3953 cuntur
2096 3898 2368 3968 jumenta
2399 3897 2457 3951 in
2511 3896 2726 3968 quibus
2776 3896 2978 3967 fertur,
3012 3895 3189 3951 etiam
3233 3896 3343 3951 hoc
3373 3894 3509 3949 duci

1855 3986 2078 4042 dictum
2113 3991 2222 4042 est.

1926 4076 2034 4148 [1b.
2065 4076 2180 4145 22.]
2210 4075 2401 4131 Nonne
2430 4076 2639 4131 locutus
2660 4091 2783 4131 sum
2810 4073 3185 4141 vobis,dicens,
3207 4074 3281 4130 Ne
3308 4087 3510 4128 nocea-
3538 4134 3541 4137 ἰ

1854 4168 1929 4221 tis
1956 4181 2146 4237 puero,
2177 4169 2231 4220 et
2257 4181 2366 4220 non
2394 4165 2701 4220 exaudistis
2728 4180 2818 4219 me
2837 4167 2862 4217 .9
2890 4163 3222 4219 Notandum
3264 4161 3512 4218 exaudi-

1853 4254 2073 4310 tionem
2106 4271 2222 4309 non
2254 4270 2382 4309 eam
2416 4253 2602 4310 solam
2635 4253 2749 4309 dici
2782 4269 2897 4324 qua
2921 4252 3156 4309 exaudit
3185 4251 3361 4308 Deus.

1927 4343 2034 4412 [1b.
2064 4344 2179 4411 23.]
2209 4344 2323 4412 Ipsi
2351 4346 2535 4398 autem
2564 4342 2902 4413 ignorabant
2932 4344 3063 4412 quia
3091 4340 3251 4397 audit
3274 4340 3507 4411 Ioseph:

1856 4432 2033 4498 audit,
2067 4448 2169 4503 pro
2202 4431 2478 4504 intelligit
2510 4449 2523 4486 ε
2557 4448 2693 4486 nam
2723 4447 2895 4486 voces
2926 4430 3090 4486 audit
3141 4431 3341 4501 utique
3372 4446 3513 4485 aura

1857 4521 2035 4578 etiam
2069 4521 2168 4593 qui
2202 4538 2317 4577 non
2350 4520 2629 4593 intelligit
2661 4520 2945 4593 linguam.
2967 4520 3272 4592 Repetitur
3301 4518 3400 4574 illa
3429 4519 3513 4573 lo-

1857 4609 2013 4665 cutio
2044 4610 2278 4679 quando
2328 4614 2572 4665 narrant
2604 4610 2754 4680 patri
2786 4624 2892 4663 suo
2941 4608 3083 4678 quid
3117 4606 3203 4662 eis
3234 4605 3512 4662 acciderit

1856 4697 1917 4753 in
1950 4699 2214 4771 Egypto,
2245 4704 2302 4753 et
2330 4699 2469 4769 quid
2500 4698 2748 4753 dixerint
2779 4697 2849 4751 ad
2878 4695 3117 4768 Joseph.

1930 4788 2159 4859 [lb.32.]
2192 4787 2480 4843 Duodecim
2507 4802 2698 4842 sumus
2725 4788 2932 4857 fratres
2961 4786 3071 4854 ﬁlii
3094 4785 3271 4855 patris
3301 4785 3508 4840 nostri:

1856 4893 2001 4932 unus
2028 4892 2139 4931 non
2166 4886 2264 4948 est,
2294 4877 2532 4949 pusillus
2558 4878 2749 4931 autem
2778 4891 2901 4930 cum
2940 4881 3098 4946 patre
3125 4881 3309 4930 nostro
3350 4874 3510 4931 hodie

1859 4967 1921 5020 in
1951 4970 2103 5021 terra
2133 4963 2612 5020 Chanaan.Multa
2643 4964 2703 5019 in
2724 4962 2815 5019 bis
2846 4963 3050 5035 paucis
3081 4962 3273 5019 verbis
3298 4978 3516 5036 genera

1860 5054 2222 5111 locutionum
2256 5058 2478 5121 sunt,et
2510 5052 2652 5108 illud
2686 5054 2839 5125 quod
2864 5051 3037 5124 paulo
3070 5056 3204 5108 ante
3224 5068 3514 5109 memora-

1859 5143 2234 5206 vi,duodecim
2263 5159 2474 5208 sumus,
2504 5158 2638 5198 cum
2670 5141 2783 5214 ipsi
2816 5141 3034 5211 dicant,
3068 5158 3213 5197 unus
3242 5157 3351 5198 non
3379 5146 3460 5196 est
3489 5159 3508 5197 :

1860 5236 1939 5296 et,
1970 5232 2080 5301 ﬁlii
2105 5247 2295 5286 sumus
2325 5232 2502 5299 patris
2534 5232 2735 5295 nostri,
2769 5231 2935 5301 quasi
2970 5236 3211 5301 possent
3240 5246 3369 5286 esse
3400 5229 3510 5285 ﬁlii

1864 5337 1977 5376 non
2011 5322 2191 5392 patris
2224 5320 2337 5375 sui.
2370 5319 2624 5375 Pusillus
2652 5324 2843 5377 autem
2870 5336 2996 5374 cum
3024 5323 3181 5389 patre
3206 5327 3385 5375 nostro
3415 5325 3512 5376 hs-

1862 5408 1951 5464 die
1980 5412 2037 5465 in
2066 5413 2219 5465 terra
2251 5410 2536 5475 Chanaan,
2581 5427 2685 5466 nec
2716 5410 3128 5479 dixerunt,est,
3160 5413 3263 5464 aut
3294 5408 3516 5479 aliquid

1864 5501 2455 5570 hujusmodi.Deinde
2487 5502 2811 5557 notandum
2846 5501 3115 5572 est,quod
3153 5500 3406 5556 maxime
3427 5516 3531 5555 ne-

1863 5589 2184 5645 cessarium
2215 5591 2449 5646 videtur
2477 5597 2717 5662 propter
2758 5590 3257 5663 Evangelistarum
3310 5606 3520 5644 narra-

1862 5679 2373 5749 tiones,quomodo
2406 5695 2540 5734 cum
2571 5696 2638 5735 ea
2668 5696 2790 5750 quas
2823 5680 2977 5734 dicta
3008 5682 3169 5742 sunt,
3205 5677 3359 5733 dicta
3388 5695 3519 5736 esse

1867 5771 2203 5836 narrantur,
2240 5785 2353 5825 non
2387 5768 2627 5824 omnino
2680 5769 2879 5823 eodem
2934 5767 3105 5823 modo
3153 5772 3528 5837 repetuntur|
