3986 6180
213 404 309 465 501

215 530 434 600 alicujus
447 545 621 601 quam
634 533 976 585 csaterorum
993 529 1120 585 dies
1137 532 1385 602 possunt
1401 544 1530 584 esse
1551 529 1829 584 horarum

216 619 377 692 spatio
409 618 717 675 breviores.
737 619 854 674 Hoc
877 623 1073 674 autem
1096 618 1276 676 J‘acob
1307 634 1374 674 ex
1398 617 1831 690 comparatione

214 709 463 765 dixitvilze
483 709 776 778 majorum
794 724 1064 764 suorum:
1083 725 1218 764 nam
1244 708 1446 780 utique
1468 711 1699 762 centum
1721 707 1828 762 tri-

213 800 349 870 ginta
374 813 573 865 annos,
605 814 755 868 quos
777 797 873 852 ille
898 798 1025 867 jam
1050 799 1274 870 agebat,
1301 814 1470 852 nemo
1488 811 1645 853 nunc
1664 795 1823 851 vivit.

266 889 280 960 ξ
290 890 359 943 Ib.
390 903 562 954 van,
597 889 709 957 12.]
744 888 1004 942 Triticum
1024 888 1326 943 secundum
1355 903 1548 957 corpus
1578 905 1598 941 :
1630 887 1686 941 id
1713 889 1823 956 est,

210 977 502 1032 secundum
537 991 848 1032 numerum
871 981 1325 1046 corporum.Per
1355 993 1566 1047 corpus
1587 977 1821 1041 etenim,

209 1081 488 1121 numerum
522 1082 864 1137 corporum;
890 1081 991 1137 per
1011 1082 1321 1122 numerum
1353 1081 1685 1137 corporum,
1714 1081 1824 1120 nu-

207 1171 404 1210 merum
437 1154 748 1209 hominum
780 1154 1089 1226 signiﬁcat.

261 1245 354 1315 [1b.
389 1244 496 1314 13.]
529 1245 842 1300 lnvaluerat
882 1247 1066 1299 autem
1115 1244 1293 1319 fames
1323 1244 1497 1309 valde,
1530 1253 1582 1300 et
1627 1243 1822 1316 defecit

205 1337 326 1388 terra
369 1335 646 1405 [Egi/icti:
680 1339 885 1389 terram
936 1335 1130 1404 posuit
1177 1351 1278 1405 pro
1329 1333 1668 1389 hominibus
1719 1334 1818 1405 qui

203 1427 340 1479 erant
365 1422 420 1477 in
455 1431 635 1478 terra.

257 1513 348 1582 [1b.
384 1512 489 1578 15.]
530 1513 803 1567 Venerunt
825 1518 1012 1567 autem
1043 1527 1229 1568 omnes
1259 1513 1504 1583 {Egyptii
1533 1512 1602 1567 ad
1629 1513 1820 1583 Ioseph

201 1601 512 1666 dicentes,Da
527 1603 687 1657 nobis
708 1618 904 1670 panes:
919 1618 1197 1673 perpanes
1219 1602 1478 1658 triticum
1503 1600 1816 1672 significat,

200 1689 461 1746 locutione
491 1707 599 1762 per
628 1691 685 1746 id
721 1693 872 1762 quod
900 1692 1169 1758 efﬁcitur,
1206 1691 1260 1745 id
1291 1691 1444 1762 quod
1477 1689 1673 1746 efﬁcit.

256 1780 348 1851 μδ.
379 1780 492 1851 20.]
527 1780 773 1852 Iit/acta
795 1786 877 1836 est
897 1789 1045 1836 terra
1077 1783 1514 1836 Pharuonimon
1541 1779 1642 1845 ait,
1669 1779 1816 1834 Pha-

198 1868 386 1925 raonis.
420 1873 602 1925 Amat
631 1869 714 1924 sic
762 1870 920 1941 loqui
960 1870 1278 1942 Scriptura,
1313 1871 1465 1924 sicut
1493 1869 1554 1923 in
1585 1867 1817 1925 Psalmo

197 1957 387 2012 dictum
416 1963 528 2027 est,
564 1961 625 2015 Et
653 1959 919 2016 custodiri
966 1960 1142 2032 legem
1174 1968 1358 2020 tuam;
1409 1957 1529 2015 haec
1558 1961 1715 2029 facta
1743 1968 1819 2015 est

193 2047 331 2114 mihi,
361 2050 494 2119 quia
510 2049 938 2120 justiﬁcationes
967 2058 1086 2104 tuas
1114 2051 1392 2121 exquisivi
1420 2049 1595 2120 (Psat.
1621 2065 1815 2115 cxvm,

192 2138 262 2203 55,
289 2137 371 2207 56)
407 2153 418 2189 :
453 2138 531 2192 de
581 2137 708 2209 lege
759 2140 854 2193 Dei
905 2139 1069 2206 dixit,
1122 2139 1232 2194 hac
1279 2140 1428 2209 facta
1457 2143 1535 2194 est
1563 2139 1724 2207 mihi,
1758 2138 1814 2193 id

193 2229 280 2292 est,
307 2225 360 2280 in
395 2241 591 2281 meam
627 2226 960 2282 utilitatem.

248 2313 340 2384 [1b.
369 2315 484 2386 22.]
513 2320 734 2372 Praeter
752 2323 953 2371 terram
972 2316 1313 2372 sacerdotum
1331 2321 1545 2372 tantum
1564 2333 1672 2372 non
1691 2332 1815 2388 pos-

189 2401 303 2456 sedit
322 2405 515 2475 Ioseph
539 2421 556 2457 :
581 2405 750 2475 quasi
783 2405 1044 2474 dixisset,
1066 2407 1271 2461 Praeter
1300 2411 1514 2461 terram
1548 2406 1813 2462 sacerdo-

189 2494 292 2546 tum
321 2496 574 2562 tantum,
605 2509 837 2548 omnem
867 2499 1079 2570 terram
1113 2495 1374 2566 possedit
1403 2496 1642 2567 Joseph.

247 2580 338 2646 (Ib.
367 2582 482 2654 26.]
527 2587 592 2638 Et
617 2585 798 2653 posuit
835 2583 957 2638 illis
979 2586 1173 2655 Ioseph
1206 2586 1264 2639 in
1289 2590 1621 2657 praeceptum
1652 2601 1816 2657 usque

188 2670 234 2722 in
259 2670 579 2726 hodiernum
597 2672 741 2727 diem
774 2673 831 2726 in
863 2681 1009 2728 terra
1027 2675 1268 2746 Egypti,
1290 2677 1349 2728 ut
1373 2679 1633 2744 praestent
1651 2675 1813 2742 quin-

96 2825 102 2831 .
188 2762 254 2811 tas
281 2759 618 2815 Pharaoni:
654 2759 790 2816 hinc
837 2761 1187 2832 intelligitur
1229 2763 1550 2818 Pharaonis
1600 2777 1810 2816 nomen

186 2848 457 2916 potestatis
494 2851 685 2905 fuisse
718 2850 1116 2922 regalis,quod
1150 2851 1293 2904 dixit
1318 2867 1485 2922 usque
1514 2853 1573 2904 in
1595 2853 1814 2905 hodier-

185 2951 295 2989 num
321 2938 486 2993 diem.
511 2939 638 2994 Non
672 2939 825 2995 enim
861 2939 943 2994 illi
969 2940 1069 3011 qui
1101 2944 1240 2995 tunc
1275 2940 1401 3008 fuit,
1421 2944 1694 3011 praestare
1717 2956 1811 3011 po-

181 3028 342 3080 terant
374 3028 631 3099 zﬁgyptii
660 3045 847 3100 usque
873 3030 944 3083 ad
977 3029 1144 3083 illum
1179 3029 1355 3097 diem,
1389 3045 1502 3099 quo
1536 3029 1648 3083 ista
1669 3027 1808 3084 scri-

181 3112 460 3183 bebantur,
494 3118 738 3188 quando
770 3118 868 3172 ille
891 3120 1017 3190 jam
1052 3135 1162 3172 non
1199 3119 1441 3173 vivebat.

235 3204 247 3273 ξ
258 3203 328 3259 Ib.
360 3207 476 3278 28.]
523 3208 584 3261 Et
612 3211 834 3278 [uerunt
865 3210 980 3263 dies
1009 3209 1167 3264 Iacob
1199 3224 1476 3263 annorum
1505 3209 1636 3264 vitae
1656 3208 1809 3273 eius:

181 3290 282 3346 dies
311 3310 607 3350 annorum
631 3312 775 3368 saepe
799 3297 939 3351 dicit
963 3297 1280 3368 Scriptura,
1311 3313 1445 3352 cum
1478 3296 1658 3352 semel
1677 3313 1808 3368 pos-

183 3385 254 3435 set
278 3399 457 3439 annos
493 3385 712 3440 dicere.

238 3472 334 3542 [1b.
365 3491 568 3542 XLVIII,
605 3475 680 3545 1.]
712 3475 870 3538 Quod
907 3477 1191 3547 scriptum
1223 3482 1332 3544 est,
1365 3478 1708 3531 Nuntiatum
1733 3479 1810 3531 est

179 3560 509 3634 Ioseph,quia
535 3572 829 3630 patertuus
849 3566 1133 3621 turbatur:
1148 3566 1326 3638 aliqui
1351 3566 1578 3622 codices
1592 3566 1808 3620 habent

179 3654 601 3724 vexatur,aliqui
616 3659 959 3721 mstuatur,et
973 3655 1128 3710 aliud
1142 3655 1421 3721 alii,sicut
1435 3655 1802 3726 interpretari

174 3740 332 3795 Latini
349 3747 484 3812 potu
497 3745 857 3814 erunt,quod
873 3761 1055 3816 grmce
1069 3744 1351 3815 scriptum
1367 3749 1455 3799 est
1469 3741 1800 3818 ἐνοχλεῖται.

171 3826 280 3884 Ideo
297 3842 489 3886 autem
507 3833 1240 3898 turbatur,accomodatius
1265 3833 1376 3888 dici
1404 3833 1650 3898 videtur,
1669 3834 1804 3904 quia

169 3915 255 3971 hoc
285 3919 391 3974 dici
421 3920 579 3976 solet
611 3923 680 3976 de
708 3923 778 3976 iis
814 3923 910 3992 qui
939 3922 1316 3978 alﬂictatione
1337 3923 1594 3993 corporis
1619 3926 1802 3978 morte

170 4008 908 4080 propinquantcjactantur.
926 4013 1077 4066 Etex
1093 4011 1202 4066 hoc
1232 4013 1409 4066 etiam
1435 4012 1606 4066 turba
1627 4005 1801 4085 ὄχλος

169 4093 354 4151 dicitur
383 4114 397 4153 :
433 4105 523 4153 est
559 4100 715 4154 enim
743 4101 930 4168 turba,
958 4100 1271 4154 multitudo
1304 4100 1656 4165 inordinata,
1683 4117 1797 4155 non

166 4183 292 4239 sicut
325 4189 606 4260 pepnlus,
638 4190 792 4260 quod
827 4185 1003 4260 δῆμος
1034 4189 1270 4255 dicitur,
1304 4205 1408 4244 nec
1440 4191 1586 4244 sicut
1609 4188 1794 4260 plebs,

165 4277 289 4341 quod
305 4273 436 4338 λαὸς
452 4279 486 4332 d
501 4279 806 4347 icitur,sed
823 4272 1185 4352 sicut‘b’ﬂm,
1209 4279 1363 4349 quod
1377 4279 1549 4333 turba
1562 4279 1793 4333 dicitur.

220 4364 311 4433 (Ib.
353 4368 464 4437 16.]
502 4367 690 4423 Jacob
717 4369 1061 4424 benedicens
1095 4372 1333 4440 nepotes
1367 4384 1503 4423 suos
1527 4366 1675 4421 ﬁlios
1698 4369 1794 4423 Jo-

167 4452 306 4523 seph,
337 4457 417 4511 ait
452 4457 614 4510 inter
655 4462 879 4522 caetera,
914 4459 976 4513 Et
1023 4458 1367 4513 invocabitur
1397 4459 1454 4512 in
1485 4457 1570 4511 his
1601 4473 1798 4513 nomen

167 4554 397 4610 meum,et
419 4561 621 4600 nomen
646 4550 867 4616 patrum
891 4548 1323 4600 nieorum-unde
1344 4547 1663 4601 notandum
1685 4552 1794 4613 est,

167 4643 260 4685 non
289 4634 479 4690 solum
517 4636 980 4705 exauditionem,
1016 4637 1114 4691 sed
1150 4637 1328 4691 etiam
1369 4635 1794 4691 invocationem

165 4717 257 4772 dici
283 4723 607 4794 aliquando
639 4741 766 4795 quin
798 4743 912 4781 non
949 4725 1067 4793 Dei,
1103 4725 1200 4780 sed
1236 4725 1545 4780 hominum
1577 4726 1671 4782 sit.

221 4808 313 4877 Lib.
348 4813 459 4883 18.]
500 4815 609 4868 Hic
636 4816 790 4868 enim
818 4815 1141 4886 primitivus
1170 4831 1188 4869 :
1221 4813 1421 4869 minus
1453 4814 1648 4885 habet,
1683 4820 1791 4885 est,

166 4899 466 4957 secundum
501 4901 734 4959 codices
765 4920 1004 4975 graecos.

167 5020 566 5039 \—

1535 398 1768 459 LIBER
1812 398 2241 460 SECUNDUS.

3467 402 3584 462 502

2013 527 2117 596 [1b.
2145 545 2298 598 xux,
2327 529 2442 600 211.]
2495 530 2554 584 In
2607 530 3011 586 benedictione
3061 530 3275 602 Joseph
3328 530 3408 586 ait
3437 531 3588 587 inter

1942 620 2147 672 caetera
2176 619 2379 685 Jacob,
2409 621 2542 675 Inde
2569 621 2667 691 qui
2694 621 3023 690 confortavit
3051 621 3216 676 Israel
3245 638 3264 674 :
3297 620 3515 676 mirum
3537 623 3588 676 si

1942 722 2055 762 non
2087 707 2458 774 subauditur,
2513 713 2619 779 est,
2649 714 2712 764 ut
2762 709 2999 781 plenum
3051 710 3147 776 sit,
3180 710 3320 766 Inde
3369 716 3458 766 est
3488 710 3588 782 qui

1939 797 2284 851 confortavit
2313 797 2511 852 Israel.

2007 886 2114 957 [1b.
2150 904 2222 954 L.,
2254 889 2308 953 2,
2342 888 2420 958 3.]
2452 888 2612 951 Quod
2637 889 2920 957 scriptum
2953 891 3231 957 est,Dia:it
3251 890 3455 961 Ioseph
3470 905 3585 946 ser-

1933 977 2016 1030 vis
2045 979 2160 1030 suis
2187 978 2574 1048 sepultoribus,
2605 982 2666 1032 ut
2715 980 3006 1050 sepelirent
3032 983 3245 1050 patrem
3275 981 3397 1051 ejus
3410 996 3432 1040 ,'
3463 997 3579 1036 non

1934 1063 2157 1118 invenit
2214 1064 2416 1137 lingua
2447 1065 2646 1135 palatina
2702 1067 3198 1136 quemadmodum
3256 1065 3582 1138 appellaret

1932 1151 2284 1228 ἐνταφιαστὰς
2319 1172 2332 1209 :
2370 1171 2482 1209 non
2518 1154 2672 1209 enim
2704 1154 2816 1226 ipsi
2850 1155 3161 1226 sepeliunt,
3193 1155 3249 1211 id
3279 1160 3575 1225 est,terrae

1933 1244 2218 1298 mandant
2249 1260 2491 1315 corpora
2520 1247 2906 1311 mortuorum,
2941 1245 3095 1314 quod
3130 1261 3247 1300 non
3278 1249 3367 1300 est
3394 1261 3575 1317 graece

1930 1329 2259 1406 ἐνταφιάσαι,
2296 1333 2394 1387 sed
2429 1329 2612 1404 θάψαι.
2645 1331 2731 1387 Illi
2762 1349 2897 1405 ergo
2931 1330 3273 1407 ἔνταφιασταὶ
3304 1335 3359 1389 id
3397 1337 3580 1406 agunt

1931 1422 2087 1490 quod
2119 1421 2424 1476 exhibetur
2445 1422 2788 1493 corporibus
2819 1422 3116 1490 humanis,
3140 1429 3227 1478 vel
3258 1424 3579 1480 condienda

1929 1510 2017 1567 vel
2048 1511 2323 1566 siccando
2371 1510 2455 1565 vel
2505 1510 2852 1566 involvendo
2900 1516 2957 1567 et
3006 1512 3322 1585 alligando,
3357 1515 3415 1569 in
3465 1531 3579 1586 quo

1929 1616 2102 1672 opere
2116 1600 2366 1656 maxime
2381 1600 2779 1672 Egyptiorum
2799 1618 2940 1656 cura
2955 1602 3247 1673 praecellit.
3269 1605 3428 1669 Quod
3445 1619 3581 1677 ergo

1930 1690 2090 1758 dicit,
2118 1689 2300 1746 Etiam
2320 1692 2693 1762 sepelierunt;
2721 1696 3092 1758 curaverunt,
3127 1692 3448 1763 intelligere
3481 1695 3580 1749 de-

1929 1779 2157 1834 bemus.
2199 1780 2268 1834 Et
2312 1781 2466 1852 quod
2501 1780 2665 1847 dicit,
2695 1781 3063 1852 quadraginta
3109 1781 3222 1836 dies
3251 1783 3573 1853 sepulturae,

1928 1867 2117 1939 ipsius
2166 1868 2483 1923 curationis
2532 1869 2849 1940 accipiendi
2883 1874 3041 1925 sunt.
3092 1870 3365 1940 Sepultus
3414 1871 3571 1928 enim

1928 1956 2024 2012 ille
2056 1974 2168 2012 non
2201 1963 2308 2027 est,
2342 1957 2454 2013 nisi
2488 1958 2586 2012 ubi
2619 1975 2680 2014 se
2713 1960 3088 2014 mandaverat
3117 1959 3371 2031 sepeliri.

1998 2047 2102 2117 [Ib.
2135 2048 2214 2118 4.]
2247 2048 2560 2118 Loquimini
2579 2049 2643 2102 in
2674 2064 2840 2102 aures
2867 2048 3215 2103 Pharaonis:
3240 2047 3455 2104 locutio
3481 2053 3572 2105 est

1927 2136 2144 2192 usitata
2172 2136 2230 2190 in
2257 2136 2594 2207 Scripturis.

1998 2227 2081 2297 [Ib
2135 2226 2215 2298 6.]
2250 2227 2314 2280 Et
2345 2226 2487 2281 dixit
2520 2226 2735 2281 Pharao
2765 2225 2842 2281 ad
2869 2227 3082 2298 Ioseph,
3116 2228 3382 2282 Descende
3411 2236 3465 2282 et
3492 2245 3578 2284 se-

1921 2316 2040 2386 peli
2067 2320 2281 2384 patrem
2322 2319 2477 2370 tuum
2506 2331 2524 2368 :
2556 2315 2728 2371 etiam
2779 2315 2829 2370 si
2883 2331 2984 2386 per
3016 2320 3282 2388 potentes
3311 2316 3442 2372 illos
3478 2334 3582 2390 per

1926 2422 2073 2476 quos
2113 2405 2328 2477 Joseph
2382 2405 2781 2472 mandaverat,
2817 2404 3040 2461 Pharao
3086 2406 3231 2460 dixit
3262 2407 3415 2478 quod
3451 2423 3580 2478 per-

1924 2493 2142 2548 ferrent
2173 2495 2242 2548 ad
2294 2494 2534 2566 Joseph,
2584 2511 2698 2548 non
2750 2493 2948 2565 utique
3003 2494 3149 2549 dixit
3192 2495 3302 2566 ipsi
3335 2495 3574 2567 Ioseph.

1927 2583 2086 2638 Unde
2121 2583 2262 2637 illud
2297 2588 2386 2637 est
2413 2583 2470 2637 in
2510 2583 2840 2654 Evangelio,
2872 2584 3024 2653 quod
3060 2601 3214 2638 unus
3240 2584 3577 2656 Evangelia-

1922 2677 2117 2726 tarum
2148 2672 2310 2734 dicit,
2355 2671 2756 2726 centurionem
2800 2670 3030 2726 venisse
3064 2672 3134 2725 ad
3169 2671 3483 2726 Dominum
3516 2674 3575 2727 et

1923 2760 2140 2815 dixisse
2190 2759 2297 2830 illi,
2345 2762 2490 2814 Puer
2532 2776 2688 2814 meus
2735 2761 2880 2825 iacet
2928 2761 2986 2814 in
3030 2760 3184 2814 domo
3227 2760 3572 2831 paralyticus

1921 2849 2128 2919 (Matth.
2161 2866 2284 2916 VIII,
2319 2850 2372 2914 5,
2406 2848 2458 2918 6)
2493 2865 2505 2903 :
2541 2847 2693 2903 alius
2740 2853 2935 2902 autem
2985 2852 3174 2902 totum
3226 2846 3566 2919 diligentius

1921 2937 2423 3006 narrans,amicos
2454 2953 2585 2992 eum
2619 2938 2689 2992 ad
2719 2936 3030 2992 Dominum
3055 2936 3283 2992 misisse
3309 2952 3564 2992 comme-

1920 3032 2130 3093 morat,
2166 3028 2262 3097 qui
2307 3028 2414 3082 hoc
2446 3027 2496 3081 ei
2528 3027 2786 3082 dicerent
2815 3028 2968 3099 (Luc.
3000 3043 3100 3094 v11,
3133 3028 3182 3094 3)
3214 3044 3226 3090 ;
3261 3025 3318 3081 in
3349 3027 3567 3099 quibus

1919 3116 2126 3172 amicis
2153 3116 2354 3188 utique
2375 3116 2498 3187 ipse
2523 3117 2699 3184 venit,
2721 3117 2890 3188 cujus
2920 3116 2980 3171 in
3008 3117 3091 3172 eis
3122 3115 3392 3171 voluntas
3423 3133 3569 3188 prte-

1921 3223 2056 3262 sens
2080 3206 2187 3261 fuit
2219 3223 2232 3260 :
2264 3206 2416 3260 unde
2435 3210 2541 3272 est,
2561 3208 2670 3275 Qui
2687 3222 2776 3261 vos
2806 3207 3374 3276 recipit,merecipit;
3403 3209 3454 3260 et
3475 3208 3571 3277 qui

1918 3313 2005 3353 me
2035 3299 2249 3368 recipit,
2299 3299 2494 3367 recipit
2523 3312 2650 3351 eum.
2696 3299 2792 3366 qui
2823 3311 2906 3351 me
2935 3295 3093 3350 misit
3125 3295 3330 3366 (Matth.
3363 3312 3420 3362 x,
3453 3296 3566 3366 40.)

1989 3387 2096 3458 [1b.
2133 3386 2243 3459 10.]
2268 3387 2613 3441 Planxerunt
2635 3401 2759 3440 eum
2773 3385 3063 3456 planctum
3084 3400 3342 3454 magnum
3368 3391 3416 3438 et
3439 3384 3568 3439 vali-

1917 3478 2082 3532 dum:
2106 3477 2456 3549 planxerunt
2483 3478 2923 3548 planctum,non
2947 3474 3563 3547 planxeruntplanctu:

1916 3567 2129 3623 locutio
2147 3572 2235 3623 est
2265 3567 2322 3620 in
2352 3566 2534 3621 latina
2555 3566 2752 3636 lingua
2777 3581 2892 3620 non
2915 3564 3130 3634 ignota,
3156 3563 3306 3619 sicut
3328 3563 3563 3632 dicitur,

1916 3658 2255 3711 servitutem
2293 3655 2548 3725 servivit,
2584 3655 2856 3710 militiam
2911 3653 3200 3722 militavit,
3232 3658 3289 3708 et
3319 3653 3560 3709 similia.

1988 3746 2090 3812 [1b.
2127 3746 2314 3814 15.]Et
2344 3745 2656 3800 redditione
2669 3744 2858 3800 reddet
2873 3743 3028 3799 nobis
3058 3743 3244 3797 omnia
3276 3744 3420 3798 mala
3443 3757 3562 3813 qua:

1911 3835 2239 3890 ostendimus
2268 3836 2336 3889 ei.
2395 3835 2468 3887 Ex
2501 3834 2606 3886 hac
2657 3832 2946 3888 locutione
2983 3832 3076 3885 ait
3124 3837 3180 3884 et
3225 3833 3555 3900 Apostolus,

1910 3923 2220 3979 Alexander
2257 3925 2486 3977 avarius
2534 3922 2709 3976 multa
2736 3923 2884 3974 mata
2929 3919 3070 3973 mihi
3095 3920 3328 3974 ostendit
3361 3921 3433 3986 (ΙΙ
3466 3920 3555 3973 7i-

1909 4013 2074 4068 moth.
2111 4030 2187 4079 1v,
2224 4013 2306 4082 14)
2339 4028 2350 4065 :
2386 4010 2717 4065 ostendimus
2767 4008 2922 4064 enim
2956 4009 3178 4063 dictum
3210 4011 3319 4076 est,
3349 4006 3433 4062 vel
3466 4023 3554 4062 os-

1908 4102 2099 4167 tendit,
2136 4119 2237 4172 pro
2278 4117 2343 4156 eo
2377 4100 2529 4170 quod
2566 4104 2673 4164 est,
2711 4098 2973 4162 tscimus,
3008 4096 3096 4151 vel
3130 4096 3283 4151 fecit.

1981 4192 2086 4263 [1b.
2125 4171 2236 4260 17.]
2286 4191 2477 4260 Accipe
2526 4189 2874 4260 iniquitatem
2915 4202 3201 4242 servorum
3248 4188 3351 4242 Dei
3375 4187 3555 4257 patris
3642 4171 3660 4184 ’

1907 4282 1992 4336 tui
2025 4298 2036 4336 :
2073 4296 2221 4335 nova
2254 4278 2466 4334 locutio
2499 4282 2608 4347 est,
2632 4278 2822 4347 Accipe
2854 4278 3228 4346 iniquitatem,
3263 4292 3364 4346 pro
3396 4274 3556 4346 igno-

1908 4386 2024 4440 sce,
2080 4373 2182 4424 aut
2229 4369 2480 4434 remitte,
2515 4372 2614 4421 aut
2661 4365 3040 4433 obliviscere;
3095 4365 3196 4420 sed
3245 4367 3386 4436 puto
3419 4364 3555 4420 inde

1905 4475 2033 4514 esse
2065 4459 2285 4514 dictum
2336 4457 2549 4528 Accipe,
2584 4471 2648 4510 ac
2698 4455 2745 4510 si
2796 4455 3105 4522 diceretur,
3161 4470 3325 4525 :equo
3357 4453 3552 4510 animo

1906 4549 2122 4620 accipe,
2154 4548 2264 4602 hoc
2293 4551 2399 4613 est,
2435 4545 2551 4600 noli
2582 4545 2822 4616 indigne
2855 4545 3023 4598 ferre.

1976 4639 2083 4708 [ιδ.
2121 4637 2233 4709 18.]
2265 4638 2325 4691 Ει
2373 4637 2642 4690 venientes
2671 4633 2741 4689 ad
2785 4651 2912 4688 eum
2958 4633 3220 4688 dixerunt
3254 4649 3265 4687 :
3301 4649 3415 4687 non
3449 4633 3549 4688 ite-

1907 4744 2036 4782 rum
2059 4731 2366 4792 venerunt,
2389 4726 2488 4780 sed
2515 4724 2668 4795 quod
2699 4723 2916 4778 dictum
2942 4721 3052 4777 fuit
3080 4721 3287 4778 iterum
3321 4721 3544 4778 dictum

1905 4821 1993 4871 est
2027 4832 2037 4870 :
2073 4814 2221 4871 solet
2250 4815 2357 4870 hoc
2391 4815 2578 4869 facere
2607 4812 2925 4883 Scriptura.

1292 5107 1670 5203 LIBER
1749 5106 2406 5203 SECUNDUS

1524 5259 1840 5310 Locutiones
1874 5259 1941 5310 de
1973 5257 2177 5308 Exodo.

221 5479 404 5549 [Exon.
428 5501 549 5556 cap.
574 5501 612 5554 ι,
639 5486 689 5552 ,v.
710 5484 892 5555 7-12.]
917 5486 977 5539 Et
1000 5471 1403 5540 invalescebant
1422 5484 1581 5540 valde
1602 5486 1777 5540 valde.

221 5570 438 5642 [lb.2l.]
457 5573 606 5638 Quid
631 5573 893 5646 estquod
915 5575 1133 5629 dictum
1149 5576 1236 5628 est
1257 5573 1326 5627 de
1348 5573 1778 5629 obstetricibus.

172 5653 217 5706 El
237 5661 473 5723 [ccci-unt
494 5664 602 5717 sibi
621 5665 1093 5734 domosquoniam
1113 5665 1413 5718 timuerunt
1427 5664 1594 5719 Deum
1609 5668 1786 5719 ?Prae-

173 5742 362 5806 dictum
382 5757 473 5808 est
489 5752 666 5823 enim,
694 5755 1230 5824 Bene/aciebatDeus
1247 5770 1370 5808 cum
1390 5754 1786 5810 obstetricibus.

1894 5486 1962 5539 Et
1977 5485 2046 5539 ad
2062 5483 2167 5539 hoc
2187 5483 2415 5539 videtur
2435 5484 2906 5557 pertinere,quod
2935 5485 3197 5539 fecerunt
3217 5481 3327 5538 sibi
3345 5482 3555 5538 domos

1893 5573 2154 5629 timendo
2179 5577 2382 5644 Deum,
2407 5578 2687 5645 tanquam
2714 5574 2992 5629 beneﬁcia
3007 5573 3102 5628 Dei
3117 5573 3185 5628 ad
3203 5571 3308 5627 hoc
3324 5570 3405 5626 eis
3422 5588 3551 5643 pro-

1900 5665 2115 5719 fuerint
2137 5669 2200 5719 ut
2226 5663 2480 5720 facerent
2510 5663 2618 5718 sibi
2653 5665 2876 5718 dumos.
2902 5663 3199 5733 Numquid
3233 5665 3405 5717 antea
3430 5677 3544 5716 non

1900 5770 1996 5810 eas
2022 5752 2300 5811 habuisse
2313 5755 2517 5810 domos
2540 5753 2696 5809 intell
2711 5754 2982 5824 igcndum
2997 5755 3210 5808 estPAn
3228 5750 3298 5806 ad
3313 5749 3545 5807 divitias
