3954 6178
392 388 509 449 503

396 518 507 574 hoc
537 520 780 576 verbum
812 520 1085 592 pertinet,
1120 520 1206 577 vel
1255 521 1447 592 potius
1480 522 1551 577 ad
1585 520 1816 591 aliquas
1850 520 1929 575 rei
1963 520 2050 575 fa-

399 607 646 664 miliaris
678 609 919 665 idoneas
945 610 1250 666 facultates
1275 615 1297 666 P
1327 610 1472 666 Huic
1494 610 1647 665 enim
1672 608 1865 665 simile
1896 607 2053 663 vide-

397 700 514 764 tur,
550 699 705 768 quod
734 698 816 752 ait
838 698 1013 753 etiam
1035 698 1213 753 Jacob
1244 705 1377 771 post
1405 698 1847 769 quatuordecim
1869 710 2056 750 annos

400 783 700 840 servitutis
733 800 851 839 suae
884 800 1081 840 socero
1128 801 1234 841 suo
1264 786 1479 841 volenti
1511 802 1645 840 eum
1678 784 1869 839 adhuc
1900 782 2055 862 apud

401 890 465 931 se
496 876 693 928 tenere
728 888 739 928 :
772 873 929 927 Nunc
948 890 1085 946 ergo
1113 876 1331 946 quando
1352 876 1555 945 faciam
1587 878 1641 929 et
1669 889 1762 944 ego
1794 871 1943 927 mihi
1961 870 2053 926 do-

401 964 597 1017 mum?
629 960 859 1017 Dixerat
892 962 1046 1017 enim
1102 964 1257 1035 quod
1291 965 1577 1020 creverint
1623 979 1831 1035 pecora
1863 962 2054 1016 Laban

401 1051 512 1106 sub
543 1049 644 1106 illo
677 1069 689 1119 ;
719 1051 873 1106 sicut
907 1057 964 1106 et
995 1052 1120 1124 ipse
1170 1054 1363 1109 Laban
1396 1054 1698 1109 confessus
1747 1052 1935 1107 fuerat
1964 1048 2055 1103 di-

400 1155 562 1203 cens,
592 1141 888 1196 Benedixit
936 1159 1022 1197 me
1064 1143 1201 1197 Deus
1243 1145 1300 1197 in
1336 1145 1566 1199 introztu
1608 1146 1702 1197 tuo
1742 1140 1889 1210 (Gen.
1921 1154 2052 1203 xxx,

400 1227 591 1297 29-31)
630 1245 641 1282 :
676 1246 809 1284 cum
842 1246 978 1303 ergo
1018 1230 1177 1295 dicit,
1210 1231 1426 1303 quando
1473 1232 1685 1304 faciam
1714 1234 1764 1286 et
1792 1245 1888 1299 ego
1917 1227 2058 1285 mihi

403 1318 670 1373 domum?
720 1318 1208 1391 subinteliigitur,
1258 1320 1411 1376 sicut
1458 1325 1514 1376 et
1545 1324 1631 1375 tu.
1682 1319 1799 1375 Hoc
1829 1317 2058 1373 videtur

407 1405 563 1461 enim
594 1406 789 1462 valere
821 1408 974 1479 quod
1028 1409 1129 1476 ait,
1159 1414 1211 1464 et
1239 1425 1359 1479 ego,
1390 1414 1455 1464 ut
1486 1410 1556 1464 ad
1595 1411 1779 1479 ipsam
1813 1408 2056 1461 domum

407 1495 735 1551 faciendam
759 1497 1022 1552 videatur
1043 1498 1331 1569 pertinere
1351 1499 1504 1571 quod
1538 1500 1964 1569 consequenter
1984 1494 2055 1550 ad

407 1584 601 1640 Laban
634 1602 857 1641 merces
887 1586 1016 1657 ipsa
1046 1589 1357 1643 statuenda
1388 1587 1751 1659 proponitur.

478 1673 585 1744 [1b.
622 1691 662 1745 ι,
691 1675 805 1745 22.]
835 1676 899 1730 Et
916 1691 1075 1731 omne
1102 1678 1441 1747 femininum
1469 1677 1744 1742 viviﬁeate
1772 1674 1945 1730 illud:
1974 1674 2057 1730 sic

409 1762 568 1818 enim
600 1762 818 1819 habent
846 1764 1055 1836 graeci;
1088 1763 1253 1821 latini
1287 1783 1400 1821 non
1433 1766 1668 1831 habent,
1700 1763 1857 1821 illud.

482 1853 589 1924 [Ib.
621 1869 681 1918 ιι,
709 1853 784 1926 1.]
802 1855 941 1910 Erat
955 1864 1135 1911 autem
1154 1855 1377 1926 quidam
1396 1855 1461 1910 de
1477 1856 1625 1910 tribu
1636 1856 1785 1923 Levi,
1807 1857 1857 1909 et
1870 1868 2054 1925 sump-

409 1943 482 1997 sit
515 1942 625 1997 sibi
670 1942 733 1997 de
761 1943 980 2013 ﬁliabus
1010 1946 1137 2000 Levi
1163 1962 1182 1999 .·
1214 1944 1562 2017 intelligitur
1610 1960 1872 2009 uxorem,
1902 1941 2053 2013 quod

413 2030 649 2101 quidam
684 2032 847 2087 latini
871 2033 1217 2104 interpretes
1241 2035 1418 2091 etiam
1451 2036 1787 2090 addendum
1818 2037 2054 2105 putave-

414 2124 591 2188 runt;
625 2121 914 2193 sequitur,
966 2126 1183 2190 autem,
1214 2132 1265 2179 et
1309 2124 1503 2179 habuit
1532 2141 1676 2192 eam,
1710 2128 1761 2178 et
1787 2122 2051 2191 concepit.

483 2208 590 2281 [1b.
608 2210 686 2283 3.]
712 2211 859 2277 Quid
884 2211 961 2267 sit
977 2212 1321 2278 thibin,ideo
1348 2212 1585 2268 difﬁcile
1605 2217 1694 2267 est
1714 2208 2055 2281 nosse,quia

410 2312 515 2353 nec
528 2314 750 2371 graecus
765 2300 1053 2373 interpres
1075 2318 1142 2357 ex
1164 2302 1524 2371 hebraio,nec
1546 2301 1764 2358 latinus
1778 2317 1846 2356 ex
1867 2315 2052 2371 graeco

406 2388 576 2443 vertit
606 2388 715 2444 hoc
746 2406 981 2461 nomen,
1014 2392 1115 2446 sed
1148 2390 1231 2447 sic
1262 2390 1568 2447 transtulit
1601 2396 1665 2446 ut
1694 2390 1932 2445 invenit.

477 2477 582 2547 [1b.
618 2478 725 2545 14.]
752 2480 964 2534 Timuit
983 2488 1169 2535 autem
1190 2481 1391 2551 Moyses
1410 2488 1460 2536 et
1488 2482 1655 2549 dixit,
1678 2482 1746 2534 Si
1775 2482 1852 2534 sic
1872 2479 2051 2534 divul-

294 2626 301 2629 ,
398 2569 587 2636 gatum
617 2576 697 2623 est
728 2568 952 2623 verbum
974 2567 1091 2624 hoc.
1121 2574 1240 2625 Duo
1270 2574 1409 2625 sunt
1438 2570 1498 2625 in
1526 2570 1633 2624 hac
1660 2569 1953 2624 locutione
1974 2573 2055 2624 at-

400 2656 694 2713 tendenda
729 2674 741 2713 :
775 2658 985 2730 primo,
1016 2659 1152 2729 quia
1184 2660 1397 2731 pendet
1427 2659 1742 2723 sententia,
1776 2663 1832 2713 et
1862 2658 1945 2712 sic
1968 2658 2053 2711 di—

402 2744 588 2801 missa
615 2750 743 2816 est;
797 2746 1028 2813 deinde,
1066 2748 1203 2820 quia
1249 2748 1492 2804 verbum
1526 2764 1625 2818 pro
1660 2748 1806 2802 facto
1838 2747 2051 2817 posuit.

473 2834 581 2905 [1b.
613 2837 729 2907 25.]
759 2838 821 2891 Et
848 2838 1093 2908 respexit
1133 2838 1281 2907 ﬁlios
1315 2838 1506 2904 Israel,
1539 2840 1590 2892 et
1618 2838 1860 2891 innotuit
1890 2836 2007 2890 illis
2035 2853 2053 2890 :

407 2938 513 2995 pro
545 2940 610 2981 eo
643 2925 893 2997 positum
937 2930 1027 2981 est
1071 2927 1333 2996 innotuit,
1367 2926 1521 2997 quod
1550 2926 1667 2999 egit
1697 2926 1754 2980 in
1788 2926 1894 2991 eis,
1928 2924 2053 2997 qui-

408 3012 523 3069 bus
563 3013 660 3070 Dei
692 3031 891 3070 curam
924 3031 1058 3085 erga
1088 3033 1149 3071 se
1180 3014 1590 3086 intelligerent.

476 3103 495 3174 [
502 3103 584 3159 Ib.
616 3121 702 3171 ιιι,
735 3106 815 3177 7.]
854 3105 1054 3161 Videas
1080 3105 1199 3161 vidi
1222 3106 1570 3161 vexationem
1596 3104 1787 3176 populi
1815 3107 1941 3171 mei,
1961 3105 2058 3174 qui

401 3198 481 3246 est
510 3192 570 3245 in
597 3193 845 3264 Egypto.

474 3280 580 3352 [1b.
618 3283 701 3348 11,
739 3282 849 3352 12.]
891 3287 964 3339 Et
994 3282 1143 3338 dixit
1188 3283 1392 3354 Moyses
1422 3283 1493 3338 ad
1526 3283 1716 3352 Deum,
1745 3283 1883 3352 Quis
1910 3298 2052 3349 sum,

400 3374 534 3445 quia
555 3374 642 3429 ibo
662 3374 732 3429 ad
756 3375 1097 3431 Pharaonem
1123 3392 1305 3446 regem
1330 3374 1569 3446 Egypti,
1602 3382 1652 3430 et
1672 3374 1801 3444 quia
1828 3372 2055 3428 educam

403 3462 549 3531 ﬁlios
566 3464 737 3518 Israel
752 3463 816 3518 de
829 3468 980 3518 terra
995 3467 1220 3536 Αἰαίη)ιὶ
1231 3468 1254 3517 .9
1270 3466 1427 3519 Dixit
1451 3471 1657 3531 autem,
1673 3464 1947 3531 Quoniam
1964 3478 2054 3517 ero

401 3559 612 3607 tecum:
638 3552 721 3606 sic
737 3552 911 3607 habet
929 3569 1151 3625 graecus
1176 3570 1189 3619 ;
1224 3552 1443 3608 latinus
1461 3558 1681 3618 autem,
1705 3553 1768 3606 Et
1791 3554 1911 3622 quis
1937 3567 2053 3621 ego,

402 3639 586 3695 dixit:
614 3644 672 3696 et
701 3656 816 3695 non
846 3641 1011 3709 dixit,
1033 3644 1170 3712 quia
1197 3643 1310 3707 ibo,
1330 3649 1380 3696 et
1411 3644 1538 3713 quia
1568 3641 1828 3701 educam;
1854 3642 1975 3711 sed,
1995 3649 2055 3695 ut

402 3737 614 3797 eam,et
645 3729 890 3785 educam.
913 3733 979 3785 Et
998 3731 1153 3802 quod
1188 3731 1244 3785 in
1267 3747 1455 3803 graeco
1476 3730 1668 3799 habet,
1685 3731 1837 3785 Dixit
1853 3733 2053 3800 autem,

402 3821 542 3891 quia
573 3835 669 3875 ero
712 3822 908 3890 tecum,
942 3819 1293 3893 intelligitur
1326 3820 1525 3891 utique
1557 3820 1711 3891 quod
1743 3819 1952 3874 dixerit
1982 3820 2053 3874 ad

403 3908 639 3981 Moysen
675 3926 689 3963 :
726 3914 914 3964 totum
963 3914 1159 3965 autem
1202 3909 1311 3965 hoc
1342 3909 1561 3964 latinus
1590 3908 1834 3977 addidit,
1867 3913 1924 3964 et
1953 3908 2053 3973 ait,

402 3998 557 4053 Dixit
582 4001 763 4054 autem
796 4000 936 4053 Deus
968 3998 1037 4054 ad
1069 3999 1301 4070 Moysen.

474 4087 582 4157 [1b.
618 4089 730 4160 16.]
756 4094 907 4143 Deus
933 4088 1073 4144 dicit
1105 4090 1257 4160 quod
1279 4088 1430 4143 dicat
1449 4092 1667 4160 Moyses
1698 4086 1834 4142 ﬁliis
1857 4086 2054 4153 Israel,

408 4178 648 4233 Visilans
677 4179 901 4232 visitavi
929 4193 1039 4243 vos,
1064 4183 1116 4232 et
1146 4193 1504 4248 quaecumque
1531 4179 1876 4247 contigerunt
1903 4176 2054 4231 vobis

402 4266 465 4320 in
494 4267 727 4337 Egypto
758 4284 777 4320 ,ο
808 4282 1032 4338 graecus
1084 4266 1278 4335 habet,
1318 4268 1647 4322 Visitatione
1692 4267 1915 4321 visitavi
1945 4282 2052 4321 vos.

472 4355 582 4427 [1b.
620 4355 733 4426 18.]
767 4359 917 4410 Deus
951 4355 1091 4409 dicit
1124 4356 1193 4409 ad
1227 4355 1463 4426 Moysen
1498 4356 1566 4410 de
1600 4355 1732 4409 ﬁliis
1761 4355 1954 4422 Israel,
1996 4357 2055 4409 Et

402 4443 637 4499 audient
664 4460 846 4499 vocem
899 4452 1047 4499 tuam
1078 4462 1096 4499 :
1128 4460 1352 4516 grazcus
1400 4444 1596 4509 habet,
1646 4445 1710 4498 Et
1758 4444 2058 4501 exaudient

401 4548 582 4590 vocem
611 4542 785 4603 tuam,
822 4533 963 4605 quia
992 4539 1049 4588 et
1077 4533 1370 4589 exauditio
1401 4532 1614 4587 dicitur
1649 4531 1920 4587 hominis.

478 4623 581 4689 [1b.
609 4622 724 4694 22.]
745 4623 904 4686 Quod
926 4621 1103 4677 habet
1126 4621 1777 4687 latinus,Poscetmulier
1801 4638 1834 4675 a
1856 4623 2055 4685 vicina,

405 4719 459 4767 et
488 4711 557 4766 ab
592 4712 873 4782 inquilina
902 4727 1001 4766 sua
1034 4728 1163 4767 vasa
1194 4715 1463 4781 argentea
1491 4714 1543 4765 et
1567 4726 1736 4765 aurea
1757 4713 1807 4765 et
1830 4714 2057 4778 vestem;

408 4814 632 4871 grmcus
658 4800 833 4856 habet
862 4818 893 4855 a
922 4801 1308 4856 cohabitatrice
1326 4817 1444 4867 sua,
1477 4800 1585 4855 hoc
1616 4804 1705 4855 est
1726 4800 1992 4869 συσκήνων
2017 4802 2054 4865 ¹,

410 4888 564 4959 quod
582 4888 750 4944 latini
774 4890 1335 4963 aliquiinterpretati
1362 4894 1557 4958 sunt,a
1578 4891 1910 4945 concellaria
1933 4907 2054 4945 sua.

481 4976 582 5045 [1b.
617 4992 693 5045 ιν,
728 4977 802 5047 1.]
852 4980 1076 5048 Moyses
1108 4978 1269 5045 dicit,
1305 4978 1446 5046 Quid
1498 4980 1546 5032 si
1572 4994 1684 5032 non
1727 4978 2061 5033 crediderint

410 5062 573 5135 mihi,
606 5080 777 5135 neque
807 5066 1160 5121 exaudierint
1192 5083 1369 5122 vocem
1400 5082 1579 5122 meum
1597 5067 1788 5137 :quod
1817 5066 2055 5133 latinus,

408 5152 694 5209 audierint
725 5154 1146 5224 interpretatus
1172 5162 1277 5211 est.

474 5243 579 5313 [1b.
617 5242 693 5313 4,]
746 5243 990 5298 Extende
1040 5260 1287 5315 manum,
1319 5252 1370 5300 et
1418 5244 1769 5317 apprehende
1805 5244 2055 5315 caudam,

404 5346 627 5403 graecus
660 5331 837 5386 habet
872 5348 883 5384 :
919 5331 1139 5386 latinus
1172 5338 1385 5400 autem,
1422 5351 1643 5389 manum
1675 5343 1824 5388 tuam
1855 5339 2057 5388 elcau-

405 5419 538 5474 dam
584 5422 721 5491 ejus,
772 5419 1193 5491 interpretatus
1225 5428 1333 5476 est.
1387 5423 1449 5475 Et
1502 5423 1804 5477 extendens
1834 5439 2059 5477 manum

408 5508 778 5580 apprehendit
806 5508 1064 5578 caudam,
1087 5512 1136 5561 et
1165 5511 1311 5580 facta
1341 5518 1421 5565 est
1450 5512 1611 5581 virga
1642 5511 1699 5564 in
1724 5527 1893 5564 manu
1921 5512 2054 5581 ejus.

482 5596 588 5668 [1b.
620 5599 695 5666 5.]
725 5601 792 5652 Et
809 5597 951 5653 dixit
969 5600 1057 5653 illi
1086 5616 1103 5651 :
1135 5600 1196 5655 Ut
1224 5600 1573 5655 credantlibi
1600 5602 1862 5671 quoniam
1882 5617 2055 5671 appa-

479 5792 495 5826 ί
528 5789 683 5851 Editi,
714 5788 980 5840 sunoikou.
1009 5791 1074 5841 At
1109 5791 1232 5841 Mss.
1265 5792 1339 5841 uti
1370 5791 1513 5855 apud
1548 5790 1689 5841 LXX.
1724 5790 1991 5842 suskenou.

1144 389 1655 452 LOCUTlONUM
1704 389 1771 449 S.
1816 388 2031 449 AUGU

2178 387 2240 447 NI
2287 388 2365 447 ΙΝ
2412 384 3051 448 ΙῘΕΡΤΑΤΕΗΟΗΠΜ
3629 401 3714 460 504

2161 521 2278 573 ruit
2306 520 2414 573 tibi
2432 520 2698 574 Dominus
2719 520 2857 573 Deus
2882 526 3107 590 patrum
3129 519 3363 590 ipsorum
3389 538 3405 575 :
3430 537 3616 595 gracus
3632 546 3718 587 non

2164 606 2356 676 habet,
2388 609 2455 663 Et
2482 608 2627 663 dixit
2656 608 2783 669 illi;
2832 608 2932 663 sed
2966 607 3241 664 continuo
3282 610 3533 680 adjunxit,
3557 626 3608 672 ut
3633 635 3719 676 cre-

2162 694 2296 750 dant
2326 697 2463 758 tibi;
2496 697 2552 751 id
2586 701 2693 763 est,
2727 698 2901 752 verba
2951 696 3071 766 Dei,
3102 702 3235 769 post
3265 696 3397 754 illud
3436 702 3617 759 factum
3641 711 3721 762 mi-

2166 785 2429 840 raculum
2489 804 2501 842 :
2554 790 2838 857 tanquam
2888 785 3078 843 adhuc
3129 785 3465 861 loqueretur,
3507 797 3555 847 et
3598 798 3726 853 modo

2164 876 2514 931 sententiam
2568 876 2876 931 verborum
2933 875 3280 947 impleverit.
3330 877 3458 933 Nam
3506 883 3622 938 ordo
3664 891 3728 941 est

2164 963 2496 1034 verborum,
2516 966 2772 1020 Extende
2802 980 3040 1020 manum
3066 969 3121 1019 et
3148 966 3499 1037 apprehende
3518 972 3729 1043 caudam,

2168 1057 2234 1107 ut
2263 1054 2503 1109 credant
2532 1053 2639 1109 tibi
2676 1070 2686 1109 :
2722 1055 2823 1109 sed
2855 1053 3199 1126 interposita
3227 1058 3317 1109 est
3345 1054 3467 1111 facti
3508 1062 3730 1129 narratio,

2166 1146 2223 1197 et
2254 1146 2455 1214 postea
2486 1144 2805 1214 redditum,
2835 1146 2894 1197 ut
2925 1143 3151 1198 credant
3181 1144 3305 1199 tibi.

2244 1250 2347 1320 [1b.
2385 1266 2457 1317 IV,
2476 1251 2554 1321 6.]
2582 1252 2744 1316 Quod
2764 1249 2981 1305 latinus
3007 1250 3204 1317 habet,
3239 1255 3303 1307 Et
3322 1254 3469 1322 facta
3495 1261 3563 1308 est
3578 1272 3737 1312 manus

2165 1339 2284 1406 eius
2317 1340 2526 1409 leprosa
2547 1349 2808 1410 tanquam
2825 1341 2929 1394 nix
2946 1357 2966 1401 ;
2997 1356 3219 1411 graecus
3243 1357 3355 1395 non
3373 1340 3533 1397 habet
3556 1344 3742 1415 leprusa,

2168 1427 2269 1483 sed
2302 1432 2553 1497 tantum,
2584 1431 2737 1499 facta
2766 1433 2847 1483 est
2876 1432 3153 1499 tanquam
3184 1431 3306 1483 nit.

2240 1534 2344 1604 [1b.
2378 1535 2456 1605 8.]
2491 1536 2639 1603 Quod
2667 1543 2718 1591 si
2754 1552 2864 1591 non
2892 1535 3179 1591 audierint
3213 1551 3388 1591 vocem
3415 1538 3557 1606 signi
3581 1540 3749 1605 primi;

2166 1639 2388 1694 gracus
2421 1625 2504 1678 sic
2536 1624 2713 1679 habet
2745 1642 2757 1679 :
2792 1623 3010 1679 latinus
3031 1630 3249 1695 autem,
3280 1642 3454 1681 vocem
3478 1633 3613 1681 tuam
3636 1631 3749 1698 signi

2162 1713 2372 1783 primi;
2405 1713 2488 1768 sic
2518 1717 2572 1768 et
2606 1713 2894 1785 sequitur,
2925 1713 3139 1769 credent
3166 1714 3271 1769 tibi
3300 1716 3357 1768 in
3388 1731 3504 1770 voce
3540 1717 3669 1784 signi
3690 1732 3752 1772 se-

2166 1802 2401 1873 quentis.

2237 1892 2342 1961 [1b.
2374 1891 2454 1961 9.]
2486 1893 2551 1946 Et
2582 1894 2688 1946 erit
2714 1908 2884 1963 aqua,
2908 1909 3076 1964 quam
3106 1907 3283 1947 sumes
3313 1892 3379 1947 de
3408 1894 3750 1962 ﬂumine,san-

2164 1983 2288 2051 guis
2316 1996 2479 2051 super
2507 1982 2729 2036 aridam
2759 2000 2777 2035 :
2808 1982 2894 2037 vel
2918 1982 3108 2052 potius
3137 1998 3307 2053 super
3337 1982 3571 2048 aridum,
3593 1982 3641 2036 id
3669 1987 3750 2047 est,

2164 2085 2343 2140 super
2373 2071 2427 2124 id
2462 2071 2617 2141 quod
2651 2071 2881 2125 aridum
2905 2075 3029 2138 est;
3063 2071 3217 2141 quod
3250 2069 3467 2127 latinus
3495 2070 3753 2140 dixit,san-

2159 2160 2282 2229 guis
2311 2175 2476 2230 super
2501 2164 2705 2215 terram

2235 2248 2339 2317 [1b.
2374 2249 2487 2319 10.]
2517 2252 2740 2321 Moyses
2771 2249 2915 2304 dicit
2947 2267 2959 2303 :
2992 2255 3215 2318 Precor,
3268 2251 3507 2313 Domine,
3546 2265 3643 2305 non
3666 2265 3755 2303 sum

2163 2337 2415 2408 eloquens
2445 2347 2571 2393 ante
2599 2339 2906 2393 hesternam
2936 2348 2986 2395 et
3015 2339 3522 2395 nudiustertianam
3555 2340 3707 2393 diem.

2237 2427 2253 2498 [
2263 2428 2344 2482 Ib.
2379 2429 2489 2497 17.]
2514 2428 2577 2482 Et
2604 2429 2821 2496 virgam
2842 2427 2982 2483 hanc
3010 2444 3191 2484 sumes
3214 2431 3274 2483 in
3300 2445 3522 2483 manum
3551 2437 3700 2495 tuam,
3718 2427 3759 2478 in

2162 2533 2270 2587 qua
2286 2518 2461 2586 facies
2482 2518 2537 2571 in
2563 2532 2627 2571 ea
2642 2517 2837 2585 signa;
2870 2533 3003 2571 cum
3026 2516 3139 2572 dici
3166 2523 3388 2589 posset,
3413 2517 3470 2571 in
3498 2533 3606 2588 qua
3625 2515 3764 2569 facies

2164 2604 2370 2677 signa;
2404 2610 2505 2660 aut
2550 2611 2724 2670 certe,
2776 2605 3013 2677 Virgam
3045 2606 3197 2661 hanc
3250 2623 3452 2663 sumes
3480 2606 3538 2660 in
3567 2619 3763 2659 manum

2164 2698 2348 2763 tuam,
2384 2701 2440 2749 et
2474 2695 2649 2749 facies
2682 2695 2741 2749 in
2794 2712 2861 2749 ea
2890 2695 3061 2766 signa
3093 2713 3105 2750 :
3141 2712 3303 2750 nunc
3335 2712 3465 2751 vero
3500 2706 3766 2763 utrumque

2165 2783 2387 2838 dictum
2414 2789 2502 2838 est
2533 2782 2707 2838 solita
2731 2782 3023 2839 locutione
3053 2784 3511 2855 Scripturarum.

2238 2891 2347 2962 [1b.
2383 2892 2469 2955 18,
2500 2891 2608 2961 19.]
2632 2891 2757 2945 P0st
2797 2891 2909 2945 dies
2938 2895 3124 2946 autem
3152 2892 3281 2945 illos
3310 2892 3532 2958 multos,
3566 2894 3772 2944 mortuus

2164 2988 2241 3035 est
2270 2996 2370 3035 rex
2399 2983 2619 3051 ngypti
2648 2998 2665 3033 :
2696 2980 2846 3035 dixit
2885 2983 3071 3036 autem
3112 2981 3384 3037 Dominus
3414 2979 3485 3036 ad
3511 2980 3704 3050 Moysen
3728 2979 3771 3031 in

2172 3068 2423 3134 Madian,
2458 3069 2616 3135 Vade,
2644 3085 2811 3139 perge
2839 3070 2899 3122 in
2930 3071 3248 3140 Aegyptum,
3272 3073 3492 3125 mortui
3520 3073 3637 3124 sunt
3662 3066 3775 3122 enim

2164 3175 2350 3214 omnes
2370 3160 2465 3229 qui
2477 3158 2787 3229 quaerebant
2808 3160 3057 3213 animam
3069 3159 3510 3215 tuam.Multain
3526 3159 3611 3213 his
3622 3154 3774 3211 verbis

2164 3264 2379 3319 genera
2398 3249 2760 3304 locutionum
2788 3248 3045 3303 notanda
3068 3253 3208 3303 sunt
3233 3267 3246 3304 :
3273 3250 3778 3321 primo,Vads,perge

2164 3340 2223 3393 in
2256 3340 2566 3408 /Egyptum,
2597 3342 2875 3409 tanquam
2911 3354 3026 3391 non
3058 3338 3365 3393 sufﬁceret
3397 3342 3621 3393 tantum
3653 3334 3779 3398 Vade,

2162 3426 2249 3482 vel
2272 3431 2499 3481 tantum
2514 3441 2707 3497 perge;
2722 3426 3172 3492 deinde,mortui
3188 3436 3325 3482 sunt
3346 3442 3533 3482 omnes
3554 3426 3642 3496 qui
3660 3436 3781 3495 qua-

2165 3517 2621 3572 rebantanimam
2639 3519 2811 3582 tuam,
2835 3532 2969 3569 cum
2993 3515 3185 3570 solum
3208 3533 3408 3589 regem
3440 3514 3655 3588 (Egypti
3675 3509 3787 3567 Scri-

2165 3605 2966 3677 pturadixeritmortuum,et
2980 3605 3049 3659 de
3072 3603 3194 3661 solo
3218 3610 3399 3661 antea
3419 3598 3786 3659 dictumfuerit

2165 3697 2315 3767 quod
2354 3698 2578 3766 MoySen
2614 3694 2911 3765 quarebat
2939 3694 3224 3749 occidere.
3250 3702 3343 3748 An
3382 3696 3510 3766 ipse
3534 3697 3655 3764 post
3674 3689 3787 3744 alios

2164 3784 2431 3839 inimicos
2464 3783 2706 3837 ultimus
2731 3786 3002 3838 mortuus
3024 3782 3158 3837 est?
3191 3784 3361 3849 Quod
3396 3784 3442 3837 si
3475 3783 3556 3836 ita
3574 3787 3673 3845 est,
3698 3792 3786 3831 non

2164 3874 2403 3937 locutio,
2422 3872 2521 3927 sed
2546 3889 2758 3928 sensus
2778 3878 2885 3926 est.
2912 3872 3077 3935 Item,
3101 3874 3207 3943 qui
3227 3872 3791 3944 quwrebantanimam

2164 3971 2459 4027 tuam,non
2484 3962 2540 4015 in
2566 3960 2716 4016 malo
2741 3962 3099 4027 tantum,sed
3125 3961 3310 4016 etiam
3335 3962 3395 4016 in
3424 3962 3575 4017 bono
3596 3957 3695 4013 dici
3716 3971 3790 4009 so—

2164 4052 2243 4108 let
2273 4052 2331 4106 in
2355 4052 2582 4122 Scriptu
2596 4050 2703 4105 ris:
2730 4066 2864 4104 nam
2889 4050 3041 4105 sicut
3070 4050 3185 4115 hic,
3205 4050 3265 4105 in
3304 4050 3469 4106 malo
3500 4050 3709 4104 dictum
3729 4048 3795 4098 est

2163 4142 2339 4197 etiam
2371 4141 2428 4195 in
2480 4140 2745 4202 Psalmis,
2782 4139 3220 4209 Confundantur
3248 4145 3306 4197 et
3354 4147 3703 4195 revereantur
3727 4134 3797 4204 qui

2164 4235 2422 4304 quaerunt
2451 4232 2699 4285 animam
2749 4244 2929 4284 meam
2962 4229 3137 4301 (Psal.
3170 4247 3378 4297 xxxix,
3414 4231 3499 4291 15)
3527 4247 3539 4294 ;
3575 4228 3629 4283 in
3660 4226 3801 4287 bono,

2165 4323 2338 4377 Periit
2367 4323 2497 4391 fuga
2544 4337 2577 4374 a
2623 4335 2726 4385 me,
2775 4323 2827 4374 et
2854 4335 2965 4374 non
3007 4324 3084 4374 est
3129 4322 3228 4390 qui
3283 4322 3548 4391 requirat
3592 4318 3799 4372 animam

2164 4425 2342 4464 meam
2375 4408 2549 4478 (Psal.
2583 4424 2730 4474 cxu,
2758 4407 2811 4478 5)
2846 4423 2857 4459 :
2893 4406 3005 4461 nisi
3057 4407 3202 4461 forte
3234 4406 3477 4478 aliquid
3512 4406 3713 4460 distare
3737 4398 3805 4454 di-

2168 4498 2319 4554 citur
2369 4498 2521 4552 inter
2566 4502 2892 4567 quaerentes
2941 4499 2997 4550 et
3049 4495 3457 4567 requirentes,
3495 4500 3559 4549 ut
3602 4491 3732 4547 illud
3759 4489 3801 4541 in

2172 4588 2345 4653 malo,
2382 4587 2495 4641 hoc
2527 4586 2583 4639 in
2620 4586 2771 4640 bono
2803 4584 3251 4656 intelligendum
3289 4585 3396 4639 sit.

2242 4694 2348 4764 [θλ
2383 4710 2435 4756 ν’
2469 4691 2577 4764 ίθο]
2607 4694 2680 4745 Ῑίι
2712 4690 2965 4745 ἀίων)αηί
2988 4692 3062 4746 ad
3088 4691 3380 4762 populum
3413 4693 3671 4753 dicentes,
3710 4686 3807 4740 Hec
3916 4670 3917 4707 ἶ

2169 4783 2300 4837 dicit
2334 4782 2551 4836 Pharao
2581 4797 2598 4835 :
2634 4796 2807 4852 quam
2844 4779 3195 4836 locutionem
3230 4780 3439 4854 piguit
3469 4780 3711 4836 latinum
3736 4773 3805 4827 in-

2168 4869 2496 4942 terpretari.

2240 4961 2347 5029 [1b.
2363 4960 2479 5030 21.]
2511 4959 2689 5014 Videat
2711 4960 2847 5013 Deus
2864 4974 2953 5013 vos
2968 4965 3022 5013 et
3034 4959 3271 5029 judicet,
3300 4961 3581 5032 quoniam
3600 4966 3809 5013 exsecra-

2170 5050 2332 5105 bilem
2360 5049 2566 5119 fecistis
2596 5047 2810 5101 odorem
2832 5054 3076 5103 nostrum
3111 5049 3302 5120 palam
3326 5051 3653 5111 Pharaone,
3674 5051 3721 5099 et
3733 5056 3810 5108 pa-

2170 5141 2282 5194 lam
2310 5140 2477 5193 servis
2507 5138 2643 5209 ejus,
2666 5135 2796 5191 dare
2817 5136 3062 5207 gladium
3093 5139 3148 5192 in
3183 5155 3363 5193 manu
3398 5141 3539 5209 eius,
3562 5140 3620 5192 ut
3639 5128 3813 5190 occidat

2168 5245 2265 5284 nos
2284 5247 2304 5291 ;
2337 5226 3045 5297 sicenimhabetgraacus:
3077 5225 3306 5281 latinus
3332 5232 3541 5283 autem
3565 5224 3814 5292 ait,quem

2169 5335 2272 5391 pro
2293 5317 2513 5390 optimo
2531 5314 2890 5385 legebamus,
2906 5318 2963 5369 ut
2992 5315 3195 5371 daretis
3218 5317 3491 5383 gladium
3513 5318 3574 5371 in
3592 5308 3814 5367 manibus

2165 5411 2323 5479 eius;
2355 5406 2452 5478 qui
2488 5404 2874 5471 solmcismus,
2910 5405 3070 5461 nulla
3101 5405 3621 5478 interpretationis
3651 5413 3816 5457 neces.

2170 5498 2341 5554 sitate
2374 5498 2564 5550 factus
2596 5500 2707 5560 est,
2739 5494 2880 5565 quia
2911 5494 2968 5549 in
3003 5511 3188 5567 graeco
3218 5512 3345 5549 non
3382 5501 3495 5550 est.

2239 5605 2345 5673 [1b.
2366 5621 2443 5670 v1,
2464 5603 2541 5673 4.]
2560 5603 2749 5658 Statui
2770 5606 3163 5656 testamentum
3185 5618 3384 5657 meum
3406 5602 3487 5657 ad
3512 5601 3662 5665 illos,
3678 5600 3747 5653 ita
3766 5599 3813 5646 ut

2164 5692 2359 5748 darem
2386 5693 2501 5746 illis
2517 5696 2725 5745 terram
2752 5690 3219 5755 Chananazorum,
3242 5696 3297 5746 et
3325 5701 3551 5747 terram
3570 5703 3721 5759 quam
3739 5686 3809 5736 in-

2163 5784 2469 5848 coluerunt,
2485 5784 2543 5838 in
2575 5796 2683 5851 qua
2712 5788 2763 5835 et
2784 5780 3133 5837 incoluerunt
3158 5782 3210 5836 in
3248 5782 3462 5839 ea:sic
3483 5780 3635 5838 enim
3657 5774 3809 5831 habet

3898 2270 3903 2389 ξ

3894 2604 3905 2737 l

3896 2750 3905 2965 ἷ

3898 3360 3903 3451 i

3902 3594 3907 3651 ἕ
