3986 6180
283 355 391 414 511

277 490 403 558 jam
437 489 508 544 ad
541 489 826 561 populum
860 489 1055 561 ipsum
1087 493 1292 544 cratera
1322 488 1603 543 dicuntur
1648 483 1817 556 quasi
1850 483 1921 537 ad

284 579 540 651 Moysen,
572 579 635 636 Si
662 581 858 635 emeris
885 596 1106 634 servum
1136 581 1451 635 Hebraeum.
1470 576 1593 632 Non
1625 574 1782 631 enim
1817 572 1924 627 hoc

288 667 468 740 Moysi
502 668 726 723 dictum
757 672 863 735 est,
898 669 996 723 sed
1032 669 1183 739 quod
1211 667 1422 739 populo
1453 666 1927 731 diceret,tantum

284 757 395 828 ipsi
430 756 641 828 populo
673 758 919 812 dicebat.

355 846 462 917 [1b.
494 863 608 914 xxi,
641 847 719 917 6.]
753 847 1049 901 Pertundet
1096 849 1147 901 ei
1180 845 1446 901 Dominus
1504 843 1818 898 auriculam
1864 840 1932 894 de

282 936 555 1002 subula,et
583 938 785 990 serviet
815 939 867 990 ei
900 938 957 990 in
985 934 1498 1006 sempiternum,vel
1530 936 1590 988 in
1619 940 1889 989 aeternum
1912 947 1930 984 :

284 1026 437 1095 quod
471 1041 694 1095 graecus
725 1024 1011 1090 habebat;
1040 1024 1131 1078 τὸν
1166 1024 1351 1078 αἰῶνα.
1380 1025 1524 1078 Ecce
1547 1022 1929 1093 quenadmo-

285 1113 425 1167 dum
460 1114 764 1185 Scriptura
788 1114 989 1168 multis
1011 1114 1155 1169 locis
1178 1114 1321 1167 dicit
1346 1112 1669 1167 secundum
1689 1111 1795 1164 hoc
1815 1124 1931 1163 ver-

282 1201 425 1257 bum
458 1217 738 1274 griecum,
770 1206 1180 1271 sempiternum,
1209 1202 1294 1256 vel
1326 1210 1613 1258 aeternum.
1650 1198 1756 1253 Ubi
1815 1214 1930 1252 non

283 1290 634 1363 intelligitur
663 1293 957 1346 aeternitas
990 1292 1107 1356 illa,
1154 1292 1478 1345 secundum
1541 1304 1716 1361 quam
1763 1286 1931 1341 nobis

287 1384 502 1435 interna
533 1382 980 1451 promittuntur,
1011 1381 1097 1435 vel
1131 1381 1455 1435 secundum
1519 1395 1694 1449 quam
1729 1394 1760 1431 a
1790 1393 1933 1430 con-

284 1467 463 1522 trario
496 1467 629 1539 igne
659 1473 873 1521 zeterno
898 1467 1034 1522 mali
1069 1468 1477 1522 cremabantur
1511 1484 1522 1521 :
1559 1478 1745 1537 neque
1776 1462 1931 1517 enim

288 1572 492 1611 servus
523 1556 632 1612 iste
664 1558 762 1628 qui
796 1558 981 1612 vivere
1003 1556 1060 1611 in
1086 1561 1369 1612 aeternum
1401 1573 1515 1610 non
1552 1557 1764 1626 posset,
1795 1569 1934 1623 pos-

286 1649 375 1701 set
404 1646 617 1702 servire
662 1646 721 1701 in
754 1651 1035 1701 aeternum
1070 1672 1082 1713 ;
1130 1646 1230 1701 sed
1278 1644 1629 1716 intelligitur
1671 1651 1934 1697 aeternum

287 1733 534 1797 dictum,
585 1736 753 1806 cujus
802 1736 1083 1806 temporis
1130 1734 1266 1789 finis
1314 1751 1428 1788 non
1472 1738 1598 1798 est;
1633 1738 1734 1786 aut
1780 1734 1936 1786 certe

288 1821 505 1895 aliquid
529 1824 636 1879 hoc
651 1829 1017 1879 sacramento
1033 1824 1400 1897 significatur
1422 1826 1726 1875 aeternum.

358 1912 462 1983 [1b.
500 1914 611 1983 13.]
649 1914 797 1968 Dabo
829 1915 931 1969 tibi
961 1914 1160 1982 locum,
1194 1914 1255 1967 in
1284 1928 1444 1985 quem
1474 1912 1654 1981 fugiat
1711 1910 1791 1964 ibi
1838 1909 1936 1978 qui

286 2002 464 2057 occide
470 2004 542 2057 rit
552 2044 562 2057 .

359 2091 466 2161 [1b.
498 2092 614 2160 20.]
643 2091 704 2145 Si
732 2094 855 2162 quis
886 2092 1210 2161 percusserit
1240 2106 1458 2146 servum
1497 2105 1661 2144 suum
1707 2095 1805 2143 aut
1831 2103 1934 2142 an-

284 2180 477 2234 cillam
505 2196 661 2234 suam
695 2182 753 2235 in
783 2181 940 2251 virga
973 2196 987 2235 :
1020 2180 1175 2251 quod
1209 2184 1316 2243 est,
1350 2180 1419 2233 de
1448 2178 1629 2249 virga.

356 2268 585 2340 [lb.28.]
608 2269 908 2335 Lapidibus
930 2270 1269 2339 lapidabitur
1290 2276 1519 2323 taurus:
1549 2267 1717 2338 quasi
1750 2266 1937 2338 possit

282 2355 532 2428 lapidari
565 2358 676 2412 nisi
710 2357 1238 2429 lepidibus.Diﬂ'ert
1254 2355 1474 2428 aliquid
1496 2355 1840 2411 istalocutio
1864 2355 1934 2409 ab

285 2443 390 2500 illa
421 2462 535 2516 qua
569 2444 786 2501 diceret
818 2461 977 2500 more
1007 2445 1820 2517 Scripturarum,lapidatione
1851 2444 1935 2497 la-

283 2533 588 2606 pidabitur,
623 2536 725 2592 sed
758 2540 955 2590 tamen
988 2535 1201 2590 similis
1228 2539 1337 2590 est.

358 2624 587 2694 [Ib.29.]
610 2625 672 2678 Si
692 2632 877 2679 autem
898 2634 1089 2680 taurus
1118 2630 1415 2693 cornupeta
1435 2632 1554 2680 erat
1582 2632 1709 2678 ante
1739 2622 1938 2677 hester-

286 2729 418 2767 nam
446 2717 495 2768 et
524 2713 1039 2769 nudiustertianam
1072 2731 1084 2767 :
1122 2730 1225 2785 pro
1248 2718 1507 2785 tempore
1530 2713 1817 2783 praeterito
1841 2728 1937 2783 po-

287 2802 407 2857 suit
438 2808 659 2873 partem
694 2820 795 2874 pro
811 2808 950 2869 toto,
968 2809 1516 2875 quantumcumque
1538 2801 1681 2856 illud
1706 2801 1932 2869 fuisset,

288 2905 449 2946 more
481 2892 937 2963 Scripturarum.

361 2981 467 3048 [1b.
499 2982 608 3047 33.]
644 2981 703 3035 Si
731 2984 854 3053 quis
883 2986 1071 3035 autem
1100 2983 1386 3049 aperuerit
1435 2983 1638 3046 lacum,
1662 2984 1757 3034 aut
1787 2981 1933 3034 exci-

290 3067 434 3124 derit
466 3070 667 3135 lacum,
701 3074 751 3125 et
779 3086 890 3126 non
920 3072 1201 3142 operuerit
1227 3086 1376 3135 eum,
1406 3070 1659 3126 ceciderit
1686 3071 1821 3124 illuc
1850 3071 1935 3123 vi-

292 3158 445 3213 tulus
475 3162 577 3213 aut
602 3161 817 3226 asinus,
838 3160 1088 3215 dominus
1118 3161 1228 3214 laci
1256 3159 1539 3215 reddet.Et
1569 3159 1689 3213 haec
1719 3158 1935 3213 locutio

290 3265 323 3303 a
349 3252 511 3318 parte
542 3254 730 3304 totum
764 3248 1143 3321 intelligenda
1174 3253 1263 3304 est
1297 3265 1309 3301 :
1344 3266 1457 3303 non
1481 3248 1636 3303 enim
1668 3248 1717 3302 si
1747 3264 1936 3318 equus

290 3337 563 3393 ceciderit
590 3337 649 3393 in
684 3338 876 3393 lacum
912 3343 1014 3393 aut
1045 3338 1188 3405 ovis,
1219 3338 1346 3393 ideo
1381 3354 1493 3392 non
1543 3337 1765 3405 reddet,
1801 3337 1938 3407 quia

290 3425 400 3481 hoc
431 3427 717 3497 scriptum
752 3444 866 3481 non
901 3432 1009 3481 est.

368 3514 473 3585 [1b.
508 3516 623 3586 34.]
670 3516 827 3587 Quod
869 3523 1055 3571 autem
1104 3522 1386 3569 mortuum
1424 3516 1618 3585 fuerit,
1652 3516 1760 3584 ipsi
1786 3514 1888 3569 erit
1921 3530 1933 3568 :

292 3618 417 3674 pro,
453 3603 642 3674 ipsius
672 3604 800 3659 erit.

365 3691 470 3762 [Ib.
504 3693 726 3764 xxu,5.]
759 3693 820 3748 Si
845 3700 1027 3748 autem
1053 3693 1330 3763 depaverit
1359 3693 1484 3763 quis
1515 3707 1716 3761 agrum
1746 3696 1845 3746 aut
1863 3693 1941 3745 vi-

291 3797 476 3847 neam,
528 3788 583 3836 et
638 3783 925 3837 admiserit
980 3798 1139 3852 pecus
1195 3798 1352 3835 suum
1409 3782 1690 3851 depascere
1748 3797 1942 3852 agrum

293 3870 512 3935 alium;
543 3871 599 3925 id
633 3876 741 3940 est,
772 3871 1053 3927 alienum.

368 3959 596 4031 [Ib.26.]
629 3960 693 4016 Si
719 3970 908 4016 autem
932 3977 1133 4033 pignus
1164 3961 1433 4031 acceperis
1457 3966 1654 4015 vestem
1670 3961 1941 4031 proximi,

296 4057 428 4104 ante
454 4050 584 4105 solis
625 4066 874 4105 occasum
915 4050 1103 4106 reddes
1130 4051 1183 4105 ei
1210 4066 1221 4102 :
1261 4066 1448 4121 genus
1480 4065 1581 4119 pro
1613 4049 1807 4119 specie
1842 4064 1942 4119 po-

299 4140 454 4205 suit;
488 4140 571 4193 sic
602 4141 759 4194 enim
791 4140 1011 4194 dictum
1046 4145 1155 4207 est,
1190 4155 1254 4193 ac
1286 4140 1333 4193 si
1367 4140 1438 4192 de
1476 4139 1635 4192 omni
1674 4143 1829 4192 veste
1862 4137 1945 4207 pi-

298 4243 452 4299 gnus
486 4228 729 4291 dederit,
762 4245 895 4283 cum
928 4230 999 4282 de
1032 4228 1130 4282 illo
1164 4227 1494 4297 specialiter
1545 4243 1605 4282 se
1657 4227 1849 4281 dicere
1880 4242 1947 4281 ex

297 4317 799 4386 consequentibus
833 4318 1133 4387 Scriptura
1164 4320 1432 4383 testatur,
1493 4314 1592 4385 qui
1626 4331 1738 4369 non
1774 4314 1948 4369 habet

300 4405 415 4460 nisi
445 4422 574 4461 eam
607 4411 824 4462 vestem
859 4409 1014 4462 unde
1046 4423 1108 4461 se
1139 4411 1303 4460 nocte
1336 4406 1653 4476 cooperiat.

374 4495 479 4564 [1b.
511 4513 674 4557 xxm.
705 4498 795 4566 20,
819 4497 934 4567 21.]
966 4497 1097 4551 Ecce
1126 4511 1229 4567 ego
1259 4496 1412 4549 mitto
1452 4494 1716 4564 angelum
1760 4510 1947 4549 meum

302 4593 431 4641 ante
456 4587 657 4657 faciem
690 4594 866 4648 tuam,
894 4593 952 4639 ut
975 4593 1154 4639 servet
1186 4593 1234 4638 te
1264 4584 1323 4637 in
1357 4586 1523 4649 via,et
1559 4583 1787 4638 inducat
1818 4592 1869 4638 te
1889 4586 1949 4638 in

303 4678 516 4730 terram
546 4692 710 4748 quam
736 4676 941 4747 paravi
972 4674 1234 4729 tibi/inte
1255 4676 1305 4727 te
1328 4674 1429 4727 ibit
1464 4673 1784 4737 ‘,ete.caudi
1803 4689 1946 4731 eum.

306 4765 590 4836 Angelum
625 4781 801 4820 suum
826 4764 997 4833 jubet
1024 4764 1178 4818 Deus
1209 4762 1465 4816 exaudiri
1500 4778 1533 4816 a
1564 4762 1799 4832 populo,
1831 4778 1947 4817 non

304 4851 505 4920 utique
538 4857 849 4922 petentem,
884 4854 983 4908 sed
1007 4853 1337 4923 jubentem.

373 4938 480 5012 [1b.
503 4941 617 5011 28.]
650 4943 714 4995 Et
735 4943 947 4997 mittdm
982 4958 1166 5012 vespas
1198 4946 1323 4995 ante
1355 4948 1426 5009 te,
1470 4948 1522 4995 et
1551 4942 1731 5010 ejiciet
1758 4940 1945 4995 Amor-

303 5035 485 5086 rhaeos
536 5045 548 5083 :
602 5046 635 5084 ο.
692 5030 902 5100 plurali
962 5031 1032 5085 ad
1094 5030 1452 5102 singularem
1515 5046 1828 5085 numerum
1887 5046 1949 5085 se

303 5120 606 5175 convertit.
664 5120 1012 5191 lntelligitur
1058 5125 1276 5186 autem,
1334 5118 1533 5187 Ejiciet
1580 5119 1948 5174 Amorrbisos

301 5225 498 5280 vespa,
560 5209 712 5264 sicut
765 5225 925 5266 rana.
970 5209 1125 5262 sicut
1186 5208 1428 5269 locusta,
1465 5225 1577 5263 non
1613 5210 1765 5279 quod
1832 5226 1949 5263 una

303 5298 399 5367 sit,
432 5299 534 5354 sed
567 5297 720 5368 quod
757 5313 855 5366 per
883 5295 1242 5367 singularem
1275 5296 1521 5366 pluralis
1554 5314 1837 5353 numerus
1867 5298 1951 5353 in-

302 5386 622 5457 telligatur.

373 5476 478 5547 [1b.
503 5476 615 5547 30.]
647 5477 751 5530 Per
780 5483 964 5544 partes
993 5472 1213 5541 eiiciam
1243 5471 1384 5527 illos
1411 5488 1446 5527 a
1477 5478 1547 5528 te.

370 5656 383 5688 ¹
419 5654 582 5703 Vetus
608 5652 769 5701 codex
814 5650 1151 5703 Corbeiensis
1200 5649 1416 5709 optima:
1466 5654 1623 5709 notae,
1657 5656 1777 5701 ante
1830 5653 1951 5705 ibi:

306 5720 442 5767 forte
462 5718 727 5780 interpres
759 5717 810 5764 in
843 5730 1017 5780 gnsco
1050 5714 1271 5780 legerat,
1298 5728 1399 5780 pro
1422 5712 1564 5780 reckei
1612 5715 1760 5780 Nunc
1793 5730 1953 5779 porro

305 5780 445 5843 apud
475 5775 873 5843 LXX‘hsbetur',
903 5775 1139 5843 proseche
1168 5778 1343 5825 seauto
1365 5776 1580 5826 Attende
1607 5775 1807 5827 tibi.Iu'
1827 5782 1954 5832 Vul-

306 5842 444 5907 gata,
481 5842 705 5894 Observa
725 5855 859 5896 eum.

1038 354 1541 418 LOCUTIONUM
1589 354 1652 412 S.
1701 344 2129 412 AUGUSTINI
2175 346 2255 407 IN
2299 347 2943 413 HEPTATEUCHUM

3572 342 3696 403 512

2110 483 2216 555 [1b.
2250 500 2412 549 xxm,
2443 484 2533 551 32,
2564 484 2680 554 33.]
2712 485 2829 539 Non
2856 484 3107 554 dispoues
3138 482 3252 536 illis
3280 484 3335 536 et
3363 479 3477 535 diis
3504 494 3703 533 eorum

2035 581 2260 645 pactum
2282 592 2305 638 ;
2336 577 2387 629 et
2416 589 2525 627 non
2553 573 2835 628 consident
2869 574 2927 627 in
2960 576 3114 626 terra
3144 574 3261 635 tua,
3284 586 3353 625 ne
3384 582 3613 640 peccare
3645 570 3702 621 te

2036 663 2247 733 faciant
2273 662 2343 717 ad
2370 679 2460 717 me
2495 679 2507 716 :
2543 678 2658 717 non
2693 660 2857 727 dixit,
2893 661 2951 715 in
3013 676 3127 724 me,
3184 659 3338 713 idem
3378 663 3575 711 tamen
3608 654 3697 710 si-

2040 752 2299 823 gnificat.

2112 840 2215 911 [1b.
2250 850 2400 913 xxiv,
2432 844 2511 912 3.]
2554 841 2845 913 Respondit
2876 843 3056 895 autem
3087 840 3263 894 omnis
3306 836 3537 908 populus
3568 850 3698 890 voce

2040 949 2173 994 una,
2206 932 2463 987 dicentes.

2112 1022 2217 1091 [1b.
2255 1022 2362 1092 10.]
2394 1022 2457 1077 Et
2486 1020 2739 1076 viderunt
2770 1020 2949 1073 locum
2976 1019 3075 1072 ubi
3100 1016 3417 1072 steteratibi
3448 1020 3592 1070 Deus
3615 1016 3697 1069 Is-

2040 1112 2158 1165 rael
2189 1112 2286 1165 ubi
2312 1118 2563 1175 steterat,
2600 1112 2797 1179 posset
2826 1106 3120 1165 sufﬁcere.
3153 1105 3251 1160 sed
3278 1104 3560 1158 hebraices
3600 1103 3695 1157 di-

2043 1203 2258 1254 cuntur
2279 1199 2405 1253 ista;
2435 1199 2776 1253 locutiones.

2114 1288 2221 1359 [1b.
2254 1306 2381 1355 xxv,
2417 1288 2526 1357 13.]
2556 1289 2619 1342 Et
2652 1287 2947 1342 inaurabis
2978 1286 3077 1339 illa
3127 1300 3262 1339 auro
3297 1301 3309 1338 :
3342 1282 3554 1338 similis
3602 1287 3703 1337 est

2040 1375 2278 1441 locutio,
2306 1377 2604 1448 lapidibus
2636 1376 3011 1447 lepidabitur.

2114 1466 2219 1537 [1b.
2251 1467 2366 1535 20.]
2401 1466 2632 1537 Cyathos
2664 1469 2723 1520 in
2755 1466 2949 1537 quibus
2980 1462 3351 1519 immolabun!
3381 1462 3439 1516 in
3469 1462 3565 1516 eis.

2120 1556 2222 1627 [1b.
2255 1573 2405 1621 xxvx,
2442 1556 2550 1625 10.]
2590 1560 2739 1610 Duas
2772 1556 2922 1609 bases
2950 1552 3223 1608 columna
3254 1553 3354 1606 uni
3405 1554 3464 1606 in
3502 1551 3697 1605 ambas

2042 1654 2230 1717 partes
2262 1646 2456 1715 ejus;et
2474 1644 2608 1700 duas
2626 1645 2784 1699 bases
2807 1645 3080 1699 columnm
3100 1644 3205 1697 uni
3221 1643 3281 1697 in
3294 1641 3483 1695 ambas
3500 1650 3698 1711 partes

2041 1736 2177 1807 ejus.
2212 1735 2293 1789 Ne
2324 1735 2395 1788 de
2425 1735 2702 1789 omnibus
2734 1734 2973 1799 diceret,
3007 1733 3079 1786 de
3108 1731 3340 1786 duabus
3363 1730 3504 1784 dicit
3529 1746 3698 1784 more

2043 1840 2150 1879 suo
2182 1824 2533 1895 geminando
2564 1839 2575 1876 :
2617 1822 2769 1878 sicut
2798 1826 3004 1894 puteos
3028 1827 3499 1893 puteos,acervos
3531 1834 3696 1874 acer-

2040 1928 2163 1979 vos,
2197 1911 2602 1983 generationes
2631 1915 2688 1965 et
2717 1911 3146 1978 generationes,
3181 1913 3238 1964 et
3268 1907 3504 1964 similia.

2114 2002 2221 2072 [[b.
2253 2002 2369 2072 29.]
2404 2005 2468 2057 Et
2495 2002 2782 2056 columnas
2814 1999 3100 2055 inaurabis
3130 2014 3285 2064 auro,
3318 2004 3368 2053 et
3398 1997 3701 2053 inaurabis

2042 2106 2197 2148 seras
2228 2107 2383 2146 auro.

2116 2182 2223 2251 [1b.
2257 2197 2435 2249 xxvn,
2467 2180 2547 2250 6.]
2579 2181 2642 2233 Et
2674 2178 2941 2235 inmabis
2970 2194 3035 2234 ea
3062 2180 3363 2235 sacramento
3398 2193 3411 2231 :
3444 2175 3580 2232 talis
3616 2174 3701 2231 lo-

2044 2270 2202 2325 cutio
2233 2276 2337 2335 est,
2371 2268 2674 2323 inaurabis
2710 2284 2870 2323 auro.

2116 2359 2223 2431 [1b.
2255 2360 2369 2429 21.]
2403 2364 2575 2415 Extra
2604 2359 2953 2429 velum,quod
2978 2367 3055 2414 est
3083 2373 3245 2429 super
3272 2360 3697 2413 testamentum:

2047 2450 2117 2504 de
2147 2448 2387 2503 lucerna
2416 2448 2783 2503 accendenda
2814 2464 2946 2503 cum
2982 2448 3221 2511 diceret,
3253 2446 3363 2501 hoc
3393 2445 3494 2511 ait,
3525 2445 3582 2499 id
3606 2448 3700 2500 est

2045 2538 2200 2609 quod
2233 2537 2373 2593 foris
2404 2536 2817 2592 accenderetur
2848 2536 2946 2591 ubi
2979 2540 3069 2591 est
3091 2541 3505 2604 sanctum,non
3539 2535 3701 2589 intra

2043 2628 2307 2683 velamen
2343 2626 2497 2697 quod
2529 2630 2618 2681 est
2643 2641 2820 2696 super
2848 2628 3291 2689 testamentum,
3317 2624 3429 2678 hoc
3451 2626 3539 2678 est
3554 2624 3701 2677 San-

2045 2718 2203 2771 ctum
2234 2720 2597 2770 sanctorum.
2632 2715 2780 2784 Ergo
2811 2730 2975 2784 super
3008 2730 3120 2767 non
3155 2714 3239 2767 sic
3285 2713 3385 2782 ait,
3414 2716 3702 2784 tanquam

2044 2810 2133 2861 est
2160 2809 2401 2870 tectum,
2436 2804 2523 2858 vel
2554 2820 2806 2867 camera,
2840 2802 2927 2857 vel
2960 2803 3403 2857 ﬁrmamentum
3435 2800 3582 2867 cceli,
3607 2801 3697 2855 vel

2046 2910 2189 2949 arcae
2222 2891 2633 2963 cooperculum
2663 2935 2675 2957 ,
2710 2892 2809 2947 sed
2842 2891 3020 2946 etiam
3071 2891 3225 2961 quod
3273 2890 3396 2945 vice
3454 2890 3697 2962 parietis

2044 2983 2378 3055 oppositum
2409 2986 2584 3045 esset,
2616 2998 2782 3051 super
2812 2981 2957 3035 dixit
2992 2996 3004 3033 :
3042 2980 3193 3035 sicut
3232 2980 3485 3035 dicimus
3518 2996 3693 3049 supe-

2045 3072 2256 3127 riorem
2279 3071 2647 3126 discumbere
2680 3073 2781 3125 aut
2814 3073 2987 3135 stare,
3022 3086 3138 3124 non
3187 3069 3390 3139 utique
3439 3068 3693 3123 alterum

2043 3161 2261 3234 portari
2294 3161 2365 3215 ab
2396 3162 2597 3232 altero.

2118 3250 2203 3323 [Ib
2229 3251 2293 3304 21
2310 3252 2345 3319 .]
2362 3251 2492 3319 Legi
2496 3250 2687 3304 timum
2704 3251 3105 3321 sempiternum
3116 3248 3172 3302 in
3184 3249 3472 3319 progenies
3484 3256 3699 3304 vestras

2045 3356 2111 3396 eo
2145 3340 2316 3395 modo
2338 3339 2909 3410 sempiternum,quo
2930 3336 3117 3393 multa
3130 3338 3400 3408 superius
3415 3336 3693 3392 diximus.

2119 3430 2224 3500 [lb.
2257 3430 2529 3495 xxvm,22
2561 3428 2683 3499 (a).]
2708 3429 2773 3483 Et
2791 3430 2964 3482 sumet
2985 3428 3167 3482 Aaron
3196 3428 3423 3482 nomina
3450 3428 3702 3497 ﬁliorum

2045 3517 2225 3575 Israel
2240 3534 2400 3588 super
2414 3518 2691 3572 rationale
2700 3517 2905 3588 judicii
2929 3532 3093 3587 super
3103 3524 3293 3589 pectus
3310 3518 3616 3572 introeunti
3641 3516 3696 3570 in

2047 3612 2300 3665 sanctum
2333 3610 2373 3661 ί.
2407 3608 2776 3674 Consequens
2808 3610 2933 3660 erat
2963 3610 3028 3660 ut
3058 3606 3294 3670 diceret,
3343 3608 3608 3660 introieris
3640 3608 3700 3659 in

2046 3696 2432 3763 sanctum,hoc
2463 3700 2551 3750 est
2581 3699 2777 3749 sumet
2804 3700 2995 3750 Aaron
3018 3694 3488 3765 introiens,quod
3513 3695 3697 3765 aliqui
3782 3697 3787 3700 ’

2047 3784 2238 3851 latini,
2273 3783 2667 3839 soloecismum
2700 3784 2969 3849 vitantes,
3003 3782 3369 3853 interpretati
3402 3786 3561 3837 sunt.
3586 3783 3695 3836 Sed

2050 3874 2191 3946 quia
2220 3881 2275 3929 et
2305 3890 2526 3943 grascus
2548 3874 2853 3927 introeunti
2884 3872 3147 3938 bebet,et
3169 3871 3332 3926 latini
3356 3872 3537 3943 aliqui
3560 3888 3695 3927 con-

2050 3962 2644 4031 sonant,locutionem
2677 3961 2872 4031 potius
2906 3962 3227 4016 notandam
3260 3961 3696 4033 credidi,quam

2052 4052 2478 4121 corrigendum.

2124 4142 2304 4211 [1b.24
2336 4141 2458 4211 (b).]
2485 4142 2545 4194 Et
2574 4154 2741 4210 pones
2761 4154 2926 4206 super
2946 4140 3219 4193 rationale
3236 4139 3439 4209 judicii
3460 4140 3704 4208 ﬁmbrias

2054 4230 2403 4287 catenatmEt
2419 4229 2509 4282 hic
2525 4228 2691 4282 latini
2713 4227 2977 4282 nonnulli
2995 4227 3390 4283 soloecismum
3408 4234 3701 4295 caventes,

2054 4320 2301 4390 ﬁmbrias
2330 4321 2633 4381 catenatas,
2655 4316 3018 4387 interpretati
3043 4320 3182 4371 sunt
3206 4334 3219 4384 ;
3257 4333 3480 4388 graecus
3502 4323 3700 4373 autem

2055 4403 2382 4473 habetgtoﬁe
2415 4402 2694 4478 κρωσσούς
2714 4403 2778 4457 τὰ
2798 4400 3126 4458 ἀλυσιδωτά.
3144 4405 3303 4460 Hanc
3332 4405 3592 4461 solemus
3616 4407 3702 4461 di-

2057 4512 2185 4551 cere
2216 4495 2548 4550 absolutem
2582 4493 2952 4555 locutionem,
2980 4509 3115 4547 cum
3146 4492 3341 4565 generi
3375 4495 3703 4550 masculino

2054 4586 2140 4640 vel
2179 4582 2453 4638 feminino
2485 4587 2759 4637 neutrum
2791 4582 3074 4650 infertur;
3110 4584 3609 4654 quemadmodum
3652 4584 3701 4640 si

2057 4674 2344 4736 dicamus,
2371 4670 2623 4726 Justitize
2646 4676 2885 4726 terrena:
2921 4688 3033 4725 non
3066 4676 3206 4726 sunt
3237 4672 3491 4727 stabilia.

2130 4764 2237 4833 [1b.
2272 4762 2385 4830 35.]
2420 4762 2479 4814 Et
2510 4762 2693 4815 Aaron
2725 4777 2847 4815 cum
2900 4764 3122 4831 coeperit
3178 4763 3339 4831 fungi
3382 4762 3701 4829 sacerdotio,

2056 4851 2314 4906 audietur
2335 4865 2435 4904 vox
2462 4852 2579 4917 eius
2595 4852 2837 4904 intranti
2866 4851 2922 4903 in
2943 4854 3191 4905 sanctum
3218 4852 3278 4904 in
3292 4859 3577 4922 conspectu
3599 4854 3703 4908 Do-

2057 4943 2224 5005 mini,
2248 4948 2302 4994 et
2332 4939 2801 4993 exeunti.Vocem
2834 4940 2961 5009 ejus
2993 4955 3061 4993 ex
3091 4939 3512 4995 tintinnabulis
3536 4941 3702 5011 dixit,

2058 5031 2158 5103 qui
2202 5030 2390 5100 magis
2424 5044 2605 5084 sonus
2638 5033 2727 5083 est
2757 5030 2904 5097 ejus.
2963 5030 3199 5083 Intranti
3228 5032 3277 5083 et
3306 5032 3552 5097 exeunti,
3601 5048 3705 5101 pro

2057 5120 2333 5176 intrantis
2361 5123 2417 5173 et
2445 5117 2731 5185 exeuntis,
2760 5120 2952 5187 posuit
2982 5118 3244 5172 dativum
3279 5136 3381 5191 pro
3422 5121 3702 5191 genitivo.

2130 5207 2516 5279 [lb.xxix,13.]
2538 5210 2601 5262 Et
2632 5207 2773 5262 duos
2788 5222 2942 5261 renes
2959 5213 3011 5261 et
3031 5208 3256 5276 adipem
3271 5221 3396 5280 quae
3413 5224 3579 5279 super
3595 5226 3708 5273 eos;

2058 5298 2434 5362 subauditur,
2457 5296 2742 5366 est,quod
2778 5295 3043 5350 nonnulli
3080 5296 3427 5368 interpretes
3461 5299 3703 5354 addide-

2059 5393 2218 5444 runt.

2130 5478 2233 5548 [1b.
2266 5479 2379 5544 26.]
2415 5476 2479 5529 Et
2511 5475 2794 5545 separabis
2820 5475 2962 5529 illud
2990 5476 3360 5546 separatione.

2134 5566 2239 5636 [1b.
2272 5581 2403 5631 xxx,
2436 5568 2513 5633 8.]
2548 5568 2611 5619 Et
2642 5581 2768 5619 cum
2798 5564 3055 5619 accendet
3083 5568 3268 5621 Aaron
3302 5565 3706 5630 lucernas,sero

2128 5654 2261 5701 iSic
2315 5653 2544 5702 melioris
2589 5658 2731 5702 notis
2790 5654 2913 5703 Mss.
2973 5656 3039 5703 At
3094 5654 3291 5713 excusi,
3341 5656 3626 5704 introeunti
3653 5656 3708 5704 in

2062 5714 2436 5774 sanctuarium,
2462 5716 2554 5764 hoc
2579 5720 2677 5775 est,
2708 5719 2807 5764 etc.

2125 5782 2196 5846 (ei
2230 5778 2923 5846 Apud-_L_X_X-_ln_}’tllseta
2951 5778 3109 5846 W39-

2128 5841 2201 5910 (ὁ)
2224 5842 2381 5906 Apud
2408 5841 2552 5899 LXX.
2582 5841 2645 5895 In
2672 5841 2897 5907 Vulgata
2922 5854 2977 5895 τ.
3004 5842 3087 5895 so.
