3986 6180
480 332 597 391 515

477 465 723 535 filiorum
755 462 944 526 Israel,
976 460 1161 517 dicens
1190 479 1210 515 .-
1242 460 1482 533 plenum
1514 468 1688 532 esset,
1722 461 1831 518 etsi
1879 479 1993 517 non
2026 461 2125 517 ba-

476 553 660 619 beret,
691 554 904 607 dicens.

547 642 651 709 [1b.
686 658 852 707 xxxv,
884 641 994 706 21.]
1034 641 1096 694 Et
1121 639 1431 694 attulerunt
1461 641 1833 711 unusquisque
1863 640 2001 712 quod
2030 642 2121 710 af-

474 731 687 803 ferebat
715 747 815 785 cor
841 745 1027 785 eorum
1062 746 1073 783 :
1110 732 1334 799 poterat
1363 728 1637 783 usitatius
1670 729 1804 800 dici,
1834 729 1899 785 Et
1928 728 2124 784 attulit

475 819 884 891 unusquisque
914 818 1068 890 quod
1100 818 1375 872 afferebat
1400 835 1499 873 cor
1527 819 1675 889 eius.

548 908 654 980 [1b.
686 907 801 978 21.]
837 909 900 963 Et
930 906 1128 979 quibus
1158 908 1335 961 visum
1378 911 1459 962 est
1488 909 1693 962 animae
1740 924 1949 979 eorum,
1983 915 2121 964 attu-

477 999 664 1054 lerunt
708 997 1078 1068 demptionem
1108 998 1125 1031 ί
1166 996 1398 1052 Domino
1432 1012 1443 1051 :
1481 1012 1596 1051 non
1646 996 1811 1067 dixit,
1862 1001 1920 1052 et
1968 996 2121 1053 sicut

473 1087 667 1143 visum
702 1089 789 1142 est
822 1084 1029 1141 animae
1060 1101 1285 1140 eorum.

546 1176 652 1247 [1b.
684 1174 799 1244 23.]
830 1176 904 1229 Et
934 1176 1114 1229 omnis
1142 1175 1235 1228 cui
1262 1174 1547 1229 inventum
1575 1179 1651 1229 est
1689 1174 1834 1245 apud
1864 1191 1989 1230 eum
2034 1190 2121 1231 co-

474 1266 566 1319 ria
589 1266 831 1320 arietum
861 1262 1141 1317 rubricata
1174 1279 1186 1315 :
1222 1262 1377 1333 quod
1409 1262 1700 1318 diceretur
1730 1263 1962 1333 usitate,
1996 1280 2120 1319 om-

475 1370 580 1410 nes
611 1353 766 1425 apud
818 1368 967 1424 quos
999 1352 1233 1407 inventa
1262 1355 1402 1407 sunt
1447 1352 1602 1408 coria
1631 1352 1879 1409 arietum
1927 1353 2121 1409 rubri-

476 1447 623 1500 cata.

547 1534 654 1604 [11).
682 1529 798 1605 24.]
829 1531 1026 1590 Omnis
1056 1529 1300 1603 offerens
1330 1529 1715 1602 demptionem,
1746 1542 2046 1603 argentum
2074 1540 2124 1589 et

476 1639 549 1678 es
579 1622 891 1677 attulerunt
922 1620 1257 1690 demptiones
1286 1621 1513 1675 Domino
1547 1638 1559 1674 :
1595 1621 1868 1678 usitatius
1900 1623 2119 1679 dicere-

472 1716 592 1778 tur,
624 1710 819 1766 omnis
850 1708 1067 1777 attulit,
1102 1724 1301 1779 quam,
1337 1708 1530 1765 omnis
1562 1710 1902 1765 attulerunt.

546 1802 654 1871 [1b.
686 1800 802 1871 211.]
836 1802 898 1854 Et
929 1798 1077 1870 apud
1106 1815 1235 1870 quos
1267 1801 1488 1855 inventa
1519 1804 1647 1855 sunt
1676 1800 1821 1872 apud
1852 1816 1937 1856 eos
1969 1802 2122 1873 ligna

472 1890 878 1963 imputribilia:
903 1888 1048 1961 apud
1077 1904 1164 1945 eos
1197 1904 1356 1943 more
1388 1890 1823 1961 Scripturarum
1853 1890 2120 1946 additum

471 1984 581 2047 est,
615 1996 751 2035 nam
784 1978 909 2034 sine
940 1977 1047 2033 hoc
1076 1981 1231 2033 esset
1255 1977 1428 2049 plena
1455 1978 1761 2033 sententia.

545 2071 652 2144 [11).
683 2069 799 2138 25.]
832 2068 893 2122 Et
924 2069 1103 2123 omnis
1130 2067 1335 2122 mulier
1376 2069 1598 2138 sapiens
1628 2074 1830 2136 mente,
1862 2069 2123 2123 manibus

470 2174 641 2220 nere;
674 2156 840 2229 quasi
877 2173 1011 2210 nere
1060 2159 1259 2228 posset
1290 2172 1403 2211 non
1440 2156 1715 2211 manibus
1750 2174 1761 2210 :
1796 2161 1853 2211 et
1899 2158 2121 2228 sapiens

472 2263 620 2313 nere,
655 2245 889 2317 elegans
921 2250 1097 2315 atque
1147 2244 1428 2299 inusitata
1476 2244 1687 2300 locutio
1736 2249 1842 2300 est.
1878 2246 2119 2314 Deinde,

472 2337 666 2395 Omnis
690 2333 899 2389 mulier
927 2334 1235 2389 attulerunt
1270 2350 1281 2389 :
1317 2350 1474 2389 more
1506 2334 1877 2405 superiorum
1909 2334 2119 2407 plurali

472 2423 842 2481 concluditur
871 2421 1208 2495 singularis,
1242 2422 1397 2494 quia,
1434 2422 1626 2478 omnis
1660 2424 1872 2479 mulier
1901 2425 2117 2496 attulit,

473 2513 751 2569 usitatius
783 2511 1095 2566 diceretur.

542 2601 652 2672 [11).
683 2600 798 2671 26.]
830 2602 893 2655 Et
923 2615 1108 2656 omnes
1133 2600 1394 2656 mulieres
1424 2600 1624 2671 quibus
1654 2603 1832 2657 visum
1862 2606 1940 2657 est
1960 2619 2120 2659 sensu

471 2706 589 2760 suo,
622 2692 685 2745 in
715 2690 991 2760 sapientia
1036 2697 1238 2743 nerunt
1274 2689 1417 2760 pilos
1462 2692 1715 2761 caprinos
1748 2708 1760 2746 :
1795 2693 2118 2748 notandum

471 2777 823 2851 sapientiam
856 2777 913 2832 in
947 2776 1039 2832 his
1072 2778 1299 2837 artibus
1343 2796 1494 2851 saepe
1523 2779 1814 2851 appellare
1861 2780 2118 2853 Scriptu-

470 2886 620 2933 ram,
652 2867 710 2921 id
744 2872 832 2922 est
862 2864 1072 2942 σοφίαν.

544 2958 650 3029 [11).
683 2956 799 3025 28.]
846 2957 911 3010 Et
959 2955 1368 3027 compositiones
1415 2961 1466 3011 et
1520 2959 1701 3013 oleum
1748 2961 2024 3015 unctionis
2070 2967 2120 3015 et

471 3047 919 3118 compositionem
948 3046 1163 3100 incensi
1195 3063 1206 3101 :
1245 3062 1358 3100 non
1405 3048 1861 3118 compositiones
1890 3049 2121 3120 aliquas

470 3140 633 3192 extra
660 3134 942 3190 debemus
970 3133 1329 3205 intelligere;
1365 3134 1464 3189 sed
1514 3152 1646 3190 cum
1681 3136 1900 3191 dictum
1940 3142 2115 3209 esset,

468 3228 518 3280 et
563 3223 1006 3295 compositiones,
1058 3239 1161 3295 per
1209 3224 1681 3294 conjunctionem
1727 3225 2116 3296 cepulativam

470 3330 585 3369 non
617 3311 775 3369 aliud
808 3311 1094 3382 adjunxit,
1127 3312 1227 3366 sed
1262 3312 1416 3383 quod
1466 3312 1689 3368 dixerat
1732 3315 2019 3385 exposuit,
2055 3321 2119 3371 ut

469 3402 754 3458 sciremus
789 3416 937 3472 quas
967 3399 1498 3471 compositiones,et
1524 3402 1941 3474 olcum,inquit,
1978 3421 2115 3460 unc-

470 3491 640 3546 tionis
668 3498 719 3545 et
762 3490 1199 3558 compositionem
1234 3490 1443 3545 incensi
1476 3506 1487 3544 :
1522 3490 1971 3562 compositiones
2012 3509 2115 3547 au-

467 3582 586 3633 tem
617 3580 805 3646 vocat,
839 3576 977 3647 quia
1006 3594 1073 3631 ex
1106 3578 1307 3631 multis
1339 3578 1453 3632 ista
1482 3578 1746 3633 confecta
1777 3584 1934 3635 sunt.

537 3666 764 3739 [Ib.29.]
795 3667 857 3720 Et
871 3668 1051 3721 omnis
1072 3666 1158 3720 vir
1186 3670 1236 3719 et
1256 3668 1459 3721 mulier
1474 3684 1705 3738 quorum
1720 3668 2115 3739 aﬂerebatsen—

462 3772 555 3811 sus
569 3761 847 3826 eorum,ut
861 3758 1210 3823 intrarent,et
1225 3756 1469 3826 facerent
1484 3772 1641 3811 omne
1659 3772 1792 3828 opus
1814 3759 2109 3829 quodcum-

529 3866 545 3899 ί
579 3862 715 3912 Editi
771 3862 858 3925 hic
896 3866 948 3910 et
994 3862 1153 3920 infra,
1200 3861 1647 3925 redemptionem:
1694 3876 1789 3923 pro
1836 3878 1941 3925 quo
1986 3865 2111 3913 Mss.

462 3929 788 3983 constanter,
818 3924 1176 3987 demptionem,
1210 3924 1385 3987 juxta
1412 3939 1568 3988 graec.
1608 3925 1751 3986 LXX,
1786 3924 2109 3989 aphairema.

1233 326 1744 389 LOCUTIONUM
1791 327 1856 388 S.
1903 324 2323 389 AUGUSTINI
2368 326 2446 386 IN
2496 324 3134 390 HEPTA'I‘EUCHUM

3745 334 3850 394 516

2235 478 2340 533 que
2367 464 2629 533 prmcepil
2659 463 2921 519 Dominus
2950 464 3076 533 ﬁeri
3107 461 3244 517 illud
3289 478 3387 531 per
3413 462 3641 535 Moysen,
3670 467 3851 523 attule-

2234 556 2367 606 runt
2393 553 2502 622 ﬁlii
2534 554 2703 608 Israel
2733 552 3104 624 demptionem
3135 553 3533 625 Domino.Ergo
3566 554 3752 609 omnis
3776 558 3853 610 vir

2233 642 2289 693 et
2315 639 2547 708 mulier,
2584 639 2995 712 intelliguntur
3026 638 3129 693 ﬁlii
3163 638 3590 695 lsrael.Ca2terai
3623 639 3851 697 locutio-

2234 745 2337 784 nes
2368 729 2593 784 similes
2623 728 3043 801 superioribus.

2306 818 2411 890 [lb.
2447 819 2533 888 32,
2548 819 2661 889 33.]
2694 820 2890 873 Facere
2920 834 3122 873 aurum
3149 825 3199 872 et
3228 822 3526 890 argentum
3553 823 3604 873 et
3630 833 3706 875 aes
3731 835 3853 891 :pro

2233 922 2300 963 eo
2331 908 2487 978 quod
2519 912 2607 963 est
2638 908 2821 964 facere
2852 923 2921 963 ex
2951 923 3091 963 auro
3141 912 3197 963 et
3222 912 3462 979 argento
3494 910 3549 962 et
3577 923 3719 977 iere;
3748 924 3852 965 non

2234 997 2389 1052 enim
2422 1014 2630 1052 aurum
2665 996 2971 1064 faciebant,
2987 997 3086 1052 sed
3119 1013 3188 1052 ex
3219 1011 3383 1052 auro.
3415 996 3554 1052 Tale
3584 1001 3669 1051 est
3695 997 3851 1054 etiam

2234 1086 2389 1157 quod
2421 1085 2595 1158 paulo
2626 1090 2759 1158 post
2789 1085 2949 1154 dicit,
2969 1086 3030 1139 Et
3059 1088 3286 1158 operari
3315 1086 3464 1156 ligna
3480 1102 3500 1146 ;
3531 1085 3638 1141 hoc
3666 1090 3767 1153 est,
3796 1102 3856 1143 ex

2232 1175 2429 1247 lignis.

2308 1266 2410 1332 [1b.
2444 1264 2559 1335 35.]
2593 1266 2794 1320 Facere
2820 1265 3009 1320 omnia
3037 1279 3204 1335 opera
3232 1266 3416 1319 sancti
3444 1264 3683 1334 textilia,
3700 1269 3746 1321 et
3773 1281 3857 1321 va-

2230 1356 2320 1409 ria
2350 1357 2536 1409 texere
2563 1369 2714 1410 cocco
2743 1358 2796 1408 et
2827 1355 3004 1425 bysso,
3036 1356 3219 1423 facere
3246 1369 3407 1409 omne
3432 1369 3564 1425 Opus
3613 1353 3855 1409 architec-

2232 1445 2475 1498 tonicam
2504 1442 2962 1498 varietatis.Ecce
2990 1446 3049 1498 et
3078 1442 3133 1497 in
3169 1443 3345 1499 rebus
3368 1441 3662 1499 textilibus
3691 1443 3857 1499 archi-

2230 1532 2584 1588 tectonicum
2636 1548 2782 1604 opus
2813 1530 3071 1604 appellat
3103 1547 3115 1587 :
3150 1533 3366 1588 mirum
3402 1532 3515 1588 nisi
3554 1536 3857 1604 propterea,

2232 1622 2370 1693 quia
2401 1620 2845 1677 tabernaculum
2878 1620 3237 1693 licbat,quod
3270 1621 3502 1676 aedilicii
3527 1620 3713 1676 simile
3741 1622 3854 1689 fuit,

2230 1715 2287 1766 et
2315 1715 2595 1782 tanquam
2647 1709 2859 1764 domus
2911 1708 3265 1780 erigebatur.
3301 1709 3451 1775 Quid
3501 1715 3694 1766 autem
3722 1711 3857 1766 dicat

2231 1815 2395 1871 opera
2423 1801 2624 1868 sancti,
2659 1814 2771 1852 non
2822 1798 3120 1852 evidenter
3163 1802 3430 1869 apparet,
3464 1803 3659 1854 utrum
3688 1798 3855 1854 sancti

2232 1889 2569 1955 sacerdotis,
2606 1886 2881 1959 quoniam
2910 1889 2966 1941 et
3014 1887 3084 1942 de
3115 1886 3267 1942 stola
3312 1886 3403 1942 vel
3434 1887 3505 1942 de
3557 1887 3717 1944 stolis
3745 1889 3856 1957 ejus

2230 1977 2352 2032 haec
2383 1978 2694 2042 dicuntur;
2728 1993 2799 2031 an
2832 1976 3014 2031 sancti
3049 1975 3171 2045 Dei,
3208 1975 3265 2030 in
3298 1976 3474 2046 cujus
3506 1973 3723 2031 cultum
3752 1975 3857 2031 haec

2230 2066 2447 2122 ﬁebant
2475 2084 2487 2133 ;
2518 2082 2589 2120 an
2641 2081 2802 2136 opera
2849 2066 3051 2131 sancti,
3083 2064 3237 2119 sicut
3265 2065 3572 2121 dicebatur
3602 2066 3855 2121 Sanctum

2232 2158 2288 2211 et
2316 2156 2594 2210 Sanctum
2626 2159 2985 2211 sanctorum.

2305 2244 2605 2310 [Ib.xxxvx,
2632 2244 2666 2296 8
2690 2243 2817 2313 (a).]
2843 2243 3167 2297 Humeralia
3188 2244 3532 2298 continentia
3555 2259 3624 2298 ex
3638 2244 3859 2312 utrisque

2226 2334 2481 2405 partibus
2507 2333 2623 2404 ejus
2649 2349 2659 2385 :
2687 2348 2799 2386 non
2824 2332 2968 2385 dixit
2989 2347 3057 2386 ex
3087 2332 3357 2403 utrisque
3377 2332 3638 2404 partibus
3659 2347 3859 2397 eorum,

2232 2422 2501 2493 quamvis
2524 2421 2624 2475 illa
2647 2421 3107 2486 humeralia,non
3133 2420 3440 2476 bumerale
3467 2420 3861 2487 dixisset,sicut

2232 2511 2380 2568 solet
2400 2510 2698 2566 humerale
2713 2510 3126 2582 dicere;ipsum
3142 2511 3297 2565 enim
3316 2508 3861 2582 appellavitplurali-

2230 2604 2321 2657 ter
2348 2600 2679 2665 humeralia,
2714 2598 2869 2653 sicut
2898 2598 3105 2653 stolam
3138 2603 3195 2653 et
3223 2599 3463 2654 easdem
3494 2597 3692 2654 stolas.

2304 2690 2409 2760 [1b.
2442 2690 2511 2744 37
2541 2689 2664 2759 (b).]
2697 2690 2760 2742 Et
2798 2689 2954 2742 Eliab
3005 2689 3154 2757 ﬁlius
3206 2688 3568 2743 Achisamach
3615 2688 3682 2743 de
3726 2687 3857 2739 tribu

2230 2780 2368 2849 Dan,
2401 2780 2498 2850 qui
2525 2777 2987 2833 architectonatus
3032 2785 3112 2832 est
3142 2777 3369 2833 textilia
3398 2785 3450 2833 et
3484 2776 3786 2841 consutilia,
3813 2778 3857 2830 et

2231 2869 2670 2933 diversicoloria,
2704 2872 2892 2922 texere
2942 2867 3007 2921 de
3035 2883 3189 2921 cocco
3218 2875 3267 2921 et
3322 2868 3499 2938 bysso.
3535 2866 3683 2921 Novo
3718 2880 3857 2919 more

2231 2958 2506 3012 dicuntur
2538 2956 2985 3012 architectonari
3015 2955 3457 3011 textilia.Etiam
3489 2956 3628 3010 illud
3651 2972 3683 3011 a
3712 2956 3855 3026 parte

2229 3051 2417 3103 totum
2451 3046 2895 3118 intelligendum
2940 3050 3030 3101 est
3075 3046 3227 3116 quod
3279 3046 3386 3111 ait,
3420 3050 3605 3101 texere
3649 3058 3787 3100 cocco
3811 3046 3855 3097 et

2231 3135 2385 3207 bysso
2416 3152 2429 3190 :
2463 3152 2531 3190 ex
2561 3134 2653 3189 his
2703 3135 2859 3189 enim
2894 3139 2948 3188 et
2978 3139 3187 3189 caetera
3234 3133 3645 3207 intelligimus,
3678 3134 3732 3187 id
3760 3136 3852 3197 est,

2229 3240 2549 3297 purpuram
2582 3228 2638 3278 et
2671 3223 3072 3294 byacinthum.

2299 3315 2406 3383 [1b.
2439 3330 2627 3381 xxxxx,
2660 3313 2771 3383 31.]
2806 3312 2868 3367 Et
2893 3313 3144 3383 fecerunt
3175 3313 3285 3383 ﬁlii
3306 3314 3479 3369 Israel
3506 3315 3647 3368 sicut
3670 3324 3854 3383 prlece-

2226 3403 2313 3470 pit
2366 3403 2626 3457 Dominus
2674 3401 2862 3472 Moysi,
2912 3403 2990 3456 ita
3037 3405 3291 3471 fecerunt
3346 3420 3359 3457 :
3413 3402 3651 3474 plenum
3695 3401 3850 3463 esset,

2227 3491 2457 3545 etiamsi
2493 3507 2604 3545 non
2637 3490 2973 3555 adderetur,
3004 3493 3084 3545 ita
3112 3493 3386 3560 fecerunt.

2298 3581 2400 3651 [11).
2434 3597 2522 3646 xL,
2559 3581 2667 3644 14.]
2700 3581 2762 3633 Et
2789 3582 2916 3649 fecit
2946 3581 3147 3652 Moyses
3176 3583 3365 3636 omnia
3396 3597 3516 3651 qum
3545 3580 3789 3651 praecepit
3806 3577 3853 3631 ei

2224 3669 2506 3735 Dominus,
2540 3670 2624 3723 ita
2652 3668 2785 3741 fecit
2818 3686 2829 3721 :
2863 3668 3137 3724 similiter
3168 3675 3231 3723 ut
3262 3670 3488 3725 dictum
3522 3674 3609 3724 est
3639 3669 3706 3723 de
3734 3665 3849 3721 ﬁliis

2227 3757 2424 3813 Israel.

2285 3865 2364 3926 (a)
2398 3864 2549 3926 Apud
2584 3864 2723 3912 LXX.

2284 3927 2362 3989 (b)
2392 3927 2544 3989 Apud
2579 3927 2736 3986 LXX;
2769 3927 2836 3974 At
2866 3926 2919 3974 iu
2950 3926 3171 3989 Vulgata
3202 3940 3316 3989 cap.
3349 3928 3427 3986 38,
3462 3941 3510 3975 ν.
3543 3930 3619 3976 23.

1670 4098 2048 4191 LIBER
2115 4098 2669 4193 TERTIUS.

1827 4250 2146 4299 Locutiones
2172 4248 2238 4299 de
2266 4251 2516 4301 Levitico.

540 4458 616 4531 (a)
651 4458 856 4525 [Levrn
888 4474 1006 4530 cap.
1041 4474 1080 4525 ι,
1115 4459 1148 4528 ᾖ
1178 4458 1256 4529 2.]
1290 4463 1463 4514 Homo
1490 4473 1562 4514 ex
1590 4459 1746 4515 vobis
1774 4462 1824 4514 si
1860 4460 2115 4516 obtulerit

464 4550 609 4607 dona
642 4550 871 4605 Domino
901 4566 937 4604 a
965 4550 1305 4619 pecoribus,a
1338 4548 1506 4603 bobus
1536 4552 1586 4603 et
1613 4550 1680 4604 ab
1709 4551 1902 4605 ovibus
1930 4552 2115 4621 offere-

463 4643 534 4695 tis
560 4657 578 4693 :
610 4638 719 4694 hoc
748 4636 916 4705 est,si
949 4654 981 4692 a
1006 4637 1311 4707 pecoribus
1342 4637 1659 4705 olferetis,a
1687 4637 1970 4708 bobus,ab
1993 4640 2081 4695 ovi
2112 4672 2115 4675 -

466 4729 579 4784 bus
606 4727 1091 4784 oﬂeretisﬂvium
1126 4726 1362 4782 nomine
1383 4726 1557 4782 etiam
1589 4742 1896 4799 caprarum
1930 4744 2115 4801 genus

467 4815 729 4885 inclusit,
762 4817 913 4871 sicut
942 4816 1001 4870 in
1034 4814 1163 4870 aliis
1196 4815 1337 4871 locis
1368 4815 1533 4871 solet.

540 4904 645 4970 [11).
680 4921 742 4968 ιι,
773 4905 852 4975 6.]
898 4906 960 4960 Et
1009 4906 1321 4975 confringes
1369 4922 1443 4960 ea
1489 4908 1845 4977 fragmenta:
1899 4905 1956 4961 id
2007 4910 2113 4973 est,

469 4991 890 5062 confringendo
923 4993 1097 5049 facies
1127 5011 1194 5049 ea
1227 4995 1553 5066 fragmenta

540 5081 645 5153 [11).
682 5096 757 5147 xv,
788 5083 904 5150 23.]
938 5083 999 5135 Et
1023 5085 1303 5151 cognitum
1344 5086 1403 5138 ei
1428 5085 1608 5154 fuerit
1650 5098 1928 5155 peccatum
1977 5086 2118 5157 quod

466 5170 705 5242 peccavit
737 5170 795 5223 in
828 5168 1043 5225 eo.Duo
1066 5172 1220 5225 modi
1253 5171 1564 5229 locutionis
1583 5173 1677 5227 hic
1696 5176 2112 5243 notandisunt,

468 5264 525 5314 et
566 5261 853 5331 peccatum
898 5261 1160 5330 peccavit,
1192 5263 1250 5314 et
1279 5261 1435 5331 quod
1475 5262 1657 5331 addit,
1691 5263 1747 5316 in
1797 5278 1877 5319 eo.
1908 5266 1967 5319 In
2001 5282 2115 5337 quo

468 5348 625 5403 enim
656 5348 767 5403 nisi
804 5347 861 5401 in
895 5346 1043 5419 ipso,
1077 5346 1133 5400 id
1170 5352 1259 5401 est
1289 5348 1569 5419 peccato?

539 5437 792 5511 [Ib.v,l.]
823 5438 885 5492 Si
911 5442 1097 5490 autem
1128 5438 1318 5491 anima
1347 5438 1665 5506 peccaverit,
1687 5442 1737 5493 et
1764 5440 2005 5497 audierit
2026 5458 2117 5498 vo-

2223 4476 2335 4517 cem
2356 4463 2681 4533 juratibnis,
2714 4468 2766 4518 et
2800 4465 2916 4534 ipse
2946 4465 3095 4519 testis
3136 4464 3327 4533 fuerit,
3379 4472 3477 4519 aut
3522 4461 3735 4525 viderit,
3765 4456 3849 4509 aut

2224 4552 2467 4605 conscius
2492 4552 2691 4620 fuerit,
2723 4553 2776 4607 si
2799 4568 2906 4607 non
2938 4552 3298 4617 nuntiaverit,
3326 4556 3374 4607 et
3426 4553 3650 4623 accipiet
3675 4558 3845 4619 pecca-

2226 4648 2379 4694 tum:
2414 4639 2545 4711 plus
2576 4640 2807 4696 videtur
2838 4641 3169 4710 habere,et;
3194 4658 3326 4697 nam
3361 4658 3428 4697 eo
3460 4642 3689 4711 dempto
3718 4636 3845 4689 inte-

2226 4744 2325 4799 gre
2357 4729 2643 4800 sequitur,
2678 4732 2908 4801 accipiet
2934 4736 3239 4801 peccatum.

2297 4818 2401 4889 [11).
2435 4818 2509 4885 4.]
2541 4819 2599 4873 Si
2628 4827 2807 4875 autem
2838 4822 3028 4875 anima
3054 4823 3379 4892 peccaverit,
3411 4830 3462 4875 et
3513 4816 3750 4875 audierit
3774 4825 3847 4865 vv-

2223 4923 2342 4965 cem
2358 4908 2684 4978 jurationis,
2720 4914 2768 4964 et
2799 4912 2911 4980 ipse
2938 4912 3089 4965 testis
3136 4910 3332 4983 fuerit,
3374 4914 3474 4965 aut
3524 4906 3726 4970 viderit,
3756 4904 3843 4954 aut

2224 4999 2477 5053 conscius
2505 5000 2679 5068 fuerit
2708 5015 2815 5054 non
2848 5002 3192 5055 nuntiaverit
3223 5018 3234 5055 :
3267 5008 3317 5055 et
3346 4999 3600 5072 positum
3630 4997 3731 5059 est,
3753 5001 3839 5060 pro

2226 5085 2283 5141 id
2315 5091 2403 5141 est
2436 5103 2447 5141 :
2485 5104 2619 5142 nam
2654 5088 2737 5143 sic
2768 5088 2881 5143 dici
2915 5094 3110 5160 posset
3144 5093 3352 5144 nostrai
3391 5083 3692 5143 locutionis
3719 5091 3842 5133 con-

2228 5175 2621 5241 suetudine,Si
2656 5183 2848 5232 autem
2882 5179 3080 5233 anima
3113 5177 3451 5250 peccaverit,
3475 5176 3529 5229 id
3564 5177 3645 5229 est
3673 5164 3842 5226 audie-

2228 5264 2304 5319 rit
2333 5281 2528 5320 vocem
2554 5266 2896 5336 jurationis,
2930 5271 2988 5323 et
3018 5272 3243 5323 caetera.

2300 5352 2406 5425 [11).
2437 5352 2514 5426 3.]
2566 5355 2671 5409 Aut
2718 5358 2967 5428 tetigerit
3011 5358 3078 5412 ab
3118 5356 3473 5412 immunditia
3508 5347 3755 5411 hominiS,
3784 5336 3839 5394 ab

2226 5444 2383 5498 omni
2412 5443 2773 5499 immunditia
2803 5451 3112 5518 ejus,quam
3141 5448 3190 5502 si
3219 5447 3453 5517 tetigerit
3483 5433 3844 5512 inquinetur.“

530 5528 605 5587 (a)
634 5528 757 5591 Mss.
794 5526 995 5591 aliquot
1024 5527 1077 5591 et
1106 5538 1293 5591 omnes
1322 5524 1963 5591 hactenusediticarent
1983 5532 2119 5591 prio-

468 5590 615 5638 ribus
650 5589 793 5639 hisce
820 5588 889 5655 3t
910 5588 1433 5655 locutionibusmum
1464 5602 1522 5636 ex
1551 5588 1886 5655 Cisterciensi
1917 5588 2119 5655 codice,

466 5666 677 5701 necnon
710 5668 773 5702 ex
822 5650 1130 5701 Corbeienei
1157 5650 1371 5714 optimas
1408 5655 1551 5701 notas
1587 5655 1641 5701 et
1670 5654 1794 5706 ante
1826 5659 1917 5707 800
1949 5650 2121 5709 annos

465 5715 769 5779 conscripto
800 5728 948 5766 nunc
981 5714 1211 5778 primum
1241 5714 1553 5779 vulgantur.
2054 5737 2060 5741 ι

2229 5532 2394 5587 latuit
2427 5548 2568 5598 eum,
2597 5542 2719 5604 post
2747 5536 2844 5591 hoc
2873 5545 3067 5592 autem
3107 5538 3413 5605 cognoverit
3458 5536 3507 5588 et
3534 5520 3839 5597 deli'querﬁi

2229 5637 2363 5677 cum
2396 5627 2553 5677 recto
2584 5624 2789 5680 ordine
2818 5625 3125 5682 dicendum
3162 5629 3336 5694 esset,
3370 5628 3419 5682 et
3448 5605 3844 5690 JeliqueritJW“

2228 5711 2326 5769 hoc
2356 5719 2542 5769 autem
2572 5716 2898 5785 cognoverit.
