3954 6178
100 116 111 119 “
168 114 307 143 -Ἵ-

205 293 295 350 517

264 420 353 491 [1b.
376 432 455 485 xv,
474 416 577 485 16.]
603 415 801 469 Anima
830 416 881 469 si
903 413 1126 469 latuerit
1149 428 1271 468 eum
1292 413 1589 481 oblivione,
1612 420 1660 465 et
1678 426 1798 481 pec-

207 509 375 565 caverit
394 505 565 560 nolens
590 519 603 559 :
631 520 745 559 non
770 503 871 573 ait,
896 503 946 558 si
966 502 1199 558 latuerit
1219 500 1654 573 eam,quoniam
1680 497 1804 555 ani-

206 612 335 653 mem
348 609 437 667 pro
450 592 681 647 homine
700 590 1046 663 ponit,sicut
1066 590 1202 646 facit
1223 594 1280 646 et
1300 591 1359 645 in
1383 588 1532 657 aliis,
1553 588 1653 644 ubi
1678 588 1807 644 ani-

207 702 333 742 mam
374 683 523 755 prius
553 680 713 747 dicit,
750 696 880 753 quas
912 680 1142 752 generis
1177 678 1441 735 feminini
1468 683 1577 744 est,
1609 682 1809 749 postea

206 772 549 832 masculinum
574 770 747 825 infert
778 786 963 842 genus
981 770 1051 823 ad
1075 768 1373 825 hominem
1399 770 1676 824 referens.
1698 766 1807 821 Sed

206 865 281 921 hic
306 860 473 917 multo
502 864 589 915 est
618 860 739 914 haec
772 858 992 914 locutio
1024 858 1300 931 pressior,
1320 858 1598 929 quoniam
1622 853 1810 911 conti-

204 952 396 1010 nuatim
427 957 740 1019 utrumque
763 964 950 1020 genus
985 948 1243 1020 positum
1272 952 1381 1016 est,
1406 952 1471 1002 ut
1500 946 1807 1019 diceretur,

200 1045 367 1099 Anima
392 1042 437 1095 si
466 1040 687 1094 latuerit
718 1054 861 1094 eum.
886 1037 1017 1093 Haec
1036 1037 1255 1093 locutio
1286 1036 1495 1092 terruit
1524 1036 1811 1106 interpre-

196 1139 267 1189 tes
295 1130 507 1196 latinos,
536 1133 592 1183 et
613 1126 927 1183 noluerunt
950 1143 1077 1182 eam
1119 1127 1456 1193 transferre,
1479 1126 1578 1181 sed
1609 1123 1689 1179 ita
1710 1140 1812 1194 po-

198 1226 405 1279 suerunt
433 1236 445 1275 :
477 1218 671 1274 Anima
702 1218 751 1271 si
773 1234 879 1287 qua
909 1218 1158 1295 latuerit,
1180 1222 1230 1271 et
1247 1218 1557 1287 peccaverit
1586 1230 1695 1269 non
1717 1229 1807 1267 vo—

196 1312 305 1383 lens,
334 1324 456 1365 cum
487 1307 641 1363 aliud
674 1308 751 1361 sit
781 1306 984 1377 utique
1013 1305 1063 1361 si
1096 1307 1297 1362 anima
1332 1306 1531 1374 lateat,
1564 1302 1724 1358 aliud
1758 1318 1812 1375 si

197 1401 411 1457 animam
438 1398 612 1453 lateat
636 1412 647 1450 :
673 1395 783 1451 hoc
807 1401 1002 1451 autem
1032 1396 1338 1467 Scriptura
1370 1395 1531 1463 dicit,
1556 1393 1607 1447 si
1637 1393 1809 1451 lateat

195 1506 331 1556 eam;
360 1487 558 1554 non,si
592 1486 722 1557 ipsa
752 1484 948 1540 lateat.
970 1486 1032 1540 In
1065 1501 1250 1557 graeco
1277 1488 1474 1539 autem
1508 1482 1619 1539 alio
1652 1484 1811 1538 inve-

196 1578 377 1645 nimus,
396 1578 649 1633 Animam
670 1576 687 1609 ¹
723 1576 775 1629 si
806 1575 1030 1630 latuerit
1058 1590 1132 1629 ea
1163 1573 1479 1635 oblivione;
1498 1574 1598 1629 sed
1633 1572 1810 1628 etiam

196 1669 296 1741 ipse
321 1668 373 1722 in
398 1664 895 1737 consequentibus
921 1664 1318 1720 masculinum
1352 1663 1551 1718 intulit
1585 1663 1811 1728 dicens,

196 1756 414 1813 Sacerdos
442 1754 694 1811 exorabit
720 1768 820 1824 pro
850 1768 933 1821 eo,
962 1757 1011 1808 et
1047 1753 1367 1810 dimittetur
1398 1752 1507 1820 illi,
1544 1751 1695 1821 quod
1728 1750 1810 1805 ibi

195 1846 338 1901 habet
364 1843 546 1913 αὐτῷ..
572 1842 734 1898 Unde
764 1845 1008 1913 apparet
1039 1841 1387 1913 scriptorem
1422 1840 1695 1895 timuisse
1719 1856 1812 1895 so-

192 1934 617 1999 loecismum,nec
639 1935 837 1987 tamen
861 1946 1229 2002 perseverare
1247 1929 1507 2001 potuisse
1528 1929 1584 1984 in
1603 1945 1812 2001 genere

194 2023 435 2079 feminino
465 2024 687 2077 victum
723 2019 1011 2075 evidentia
1032 2020 1340 2092 Scripturee
1373 2018 1807 2090 consequentis.

249 2112 339 2183 [1b.
368 2129 441 2178 vr,
469 2112 549 2182 9.]
578 2111 685 2165 lsta
714 2109 1101 2165 holocaustosis
1117 2125 1282 2180 super
1300 2111 1675 2165 incensionem
1695 2109 1813 2180 ejus

194 2216 328 2270 super
353 2201 527 2255 altare
572 2207 738 2256 totam
786 2204 997 2254 noctem
1044 2215 1211 2269 usque
1257 2200 1316 2252 in
1349 2215 1538 2265 mane,
1574 2202 1624 2254 et
1666 2199 1813 2267 ignis

193 2289 358 2344 altaris
385 2290 601 2345 ardebit
622 2304 785 2359 super
811 2289 951 2343 illud
986 2306 997 2343 :
1033 2289 1224 2359 potuit
1246 2305 1361 2343 non
1389 2288 1604 2343 haberi
1634 2292 1706 2354 et,
1732 2291 1812 2340 at-

195 2394 285 2448 que
314 2379 387 2434 ita
415 2378 549 2447 dici,
599 2381 769 2433 totam
798 2381 1012 2433 noctem
1062 2393 1235 2449 usque
1264 2379 1326 2433 in
1356 2393 1523 2433 mane
1550 2378 1698 2448 ignis
1728 2377 1811 2430 al-

195 2469 315 2522 taris
340 2468 575 2523 ardebit.
626 2467 736 2521 Sed
769 2466 967 2523 addita
998 2466 1110 2523 ista
1161 2467 1494 2537 conjunctio
1546 2466 1682 2522 facit
1712 2468 1811 2521 ob-

196 2557 497 2612 scuritatem
529 2555 628 2611 his
662 2556 760 2627 qui
816 2556 873 2610 in
907 2555 1123 2611 talibus
1173 2557 1604 2628 Scripturarum
1656 2555 1813 2611 locu-

193 2644 418 2701 tionibus
449 2662 571 2701 non
604 2644 923 2700 assuefacti
958 2649 1118 2700 sunt.

250 2734 342 2805 [1b.
374 2734 481 2807 14.]
512 2737 628 2790 Ista
661 2735 753 2789 lea:
770 2734 1054 2805 sacriﬁcii,
1083 2733 1222 2804 quod
1251 2736 1507 2807 oﬂerrent
1538 2733 1678 2788 illud
1707 2731 1819 2802 ﬁlii

197 2824 366 2894 Aaron,
422 2823 727 2878 sacerdotes
776 2828 903 2879 ante
946 2825 1279 2879 Dominum:
1316 2822 1461 2879 nihil
1510 2824 1734 2879 deesset
1764 2821 1814 2877 si

198 2928 292 2967 non
319 2912 551 2969 haberet
564 2953 579 2978 ,
613 2911 785 2967 illud.

255 3000 346 3069 [1b.
380 3000 486 3072 17.]
506 3004 716 3057 Sancta
731 3003 1049 3056 sanctorum
1066 3006 1161 3056 est.
1182 3001 1272 3055 Sic
1294 3000 1469 3056 habet
1494 3004 1549 3057 et
1568 3016 1813 3073 graecus,

197 3088 281 3142 sed
309 3104 484 3160 graeca
515 3090 737 3145 locutio
782 3097 889 3156 est,
924 3106 1099 3161 quam
1134 3091 1316 3146 nostri
1348 3091 1587 3162 quidam
1620 3095 1815 3145 trans-

197 3176 323 3233 ferre
352 3176 617 3234 nolentes
652 3178 943 3242 dixerunt,
975 3183 1186 3235 Sancta
1217 3185 1550 3235 sanctorum
1584 3184 1744 3235 sunt.

255 3266 349 3335 [11).
375 3266 441 3322 3'2
465 3267 597 3338 (a).]
622 3266 876 3323 Occident
898 3269 1121 3324 arietem
1135 3271 1233 3340 qui
1244 3286 1343 3340 pro
1359 3269 1555 3325 delicto
1575 3273 1702 3324 ante
1723 3270 1821 3323 Do-

197 3356 405 3412 minam.
434 3356 622 3412 Latini
657 3356 1003 3427 interpretes
1036 3358 1409 3425 addiderunt,
1442 3363 1553 3427 est,
1586 3363 1641 3413 et
1662 3358 1820 3413 dixe-

198 3449 333 3511 runt,
363 3446 456 3515 qui
482 3462 586 3517 pro
614 3445 813 3501 delicto
843 3451 941 3513 est,
964 3448 1117 3517 quod
1151 3464 1374 3518 graecus
1407 3464 1523 3503 non
1554 3447 1747 3503 habet.

255 3532 351 3600 [1b.
381 3550 479 3603 vu,
510 3536 547 3589 6
571 3533 691 3605 (b).]
724 3534 788 3587 Et
814 3536 869 3590 si
893 3543 1073 3591 votum
1090 3540 1189 3591 aut
1216 3537 1591 3592 voluntarium
1611 3536 1820 3606 sacriﬁ-

198 3623 378 3678 caverit
406 3622 615 3678 donum
645 3640 827 3689 suum,
858 3640 1196 3697 quacumque
1214 3626 1304 3681 die
1332 3627 1582 3681 obtulerit
1610 3626 1825 3695 sacriﬁ-

200 3712 344 3775 cium,
372 3713 568 3767 edetur
595 3713 839 3768 crastina
870 3712 959 3767 die
992 3729 1005 3769 :
1040 3730 1144 3785 pro
1169 3730 1235 3769 eo
1267 3716 1420 3785 quod
1454 3720 1561 3783 est,
1597 3718 1828 3787 postera

205 3799 315 3867 die;
345 3802 495 3857 unde
525 3800 651 3868 alii,
681 3802 855 3857 altera
884 3802 994 3869 die,
1026 3802 1386 3875 interpretati
1419 3808 1575 3860 sunt.

266 3889 363 3960 [1b.
390 3908 510 3959 vni,
544 3890 663 3962 34.]
709 3891 929 3963 Caquite
957 3908 1148 3949 carnes
1203 3895 1266 3949 in
1296 3895 1441 3949 atrio
1484 3892 1831 3949 tabernaculi

208 3982 486 4037 testimonii
518 3984 582 4036 in
630 3981 741 4036 loco
788 3986 994 4052 sancto,
1026 3990 1076 4038 et
1120 3983 1203 4037 ibi
1247 3984 1413 4039 edetis
1444 4000 1553 4053 eas,
1587 3987 1637 4039 et
1665 3998 1830 4055 panes

208 4071 287 4137 qui
310 4077 432 4124 sunt
464 4072 521 4125 in
570 4072 810 4126 canistro
855 4073 1365 4137 consummationis,
1398 4072 1660 4144 quomodo
1684 4088 1831 4144 prae-

207 4168 396 4229 ceptum
423 4169 500 4216 est
529 4162 674 4215 mihi
700 4161 907 4230 dicens,
930 4162 1113 4217 Aaron
1141 4167 1197 4217 et
1229 4162 1335 4232 ﬁlii
1358 4164 1475 4234 ejus
1504 4163 1661 4218 edent
1690 4179 1829 4218 eam.

209 4246 349 4303 Hanc
373 4248 736 4305 locutionem
761 4249 1001 4321 quidam
1034 4251 1350 4307 transferre
1381 4252 1644 4309 nolentes
1674 4250 1832 4307 dixe-

210 4341 331 4392 runt
358 4338 626 4409 quomodo
660 4340 917 4410 pracepit
946 4338 1087 4394 mihi
1115 4339 1337 4402 dicens;
1370 4340 1509 4411 quia
1538 4340 1646 4396 hoc
1675 4340 1831 4395 vide-

210 4427 295 4480 tur
338 4444 722 4499 consequens,
766 4426 863 4482 ille
915 4432 1110 4483 autem
1157 4428 1216 4485 in
1264 4433 1477 4485 nostrae
1524 4429 1834 4487 locutionis

210 4516 611 4572 consuetudine
642 4516 1006 4572 soloecismus
1035 4522 1143 4573 est.

271 4604 367 4674 [1b.
398 4606 511 4677 35.]
550 4608 625 4660 Et
658 4607 735 4661 ad
754 4607 952 4661 ostium
986 4607 1328 4662 tabernaculi
1358 4609 1658 4664 testimonii
1685 4608 1833 4664 sede-

212 4690 319 4747 bitis
346 4702 547 4766 septem
578 4694 713 4764 dies,
748 4695 843 4750 die
873 4699 923 4749 et
955 4702 1108 4751 nocte
1140 4712 1151 4751 :
1189 4713 1290 4767 pro
1321 4712 1387 4753 eo
1419 4697 1573 4769 quod
1606 4702 1713 4767 est,
1738 4697 1836 4754 ha-

211 4778 473 4839 bitebitis.

272 4870 369 4938 [1b.
402 4890 477 4940 1x,
509 4872 591 4943 7.]
618 4872 678 4926 Et
693 4873 773 4927 ait
792 4873 996 4944 Moyses
1013 4872 1083 4927 ad
1100 4876 1309 4942 Aaron,
1332 4875 1528 4931 Accede
1548 4876 1617 4931 ad
1642 4878 1837 4948 altare,

213 4968 255 5013 et
280 4962 364 5028 fac
390 4962 538 5033 quod
568 4978 664 5032 pro
693 4965 907 5031 peccato
938 4970 1050 5027 tuo,
1073 4972 1123 5017 et
1152 4962 1530 5019 holocaustum
1556 4982 1567 5021 :
1603 4970 1654 5020 et
1675 4982 1841 5021 exora

214 5064 298 5116 pro
324 5054 371 5105 te
399 5054 448 5105 et
478 5050 635 5106 domo
666 5056 845 5116 tua,et
872 5054 963 5122 fac
979 5051 1122 5107 dona
1146 5052 1366 5123 pepuli,
1391 5058 1439 5108 et
1469 5070 1636 5109 exora
1650 5072 1749 5126 pro
1765 5056 1842 5111 eis

216 5139 457 5207 quomodo
476 5142 739 5213 praecepit
762 5141 1017 5197 Dominus
1034 5144 1230 5213 Moysi.
1262 5142 1384 5198 Non
1419 5145 1519 5215 ait,
1543 5146 1843 5210 Quomodo

218 5230 475 5300 pracepit
504 5230 792 5285 Dominus
824 5230 967 5284 mihi
995 5254 1008 5297 ;
1042 5232 1141 5285 sed
1176 5232 1255 5285 ita
1282 5232 1511 5288 locutus
1545 5238 1651 5299 est,
1678 5235 1844 5307 quasi

216 5313 409 5372 fuisset
438 5318 587 5372 alter
615 5324 835 5390 Moyses
866 5319 957 5373 cui
988 5320 1268 5377 Dominus
1301 5322 1594 5394 praecepit,
1618 5328 1672 5379 et
1703 5323 1848 5379 alter

217 5402 318 5460 iste
347 5406 445 5477 qui
479 5406 589 5462 hoc
620 5408 689 5463 ad
722 5415 909 5463 Aaron
942 5407 1312 5480 loquebatur.

276 5554 291 5626 ξ
323 5554 751 5626 $icvetuscggex
771 5559 1122 5626 Corbeiensis.
1146 5562 1212 5611 At
1237 5562 1616 5626 Cisterciensis,
1639 5566 1847 5619 Anima.

276 5616 345 5742 (ag
374 5618 529 5682 Apud
566 5621 686 5670 LXX
716 5637 728 5671 :
760 5626 815 5673 at
843 5623 899 5671 in
928 5623 1167 5688 Vulgata,
1200 5638 1315 5688 cap.
1347 5630 1393 5688 7,
1424 5641 1475 5677 ν.
1506 5630 1553 5682 2.

277 5677 327 5738 (ὁ
375 5682 535 5742 Apud
564 5683 685 5734 LXX
714 5699 727 5737 :
759 5690 813 5736 at
840 5686 897 5735 in
923 5686 1167 5742 Vulgata,
1196 5701 1248 5737 ν.
1282 5690 1357 5740 16.

277 5677 345 5742 (ὁ)
375 5677 535 5745 Apud
564 5683 685 5734 LXX
714 5699 727 5737 :
759 5690 813 5736 at
840 5686 897 5735 in
923 5677 1167 5750 Vulgata,
1196 5677 1357 5740 v.16.

1557 276 1787 339 LIBER
1827 275 2189 337 TERTIUS.

3444 281 3563 341 518

1989 408 2094 476 [11).
2131 427 2184 477 x,
2211 409 2265 477 8,
2296 410 2375 480 9.]
2409 410 2472 463 Et
2504 410 2715 465 locutus
2762 419 2838 465 est
2870 412 3130 465 Dominus
3157 412 3229 465 ad
3264 414 3437 467 Aaron
3470 414 3558 467 di-

1914 514 2059 569 cens,
2100 499 2293 553 Vinum
2327 507 2377 554 et
2410 515 2641 554 siceram
2670 516 2779 555 non
2812 500 3087 567 bibetis,et
3119 505 3343 555 caetera.
3378 502 3559 565 Quam

1917 586 2269 642 locutionem
2293 589 2518 643 Domini
2533 589 2612 643 ita
2628 588 2944 656 concludit,
2970 590 3165 645 Omnia
3180 591 3425 661 legitima
3445 607 3564 660 qua:

1921 675 2129 730 locutus
2159 686 2237 732 est
2269 680 2532 733 Dominus
2560 678 2630 732 ad
2677 695 2767 733 eos
2795 695 2894 749 per
2924 696 3151 733 manum
3182 679 3351 750 Moysi
3381 696 3394 734 :
3430 695 3563 734 cum

1920 765 2202 821 Dominus
2234 766 2588 839 loqueretur,
2622 786 2734 823 non
2767 769 2867 835 ait,
2902 769 3037 832 Quae
3067 767 3298 824 locutus
3329 784 3461 823 sum
3494 768 3563 824 ad

1920 868 2019 908 eos
2052 871 2154 925 per
2182 872 2421 911 manum
2472 857 2648 929 Moysi
2678 876 2689 924 ;
2726 857 2824 911 sed
2872 873 2936 911 ea
2969 855 3260 913 locutione
3306 874 3449 912 usus
3480 862 3568 913 est

1922 958 2039 1013 qua
2068 944 2340 1015 superius
2374 947 2495 1016 ipse
2524 948 2765 1017 Moyses.

1994 1052 2101 1120 [1b.
2130 1052 2209 1121 9.]
2243 1054 2568 1120 Legitimum
2616 1061 2887 1109 aeternum
2938 1053 2996 1106 in
3040 1054 3333 1124 progenies
3364 1058 3566 1109 vestras

1922 1141 2260 1209 distinguere
2292 1143 2434 1195 inter
2458 1142 2697 1196 medium
2734 1142 3059 1197 mundorum
3092 1152 3143 1197 et
3172 1146 3568 1200 contaminato-

1924 1247 2067 1295 rum,
2101 1236 2156 1284 et
2199 1232 2422 1285 caetera.
2474 1231 2805 1285 Notandum
2858 1232 3357 1301 quemadmodum
3389 1231 3567 1299 dicat,

1921 1328 2216 1385 aeternum,
2249 1320 2401 1389 quod
2437 1322 2636 1391 utique
2670 1336 2781 1374 non
2819 1318 2929 1375 erit
2959 1320 3085 1374 sine
3118 1320 3250 1375 fine.

1992 1428 2097 1498 [11).
2130 1427 2238 1499 14.]
2256 1430 2477 1500 Moyses
2502 1428 2746 1499 loquens
2770 1428 2839 1482 ad
2864 1426 3316 1492 Aaron,Eleazar
3336 1431 3391 1483 et
3413 1427 3568 1483 Itha-

1924 1533 2049 1571 mar
2080 1516 2230 1572 filios
2253 1518 2401 1586 ejus,
2420 1517 2568 1571 inter
2597 1521 2800 1571 caetera
2822 1517 2997 1571 etiam
3028 1516 3135 1571 hoc
3166 1517 3265 1585 ait,
3290 1518 3329 1571 A
3350 1515 3570 1589 sacriﬁ-

1921 1609 2025 1663 ciis
2056 1605 2395 1661 salutarium
2420 1607 2667 1677 ﬁliorum
2696 1608 2868 1661 Israel
2895 1607 3182 1660 brachium
3201 1608 3498 1662 ablationis
3521 1615 3574 1663 et

1916 1696 2290 1767 pectusculum
2312 1697 2709 1767 segregationis
2766 1711 2930 1763 super
2954 1694 3163 1750 hostias
3185 1695 3409 1767 adipum
3439 1696 3573 1767 olle-

1921 1795 2061 1853 rent,
2092 1786 2522 1855 segregationem
2554 1801 2845 1855 segregare
2872 1790 3004 1839 ante
3033 1784 3222 1839 Deum.
3242 1786 3305 1840 Et
3336 1788 3444 1839 erit
3475 1784 3577 1839 tibi

1922 1883 1973 1929 et
2000 1874 2135 1943 ﬁliis
2186 1875 2293 1929 tuis
2324 1878 2375 1929 et
2427 1873 2647 1943 ﬁliabus
2697 1875 2807 1928 tuis
2840 1882 3011 1928 tecum
3058 1874 3364 1942 legitimum
3411 1878 3573 1931 «Βίεν-

1922 1980 2088 2025 num;
2120 1980 2253 2019 cum
2285 1963 2396 2018 hoc
2427 1968 2614 2017 totum
2650 1963 2825 2017 finem
2859 1962 3067 2018 fuisset
3097 1962 3459 2019 habiturum.

1995 2070 2102 2138 [1b.
2136 2087 2214 2135 x1,
2235 2070 2313 2140 9.]
2334 2073 2476 2124 Cum
2499 2070 2569 2124 de
2588 2068 2985 2123 animantibus
3013 2086 3138 2140 quas
3164 2070 3219 2123 in
3243 2069 3407 2139 aquis
3434 2073 3576 2125 sunt

1925 2160 2278 2231 praeciperet,
2302 2175 2427 2229 quas
2451 2158 2785 2213 sinteorum
2814 2158 3032 2211 munda
3048 2157 3134 2213 vel
3167 2158 3493 2225 immunda,
3514 2158 3576 2213 In

1924 2251 2105 2317 aquis,
2130 2248 2340 2318 inquit,
2365 2255 2416 2302 et
2433 2250 2488 2301 in
2507 2251 2671 2311 mari,
2693 2256 2744 2301 et
2772 2248 2830 2300 in
2855 2249 3203 2302 torrentibus.
3219 2248 3327 2302 Sed
3353 2250 3409 2301 in
3428 2248 3580 2302 mari

1924 2336 2089 2392 latini
2109 2337 2337 2392 codices
2356 2338 2591 2401 habent,
2613 2336 2751 2407 quia
2769 2336 2946 2390 nimis
2965 2336 3223 2391 insolens
3251 2336 3361 2390 fuit
3378 2336 3574 2409 plura-

1922 2426 2035 2481 lem
2069 2442 2380 2481 numerum
2409 2426 2723 2480 transferre
2756 2426 2826 2479 de
2848 2442 3054 2497 gnsco,
3079 2432 3274 2480 etnon
3303 2427 3492 2481 dicere
3518 2428 3579 2480 in

1924 2516 2200 2582 mari,sed
2226 2516 2285 2569 in
2306 2514 2834 2579 maribus,maxime
2851 2518 3087 2584 propter
3109 2514 3575 2585 ambiguitatem,

1925 2622 1997 2660 ne
2029 2622 2142 2659 non
2176 2604 2379 2670 maria,
2406 2603 2505 2659 sed
2532 2619 2722 2658 mares
2754 2601 3242 2673 intelligerentur,
3265 2602 3322 2656 id
3347 2608 3436 2657 est
3461 2620 3578 2658 ma-

1926 2693 2071 2750 sculi
2096 2711 2108 2750 :
2131 2709 2264 2749 nam
2298 2691 2482 2747 nihilo
2506 2691 2703 2746 minus
2730 2689 2990 2746 insolens
3008 2694 3116 2757 est,
3141 2691 3241 2746 sed
3267 2695 3463 2747 tamen
3487 2692 3576 2747 in-

1924 2787 2307 2853 terpretatum
2339 2787 2430 2835 est
2460 2782 2531 2835 de
2554 2779 2961 2850 sanguinibus,
2988 2780 3127 2850 quia
3158 2778 3341 2835 latina
3372 2781 3577 2852 lingua

1926 2871 2233 2943 sanguinis
2248 2885 2556 2925 numerum
2587 2868 2871 2940 pluralem
2887 2884 3002 2923 non
3029 2869 3346 2940 recipit,vel
3369 2870 3426 2923 in
3447 2870 3573 2941 ipso

1926 2960 2283 3015 nominativo
2306 2959 2618 3014 casu.Nam
2638 2958 2747 3013 etsi
2770 2958 2842 3013 ab
2856 2974 2921 3013 eo
2938 2959 3090 3028 quod
3112 2964 3200 3013 est
3221 2974 3378 3014 mare
3402 2974 3574 3013 nemo

1927 3048 2710 3119 dicitmaribus,dicunturta
2723 3064 2850 3102 men
2874 3046 3227 3113 maria,cum
3252 3048 3572 3119 sanguines

1928 3156 2043 3193 non
2068 3138 2419 3207 dicantur,et
2438 3142 2632 3191 tamen
2657 3136 2940 3207 scriptum
2965 3141 3072 3206 est,
3088 3137 3281 3191 Libera
3299 3154 3385 3191 me
3399 3155 3429 3191 a
3448 3154 3573 3193 san-

1928 3227 2188 3298 guinibus
2209 3226 2378 3297 (Psal.
2405 3243 2454 3294 L,
2480 3226 2560 3291 16)
2581 3242 2593 3289 ;
2619 3229 2696 3287 et,
2716 3225 2827 3279 Non
2846 3224 3180 3294 congregabo
3196 3226 3577 3280 conventicula

1929 3334 2116 3373 eorum
2143 3316 2209 3371 de
2238 3314 2603 3387 sanguinibus
2625 3313 2794 3383 (Psal.
2821 3330 2914 3380 xv,
2940 3315 3013 3381 4).
3047 3313 3194 3385 Ergo
3225 3318 3282 3368 et
3311 3314 3576 3369 maribus

1932 3406 2013 3462 ita
2034 3406 2147 3461 dici
2172 3411 2366 3477 posset
2385 3402 2585 3467 nisi,ut
2608 3400 3108 3473 dixi,ambiguitas
3123 3401 3418 3457 vitaretur.
3435 3403 3576 3458 Tor-

1934 3500 2124 3552 rentes
2138 3512 2269 3550 vero
2290 3496 2399 3549 isto
2415 3492 2538 3547 loco
2558 3508 2661 3563 pro
2682 3490 3028 3546 fluminibus
3042 3492 3238 3562 posuit
3255 3491 3580 3563 Scriptura,

1935 3602 2065 3641 cum
2084 3588 2369 3639 torrentes
2388 3581 2618 3653 proprie
2633 3580 2899 3635 dicantur
2913 3578 3180 3634 hiemales
3196 3578 3353 3633 fluvii
3367 3578 3465 3650 qui
3478 3578 3585 3634 sic-

1936 3679 2142 3730 cantur
2172 3676 2391 3740 aestate,
2425 3676 2480 3724 et
2517 3670 2645 3724 ideo
2695 3668 2882 3740 pisces
2914 3666 3126 3723 habere
3158 3685 3273 3723 non
3308 3672 3580 3739 possunt.

1937 3763 2099 3819 Unde
2120 3760 2383 3816 nonnulli
2402 3759 2747 3829 interpretes
2772 3757 3079 3812 nostrinon
3098 3760 3382 3812 torrentes
3405 3756 3587 3814 inter-

1939 3850 2175 3925 pretari,
2207 3850 2307 3904 sed
2332 3849 2578 3903 ﬂumina
2603 3846 2954 3900 maluerunt.
2980 3845 3121 3900 Poni
3146 3850 3341 3901 autem
3365 3845 3423 3899 in
3444 3844 3588 3900 Scri-

1940 3940 2129 4015 pturis
2158 3942 2444 3993 torrentes
2477 3952 2578 4006 pro
2628 3934 2976 3989 ﬂuminibus
3025 3934 3189 3989 locus
3240 3933 3336 3989 ille
3366 3933 3587 3989 Psalmi

1941 4030 2084 4087 satis
2115 4026 2371 4084 ostendit
2402 4024 2500 4080 ubi
2534 4022 2765 4095 legitur,
2798 4024 2860 4077 Et
2892 4027 3131 4078 torrente
3160 4024 3451 4095 voluptatis
3479 4028 3587 4080 tusc

1938 4120 2157 4193 potabis
2186 4133 2291 4174 eos.
2326 4115 2451 4170 Non
2483 4113 2637 4169 enim
2688 4111 2803 4168 tale
2836 4112 3058 4183 aliquid
3110 4112 3359 4185 intelligi
3408 4112 3591 4169 voluit

1943 4208 2179 4267 nomine
2209 4203 2483 4263 torrentis
2508 4202 2663 4275 quod
2692 4202 2763 4257 ad
2789 4205 3022 4272 tempus
3056 4200 3279 4269 ﬂueret,
3295 4218 3360 4257 ac
3382 4201 3590 4258 deinde

1944 4301 2284 4365 siccaretur,
2320 4310 2453 4350 cum
2487 4296 2769 4363 sequatur
2792 4295 2848 4346 et
2878 4290 3053 4358 dicat,
3074 4292 3345 4359 Quoniam
3376 4292 3522 4363 apud
3538 4299 3593 4348 te

1943 4396 2019 4446 est
2050 4390 2173 4459 fons
2201 4388 2325 4443 vitae
2356 4382 2529 4455 (Psal.
2553 4398 2724 4449 xxxv,
2755 4381 2809 4447 9,
2846 4380 2933 4451 10)
2960 4398 2973 4448 ;
3002 4396 3127 4452 quas
3148 4382 3349 4452 utique
3379 4386 3594 4436 interna

1946 4484 2035 4535 est
2062 4483 2119 4532 et
2148 4474 2508 4532 indeficiens.

2019 4566 2123 4639 [1b.
2154 4565 2213 4620 2-1
2233 4564 2267 4635 .]
2294 4562 2394 4619 Sed
2411 4562 2527 4618 haec.
2550 4561 2718 4615 edetis
2740 4576 2772 4614 a
2793 4560 3105 4631 repentibus
3126 4557 3456 4628 volatilibus,
3472 4573 3591 4628 qua

1946 4657 2234 4713 ambulant
2262 4669 2428 4723 super
2454 4655 2710 4721 quatuor,
2734 4665 2853 4719 qua
2887 4648 3083 4703 habent
3109 4663 3276 4702 crura
3304 4650 3591 4715 superiora

1946 4748 2140 4821 pedum
2173 4745 2288 4806 eius
2319 4760 2332 4797 :
2367 4757 2479 4795 non
2515 4738 2679 4806 dixit,
2712 4739 2927 4808 pedum
2960 4753 3223 4791 suorum.

2022 4856 2126 4926 [1b.
2161 4854 2274 4922 44.]
2306 4853 2368 4905 Bt
2416 4848 2577 4903 eritis
2625 4847 2826 4914 sancti,
2880 4846 3141 4915 quoniam
3185 4851 3407 4902 sanctus
3449 4861 3590 4917 ego:

1952 4942 2305 5003 subauditur
2335 4953 2465 4994 sum
2493 4953 2505 5002 ;
2545 4936 2699 4989 unde
2724 4932 2986 5005 plerique
3018 4934 3202 4989 nostri
3233 4934 3596 5006 interpretati

1953 5038 2115 5099 sunt,
2147 5030 2407 5104 quoniam
2433 5028 2659 5080 sanctus
2691 5040 2812 5078 sum
2839 5040 2965 5093 ego.

2028 5143 2132 5215 [1b.
2166 5154 2266 5202 xu,
2298 5135 2368 5207 1.]
2395 5135 2459 5188 Et
2481 5132 2689 5186 locutus
2708 5134 2783 5186 est
2807 5130 3597 5203 DominusadMoysendicens.

1953 5234 2082 5289 Haec
2099 5230 2186 5284 usi
2199 5224 2484 5281 latissima
2496 5221 2709 5277 locutio
2724 5225 2810 5276 est
2823 5226 2877 5276 et
2891 5222 3240 5277 creberrima
3261 5222 3319 5275 in
3338 5220 3599 5292 Scriptu-

1957 5325 2058 5387 ris,
2084 5322 2292 5375 locutus
2316 5317 2391 5368 est
2412 5310 2733 5367 dicens.Sed
2761 5327 2827 5365 ea
2850 5329 2974 5382 quis
2997 5309 3487 5382 sequitur,rarius
3509 5326 3601 5366 re-

1956 5411 2271 5487 peritur,et
2298 5401 2462 5459 latini
2485 5400 2774 5456 sermonis
2797 5405 3049 5455 coarctat
3071 5400 3355 5472 inepiam:
3377 5416 3603 5471 graecus

1958 5503 2115 5560 enim
2141 5496 2336 5564 habet,
2370 5489 2459 5545 καὶ
2484 5487 2620 5563 ἐρεῖς
2642 5487 2775 5563 πρὸς
2800 5486 2991 5550 αὐτοὺς
3018 5486 3215 5561 λέγων,
3250 5489 3403 5560 quod
3425 5488 3604 5543 latine

1958 5586 2202 5663 exprimi
2218 5583 2508 5657 posset,et
2538 5578 2694 5634 dices
2716 5578 2787 5631 ad
2809 5594 2905 5633 eos
2929 5578 3157 5645 dicens;
3183 5577 3382 5633 minus
3405 5580 3603 5633 autem

1961 5679 2220 5747 offendit,
2246 5675 2295 5732 si
2313 5673 2563 5739 dicatur,
2586 5672 2642 5725 et
2659 5667 2889 5739 inquies
2902 5668 2973 5723 ad
2988 5684 3087 5723 eos
3110 5667 3340 5738 dicens;
3364 5672 3421 5725 et
3440 5665 3604 5725 simi-
