3986 6180
343 285 459 343 519

343 417 459 470 lius
485 419 575 468 est
621 427 829 484 graeco,
862 408 1001 485 quia
1032 413 1087 463 et
1136 406 1232 461 ille
1294 422 1405 460 non
1461 402 1624 470 dixit,
1658 398 1826 469 λέξεις
1858 397 1994 473 πρὸς

346 501 539 563 αὐτὸὒς
575 497 774 573 λέγων,
802 499 923 563 sed,
952 495 1088 568 ἐρεῖς
1120 494 1253 569 πρὸς
1286 490 1478 551 αὐτοὺς
1511 489 1708 564 λέγων.

420 610 719 685 [Ib.xu,2.]
748 607 953 663 Mulier
975 617 1328 676 quaecumque
1348 616 1531 656 semen
1546 598 1813 670 receperit
1833 604 1885 650 et
1904 610 1994 665 pe-

342 682 550 773 pererit
578 697 958 760 masculum,et
988 690 1265 747 immunda
1292 692 1398 745 erit
1418 698 1621 759 septem
1645 687 1758 741 dies
1778 704 1794 739 .'
1814 682 1997 739 nostri

349 772 613 862 plerique
636 786 951 840 noluerunt
975 781 1312 849 transferre,
1334 780 1434 833 sed
1459 779 1537 832 ita
1567 776 1859 842 dixerunt,
1884 772 1997 826 Mu-

350 880 455 935 lier
471 888 823 949 quaecumque
838 887 1019 928 semen
1038 871 1303 941 receperit
1322 877 1371 924 et
1381 867 1656 939 pepererit
1674 863 1999 928 masculum,

351 964 638 1022 immunda
659 964 765 1017 erit
794 966 997 1032 septem
1020 959 1154 1014 dies.
1183 957 1288 1014 Illa
1317 973 1453 1028 ergo
1477 955 1690 1011 locutio
1722 951 2001 1026 quoniam

352 1061 407 1112 et
435 1069 623 1127 graeco
656 1050 888 1123 eloquio
918 1048 1204 1103 inusitata
1227 1051 1337 1117 est,
1368 1050 1567 1117 posset
1599 1060 1701 1099 nec
1734 1043 1790 1096 in
1819 1055 2003 1112 graeco

350 1142 655 1200 transferri
691 1160 704 1197 :
737 1140 873 1210 quia
911 1156 1041 1195 vero
1095 1154 1221 1193 eam
1259 1136 1485 1192 Graecos
1537 1132 1857 1190 transferre
1889 1144 2004 1185 non

353 1234 562 1308 piguit,
596 1247 699 1286 cur
731 1229 971 1285 Latinos
1005 1226 1281 1299 piguerit,
1316 1224 1541 1297 ignoro.

426 1340 533 1411 [11).
566 1338 644 1409 4.]
676 1338 927 1405 Triginta
964 1342 1015 1389 et
1064 1338 1173 1387 tres
1203 1333 1319 1387 dies
1347 1335 1362 1368 ί
1395 1331 1599 1387 sedebit
1650 1333 1712 1384 in
1738 1326 2005 1397 sanguine

354 1429 560 1485 mundo
581 1442 697 1482 suo.
719 1423 1001 1481 Similiter
1016 1428 1073 1477 et
1097 1422 1167 1477 de
1189 1420 1289 1476 illa
1307 1438 1433 1492 quae
1458 1419 1737 1475 feminam
1761 1413 2005 1488 peperit,

358 1519 583 1574 dictum
616 1520 726 1582 est,
758 1513 967 1568 sedebit
1000 1514 1058 1566 in
1090 1512 1358 1581 sanguine
1386 1508 1592 1563 mundo
1623 1523 1741 1571 suo,
1765 1506 1862 1560 sed
1897 1505 2008 1558 du-

358 1606 587 1679 plicatis
609 1604 829 1660 eisdem
849 1601 1078 1668 diebus,
1103 1600 1158 1653 id
1192 1604 1299 1665 est,
1321 1598 1627 1669 sexaginta
1648 1612 1749 1651 sex
1779 1593 2006 1648 diebus.

356 1694 568 1751 Sedebit
598 1710 731 1765 ergo
765 1691 989 1746 dictum
1023 1694 1110 1745 est
1141 1687 1424 1755 manebit,
1456 1702 1571 1741 non
1603 1684 1761 1741 enim
1795 1698 1896 1753 per
1927 1682 2013 1735 tot

357 1786 482 1840 dies
512 1784 583 1838 de
614 1781 757 1837 sella
787 1780 837 1835 ei
868 1794 1105 1851 surgere
1137 1794 1251 1833 non
1287 1776 1518 1831 licebat.

432 1892 537 1964 [11).
571 1906 693 1955 xm,
726 1888 805 1959 2.]
839 1886 1067 1942 Homini
1094 1886 1145 1940 si
1173 1885 1265 1939 cui
1290 1885 1439 1954 facta
1455 1883 1623 1951 fuerit
1653 1881 1711 1934 in
1740 1882 1862 1932 cute
1889 1892 2013 1931 cor-

355 1985 505 2055 poris
528 1983 644 2047 eius
664 1978 900 2033 cicatrix
918 1977 1067 2045 signi
1093 1974 1295 2029 lucida.
1326 1972 1655 2026 Notandum
1682 1966 2012 2022 cicatricem

358 2074 550 2127 dicere
578 2070 939 2139 Scripturam
988 2080 1102 2118 non
1152 2061 1432 2129 vulneris,
1466 2060 1566 2115 sed
1620 2058 1797 2112 etiam
1829 2055 2014 2110 solius

361 2159 570 2215 coloris
600 2160 821 2210 notam.

436 2266 542 2336 [11).
573 2263 654 2333 2.]
686 2262 750 2315 Et
781 2260 954 2330 fuerit
983 2260 1042 2312 in
1073 2264 1192 2311 cute
1218 2256 1421 2311 coloris
1452 2254 1567 2324 ejus
1598 2259 1775 2307 tactus
1809 2250 1975 2320 leprae
2000 2264 2013 2303 :

365 2358 587 2411 tactum
623 2351 765 2405 dicit
795 2349 986 2419 ipsam
1020 2344 1340 2410 maculam,
1372 2343 1529 2413 quod
1559 2341 1684 2413 ipse
1730 2340 1904 2394 homo
1936 2336 2015 2392 le-

369 2461 475 2517 pra
504 2442 581 2497 sit
609 2444 822 2493 tactus.

440 2549 548 2621 [1b.
580 2547 657 2616 3.]
691 2549 753 2600 Et
777 2543 980 2599 videbit
998 2558 1123 2596 eum
1143 2539 1408 2605 sacerdos,
1434 2542 1485 2593 et
1510 2535 1829 2609 inquinabit
1848 2549 1975 2588 eum
2000 2546 2012 2586 :

370 2656 474 2712 pro
507 2654 574 2693 eo
606 2635 757 2707 quod
793 2636 899 2702 est,
936 2630 1305 2702 inquinatum
1343 2625 1766 2700 pronuntiabit.

443 2745 551 2817 [11).
584 2742 663 2814 3.]
696 2742 761 2797 Et
786 2740 938 2813 pilus
959 2740 1056 2810 qui
1075 2740 1153 2793 est
1175 2738 1235 2792 in
1262 2740 1416 2791 tactu
1445 2739 1800 2791 convertatur
1820 2730 2009 2787 albus:

374 2835 431 2889 id
465 2836 574 2901 est,
608 2834 977 2886 convertatur
1000 2828 1059 2881 in
1092 2826 1312 2881 album.

444 2940 554 3012 [11).
586 2939 664 3007 6.]
693 2938 755 2991 Et
768 2934 1023 3008 purgabit
1039 2950 1162 2989 eum
1178 2932 1468 2993 sacerdos;
1495 2934 1717 3000 signum
1738 2930 1886 2984 enim
1901 2937 1979 2985 est
2000 2946 2013 2984 :

377 3032 691 3103 purgatum
751 3023 1192 3097 pronuntiabit;
1242 3022 1417 3086 sicut,
1468 3019 1822 3091 inquinabit,
1860 3018 2016 3089 quod

375 3134 555 3191 supra
583 3114 747 3183 dixit,
781 3113 1153 3185 inquinatum
1185 3109 1609 3183 pronuntiabit.

440 3224 552 3294 [11).
583 3225 638 3290 7,
672 3222 749 3291 8.]
782 3222 844 3275 Et
874 3219 1071 3275 viderit
1100 3234 1226 3273 eum
1254 3217 1530 3284 sacerdos,
1554 3219 1604 3270 et
1634 3230 1750 3270 ecce
1776 3230 2017 3270 commu-

370 3319 490 3370 tata
517 3318 596 3368 est
623 3310 959 3379 signiﬁcatio
980 3310 1040 3362 in
1069 3311 1210 3373 cute,
1233 3310 1285 3361 et
1306 3305 1626 3375 inquinabit
1658 3304 1820 3357 illum
1845 3320 2020 3357 sacer-

374 3404 471 3459 dos
506 3420 517 3457 :
556 3401 687 3471 plus
724 3400 915 3461 habet,
939 3407 988 3452 et
1010 3414 1029 3458 ;
1062 3412 1199 3450 nam
1230 3410 1297 3449 ea
1323 3393 1731 3463 conjunctione
1762 3393 2021 3447 detracta

373 3492 603 3562 integer
624 3504 834 3543 sensus
861 3491 950 3541 est
980 3486 1088 3540 hoc
1114 3484 1311 3550 modo,
1336 3483 1394 3537 Si
1417 3492 1599 3537 autem
1618 3498 1880 3536 conversa
1900 3484 2020 3550 fue-

376 3583 453 3635 rit
478 3578 811 3648 signiﬁcatio
832 3576 889 3629 in
918 3578 1060 3637 cute,
1080 3582 1427 3643 posteaquam
1448 3573 1583 3624 vidit
1604 3586 1730 3625 eum
1753 3571 2019 3638 sacerdos,

378 3676 437 3723 ut
484 3669 684 3737 purget
715 3663 904 3729 illum,
938 3672 987 3717 et
1036 3664 1184 3716 visus
1212 3663 1385 3730 luerit
1428 3660 1604 3714 denuo
1650 3660 1938 3725 sacerdoti,
1971 3663 2024 3714 et

375 3757 575 3812 viderit
604 3770 729 3809 eum
755 3754 1034 3819 sacerdos,
1067 3755 1117 3805 et
1147 3766 1265 3806 ecce
1294 3757 1626 3805 commutata
1648 3758 1723 3805 est
1751 3750 2026 3820 signiﬁca-

375 3846 449 3903 tio
482 3848 540 3900 in
569 3849 709 3912 cute,
739 3841 1056 3913 inquinabit
1086 3841 1245 3895 illum
1275 3838 1547 3894 sacerdos.

453 3954 559 4024 [11).
592 3952 647 4017 9,
682 3950 793 4021 10.]
831 3950 893 4004 Et
924 3953 1097 4003 tactus
1147 3948 1337 4018 lepra’,
1369 3948 1419 4001 si
1466 3948 1642 4016 fuerit
1697 3948 1754 4001 in
1787 3945 2025 4012 homine,

378 4045 561 4101 veniet
590 4040 659 4096 ad
698 4041 1056 4105 sacerdotem,
1086 4048 1137 4093 et
1182 4037 1396 4094 videbit
1428 4035 1698 4099 sacerdos,
1729 4044 1777 4091 et
1807 4052 1923 4091 ecce
1949 4036 2027 4090 ci-

384 4134 564 4188 catria
596 4130 725 4185 alba
755 4131 813 4184 in
855 4136 994 4193 cute,
1026 4130 1078 4182 et
1106 4128 1220 4181 hac
1266 4128 1503 4180 mutavit
1530 4127 1708 4195 pilum
1737 4123 1951 4185 album,
1983 4130 2035 4178 et

383 4240 417 4279 a
445 4237 579 4278 sano
609 4221 794 4274 carnis
822 4221 965 4273 viva:
994 4220 1055 4272 in
1102 4218 1353 4271 cicatrice
1385 4232 1397 4269 :
1431 4215 1486 4269 id
1520 4220 1629 4285 est,
1666 4216 1912 4269 mutavit
1942 4214 2032 4285 pi-

384 4312 508 4366 lum
538 4310 597 4363 in
621 4307 820 4363 album
844 4306 1093 4362 colorem
1126 4305 1182 4359 in
1214 4304 1564 4372 cicatricem,
1588 4304 1822 4358 mutavit
1851 4307 2035 4359 autem

386 4419 419 4455 a
449 4414 582 4454 sano
611 4398 796 4452 carnis
841 4398 1000 4461 vivae,
1035 4395 1093 4447 id
1145 4399 1252 4457 est,
1300 4393 1437 4463 quia
1464 4408 1577 4446 non
1624 4393 1799 4447 talem
1848 4392 2033 4463 pilum

388 4489 587 4555 habet,
623 4485 777 4557 quod
811 4500 1021 4540 sanum
1050 4487 1139 4537 est
1165 4482 1221 4536 in
1255 4497 1426 4535 carne
1457 4480 1625 4534 vivat.

458 4596 565 4669 [11).
599 4594 693 4663 45,
723 4592 792 4665 1,6
818 4591 895 4662 (a)
922 4593 941 4661 ]
970 4591 1044 4645 De
1065 4589 1295 4661 leproso
1318 4604 1449 4643 cum
1475 4586 1833 4658 loqueretur,
1858 4586 1956 4656 ait,
1976 4588 2040 4643 Et

389 4683 705 4742 immundus
726 4680 1043 4737 immundus
1067 4678 1377 4742 vocabitur;
1397 4676 1563 4748 quasi
1588 4694 1697 4731 non
1721 4676 1863 4731 satis
1885 4680 2041 4732 esset

390 4773 570 4830 semel
587 4768 1780 4841 dicere,immundusvocabitur.Quanquam
1797 4767 2041 4822 nonnul-

394 4864 435 4919 li
468 4861 698 4918 codices
730 4862 809 4915 ita
840 4860 1114 4928 habeant,
1148 4858 1206 4912 in
1239 4855 1353 4912 alio
1384 4873 1570 4929 graeco
1602 4855 1681 4911 ita
1710 4856 2041 4911 invenimus

393 4950 574 5008 semel
633 4948 875 5015 dictum,
924 4948 1241 5003 immundus
1290 4947 1592 5002 vocabitur.
1658 4949 1795 4999 Item
1867 4944 2040 5017 paulo

394 5043 527 5114 post
558 5036 721 5106 dicit,
758 5037 891 5091 Cum
919 5039 990 5091 sit
1016 5035 1354 5103 immundus,
1384 5035 1698 5091 immundus
1720 5036 1855 5102 erit;
1890 5033 2041 5105 quod

397 5132 455 5185 in
492 5127 738 5184 latinum
764 5126 833 5181 de
865 5143 1048 5198 graeco
1073 5143 1185 5180 non
1222 5126 1371 5181 sicut
1396 5127 1647 5196 positum
1677 5129 1765 5180 est
1796 5123 2043 5195 exprimi

396 5218 628 5292 potuit:
663 5216 744 5269 ait
786 5213 941 5269 enim
990 5215 1244 5285 GPCBCUS,
1292 5212 1588 5287 ἀκάθαρτος
1642 5209 1715 5265 ὥν
1744 5212 2041 5286 ἀκάθαρτος

397 5307 575 5363 ἕσταιε
603 5303 770 5377 quasi
792 5303 1027 5369 diceret,
1044 5302 1306 5357 immqu
1321 5320 1386 5357 us
1410 5303 1682 5370 existens,
1701 5303 2045 5357 immundus

396 5397 507 5455 erit
530 5413 543 5453 ζ
569 5395 666 5451 sed
702 5410 815 5447 non
851 5392 959 5447 hoc
979 5397 1069 5447 est
1090 5392 1365 5458 existens,
1392 5392 1542 5462 quod
1570 5408 1791 5463 grwcus
1824 5385 1914 5459 ὥν,
1943 5391 2042 5446 sed

468 5548 482 5580 ι
521 5545 664 5617 Μβοη
694 5556 785 5591 sea:
815 5542 938 5591 dies.
973 5541 1074 5591 Sed
1107 5541 1273 5603 liquet
1301 5538 1584 5602 legendum
1608 5539 1693 5587 hic
1716 5540 1873 5603 juxta
1903 5541 2042 5602 LXX,

405 5608 708 5733 "afﬁne
731 5667 867 5718 liber
896 5667 1085 5719 tertius
1115 5665 1303 5729 incipit
1330 5665 1383 5715 in
1415 5664 1562 5729 prius
1592 5663 1765 5715 editis.

1090 268 1598 334 LOCUTIONUM
1643 268 1706 328 S.
1755 260 2180 328 AUGUSTINI
2230 261 2307 320 IN
2352 254 3005 319 HEPTATEUCHUM

3638 252 3749 316 520

2110 396 2157 450 si
2193 394 2304 449 dici
2337 395 2554 466 posset,
2587 408 2810 458 essene,
2844 391 2913 445 ab
2945 405 3010 444 eo
3043 386 3195 460 quod
3226 392 3328 456 est
3355 404 3509 458 esse,
3542 404 3657 442 non
3686 388 3753 443 ab

2110 502 2175 541 eo
2208 485 2362 556 quod
2395 487 2483 538 est
2512 482 2775 537 existere.

2182 575 2290 645 [11).
2323 590 2445 641 xm,
2478 573 2592 642 47.]
2624 574 2685 626 Et
2734 572 3055 625 vestimento
3097 568 3146 623 si
3172 569 3347 637 fuerit
3398 568 3458 622 in
3505 583 3565 622 eo
3597 570 3762 622 tactus

2116 665 2283 733 [sprge
2316 679 2326 716 :
2364 661 2550 733 potuit
2583 660 2797 716 usitate
2848 659 2927 713 ita
2961 658 3170 728 dicere,
3228 658 3296 712 Et
3326 657 3385 712 in
3418 657 3763 713 vestimento

2115 752 2163 806 si
2197 750 2371 806 fuerit
2400 755 2590 805 tactus
2622 749 2814 820 lepra.

2187 859 2294 929 [11).
2326 858 2442 929 51.]
2473 858 2575 912 Aut
2605 858 2665 911 in
2699 858 2856 911 omni
2885 871 3016 911 vase
3055 856 3313 926 pelliceo,
3346 855 3402 909 in
3436 869 3768 924 quocumque

2114 949 2285 1020 fuerit
2315 950 2372 1001 in
2403 963 2461 1002 eo
2494 950 2664 1001 tactus
2697 962 2710 1000 :
2745 948 2971 1017 poterat
3001 945 3143 1000 satis
3168 960 3324 1013 esse,
3344 944 3401 997 in
3436 958 3769 1015 quocumque

2114 1039 2289 1110 fuerit
2318 1043 2507 1091 tactus.

2190 1126 2295 1199 [11).
2328 1126 2443 1196 55.]
2478 1127 2539 1178 Et
2581 1139 2697 1179 ecce
2724 1139 2835 1178 non
2882 1123 3241 1177 commutavit
3272 1124 3455 1176 tactus
3502 1124 3773 1193 aspectum

2117 1232 2282 1271 suum
2313 1231 2325 1269 :
2359 1214 2418 1269 id
2451 1218 2541 1269 est
2562 1212 2814 1268 colorem
2838 1212 2895 1266 in
2920 1227 3095 1282 quem
3119 1210 3410 1282 aspicitur
3436 1226 3449 1277 ;
3484 1225 3599 1264 non
3622 1209 3772 1265 enim

2121 1309 2422 1376 sepectum
2456 1319 2569 1373 quo
2599 1300 2727 1373 ipse
2771 1300 2979 1373 aspicit
3012 1317 3024 1355 :
3059 1304 3285 1356 tactum
3337 1299 3562 1371 quippe
3589 1298 3773 1370 ipsam

2127 1392 2417 1449 maculam
2444 1391 2605 1446 dicit.

2200 1483 2304 1554 [11).
2338 1498 2451 1547 xw,
2490 1481 2599 1549 15.]
2634 1485 2699 1535 Et
2726 1481 2998 1550 accipiens
3018 1480 3277 1535 sacerdos
3306 1478 3375 1534 de
3402 1477 3630 1533 hemina
3648 1478 3773 1545 olei,

2126 1570 2484 1643 super/undet
2516 1572 2573 1624 in
2604 1586 2829 1624 manum
2857 1568 3151 1624 sacerdotis
3180 1570 3477 1623 sinistram
3510 1585 3523 1623 :
3555 1584 3667 1624 non
3694 1567 3775 1621 di-

2123 1662 2225 1728 xit,
2248 1661 2305 1715 in
2330 1676 2570 1715 manum
2595 1676 2762 1715 suam
2791 1658 3115 1729 sinistram,
3134 1675 3271 1714 cum
3297 1659 3509 1729 utique
3530 1657 3591 1713 in
3613 1676 3773 1715 suam

2128 1751 2315 1806 faciet.

2195 1840 2300 1907 [11).
2334 1855 2423 1900 xv.
2451 1838 2529 1911 2.]
2570 1840 2712 1903 Viro,
2746 1840 2866 1893 viro
2894 1839 3217 1910 cuicumque
3243 1839 3431 1908 fuerit
3459 1839 3620 1907 ﬂuor.

2200 1930 2305 1997 [11).
2342 1928 2453 1998 -16.]
2484 1929 2549 1983 Et
2577 1929 2732 1983 homo
2779 1930 3105 1998 cuicumque
3149 1930 3355 1983 exierit
3386 1943 3460 1983 ea:
3488 1943 3556 1984 eo
3586 1942 3775 1983 concu-

2129 2020 2269 2073 bitus
2299 2019 2545 2072 seminis.

2202 2108 2303 2173 [1b.
2335 2107 2394 2161 2|
2413 2107 2450 2178 .]
2480 2108 2544 2161 Et
2572 2123 2730 2162 omne
2773 2123 2938 2177 super
2982 2107 3358 2178 quodcumque
3387 2107 3593 2161 dormit
3623 2121 3776 2176 super

2126 2197 2268 2251 illud
2298 2214 2310 2251 :
2344 2201 2397 2251 et
2417 2212 2575 2251 omne
2591 2212 2757 2267 super
2777 2196 2920 2266 quod
2936 2195 3138 2251 sederit
3154 2212 3323 2267 super
3344 2196 3513 2263 illud,
3541 2198 3771 2251 immun-

2127 2286 2257 2341 dum
2285 2287 2412 2341 erit.

2198 2375 2300 2445 [11).
2334 2391 2446 2439 Χνι,
2474 2374 2532 2427 21
2550 2374 2588 2443 .]
2621 2378 2684 2430 Et
2713 2374 2916 2429 emittet
2948 2376 3007 2428 in
3028 2391 3198 2429 manu
3226 2374 3482 2430 hominis
3505 2376 3694 2444 parati
3720 2375 3773 2427 in

2126 2480 2372 2520 eremum
2406 2480 2417 2516 :
2454 2463 2508 2517 id
2541 2468 2648 2529 est,
2681 2463 2907 2518 emittet
2942 2462 3000 2517 iu
3050 2480 3315 2518 eremum
3351 2464 3413 2517 in
3465 2480 3642 2517 manu
3673 2463 3775 2517 ho-

2130 2552 2307 2607 minis
2327 2553 2395 2607 ad
2421 2552 2527 2607 hoc
2558 2558 2740 2622 parati
2766 2570 2777 2618 ;
2812 2552 2883 2606 de
2910 2551 3069 2607 hirco
3098 2552 3411 2607 emissario
3434 2551 3775 2623 loquebatur

2130 2659 2261 2697 cum
2297 2641 2405 2697 hoc
2443 2641 2659 2696 diceret
2690 2657 2702 2694 :
2738 2641 3065 2696 notandum
3112 2646 3200 2696 est
3230 2646 3435 2696 autem
3488 2640 3772 2711 quomodo

2132 2731 2285 2787 dicat
2315 2730 2638 2802 Scriptura,
2674 2732 2732 2785 in
2762 2747 2955 2784 manu.

2204 2820 2311 2891 [11).
2346 2837 2484 2883 xvu,
2515 2818 2593 2891 3.]
2626 2820 2810 2888 Homo,
2846 2819 3005 2874 homo
3053 2820 3301 2889 ﬁliarum
3335 2820 3505 2874 Israel
3540 2835 3551 2872 :
3586 2817 3642 2873 id
3672 2820 3772 2879 est,

2131 2925 2199 2965 ex
2229 2908 2365 2964 ﬁliis
2396 2908 2569 2963 Israel
2596 2926 2608 2962 :
2648 2909 2761 2962 ista
2801 2913 2994 2962 autem
3028 2907 3293 2978 repetitio
3322 2906 3647 2979 quemlibet
3675 2905 3773 2959 ho-

2134 2999 2350 3053 minem
2379 2998 2609 3052 videtur
2640 2996 2992 3067 significare,
3024 2996 3079 3051 id
3116 3002 3222 3065 est,
3257 2996 3358 3052 ille
3390 3001 3495 3051 aut
3523 2994 3638 3050 ille.

2203 3106 2311 3176 [11).
2338 3121 2501 3171 xvm,
2526 3104 2606 3173 7.]
2644 3103 3055 3174 Turpitudinem
3083 3106 3259 3174 patris
3289 3105 3377 3159 tui
3405 3112 3456 3158 et
3483 3100 3773 3173 turpitudi-

2130 3210 2256 3248 nem
2283 3193 2479 3247 matris
2510 3202 2618 3246 tuw
2648 3207 2755 3247 non
2786 3192 3050 3247 revelabis
3074 3209 3086 3246 :
3114 3192 3220 3247 hac
3250 3191 3547 3247 locutione
3577 3204 3774 3245 concu-

2132 3282 2319 3337 bitum
2350 3281 2532 3336 vetuit
2562 3297 2693 3335 cum
2729 3279 2820 3334 his
2850 3281 3134 3351 personis.

2204 3370 2309 3443 [11).
2351 3372 2456 3440 14.]
2490 3368 2902 3439 Turpitudinem
2931 3370 3132 3439 fratris
3159 3373 3339 3441 patris
3369 3373 3455 3426 tui
3500 3386 3607 3424 non
3637 3384 3772 3423 reve-

2136 3461 2299 3528 labis,
2333 3463 2384 3514 et
2424 3458 2500 3513 ad
2532 3474 2763 3514 uxorem
2811 3459 2928 3525 ejus
2975 3474 3083 3514 non
3133 3461 3396 3516 introibis
3430 3478 3443 3515 ε
3474 3462 3773 3530 propinqua

2134 3552 2285 3604 enim
2315 3554 2409 3602 tua
2437 3552 2516 3603 est
2549 3565 2560 3601 :
2597 3556 2647 3602 et
2682 3548 2893 3617 posuit,
2929 3565 3031 3618 pro
3065 3548 3119 3602 id
3152 3554 3276 3615 est;
3321 3550 3475 3604 hanc
3506 3550 3655 3603 enim
3687 3547 3772 3599 di—

2137 3639 2212 3694 cit
2246 3636 2668 3706 turpitudinem
2714 3634 2909 3690 fratris
2961 3636 3142 3705 patris
3193 3638 3344 3705 ejus,
3377 3638 3434 3692 id
3470 3642 3576 3707 est,
3610 3634 3776 3704 turpi-

2139 3728 2402 3782 tudinem
2434 3723 2646 3795 patrui,
2672 3724 2943 3793 pudenda
2977 3724 3174 3779 uxoris
3201 3727 3421 3796 patrui.

2215 3816 2320 3884 [11).
2352 3814 2464 3884 25.]
2500 3816 2559 3867 Et
2590 3812 2879 3867 exhorruit
2925 3816 3073 3868 terra
3099 3830 3185 3869 eos
3233 3816 3330 3885 qui
3362 3816 3605 3872 insident
3628 3826 3776 3884 super

2140 3922 2259 3961 eam
2290 3922 2307 3957 :
2341 3904 2394 3957 id
2425 3910 2534 3963 est.
2569 3902 2736 3955 sedes
2770 3900 3005 3971 habent,
3039 3904 3193 3974 quod
3226 3909 3313 3959 est
3345 3904 3627 3960 habitant.

2213 4013 2321 4083 [11).
2345 4028 2463 4075 xxx,
2496 4010 2571 4075 9.]
2604 4010 2667 4063 Et
2693 4010 3121 4079 permetentibus
3172 4011 3320 4067 vobis
3372 4028 3594 4068 messem
3622 4016 3775 4065 terra?

2143 4106 2359 4166 vestrae,
2391 4116 2500 4155 non
2527 4099 2819 4169 perﬁcietis
2866 4114 3094 4153 messem
3140 4104 3375 4157 vestram
3405 4102 3533 4170 agri
3560 4100 3643 4154 tui
3663 4111 3774 4168 per-

2144 4200 2363 4245 metere.
2402 4188 2516 4243 Hoc
2548 4188 2698 4259 quod
2736 4204 2767 4241 a
2798 4186 3005 4258 plurali
3030 4189 3224 4260 coepit,
3252 4194 3307 4245 et
3328 4193 3402 4247 ad
3436 4187 3772 4261 singularem

2148 4294 2457 4334 numerum
2474 4275 3100 4348 terminavit,plerique
3117 4277 3279 4333 latini
3303 4277 3663 4352 interpretari
3688 4289 3776 4329 no-

2148 4360 2408 4433 luerunt,
2435 4366 2531 4420 sed
2560 4365 2983 4435 dixerunt,agri
3006 4368 3296 4436 vestri,uhi
3320 4369 3540 4426 dictum
3560 4370 3642 4421 est
3659 4360 3775 4430 agri

2151 4459 2251 4525 tui,
2285 4455 2453 4527 quasi
2503 4470 2726 4525 graecus
2778 4454 2881 4508 hoc
2913 4471 3025 4509 non
3084 4461 3282 4527 posset
3330 4459 3566 4513 dicere:
3603 4450 3773 4521 magis

2151 4563 2286 4618 ergo
2316 4543 2531 4599 locutio
2560 4542 2814 4597 notanda
2847 4543 2954 4596 fuit
2986 4560 3161 4614 quam
3196 4546 3576 4601 e'nendanda.

2222 4653 2307 4722 [Ib
2362 4669 2451 4717 xx,
2482 4651 2590 4720 17.]
2615 4650 2957 4721 Quicumque
2975 4654 3244 4722 acceperit
3264 4669 3509 4709 sororem
3539 4665 3694 4705 suam
3716 4658 3775 4698 ex

2149 4755 2311 4816 patre
2338 4757 2434 4797 suo
2464 4748 2564 4795 aut
2606 4756 2674 4794 ea:
2702 4748 2875 4794 matre
2919 4757 3037 4806 sua,
3070 4746 3121 4795 et
3152 4741 3354 4797 viderit
3402 4738 3773 4813 turpitudinem

2153 4832 2290 4900 eius,
2320 4835 2370 4886 et
2403 4832 2516 4900 ipsa
2549 4828 2743 4883 viderit
2786 4830 3190 4900 turpitudinem
3228 4831 3367 4901 ejus,
3402 4825 3773 4900 turpitudinem

2154 4922 2356 4976 sororis
2411 4933 2528 4973 sua?
2585 4916 2870 4988 reuelauit,
2923 4927 3203 4988 peccatum
3260 4937 3426 4975 suum
3482 4915 3769 4987 accipient:

2156 5013 2454 5082 peccatum
2492 5005 2681 5078 posuit
2715 5023 2816 5077 pro
2849 5023 3016 5077 poena
3048 5010 3291 5079 peccati.

2229 5116 2331 5185 [11).
2360 5114 2475 5183 25.]
2510 5117 2571 5168 Et
2600 5113 2952 5182 segregabitis
2988 5118 3338 5187 vosmetipsos
3386 5118 3528 5171 inter
3554 5109 3768 5167 medium

2153 5222 2407 5278 pecorum
2425 5202 2774 5269 mundorum,
2791 5212 2840 5257 et
2862 5204 3008 5257 inter
3029 5204 3269 5259 medium
3292 5221 3539 5275 pecorum
3561 5202 3772 5255 immun-

2157 5297 2429 5359 dorum,et
2442 5295 2585 5347 inter
2598 5292 2840 5346 medium
2852 5293 3142 5347 volucrum
3154 5295 3485 5350 mundarum
3504 5297 3551 5346 et
3562 5290 3769 5345 immun-

2158 5387 2372 5442 darum.
2406 5380 2763 5452 Segregabitis
2796 5384 3154 5453 vosmetipsos,
3188 5382 3355 5452 dixit,
3387 5387 3529 5439 inter
3555 5373 3767 5432 medium

2157 5473 2489 5530 mundorum
2519 5474 2567 5524 et
2614 5470 3043 5537 immundorum,
3096 5472 3373 5543 quoniam
3425 5464 3769 5541 segregantur

2161 5562 2376 5620 munda
2391 5560 2460 5615 ab
2476 5559 2917 5626 immundis,vel
2933 5561 3214 5616 emundis
3229 5544 3767 5617 immundaznovaest

2162 5652 2400 5711 omnino
2423 5646 2659 5705 locutio.
2678 5646 2845 5703 Aliud
2869 5654 2959 5705 est
2978 5650 3497 5723 enim,Segregabis
3517 5646 3654 5703 inter
3666 5647 3765 5696 me-
