  <div class='ocr_page' id='page_1' title='image "/cluster/home/n/w/nwhite01/storage/ocr_20150623/34/hvd.32044096580576/270.png"; bbox 0 0 4098 6184; ppageno 0'>
   <div class='ocr_carea' id='block_1_1' title="bbox 298 135 409 195">
    <p class='ocr_par' dir='ltr' id='par_1_1' title="bbox 298 135 409 195">
     <span class='ocr_line' id='line_1_1' title="bbox 298 135 409 195; baseline 0.018 -2"><span class='ocrx_word' id='word_1_1' title='bbox 298 135 409 195; x_wconf 77' lang='grc'>529</span> 
     </span>
    </p>
   </div>
   <div class='ocr_carea' id='block_1_2' title="bbox 292 353 1926 422">
    <p class='ocr_par' dir='ltr' id='par_1_2' title="bbox 292 353 1926 422">
     <span class='ocr_line' id='line_1_2' title="bbox 292 353 1926 422; baseline -0.003 -13"><span class='ocrx_word' id='word_1_2' title='bbox 292 356 362 409; x_wconf 87' lang='lat' dir='ltr'>tis</span> <span class='ocrx_word' id='word_1_3' title='bbox 381 356 580 410; x_wconf 84' lang='lat' dir='ltr'>vestris</span> <span class='ocrx_word' id='word_1_4' title='bbox 601 368 655 409; x_wconf 85' lang='lat' dir='ltr'>et</span> <span class='ocrx_word' id='word_1_5' title='bbox 674 354 1015 410; x_wconf 81' lang='lat' dir='ltr'>voluntariis</span> <span class='ocrx_word' id='word_1_6' title='bbox 1038 353 1327 421; x_wconf 89' lang='lat' dir='ltr'>vestris,et</span> <span class='ocrx_word' id='word_1_7' title='bbox 1341 360 1633 419; x_wconf 79' lang='lat' dir='ltr'>caetera,ut</span> <span class='ocrx_word' id='word_1_8' title='bbox 1649 356 1926 422; x_wconf 81' lang='lat' dir='ltr'>cmperat;</span> 
     </span>
    </p>
   </div>
   <div class='ocr_carea' id='block_1_3' title="bbox 290 442 1928 515">
    <p class='ocr_par' dir='ltr' id='par_1_3' title="bbox 290 442 1928 515">
     <span class='ocr_line' id='line_1_3' title="bbox 290 442 1928 515; baseline -0.002 -17"><span class='ocrx_word' id='word_1_9' title='bbox 290 444 387 498; x_wconf 82' lang='lat' dir='ltr'>sed</span> <span class='ocrx_word' id='word_1_10' title='bbox 420 459 623 513; x_wconf 80' lang='lat' dir='ltr'>neque,</span> <span class='ocrx_word' id='word_1_11' title='bbox 652 444 903 515; x_wconf 87' lang='lat' dir='ltr'>Excepta</span> <span class='ocrx_word' id='word_1_12' title='bbox 932 449 1064 499; x_wconf 90' lang='lat' dir='ltr'>vota</span> <span class='ocrx_word' id='word_1_13' title='bbox 1087 450 1300 509; x_wconf 88' lang='lat' dir='ltr'>vestra,</span> <span class='ocrx_word' id='word_1_14' title='bbox 1324 447 1389 497; x_wconf 93' lang='lat' dir='ltr'>ut</span> <span class='ocrx_word' id='word_1_15' title='bbox 1410 444 1481 497; x_wconf 85' lang='lat' dir='ltr'>ab</span> <span class='ocrx_word' id='word_1_16' title='bbox 1511 443 1638 513; x_wconf 92' lang='lat' dir='ltr'>ipso</span> <span class='ocrx_word' id='word_1_17' title='bbox 1660 442 1815 495; x_wconf 89' lang='lat' dir='ltr'>velut</span> <span class='ocrx_word' id='word_1_18' title='bbox 1836 458 1928 496; x_wconf 92' lang='lat' dir='ltr'>so-</span> 
     </span>
    </p>
   </div>
   <div class='ocr_carea' id='block_1_4' title="bbox 288 528 1925 602">
    <p class='ocr_par' dir='ltr' id='par_1_4' title="bbox 288 528 1925 602">
     <span class='ocr_line' id='line_1_4' title="bbox 288 528 1925 602; baseline -0.003 -14"><span class='ocrx_word' id='word_1_19' title='bbox 288 532 538 588; x_wconf 87' lang='lat' dir='ltr'>lcscismo</span> <span class='ocrx_word' id='word_1_20' title='bbox 567 531 850 602; x_wconf 81' lang='lat' dir='ltr'>inciperet</span> <span class='ocrx_word' id='word_1_21' title='bbox 880 551 894 601; x_wconf 90' lang='lat'><strong>;</strong></span> <span class='ocrx_word' id='word_1_22' title='bbox 930 532 1031 587; x_wconf 91' lang='lat' dir='ltr'>sed</span> <span class='ocrx_word' id='word_1_23' title='bbox 1064 548 1195 586; x_wconf 89' lang='lat' dir='ltr'>cum</span> <span class='ocrx_word' id='word_1_24' title='bbox 1230 534 1391 602; x_wconf 87' lang='lat' dir='ltr'>prius</span> <span class='ocrx_word' id='word_1_25' title='bbox 1415 535 1566 585; x_wconf 91' lang='lat' dir='ltr'>recte</span> <span class='ocrx_word' id='word_1_26' title='bbox 1597 529 1813 583; x_wconf 87' lang='lat' dir='ltr'>usitata</span> <span class='ocrx_word' id='word_1_27' title='bbox 1842 528 1925 583; x_wconf 88' lang='lat' dir='ltr'>lo-</span> 
     </span>
    </p>
   </div>
   <div class='ocr_carea' id='block_1_5' title="bbox 287 616 1924 692">
    <p class='ocr_par' dir='ltr' id='par_1_5' title="bbox 287 616 1924 692">
     <span class='ocr_line' id='line_1_5' title="bbox 287 616 1924 692; baseline -0.004 -16"><span class='ocrx_word' id='word_1_28' title='bbox 287 621 513 676; x_wconf 87' lang='lat' dir='ltr'>cutione</span> <span class='ocrx_word' id='word_1_29' title='bbox 543 620 809 687; x_wconf 78' lang='lat' dir='ltr'>dixisset,</span> <span class='ocrx_word' id='word_1_30' title='bbox 833 643 859 671; x_wconf 85' lang='grc'>‹‹</span> <span class='ocrx_word' id='word_1_31' title='bbox 884 620 1148 692; x_wconf 80' lang='lat' dir='ltr'>Exceptis</span> <span class='ocrx_word' id='word_1_32' title='bbox 1178 620 1326 675; x_wconf 87' lang='lat' dir='ltr'>votis</span> <span class='ocrx_word' id='word_1_33' title='bbox 1350 618 1593 684; x_wconf 80' lang='lat' dir='ltr'>vestris;</span> <span class='ocrx_word' id='word_1_34' title='bbox 1621 640 1648 666; x_wconf 84' lang='lat'><strong>»</strong></span> <span class='ocrx_word' id='word_1_35' title='bbox 1674 634 1741 672; x_wconf 90' lang='lat' dir='ltr'>ea</span> <span class='ocrx_word' id='word_1_36' title='bbox 1763 616 1924 672; x_wconf 88' lang='lat' dir='ltr'>dein-</span> 
     </span>
    </p>
   </div>
   <div class='ocr_carea' id='block_1_6' title="bbox 284 704 1924 779">
    <p class='ocr_par' dir='ltr' id='par_1_6' title="bbox 284 704 1924 779">
     <span class='ocr_line' id='line_1_6' title="bbox 284 704 1924 779; baseline -0.004 -16"><span class='ocrx_word' id='word_1_37' title='bbox 284 711 351 764; x_wconf 88' lang='lat' dir='ltr'>de</span> <span class='ocrx_word' id='word_1_38' title='bbox 380 708 646 779; x_wconf 86' lang='lat' dir='ltr'>adjunxit</span> <span class='ocrx_word' id='word_1_39' title='bbox 677 724 780 779; x_wconf 89' lang='lat' dir='ltr'>per</span> <span class='ocrx_word' id='word_1_40' title='bbox 823 709 1005 763; x_wconf 88' lang='lat' dir='ltr'>alium</span> <span class='ocrx_word' id='word_1_41' title='bbox 1062 725 1289 771; x_wconf 90' lang='lat' dir='ltr'>casum,</span> <span class='ocrx_word' id='word_1_42' title='bbox 1326 708 1424 761; x_wconf 92' lang='lat' dir='ltr'>ubi</span> <span class='ocrx_word' id='word_1_43' title='bbox 1474 704 1778 761; x_wconf 89' lang='lat' dir='ltr'>subaudiri</span> <span class='ocrx_word' id='word_1_44' title='bbox 1810 720 1924 758; x_wconf 92' lang='lat' dir='ltr'>non</span> 
     </span>
    </p>
   </div>
   <div class='ocr_carea' id='block_1_7' title="bbox 284 792 1926 870">
    <p class='ocr_par' dir='ltr' id='par_1_7' title="bbox 284 792 1926 870">
     <span class='ocr_line' id='line_1_7' title="bbox 284 792 1926 870; baseline -0.005 -17"><span class='ocrx_word' id='word_1_45' title='bbox 284 798 486 870; x_wconf 84' lang='lat' dir='ltr'>possit,</span> <span class='ocrx_word' id='word_1_46' title='bbox 520 819 541 846; x_wconf 74' lang='grc' dir='ltr'>ι</span> <span class='ocrx_word' id='word_1_47' title='bbox 577 798 853 869; x_wconf 85' lang='lat' dir='ltr'>exceptis,</span> <span class='ocrx_word' id='word_1_48' title='bbox 875 817 902 849; x_wconf 73' lang='grc' dir='ltr'>ι</span> <span class='ocrx_word' id='word_1_49' title='bbox 932 798 1055 863; x_wconf 88' lang='lat' dir='ltr'>sed,</span> <span class='ocrx_word' id='word_1_50' title='bbox 1080 803 1354 867; x_wconf 77' lang='lat' dir='ltr'>excepta;</span> <span class='ocrx_word' id='word_1_51' title='bbox 1390 796 1544 866; x_wconf 92' lang='lat' dir='ltr'>quod</span> <span class='ocrx_word' id='word_1_52' title='bbox 1578 811 1693 849; x_wconf 88' lang='lat' dir='ltr'>non</span> <span class='ocrx_word' id='word_1_53' title='bbox 1720 792 1926 847; x_wconf 90' lang='lat' dir='ltr'>admit-</span> 
     </span>
    </p>
   </div>
   <div class='ocr_carea' id='block_1_8' title="bbox 278 886 1316 957">
    <p class='ocr_par' dir='ltr' id='par_1_8' title="bbox 278 886 1316 957">
     <span class='ocr_line' id='line_1_8' title="bbox 278 886 1316 957; baseline -0.004 -15"><span class='ocrx_word' id='word_1_54' title='bbox 278 887 344 942; x_wconf 89' lang='lat' dir='ltr'>tit</span> <span class='ocrx_word' id='word_1_55' title='bbox 374 902 477 940; x_wconf 90' lang='lat' dir='ltr'>nec</span> <span class='ocrx_word' id='word_1_56' title='bbox 509 902 695 957; x_wconf 68' lang='lat' dir='ltr'>graeca</span> <span class='ocrx_word' id='word_1_57' title='bbox 728 903 832 941; x_wconf 93' lang='lat' dir='ltr'>nec</span> <span class='ocrx_word' id='word_1_58' title='bbox 865 886 1045 941; x_wconf 86' lang='lat' dir='ltr'>latina</span> <span class='ocrx_word' id='word_1_59' title='bbox 1081 886 1316 940; x_wconf 89' lang='lat' dir='ltr'>locutio.</span> 
     </span>
    </p>
   </div>
   <div class='ocr_carea' id='block_1_9' title="bbox 345 970 1926 1047">
    <p class='ocr_par' dir='ltr' id='par_1_9' title="bbox 345 970 1926 1047">
     <span class='ocr_line' id='line_1_9' title="bbox 345 970 1926 1047; baseline -0.004 -18"><span class='ocrx_word' id='word_1_60' title='bbox 345 976 449 1047; x_wconf 88' lang='grc'><strong>[11).</strong></span> <span class='ocrx_word' id='word_1_61' title='bbox 486 992 616 1043; x_wconf 86' lang='lat' dir='ltr'>xxx,</span> <span class='ocrx_word' id='word_1_62' title='bbox 648 976 726 1045; x_wconf 93' lang='lat'>3.]</span> <span class='ocrx_word' id='word_1_63' title='bbox 760 998 787 1025; x_wconf 90' lang='grc'>‹‹</span> <span class='ocrx_word' id='word_1_64' title='bbox 837 976 1037 1042; x_wconf 85' lang='lat' dir='ltr'>Homo,</span> <span class='ocrx_word' id='word_1_65' title='bbox 1092 974 1265 1028; x_wconf 90' lang='lat' dir='ltr'>homo</span> <span class='ocrx_word' id='word_1_66' title='bbox 1307 974 1661 1043; x_wconf 79' lang='lat' dir='ltr'>quicumque</span> <span class='ocrx_word' id='word_1_67' title='bbox 1711 970 1926 1025; x_wconf 76' lang='lat' dir='ltr'>VOVOI&#39;lt</span> 
     </span>
    </p>
   </div>
   <div class='ocr_carea' id='block_1_10' title="bbox 279 1059 1921 1135">
    <p class='ocr_par' dir='ltr' id='par_1_10' title="bbox 279 1059 1921 1135">
     <span class='ocr_line' id='line_1_10' title="bbox 279 1059 1921 1135; baseline -0.004 -16"><span class='ocrx_word' id='word_1_68' title='bbox 279 1070 471 1125; x_wconf 87' lang='lat' dir='ltr'>votum</span> <span class='ocrx_word' id='word_1_69' title='bbox 504 1063 789 1119; x_wconf 89' lang='lat' dir='ltr'>Domino:</span> <span class='ocrx_word' id='word_1_70' title='bbox 828 1084 854 1114; x_wconf 75' lang='grc' dir='ltr'>ιο</span> <span class='ocrx_word' id='word_1_71' title='bbox 891 1081 993 1135; x_wconf 93' lang='lat' dir='ltr'>pro</span> <span class='ocrx_word' id='word_1_72' title='bbox 1021 1080 1086 1119; x_wconf 93' lang='lat' dir='ltr'>eo</span> <span class='ocrx_word' id='word_1_73' title='bbox 1119 1064 1272 1134; x_wconf 92' lang='lat' dir='ltr'>quod</span> <span class='ocrx_word' id='word_1_74' title='bbox 1326 1066 1433 1127; x_wconf 90' lang='lat' dir='ltr'>est,</span> <span class='ocrx_word' id='word_1_75' title='bbox 1484 1060 1677 1117; x_wconf 88' lang='lat' dir='ltr'>omnis</span> <span class='ocrx_word' id='word_1_76' title='bbox 1727 1059 1921 1114; x_wconf 93' lang='lat' dir='ltr'>homo.</span> 
     </span>
    </p>
   </div>
   <div class='ocr_carea' id='block_1_11' title="bbox 346 1148 1917 1225">
    <p class='ocr_par' dir='ltr' id='par_1_11' title="bbox 346 1148 1917 1225">
     <span class='ocr_line' id='line_1_11' title="bbox 346 1148 1917 1225; baseline -0.003 -18"><span class='ocrx_word' id='word_1_77' title='bbox 346 1153 450 1225; x_wconf 88' lang='grc'><strong>[11).</strong></span> <span class='ocrx_word' id='word_1_78' title='bbox 484 1154 564 1223; x_wconf 70' lang='grc'><strong>4.]</strong></span> <span class='ocrx_word' id='word_1_79' title='bbox 598 1176 626 1203; x_wconf 90' lang='grc'>‹‹</span> <span class='ocrx_word' id='word_1_80' title='bbox 658 1155 801 1208; x_wconf 88' lang='lat' dir='ltr'>Cum</span> <span class='ocrx_word' id='word_1_81' title='bbox 834 1157 1027 1209; x_wconf 88' lang='lat' dir='ltr'>autem</span> <span class='ocrx_word' id='word_1_82' title='bbox 1081 1151 1291 1207; x_wconf 86' lang='lat' dir='ltr'>mulier</span> <span class='ocrx_word' id='word_1_83' title='bbox 1319 1150 1537 1207; x_wconf 85' lang='lat' dir='ltr'>voverit</span> <span class='ocrx_word' id='word_1_84' title='bbox 1573 1154 1772 1204; x_wconf 91' lang='lat' dir='ltr'>votum</span> <span class='ocrx_word' id='word_1_85' title='bbox 1808 1148 1917 1202; x_wconf 89' lang='lat' dir='ltr'>Do-</span> 
     </span>
    </p>
   </div>
   <div class='ocr_carea' id='block_1_12' title="bbox 279 1237 1923 1308">
    <p class='ocr_par' dir='ltr' id='par_1_12' title="bbox 279 1237 1923 1308">
     <span class='ocr_line' id='line_1_12' title="bbox 279 1237 1923 1308; baseline -0.003 -11"><span class='ocrx_word' id='word_1_86' title='bbox 279 1242 454 1305; x_wconf 88' lang='lat' dir='ltr'>mino,</span> <span class='ocrx_word' id='word_1_87' title='bbox 517 1247 619 1298; x_wconf 90' lang='lat' dir='ltr'>aut</span> <span class='ocrx_word' id='word_1_88' title='bbox 674 1241 966 1297; x_wconf 78' lang='lat' dir='ltr'>definierit</span> <span class='ocrx_word' id='word_1_89' title='bbox 1024 1241 1360 1296; x_wconf 81' lang='lat' dir='ltr'>definitione</span> <span class='ocrx_word' id='word_1_90' title='bbox 1413 1242 1468 1294; x_wconf 90' lang='lat' dir='ltr'>in</span> <span class='ocrx_word' id='word_1_91' title='bbox 1520 1239 1692 1293; x_wconf 91' lang='lat' dir='ltr'>domo</span> <span class='ocrx_word' id='word_1_92' title='bbox 1741 1237 1923 1308; x_wconf 82' lang='lat' dir='ltr'>patris</span> 
     </span>
    </p>
   </div>
   <div class='ocr_carea' id='block_1_13' title="bbox 276 1325 1920 1401">
    <p class='ocr_par' dir='ltr' id='par_1_13' title="bbox 276 1325 1920 1401">
     <span class='ocr_line' id='line_1_13' title="bbox 276 1325 1920 1401; baseline -0.005 -13"><span class='ocrx_word' id='word_1_93' title='bbox 276 1330 363 1388; x_wconf 82' lang='lat' dir='ltr'>sui</span> <span class='ocrx_word' id='word_1_94' title='bbox 411 1330 469 1385; x_wconf 92' lang='lat' dir='ltr'>in</span> <span class='ocrx_word' id='word_1_95' title='bbox 518 1331 826 1401; x_wconf 90' lang='lat' dir='ltr'>juventute</span> <span class='ocrx_word' id='word_1_96' title='bbox 873 1347 1002 1387; x_wconf 87' lang='lat' dir='ltr'>sua.</span> <span class='ocrx_word' id='word_1_97' title='bbox 1055 1352 1083 1381; x_wconf 83' lang='lat'>»</span> <span class='ocrx_word' id='word_1_98' title='bbox 1144 1330 1242 1385; x_wconf 87' lang='lat' dir='ltr'>llic</span> <span class='ocrx_word' id='word_1_99' title='bbox 1291 1328 1593 1384; x_wconf 87' lang='lat' dir='ltr'>mulierem</span> <span class='ocrx_word' id='word_1_100' title='bbox 1645 1325 1920 1381; x_wconf 78' lang='lat' dir='ltr'>feminam</span> 
     </span>
    </p>
   </div>
   <div class='ocr_carea' id='block_1_14' title="bbox 272 1415 1923 1492">
    <p class='ocr_par' dir='ltr' id='par_1_14' title="bbox 272 1415 1923 1492">
     <span class='ocr_line' id='line_1_14' title="bbox 272 1415 1923 1492; baseline -0.004 -17"><span class='ocrx_word' id='word_1_101' title='bbox 272 1419 407 1475; x_wconf 86' lang='lat' dir='ltr'>dicit</span> <span class='ocrx_word' id='word_1_102' title='bbox 436 1419 671 1475; x_wconf 89' lang='lat' dir='ltr'>etiamsi</span> <span class='ocrx_word' id='word_1_103' title='bbox 703 1420 862 1492; x_wconf 89' lang='lat' dir='ltr'>virgo</span> <span class='ocrx_word' id='word_1_104' title='bbox 896 1418 993 1489; x_wconf 90' lang='lat' dir='ltr'>sit,</span> <span class='ocrx_word' id='word_1_105' title='bbox 1048 1434 1209 1474; x_wconf 91' lang='lat' dir='ltr'>more</span> <span class='ocrx_word' id='word_1_106' title='bbox 1251 1418 1684 1488; x_wconf 90' lang='lat' dir='ltr'>Scripturarum</span> <span class='ocrx_word' id='word_1_107' title='bbox 1722 1434 1734 1470; x_wconf 90' lang='lat'>:</span> <span class='ocrx_word' id='word_1_108' title='bbox 1769 1415 1923 1470; x_wconf 92' lang='lat' dir='ltr'>unde</span> 
     </span>
    </p>
   </div>
   <div class='ocr_carea' id='block_1_15' title="bbox 270 1505 1921 1580">
    <p class='ocr_par' dir='ltr' id='par_1_15' title="bbox 270 1505 1921 1580">
     <span class='ocr_line' id='line_1_15' title="bbox 270 1505 1921 1580; baseline -0.004 -16"><span class='ocrx_word' id='word_1_109' title='bbox 270 1508 437 1564; x_wconf 84' lang='lat' dir='ltr'>etiam</span> <span class='ocrx_word' id='word_1_110' title='bbox 466 1509 543 1564; x_wconf 92' lang='lat' dir='ltr'>de</span> <span class='ocrx_word' id='word_1_111' title='bbox 572 1510 800 1565; x_wconf 87' lang='lat' dir='ltr'>Christo</span> <span class='ocrx_word' id='word_1_112' title='bbox 821 1514 931 1576; x_wconf 90' lang='lat' dir='ltr'>est,</span> <span class='ocrx_word' id='word_1_113' title='bbox 955 1509 1109 1580; x_wconf 90' lang='lat' dir='ltr'>quod</span> <span class='ocrx_word' id='word_1_114' title='bbox 1143 1507 1225 1563; x_wconf 89' lang='lat' dir='ltr'>ait</span> <span class='ocrx_word' id='word_1_115' title='bbox 1251 1506 1585 1578; x_wconf 89' lang='lat' dir='ltr'>Apostolus,</span> <span class='ocrx_word' id='word_1_116' title='bbox 1621 1529 1645 1555; x_wconf 88' lang='grc'><strong>‹‹</strong></span> <span class='ocrx_word' id='word_1_117' title='bbox 1682 1505 1921 1560; x_wconf 89' lang='lat' dir='ltr'>Factum</span> 
     </span>
    </p>
   </div>
   <div class='ocr_carea' id='block_1_16' title="bbox 271 1595 1902 1670">
    <p class='ocr_par' dir='ltr' id='par_1_16' title="bbox 271 1595 1902 1670">
     <span class='ocr_line' id='line_1_16' title="bbox 271 1595 1902 1670; baseline -0.004 -16"><span class='ocrx_word' id='word_1_118' title='bbox 271 1614 334 1654; x_wconf 87' lang='lat' dir='ltr'>ex</span> <span class='ocrx_word' id='word_1_119' title='bbox 365 1595 611 1653; x_wconf 91' lang='lat' dir='ltr'>muliere</span> <span class='ocrx_word' id='word_1_120' title='bbox 648 1621 669 1645; x_wconf 77' lang='grc' dir='ltr'><strong>ο</strong></span> <span class='ocrx_word' id='word_1_121' title='bbox 706 1598 903 1670; x_wconf 75' lang='grc' dir='ltr'>(ϐαιαε.</span> <span class='ocrx_word' id='word_1_122' title='bbox 935 1613 1012 1667; x_wconf 79' lang='lat' dir='ltr'>iv,</span> <span class='ocrx_word' id='word_1_123' title='bbox 1030 1598 1104 1667; x_wconf 84' lang='grc'>4).</span> <span class='ocrx_word' id='word_1_124' title='bbox 1892 1638 1902 1647; x_wconf 91' lang='grc'>.</span> 
     </span>
    </p>
   </div>
   <div class='ocr_carea' id='block_1_17' title="bbox 334 1680 1923 1759">
    <p class='ocr_par' dir='ltr' id='par_1_17' title="bbox 334 1680 1923 1759">
     <span class='ocr_line' id='line_1_17' title="bbox 334 1680 1923 1759; baseline -0.004 -19"><span class='ocrx_word' id='word_1_125' title='bbox 334 1684 440 1759; x_wconf 80' lang='grc'><strong>[11).</strong></span> <span class='ocrx_word' id='word_1_126' title='bbox 477 1686 557 1757; x_wconf 77' lang='grc'><strong>4.]</strong></span> <span class='ocrx_word' id='word_1_127' title='bbox 591 1708 619 1735; x_wconf 89' lang='grc'>‹‹</span> <span class='ocrx_word' id='word_1_128' title='bbox 652 1686 719 1741; x_wconf 91' lang='lat' dir='ltr'>Et</span> <span class='ocrx_word' id='word_1_129' title='bbox 749 1685 999 1741; x_wconf 90' lang='lat' dir='ltr'>audierit</span> <span class='ocrx_word' id='word_1_130' title='bbox 1030 1694 1191 1756; x_wconf 88' lang='lat' dir='ltr'>pater</span> <span class='ocrx_word' id='word_1_131' title='bbox 1221 1686 1347 1754; x_wconf 86' lang='lat' dir='ltr'>ejus</span> <span class='ocrx_word' id='word_1_132' title='bbox 1384 1687 1514 1737; x_wconf 89' lang='lat' dir='ltr'>vota</span> <span class='ocrx_word' id='word_1_133' title='bbox 1538 1682 1667 1752; x_wconf 87' lang='lat' dir='ltr'>ejus</span> <span class='ocrx_word' id='word_1_134' title='bbox 1697 1685 1753 1735; x_wconf 91' lang='lat' dir='ltr'>et</span> <span class='ocrx_word' id='word_1_135' title='bbox 1778 1680 1923 1733; x_wconf 80' lang='lat' dir='ltr'>defi-</span> 
     </span>
    </p>
   </div>
   <div class='ocr_carea' id='block_1_18' title="bbox 268 1770 1919 1846">
    <p class='ocr_par' dir='ltr' id='par_1_18' title="bbox 268 1770 1919 1846">
     <span class='ocr_line' id='line_1_18' title="bbox 268 1770 1919 1846; baseline -0.005 -14"><span class='ocrx_word' id='word_1_136' title='bbox 268 1774 520 1832; x_wconf 89' lang='lat' dir='ltr'>nitiones</span> <span class='ocrx_word' id='word_1_137' title='bbox 550 1776 700 1846; x_wconf 85' lang='lat' dir='ltr'>ejus,</span> <span class='ocrx_word' id='word_1_138' title='bbox 734 1792 882 1846; x_wconf 91' lang='lat' dir='ltr'>quas</span> <span class='ocrx_word' id='word_1_139' title='bbox 935 1773 1220 1829; x_wconf 82' lang='lat' dir='ltr'>deﬁnivit.</span> <span class='ocrx_word' id='word_1_140' title='bbox 1282 1771 1661 1827; x_wconf 80' lang='lat' dir='ltr'>Deﬁnitiones</span> <span class='ocrx_word' id='word_1_141' title='bbox 1712 1770 1919 1825; x_wconf 84' lang='lat' dir='ltr'>defini-</span> 
     </span>
    </p>
   </div>
   <div class='ocr_carea' id='block_1_19' title="bbox 270 1862 812 1932">
    <p class='ocr_par' dir='ltr' id='par_1_19' title="bbox 270 1862 812 1932">
     <span class='ocr_line' id='line_1_19' title="bbox 270 1862 812 1932; baseline 0 -15"><span class='ocrx_word' id='word_1_142' title='bbox 270 1862 364 1932; x_wconf 88' lang='lat' dir='ltr'>vit,</span> <span class='ocrx_word' id='word_1_143' title='bbox 396 1885 425 1911; x_wconf 79' lang='lat' dir='ltr'><em>n</em></span> <span class='ocrx_word' id='word_1_144' title='bbox 459 1863 680 1919; x_wconf 90' lang='lat' dir='ltr'>locutio</span> <span class='ocrx_word' id='word_1_145' title='bbox 706 1867 812 1919; x_wconf 84' lang='lat' dir='ltr'>est.</span> 
     </span>
    </p>
   </div>
   <div class='ocr_carea' id='block_1_20' title="bbox 328 1948 1916 2025">
    <p class='ocr_par' dir='ltr' id='par_1_20' title="bbox 328 1948 1916 2025">
     <span class='ocr_line' id='line_1_20' title="bbox 328 1948 1916 2025; baseline -0.003 -18"><span class='ocrx_word' id='word_1_146' title='bbox 328 1952 429 2021; x_wconf 88' lang='grc'><strong>[11).</strong></span> <span class='ocrx_word' id='word_1_147' title='bbox 466 1953 548 2025; x_wconf 75' lang='grc'><strong>4.]</strong></span> <span class='ocrx_word' id='word_1_148' title='bbox 582 1952 899 2008; x_wconf 80' lang='lat' dir='ltr'>«Deﬁnivit</span> <span class='ocrx_word' id='word_1_149' title='bbox 929 1953 1212 2008; x_wconf 87' lang='lat' dir='ltr'>adversus</span> <span class='ocrx_word' id='word_1_150' title='bbox 1244 1951 1502 2005; x_wconf 89' lang='lat' dir='ltr'>animam</span> <span class='ocrx_word' id='word_1_151' title='bbox 1538 1965 1709 2004; x_wconf 88' lang='lat' dir='ltr'>suam</span> <span class='ocrx_word' id='word_1_152' title='bbox 1750 1964 1761 2002; x_wconf 90' lang='lat'>:</span> <span class='ocrx_word' id='word_1_153' title='bbox 1801 1970 1828 1997; x_wconf 85' lang='lat'>»</span> <span class='ocrx_word' id='word_1_154' title='bbox 1861 1948 1916 2003; x_wconf 90' lang='lat' dir='ltr'>id</span> 
     </span>
    </p>
   </div>
   <div class='ocr_carea' id='block_1_21' title="bbox 259 2040 1545 2109">
    <p class='ocr_par' dir='ltr' id='par_1_21' title="bbox 259 2040 1545 2109">
     <span class='ocr_line' id='line_1_21' title="bbox 259 2040 1545 2109; baseline -0.003 -12"><span class='ocrx_word' id='word_1_155' title='bbox 259 2045 362 2109; x_wconf 90' lang='lat' dir='ltr'>est,</span> <span class='ocrx_word' id='word_1_156' title='bbox 393 2042 685 2097; x_wconf 85' lang='lat' dir='ltr'>adversus</span> <span class='ocrx_word' id='word_1_157' title='bbox 715 2040 1128 2097; x_wconf 82' lang='lat' dir='ltr'>delectationes</span> <span class='ocrx_word' id='word_1_158' title='bbox 1159 2040 1369 2095; x_wconf 73' lang='lat' dir='ltr'>animas</span> <span class='ocrx_word' id='word_1_159' title='bbox 1402 2056 1545 2093; x_wconf 68' lang='lat' dir='ltr'>sum.</span> 
     </span>
    </p>
   </div>
   <div class='ocr_carea' id='block_1_22' title="bbox 322 2127 1917 2202">
    <p class='ocr_par' dir='ltr' id='par_1_22' title="bbox 322 2127 1917 2202">
     <span class='ocr_line' id='line_1_22' title="bbox 322 2127 1917 2202; baseline -0.002 -18"><span class='ocrx_word' id='word_1_160' title='bbox 322 2130 431 2202; x_wconf 88' lang='grc'><strong>[11).</strong></span> <span class='ocrx_word' id='word_1_161' title='bbox 467 2131 551 2202; x_wconf 72' lang='grc'><strong>4.]</strong></span> <span class='ocrx_word' id='word_1_162' title='bbox 589 2150 611 2178; x_wconf 79' lang='grc' dir='ltr'>ι</span> <span class='ocrx_word' id='word_1_163' title='bbox 648 2131 714 2185; x_wconf 93' lang='lat' dir='ltr'>Et</span> <span class='ocrx_word' id='word_1_164' title='bbox 760 2130 1009 2185; x_wconf 83' lang='lat' dir='ltr'>tacuerit</span> <span class='ocrx_word' id='word_1_165' title='bbox 1040 2135 1201 2200; x_wconf 89' lang='lat' dir='ltr'>pater</span> <span class='ocrx_word' id='word_1_166' title='bbox 1243 2130 1395 2199; x_wconf 89' lang='lat' dir='ltr'>ejus,</span> <span class='ocrx_word' id='word_1_167' title='bbox 1434 2131 1492 2182; x_wconf 91' lang='lat' dir='ltr'>et</span> <span class='ocrx_word' id='word_1_168' title='bbox 1517 2127 1759 2183; x_wconf 90' lang='lat' dir='ltr'>stabunt</span> <span class='ocrx_word' id='word_1_169' title='bbox 1791 2144 1917 2182; x_wconf 83' lang='lat' dir='ltr'>om-</span> 
     </span>
    </p>
   </div>
   <div class='ocr_carea' id='block_1_23' title="bbox 256 2215 1919 2290">
    <p class='ocr_par' dir='ltr' id='par_1_23' title="bbox 256 2215 1919 2290">
     <span class='ocr_line' id='line_1_23' title="bbox 256 2215 1919 2290; baseline -0.001 -17"><span class='ocrx_word' id='word_1_170' title='bbox 256 2217 348 2273; x_wconf 90' lang='lat' dir='ltr'>nia</span> <span class='ocrx_word' id='word_1_171' title='bbox 387 2224 530 2274; x_wconf 89' lang='lat' dir='ltr'>vota</span> <span class='ocrx_word' id='word_1_172' title='bbox 583 2221 711 2290; x_wconf 86' lang='lat' dir='ltr'>ejus</span> <span class='ocrx_word' id='word_1_173' title='bbox 744 2237 756 2274; x_wconf 96' lang='lat'>:</span> <span class='ocrx_word' id='word_1_174' title='bbox 793 2240 821 2268; x_wconf 86' lang='lat'><strong>»</strong></span> <span class='ocrx_word' id='word_1_175' title='bbox 854 2218 949 2273; x_wconf 91' lang='lat' dir='ltr'>hic</span> <span class='ocrx_word' id='word_1_176' title='bbox 983 2217 1115 2290; x_wconf 88' lang='lat' dir='ltr'>plus</span> <span class='ocrx_word' id='word_1_177' title='bbox 1146 2218 1337 2286; x_wconf 88' lang='lat' dir='ltr'>habet,</span> <span class='ocrx_word' id='word_1_178' title='bbox 1369 2225 1459 2277; x_wconf 78' lang='lat' dir='ltr'>et;</span> <span class='ocrx_word' id='word_1_179' title='bbox 1502 2233 1635 2271; x_wconf 91' lang='lat' dir='ltr'>nam</span> <span class='ocrx_word' id='word_1_180' title='bbox 1692 2215 1919 2289; x_wconf 84' lang='lat' dir='ltr'>integer</span> 
     </span>
    </p>
   </div>
   <div class='ocr_carea' id='block_1_24' title="bbox 256 2306 1915 2379">
    <p class='ocr_par' dir='ltr' id='par_1_24' title="bbox 256 2306 1915 2379">
     <span class='ocr_line' id='line_1_24' title="bbox 256 2306 1915 2379; baseline -0.001 -15"><span class='ocrx_word' id='word_1_181' title='bbox 256 2324 461 2364; x_wconf 86' lang='lat' dir='ltr'>sensus</span> <span class='ocrx_word' id='word_1_182' title='bbox 485 2312 602 2379; x_wconf 87' lang='lat' dir='ltr'>est,</span> <span class='ocrx_word' id='word_1_183' title='bbox 630 2331 653 2357; x_wconf 78' lang='grc' dir='ltr'><strong><em>κ</em></strong></span> <span class='ocrx_word' id='word_1_184' title='bbox 686 2308 744 2363; x_wconf 88' lang='lat' dir='ltr'>Si</span> <span class='ocrx_word' id='word_1_185' title='bbox 775 2307 1027 2363; x_wconf 89' lang='lat' dir='ltr'>audierit</span> <span class='ocrx_word' id='word_1_186' title='bbox 1057 2311 1115 2362; x_wconf 92' lang='lat' dir='ltr'>et</span> <span class='ocrx_word' id='word_1_187' title='bbox 1144 2307 1393 2361; x_wconf 77' lang='lat' dir='ltr'>tacuerit</span> <span class='ocrx_word' id='word_1_188' title='bbox 1427 2310 1590 2379; x_wconf 87' lang='lat' dir='ltr'>pater</span> <span class='ocrx_word' id='word_1_189' title='bbox 1625 2306 1773 2377; x_wconf 75' lang='lat' dir='ltr'>ers,</span> <span class='ocrx_word' id='word_1_190' title='bbox 1800 2311 1915 2362; x_wconf 89' lang='lat' dir='ltr'>sta-</span> 
     </span>
    </p>
   </div>
   <div class='ocr_carea' id='block_1_25' title="bbox 256 2390 1043 2467">
    <p class='ocr_par' dir='ltr' id='par_1_25' title="bbox 256 2390 1043 2467">
     <span class='ocr_line' id='line_1_25' title="bbox 256 2390 1043 2467; baseline -0.001 -16"><span class='ocrx_word' id='word_1_191' title='bbox 256 2397 396 2451; x_wconf 87' lang='lat' dir='ltr'>bunt</span> <span class='ocrx_word' id='word_1_192' title='bbox 425 2390 637 2453; x_wconf 82' lang='lat' dir='ltr'>omnia</span> <span class='ocrx_word' id='word_1_193' title='bbox 666 2402 799 2452; x_wconf 90' lang='lat' dir='ltr'>vota</span> <span class='ocrx_word' id='word_1_194' title='bbox 828 2398 976 2467; x_wconf 89' lang='lat' dir='ltr'>ejus.</span> <span class='ocrx_word' id='word_1_195' title='bbox 1016 2418 1043 2444; x_wconf 86' lang='lat'>»</span> 
     </span>
    </p>
   </div>
   <div class='ocr_carea' id='block_1_26' title="bbox 323 2484 1589 2559">
    <p class='ocr_par' dir='ltr' id='par_1_26' title="bbox 323 2484 1589 2559">
     <span class='ocr_line' id='line_1_26' title="bbox 323 2484 1589 2559; baseline -0.006 -18"><span class='ocrx_word' id='word_1_196' title='bbox 323 2485 428 2559; x_wconf 86' lang='grc'><strong>[11).</strong></span> <span class='ocrx_word' id='word_1_197' title='bbox 463 2488 555 2557; x_wconf 89' lang='grc'><strong>7.]</strong></span> <span class='ocrx_word' id='word_1_198' title='bbox 580 2509 607 2535; x_wconf 86' lang='grc'><strong>‹‹</strong></span> <span class='ocrx_word' id='word_1_199' title='bbox 634 2486 693 2541; x_wconf 90' lang='lat' dir='ltr'>Si</span> <span class='ocrx_word' id='word_1_200' title='bbox 727 2490 920 2541; x_wconf 90' lang='lat' dir='ltr'>autem</span> <span class='ocrx_word' id='word_1_201' title='bbox 948 2486 1102 2540; x_wconf 77' lang='lat' dir='ltr'>facta</span> <span class='ocrx_word' id='word_1_202' title='bbox 1135 2484 1310 2540; x_wconf 86' lang='lat' dir='ltr'>fuerit</span> <span class='ocrx_word' id='word_1_203' title='bbox 1339 2484 1460 2540; x_wconf 90' lang='lat' dir='ltr'>viro</span> <span class='ocrx_word' id='word_1_204' title='bbox 1510 2501 1522 2540; x_wconf 96' lang='lat'>:</span> <span class='ocrx_word' id='word_1_205' title='bbox 1562 2506 1589 2533; x_wconf 86' lang='grc'><strong>››</strong></span> 
     </span>
    </p>
   </div>
   <div class='ocr_carea' id='block_1_27' title="bbox 262 2572 1482 2646">
    <p class='ocr_par' dir='ltr' id='par_1_27' title="bbox 262 2572 1482 2646">
     <span class='ocr_line' id='line_1_27' title="bbox 262 2572 1482 2646; baseline -0.002 -17"><span class='ocrx_word' id='word_1_206' title='bbox 262 2577 376 2641; x_wconf 87' lang='lat' dir='ltr'>tur,</span> <span class='ocrx_word' id='word_1_207' title='bbox 408 2574 723 2645; x_wconf 84' lang='lat' dir='ltr'>nupserit;</span> <span class='ocrx_word' id='word_1_208' title='bbox 757 2574 1060 2646; x_wconf 82' lang='lat' dir='ltr'>Scriptura</span> <span class='ocrx_word' id='word_1_209' title='bbox 1090 2572 1173 2629; x_wconf 89' lang='lat' dir='ltr'>sic</span> <span class='ocrx_word' id='word_1_210' title='bbox 1203 2573 1482 2645; x_wconf 87' lang='lat' dir='ltr'>loquitur.</span> 
     </span>
    </p>
   </div>
   <div class='ocr_carea' id='block_1_28' title="bbox 335 2661 1907 2734">
    <p class='ocr_par' dir='ltr' id='par_1_28' title="bbox 335 2661 1907 2734">
     <span class='ocr_line' id='line_1_28' title="bbox 335 2661 1907 2734; baseline 0 -18"><span class='ocrx_word' id='word_1_211' title='bbox 335 2663 434 2729; x_wconf 85' lang='grc'><strong>[11).</strong></span> <span class='ocrx_word' id='word_1_212' title='bbox 464 2664 555 2734; x_wconf 87' lang='grc'><strong>7.]</strong></span> <span class='ocrx_word' id='word_1_213' title='bbox 591 2686 617 2711; x_wconf 90' lang='grc'>‹‹</span> <span class='ocrx_word' id='word_1_214' title='bbox 654 2663 724 2717; x_wconf 86' lang='lat' dir='ltr'>Et</span> <span class='ocrx_word' id='word_1_215' title='bbox 748 2666 881 2716; x_wconf 89' lang='lat' dir='ltr'>vota</span> <span class='ocrx_word' id='word_1_216' title='bbox 912 2662 1037 2732; x_wconf 75' lang='lat' dir='ltr'>ejus</span> <span class='ocrx_word' id='word_1_217' title='bbox 1068 2678 1246 2733; x_wconf 90' lang='lat' dir='ltr'>super</span> <span class='ocrx_word' id='word_1_218' title='bbox 1288 2678 1415 2716; x_wconf 90' lang='lat' dir='ltr'>eam</span> <span class='ocrx_word' id='word_1_219' title='bbox 1470 2679 1482 2715; x_wconf 95' lang='lat'>:</span> <span class='ocrx_word' id='word_1_220' title='bbox 1536 2661 1907 2730; x_wconf 83' lang='lat' dir='ltr'>subauditur,</span> 
     </span>
    </p>
   </div>
   <div class='ocr_carea' id='block_1_29' title="bbox 255 2749 1905 2823">
    <p class='ocr_par' dir='ltr' id='par_1_29' title="bbox 255 2749 1905 2823">
     <span class='ocr_line' id='line_1_29' title="bbox 255 2749 1905 2823; baseline 0 -17"><span class='ocrx_word' id='word_1_221' title='bbox 255 2757 422 2818; x_wconf 89' lang='lat' dir='ltr'>sunt,</span> <span class='ocrx_word' id='word_1_222' title='bbox 455 2752 618 2823; x_wconf 90' lang='lat' dir='ltr'>quod</span> <span class='ocrx_word' id='word_1_223' title='bbox 653 2749 918 2805; x_wconf 91' lang='lat' dir='ltr'>nonnulli</span> <span class='ocrx_word' id='word_1_224' title='bbox 946 2749 1291 2821; x_wconf 89' lang='lat' dir='ltr'>interpretes</span> <span class='ocrx_word' id='word_1_225' title='bbox 1320 2750 1494 2804; x_wconf 90' lang='lat' dir='ltr'>etiam</span> <span class='ocrx_word' id='word_1_226' title='bbox 1536 2750 1905 2806; x_wconf 86' lang='lat' dir='ltr'>addiderunt.</span> 
     </span>
    </p>
   </div>
   <div class='ocr_carea' id='block_1_30' title="bbox 323 2838 1907 2911">
    <p class='ocr_par' dir='ltr' id='par_1_30' title="bbox 323 2838 1907 2911">
     <span class='ocr_line' id='line_1_30' title="bbox 323 2838 1907 2911; baseline -0.001 -16"><span class='ocrx_word' id='word_1_227' title='bbox 323 2840 431 2911; x_wconf 77' lang='grc'><strong>[11).</strong></span> <span class='ocrx_word' id='word_1_228' title='bbox 467 2841 591 2910; x_wconf 87' lang='grc'><strong>13.]</strong></span> <span class='ocrx_word' id='word_1_229' title='bbox 622 2861 649 2889; x_wconf 89' lang='grc'><strong>‹‹</strong></span> <span class='ocrx_word' id='word_1_230' title='bbox 686 2840 897 2894; x_wconf 87' lang='lat' dir='ltr'>Omnia</span> <span class='ocrx_word' id='word_1_231' title='bbox 925 2854 1307 2909; x_wconf 61' lang='lat' dir='ltr'>quascumque</span> <span class='ocrx_word' id='word_1_232' title='bbox 1348 2838 1594 2892; x_wconf 85' lang='lat' dir='ltr'>exierint</span> <span class='ocrx_word' id='word_1_233' title='bbox 1624 2855 1689 2893; x_wconf 90' lang='lat' dir='ltr'>ex</span> <span class='ocrx_word' id='word_1_234' title='bbox 1738 2838 1907 2894; x_wconf 78' lang='lat' dir='ltr'>labiis</span> 
     </span>
    </p>
   </div>
   <div class='ocr_carea' id='block_1_31' title="bbox 262 2928 1906 2998">
    <p class='ocr_par' dir='ltr' id='par_1_31' title="bbox 262 2928 1906 2998">
     <span class='ocr_line' id='line_1_31' title="bbox 262 2928 1906 2998; baseline -0.001 -15"><span class='ocrx_word' id='word_1_235' title='bbox 262 2928 380 2998; x_wconf 86' lang='lat' dir='ltr'>ejus</span> <span class='ocrx_word' id='word_1_236' title='bbox 406 2928 740 2984; x_wconf 87' lang='lat' dir='ltr'>secundum</span> <span class='ocrx_word' id='word_1_237' title='bbox 772 2932 903 2982; x_wconf 88' lang='lat' dir='ltr'>vota</span> <span class='ocrx_word' id='word_1_238' title='bbox 924 2928 1071 2997; x_wconf 88' lang='lat' dir='ltr'>ejus,</span> <span class='ocrx_word' id='word_1_239' title='bbox 1095 2931 1151 2981; x_wconf 91' lang='lat' dir='ltr'>et</span> <span class='ocrx_word' id='word_1_240' title='bbox 1183 2928 1501 2981; x_wconf 86' lang='lat' dir='ltr'>secundum</span> <span class='ocrx_word' id='word_1_241' title='bbox 1538 2928 1906 2983; x_wconf 79' lang='lat' dir='ltr'>definitiones</span> 
     </span>
    </p>
   </div>
   <div class='ocr_carea' id='block_1_32' title="bbox 260 3015 1901 3088">
    <p class='ocr_par' dir='ltr' id='par_1_32' title="bbox 260 3015 1901 3088">
     <span class='ocr_line' id='line_1_32' title="bbox 260 3015 1901 3088; baseline -0.001 -16"><span class='ocrx_word' id='word_1_242' title='bbox 260 3032 379 3088; x_wconf 67' lang='lat' dir='ltr'>quas</span> <span class='ocrx_word' id='word_1_243' title='bbox 405 3019 693 3072; x_wconf 87' lang='lat' dir='ltr'>adversus</span> <span class='ocrx_word' id='word_1_244' title='bbox 722 3016 978 3071; x_wconf 86' lang='lat' dir='ltr'>animam</span> <span class='ocrx_word' id='word_1_245' title='bbox 1001 3016 1151 3086; x_wconf 88' lang='lat' dir='ltr'>ejus,</span> <span class='ocrx_word' id='word_1_246' title='bbox 1171 3031 1281 3069; x_wconf 89' lang='lat' dir='ltr'>non</span> <span class='ocrx_word' id='word_1_247' title='bbox 1318 3020 1513 3069; x_wconf 90' lang='lat' dir='ltr'>manet</span> <span class='ocrx_word' id='word_1_248' title='bbox 1544 3015 1615 3080; x_wconf 88' lang='lat' dir='ltr'>ei,</span> <span class='ocrx_word' id='word_1_249' title='bbox 1639 3037 1666 3064; x_wconf 74' lang='grc' dir='ltr'><strong>υ</strong></span> <span class='ocrx_word' id='word_1_250' title='bbox 1684 3020 1739 3070; x_wconf 92' lang='lat' dir='ltr'>et</span> <span class='ocrx_word' id='word_1_251' title='bbox 1769 3033 1901 3071; x_wconf 88' lang='lat' dir='ltr'>cum</span> 
     </span>
    </p>
   </div>
   <div class='ocr_carea' id='block_1_33' title="bbox 255 3103 1901 3178">
    <p class='ocr_par' dir='ltr' id='par_1_33' title="bbox 255 3103 1901 3178">
     <span class='ocr_line' id='line_1_33' title="bbox 255 3103 1901 3178; baseline 0 -16"><span class='ocrx_word' id='word_1_252' title='bbox 255 3110 693 3178; x_wconf 83' lang='lat' dir='ltr'>exspectaretur</span> <span class='ocrx_word' id='word_1_253' title='bbox 723 3122 1008 3160; x_wconf 89' lang='lat' dir='ltr'>numerus</span> <span class='ocrx_word' id='word_1_254' title='bbox 1039 3103 1301 3176; x_wconf 85' lang='lat' dir='ltr'>pluralis,</span> <span class='ocrx_word' id='word_1_255' title='bbox 1335 3109 1400 3158; x_wconf 90' lang='lat' dir='ltr'>ut</span> <span class='ocrx_word' id='word_1_256' title='bbox 1445 3105 1682 3171; x_wconf 89' lang='lat' dir='ltr'>diceret,</span> <span class='ocrx_word' id='word_1_257' title='bbox 1728 3128 1755 3155; x_wconf 84' lang='lat'><strong>«</strong></span> <span class='ocrx_word' id='word_1_258' title='bbox 1787 3122 1901 3161; x_wconf 92' lang='lat' dir='ltr'>non</span> 
     </span>
    </p>
   </div>
   <div class='ocr_carea' id='block_1_34' title="bbox 256 3191 1899 3265">
    <p class='ocr_par' dir='ltr' id='par_1_34' title="bbox 256 3191 1899 3265">
     <span class='ocr_line' id='line_1_34' title="bbox 256 3191 1899 3265; baseline -0.001 -15"><span class='ocrx_word' id='word_1_259' title='bbox 256 3200 487 3250; x_wconf 90' lang='lat' dir='ltr'>manent</span> <span class='ocrx_word' id='word_1_260' title='bbox 519 3195 573 3250; x_wconf 91' lang='lat' dir='ltr'>ei</span> <span class='ocrx_word' id='word_1_261' title='bbox 603 3215 617 3257; x_wconf 74' lang='grc' dir='ltr'>ς</span> <span class='ocrx_word' id='word_1_262' title='bbox 665 3218 684 3245; x_wconf 74' lang='grc' dir='ltr'>ι</span> <span class='ocrx_word' id='word_1_263' title='bbox 748 3210 883 3248; x_wconf 90' lang='lat' dir='ltr'>nam</span> <span class='ocrx_word' id='word_1_264' title='bbox 932 3194 1012 3248; x_wconf 90' lang='lat' dir='ltr'>ita</span> <span class='ocrx_word' id='word_1_265' title='bbox 1044 3191 1311 3247; x_wconf 91' lang='lat' dir='ltr'>nonnulli</span> <span class='ocrx_word' id='word_1_266' title='bbox 1341 3192 1703 3265; x_wconf 85' lang='lat' dir='ltr'>interpretati</span> <span class='ocrx_word' id='word_1_267' title='bbox 1743 3204 1899 3265; x_wconf 88' lang='lat' dir='ltr'>sunt,</span> 
     </span>
    </p>
   </div>
   <div class='ocr_carea' id='block_1_35' title="bbox 251 3280 1365 3354">
    <p class='ocr_par' dir='ltr' id='par_1_35' title="bbox 251 3280 1365 3354">
     <span class='ocr_line' id='line_1_35' title="bbox 251 3280 1365 3354; baseline -0.003 -16"><span class='ocrx_word' id='word_1_268' title='bbox 251 3285 497 3339; x_wconf 87' lang='lat' dir='ltr'>vitantes</span> <span class='ocrx_word' id='word_1_269' title='bbox 532 3283 714 3339; x_wconf 87' lang='lat' dir='ltr'>istum</span> <span class='ocrx_word' id='word_1_270' title='bbox 748 3281 915 3354; x_wconf 89' lang='lat' dir='ltr'>quasi</span> <span class='ocrx_word' id='word_1_271' title='bbox 947 3280 1365 3337; x_wconf 72' lang='lat' dir='ltr'>solmcismum.</span> 
     </span>
    </p>
   </div>
   <div class='ocr_carea' id='block_1_36' title="bbox 318 3368 1900 3443">
    <p class='ocr_par' dir='ltr' id='par_1_36' title="bbox 318 3368 1900 3443">
     <span class='ocr_line' id='line_1_36' title="bbox 318 3368 1900 3443; baseline 0 -16"><span class='ocrx_word' id='word_1_272' title='bbox 318 3374 423 3443; x_wconf 89' lang='grc'><strong>[11).</strong></span> <span class='ocrx_word' id='word_1_273' title='bbox 463 3389 623 3434; x_wconf 75' lang='grc' dir='ltr'><strong>χχιι,</strong></span> <span class='ocrx_word' id='word_1_274' title='bbox 652 3373 728 3442; x_wconf 79' lang='grc'><strong>4.]</strong></span> <span class='ocrx_word' id='word_1_275' title='bbox 752 3394 779 3421; x_wconf 89' lang='grc'>‹‹</span> <span class='ocrx_word' id='word_1_276' title='bbox 816 3370 969 3425; x_wconf 91' lang='lat' dir='ltr'>Mille</span> <span class='ocrx_word' id='word_1_277' title='bbox 1002 3387 1069 3425; x_wconf 87' lang='lat' dir='ltr'>ex</span> <span class='ocrx_word' id='word_1_278' title='bbox 1089 3370 1266 3437; x_wconf 88' lang='lat' dir='ltr'>tribu,</span> <span class='ocrx_word' id='word_1_279' title='bbox 1293 3374 1350 3423; x_wconf 89' lang='lat' dir='ltr'>et</span> <span class='ocrx_word' id='word_1_280' title='bbox 1372 3368 1528 3423; x_wconf 87' lang='lat' dir='ltr'>mille</span> <span class='ocrx_word' id='word_1_281' title='bbox 1550 3386 1618 3423; x_wconf 85' lang='lat' dir='ltr'>ex</span> <span class='ocrx_word' id='word_1_282' title='bbox 1648 3371 1900 3438; x_wconf 89' lang='lat' dir='ltr'>tribu,ex</span> 
     </span>
    </p>
   </div>
   <div class='ocr_carea' id='block_1_37' title="bbox 253 3460 1901 3533">
    <p class='ocr_par' dir='ltr' id='par_1_37' title="bbox 253 3460 1901 3533">
     <span class='ocr_line' id='line_1_37' title="bbox 253 3460 1901 3533; baseline 0.001 -16"><span class='ocrx_word' id='word_1_283' title='bbox 253 3464 525 3519; x_wconf 88' lang='lat' dir='ltr'>omnibus</span> <span class='ocrx_word' id='word_1_284' title='bbox 558 3462 835 3517; x_wconf 86' lang='lat' dir='ltr'>tribubus</span> <span class='ocrx_word' id='word_1_285' title='bbox 859 3462 1052 3519; x_wconf 90' lang='lat' dir='ltr'>Israel.</span> <span class='ocrx_word' id='word_1_286' title='bbox 1086 3460 1381 3533; x_wconf 89' lang='lat' dir='ltr'>Numquid</span> <span class='ocrx_word' id='word_1_287' title='bbox 1415 3461 1725 3517; x_wconf 88' lang='lat' dir='ltr'>duodecies</span> <span class='ocrx_word' id='word_1_288' title='bbox 1754 3463 1901 3518; x_wconf 84' lang='lat' dir='ltr'>dixit</span> 
     </span>
    </p>
   </div>
   <div class='ocr_carea' id='block_1_38' title="bbox 255 3548 1895 3623">
    <p class='ocr_par' dir='ltr' id='par_1_38' title="bbox 255 3548 1895 3623">
     <span class='ocr_line' id='line_1_38' title="bbox 255 3548 1895 3623; baseline 0.001 -18"><span class='ocrx_word' id='word_1_289' title='bbox 255 3551 448 3607; x_wconf 81' lang='lat' dir='ltr'>mille?</span> <span class='ocrx_word' id='word_1_290' title='bbox 482 3552 555 3607; x_wconf 88' lang='lat' dir='ltr'>Et</span> <span class='ocrx_word' id='word_1_291' title='bbox 584 3555 781 3605; x_wconf 89' lang='lat' dir='ltr'>tamen</span> <span class='ocrx_word' id='word_1_292' title='bbox 812 3550 1080 3621; x_wconf 84' lang='lat' dir='ltr'>repetitio</span> <span class='ocrx_word' id='word_1_293' title='bbox 1125 3551 1236 3605; x_wconf 86' lang='lat' dir='ltr'>ista</span> <span class='ocrx_word' id='word_1_294' title='bbox 1287 3548 1555 3604; x_wconf 90' lang='lat' dir='ltr'>millenos</span> <span class='ocrx_word' id='word_1_295' title='bbox 1586 3549 1895 3623; x_wconf 80' lang='lat' dir='ltr'>significat.</span> 
     </span>
    </p>
   </div>
   <div class='ocr_carea' id='block_1_39' title="bbox 1636 2482 1910 2556">
    <p class='ocr_par' dir='ltr' id='par_1_39' title="bbox 1636 2482 1910 2556">
     <span class='ocr_line' id='line_1_39' title="bbox 1636 2482 1910 2556; baseline -0.004 -18"><span class='ocrx_word' id='word_1_296' title='bbox 1636 2482 1910 2556; x_wconf 79' lang='lat' dir='ltr'>intelligi-</span> 
     </span>
    </p>
   </div>
   <div class='ocr_carea' id='block_1_40' title="bbox 317 3638 1360 3713">
    <p class='ocr_par' dir='ltr' id='par_1_40' title="bbox 317 3638 1360 3713">
     <span class='ocr_line' id='line_1_40' title="bbox 317 3638 1360 3713; baseline -0.004 -19"><span class='ocrx_word' id='word_1_297' title='bbox 317 3641 419 3713; x_wconf 84' lang='lat' dir='ltr'>[Ib.</span> <span class='ocrx_word' id='word_1_298' title='bbox 454 3638 541 3713; x_wconf 92' lang='lat'>8.]</span> <span class='ocrx_word' id='word_1_299' title='bbox 574 3663 600 3689; x_wconf 87' lang='grc'><em>‹‹</em></span> <span class='ocrx_word' id='word_1_300' title='bbox 638 3640 1056 3694; x_wconf 79' lang='lat' dir='ltr'>Interfecerunt</span> <span class='ocrx_word' id='word_1_301' title='bbox 1103 3638 1297 3709; x_wconf 88' lang='lat' dir='ltr'>gladio</span> <span class='ocrx_word' id='word_1_302' title='bbox 1348 3654 1360 3690; x_wconf 93' lang='lat'>:</span> 
     </span>
    </p>
   </div>
   <div class='ocr_carea' id='block_1_41' title="bbox 254 3726 1261 3799">
    <p class='ocr_par' dir='ltr' id='par_1_41' title="bbox 254 3726 1261 3799">
     <span class='ocr_line' id='line_1_41' title="bbox 254 3726 1261 3799; baseline -0.002 -16"><span class='ocrx_word' id='word_1_303' title='bbox 254 3729 562 3791; x_wconf 85' lang='lat' dir='ltr'>diceretur.</span> <span class='ocrx_word' id='word_1_304' title='bbox 596 3728 1017 3784; x_wconf 79' lang='lat' dir='ltr'>interfecerunt</span> <span class='ocrx_word' id='word_1_305' title='bbox 1046 3726 1261 3799; x_wconf 86' lang='lat' dir='ltr'>gladio.</span> 
     </span>
    </p>
   </div>
   <div class='ocr_carea' id='block_1_42' title="bbox 318 3816 1895 3891">
    <p class='ocr_par' dir='ltr' id='par_1_42' title="bbox 318 3816 1895 3891">
     <span class='ocr_line' id='line_1_42' title="bbox 318 3816 1895 3891; baseline 0 -18"><span class='ocrx_word' id='word_1_306' title='bbox 318 3820 421 3891; x_wconf 86' lang='grc'><strong>[11).</strong></span> <span class='ocrx_word' id='word_1_307' title='bbox 460 3818 578 3889; x_wconf 91' lang='grc' dir='ltr'><strong>1Ο.]</strong></span> <span class='ocrx_word' id='word_1_308' title='bbox 614 3840 640 3867; x_wconf 86' lang='grc'><em>‹‹</em></span> <span class='ocrx_word' id='word_1_309' title='bbox 673 3818 742 3871; x_wconf 92' lang='lat' dir='ltr'>Et</span> <span class='ocrx_word' id='word_1_310' title='bbox 772 3832 976 3871; x_wconf 91' lang='lat' dir='ltr'>omnes</span> <span class='ocrx_word' id='word_1_311' title='bbox 1006 3816 1267 3870; x_wconf 87' lang='lat' dir='ltr'>civitates</span> <span class='ocrx_word' id='word_1_312' title='bbox 1294 3832 1517 3883; x_wconf 91' lang='lat' dir='ltr'>eorum,</span> <span class='ocrx_word' id='word_1_313' title='bbox 1544 3833 1671 3887; x_wconf 64' lang='lat' dir='ltr'>quas</span> <span class='ocrx_word' id='word_1_314' title='bbox 1700 3816 1758 3871; x_wconf 93' lang='lat' dir='ltr'>in</span> <span class='ocrx_word' id='word_1_315' title='bbox 1793 3818 1895 3873; x_wconf 88' lang='lat' dir='ltr'>ha-</span> 
     </span>
    </p>
   </div>
   <div class='ocr_carea' id='block_1_43' title="bbox 255 3905 1609 3974">
    <p class='ocr_par' dir='ltr' id='par_1_43' title="bbox 255 3905 1609 3974">
     <span class='ocr_line' id='line_1_43' title="bbox 255 3905 1609 3974; baseline -0.001 -13"><span class='ocrx_word' id='word_1_316' title='bbox 255 3906 639 3962; x_wconf 85' lang='lat' dir='ltr'>bitationibus</span> <span class='ocrx_word' id='word_1_317' title='bbox 669 3922 871 3960; x_wconf 92' lang='lat' dir='ltr'>eorum</span> <span class='ocrx_word' id='word_1_318' title='bbox 907 3922 919 3959; x_wconf 94' lang='lat'>:</span> <span class='ocrx_word' id='word_1_319' title='bbox 956 3927 984 3953; x_wconf 82' lang='lat'><strong>»</strong></span> <span class='ocrx_word' id='word_1_320' title='bbox 1018 3905 1392 3974; x_wconf 72' lang='lat' dir='ltr'>subauditur,</span> <span class='ocrx_word' id='word_1_321' title='bbox 1426 3910 1609 3960; x_wconf 88' lang='lat' dir='ltr'>erant.</span> 
     </span>
    </p>
   </div>
   <div class='ocr_carea' id='block_1_44' title="bbox 318 3993 1898 4067">
    <p class='ocr_par' dir='ltr' id='par_1_44' title="bbox 318 3993 1898 4067">
     <span class='ocr_line' id='line_1_44' title="bbox 318 3993 1898 4067; baseline -0.004 -17"><span class='ocrx_word' id='word_1_322' title='bbox 318 3996 421 4067; x_wconf 89' lang='grc'><strong>[11).</strong></span> <span class='ocrx_word' id='word_1_323' title='bbox 456 3997 574 4065; x_wconf 85' lang='grc'><strong>10.]</strong></span> <span class='ocrx_word' id='word_1_324' title='bbox 600 4018 628 4045; x_wconf 86' lang='grc'><strong>‹‹</strong></span> <span class='ocrx_word' id='word_1_325' title='bbox 656 3996 725 4049; x_wconf 91' lang='lat' dir='ltr'>Et</span> <span class='ocrx_word' id='word_1_326' title='bbox 755 3993 923 4049; x_wconf 84' lang='lat' dir='ltr'>villas</span> <span class='ocrx_word' id='word_1_327' title='bbox 954 4010 1154 4049; x_wconf 90' lang='lat' dir='ltr'>eorum</span> <span class='ocrx_word' id='word_1_328' title='bbox 1180 3994 1569 4048; x_wconf 89' lang='lat' dir='ltr'>succederunt</span> <span class='ocrx_word' id='word_1_329' title='bbox 1597 3994 1655 4048; x_wconf 90' lang='lat' dir='ltr'>in</span> <span class='ocrx_word' id='word_1_330' title='bbox 1689 3995 1843 4067; x_wconf 89' lang='lat' dir='ltr'>igni:</span> <span class='ocrx_word' id='word_1_331' title='bbox 1872 4018 1898 4044; x_wconf 89' lang='grc'><strong>››</strong></span> 
     </span>
    </p>
   </div>
   <div class='ocr_carea' id='block_1_45' title="bbox 254 4082 1629 4157">
    <p class='ocr_par' dir='ltr' id='par_1_45' title="bbox 254 4082 1629 4157">
     <span class='ocr_line' id='line_1_45' title="bbox 254 4082 1629 4157; baseline -0.001 -17"><span class='ocrx_word' id='word_1_332' title='bbox 254 4088 399 4157; x_wconf 90' lang='lat' dir='ltr'>quod</span> <span class='ocrx_word' id='word_1_333' title='bbox 434 4085 657 4141; x_wconf 88' lang='lat' dir='ltr'>usitate</span> <span class='ocrx_word' id='word_1_334' title='bbox 680 4084 995 4153; x_wconf 88' lang='lat' dir='ltr'>diceretur,</span> <span class='ocrx_word' id='word_1_335' title='bbox 1029 4082 1460 4138; x_wconf 89' lang='lat' dir='ltr'>succenderunt</span> <span class='ocrx_word' id='word_1_336' title='bbox 1490 4082 1629 4154; x_wconf 90' lang='lat' dir='ltr'>igni.</span> 
     </span>
    </p>
   </div>
   <div class='ocr_carea' id='block_1_46' title="bbox 320 4171 1899 4247">
    <p class='ocr_par' dir='ltr' id='par_1_46' title="bbox 320 4171 1899 4247">
     <span class='ocr_line' id='line_1_46' title="bbox 320 4171 1899 4247; baseline -0.001 -18"><span class='ocrx_word' id='word_1_337' title='bbox 320 4175 423 4244; x_wconf 90' lang='grc'><strong>[11).</strong></span> <span class='ocrx_word' id='word_1_338' title='bbox 462 4175 602 4247; x_wconf 88' lang='grc'><strong>18.].</strong></span> <span class='ocrx_word' id='word_1_339' title='bbox 643 4196 669 4227; x_wconf 74' lang='grc' dir='ltr'><strong><em>α</em></strong></span> <span class='ocrx_word' id='word_1_340' title='bbox 703 4178 769 4228; x_wconf 88' lang='lat' dir='ltr'>Et</span> <span class='ocrx_word' id='word_1_341' title='bbox 799 4189 1035 4229; x_wconf 89' lang='lat' dir='ltr'>omnem</span> <span class='ocrx_word' id='word_1_342' title='bbox 1088 4171 1517 4227; x_wconf 87' lang='lat' dir='ltr'>multitudinem</span> <span class='ocrx_word' id='word_1_343' title='bbox 1563 4171 1899 4241; x_wconf 89' lang='lat' dir='ltr'>mulierum,</span> 
     </span>
    </p>
   </div>
   <div class='ocr_carea' id='block_1_47' title="bbox 256 4259 1897 4331">
    <p class='ocr_par' dir='ltr' id='par_1_47' title="bbox 256 4259 1897 4331">
     <span class='ocr_line' id='line_1_47' title="bbox 256 4259 1897 4331; baseline -0.003 -16"><span class='ocrx_word' id='word_1_344' title='bbox 256 4277 375 4331; x_wconf 61' lang='lat' dir='ltr'>qua</span> <span class='ocrx_word' id='word_1_345' title='bbox 416 4279 538 4318; x_wconf 88' lang='lat' dir='ltr'>non</span> <span class='ocrx_word' id='word_1_346' title='bbox 590 4262 746 4317; x_wconf 88' lang='lat' dir='ltr'>novit</span> <span class='ocrx_word' id='word_1_347' title='bbox 795 4260 1169 4316; x_wconf 90' lang='lat' dir='ltr'>concubitum</span> <span class='ocrx_word' id='word_1_348' title='bbox 1227 4259 1496 4325; x_wconf 90' lang='lat' dir='ltr'>masculi,</span> <span class='ocrx_word' id='word_1_349' title='bbox 1526 4259 1835 4316; x_wconf 83' lang='lat' dir='ltr'>viviﬁcate.</span> <span class='ocrx_word' id='word_1_350' title='bbox 1869 4285 1897 4311; x_wconf 87' lang='grc'><strong>››</strong></span> 
     </span>
    </p>
   </div>
   <div class='ocr_carea' id='block_1_48' title="bbox 258 4348 1901 4421">
    <p class='ocr_par' dir='ltr' id='par_1_48' title="bbox 258 4348 1901 4421">
     <span class='ocr_line' id='line_1_48' title="bbox 258 4348 1901 4421; baseline 0.003 -20"><span class='ocrx_word' id='word_1_351' title='bbox 258 4354 554 4421; x_wconf 81' lang='lat' dir='ltr'>Nusquam</span> <span class='ocrx_word' id='word_1_352' title='bbox 580 4350 799 4405; x_wconf 88' lang='lat' dir='ltr'>certius</span> <span class='ocrx_word' id='word_1_353' title='bbox 840 4354 1084 4421; x_wconf 87' lang='lat' dir='ltr'>apparet</span> <span class='ocrx_word' id='word_1_354' title='bbox 1114 4348 1342 4404; x_wconf 77' lang='lat' dir='ltr'>hebraea</span> <span class='ocrx_word' id='word_1_355' title='bbox 1371 4348 1657 4404; x_wconf 92' lang='lat' dir='ltr'>loculione</span> <span class='ocrx_word' id='word_1_356' title='bbox 1694 4350 1901 4406; x_wconf 89' lang='lat' dir='ltr'>mulie-</span> 
     </span>
    </p>
   </div>
   <div class='ocr_carea' id='block_1_49' title="bbox 258 4436 1215 4509">
    <p class='ocr_par' dir='ltr' id='par_1_49' title="bbox 258 4436 1215 4509">
     <span class='ocr_line' id='line_1_49' title="bbox 258 4436 1215 4509; baseline -0.001 -16"><span class='ocrx_word' id='word_1_357' title='bbox 258 4453 343 4494; x_wconf 88' lang='lat' dir='ltr'>res</span> <span class='ocrx_word' id='word_1_358' title='bbox 367 4439 547 4494; x_wconf 89' lang='lat' dir='ltr'>etiam</span> <span class='ocrx_word' id='word_1_359' title='bbox 582 4438 695 4493; x_wconf 90' lang='lat' dir='ltr'>dici</span> <span class='ocrx_word' id='word_1_360' title='bbox 723 4438 977 4509; x_wconf 88' lang='lat' dir='ltr'>virgines</span> <span class='ocrx_word' id='word_1_361' title='bbox 1008 4436 1215 4492; x_wconf 84' lang='lat' dir='ltr'>solere.</span> 
     </span>
    </p>
   </div>
   <div class='ocr_carea' id='block_1_50' title="bbox 323 4525 1899 4598">
    <p class='ocr_par' dir='ltr' id='par_1_50' title="bbox 323 4525 1899 4598">
     <span class='ocr_line' id='line_1_50' title="bbox 323 4525 1899 4598; baseline 0.001 -16"><span class='ocrx_word' id='word_1_362' title='bbox 323 4527 426 4598; x_wconf 86' lang='grc'><strong>[11).</strong></span> <span class='ocrx_word' id='word_1_363' title='bbox 459 4528 533 4582; x_wconf 86' lang='grc'><strong>28</strong></span> <span class='ocrx_word' id='word_1_364' title='bbox 562 4532 622 4582; x_wconf 91' lang='lat' dir='ltr'>et</span> <span class='ocrx_word' id='word_1_365' title='bbox 650 4528 765 4596; x_wconf 85' lang='lat'>29.]</span> <span class='ocrx_word' id='word_1_366' title='bbox 797 4549 824 4576; x_wconf 90' lang='grc'><strong>‹‹</strong></span> <span class='ocrx_word' id='word_1_367' title='bbox 852 4527 920 4581; x_wconf 90' lang='lat' dir='ltr'>Et</span> <span class='ocrx_word' id='word_1_368' title='bbox 950 4544 983 4581; x_wconf 90' lang='lat' dir='ltr'>a</span> <span class='ocrx_word' id='word_1_369' title='bbox 1030 4525 1279 4580; x_wconf 90' lang='lat' dir='ltr'>dimidia</span> <span class='ocrx_word' id='word_1_370' title='bbox 1327 4531 1488 4598; x_wconf 91' lang='lat' dir='ltr'>parte</span> <span class='ocrx_word' id='word_1_371' title='bbox 1518 4544 1718 4582; x_wconf 90' lang='lat' dir='ltr'>eorum</span> <span class='ocrx_word' id='word_1_372' title='bbox 1751 4528 1899 4584; x_wconf 89' lang='lat' dir='ltr'>acci-</span> 
     </span>
    </p>
   </div>
   <div class='ocr_carea' id='block_1_51' title="bbox 260 4613 1898 4687">
    <p class='ocr_par' dir='ltr' id='par_1_51' title="bbox 260 4613 1898 4687">
     <span class='ocr_line' id='line_1_51' title="bbox 260 4613 1898 4687; baseline 0.002 -18"><span class='ocrx_word' id='word_1_373' title='bbox 260 4614 441 4687; x_wconf 89' lang='lat' dir='ltr'>pietis,</span> <span class='ocrx_word' id='word_1_374' title='bbox 475 4622 533 4673; x_wconf 92' lang='lat' dir='ltr'>et</span> <span class='ocrx_word' id='word_1_375' title='bbox 563 4616 736 4671; x_wconf 90' lang='lat' dir='ltr'>dabis</span> <span class='ocrx_word' id='word_1_376' title='bbox 757 4631 825 4669; x_wconf 91' lang='lat' dir='ltr'>ea</span> <span class='ocrx_word' id='word_1_377' title='bbox 856 4613 1090 4670; x_wconf 85' lang='lat' dir='ltr'>Eleazar</span> <span class='ocrx_word' id='word_1_378' title='bbox 1134 4616 1421 4670; x_wconf 89' lang='lat' dir='ltr'>sacerdoti</span> <span class='ocrx_word' id='word_1_379' title='bbox 1470 4615 1759 4687; x_wconf 87' lang='lat' dir='ltr'>primitias</span> <span class='ocrx_word' id='word_1_380' title='bbox 1791 4617 1898 4672; x_wconf 91' lang='lat' dir='ltr'>Do-</span> 
     </span>
    </p>
   </div>
   <div class='ocr_carea' id='block_1_52' title="bbox 262 4703 1128 4769">
    <p class='ocr_par' dir='ltr' id='par_1_52' title="bbox 262 4703 1128 4769">
     <span class='ocr_line' id='line_1_52' title="bbox 262 4703 1128 4769; baseline -0.002 -10"><span class='ocrx_word' id='word_1_381' title='bbox 262 4704 397 4760; x_wconf 88' lang='lat' dir='ltr'>mini</span> <span class='ocrx_word' id='word_1_382' title='bbox 431 4723 443 4761; x_wconf 95' lang='lat'>:</span> <span class='ocrx_word' id='word_1_383' title='bbox 481 4730 503 4758; x_wconf 75' lang='grc' dir='ltr'><strong>ι</strong></span> <span class='ocrx_word' id='word_1_384' title='bbox 541 4722 658 4761; x_wconf 90' lang='lat' dir='ltr'>non</span> <span class='ocrx_word' id='word_1_385' title='bbox 692 4703 855 4769; x_wconf 90' lang='lat' dir='ltr'>dixit,</span> <span class='ocrx_word' id='word_1_386' title='bbox 891 4703 1128 4759; x_wconf 90' lang='lat' dir='ltr'>dabitis.</span> 
     </span>
    </p>
   </div>
   <div class='ocr_carea' id='block_1_53' title="bbox 327 4792 1901 4867">
    <p class='ocr_par' dir='ltr' id='par_1_53' title="bbox 327 4792 1901 4867">
     <span class='ocr_line' id='line_1_53' title="bbox 327 4792 1901 4867; baseline 0.002 -19"><span class='ocrx_word' id='word_1_387' title='bbox 327 4794 429 4863; x_wconf 89' lang='grc'><strong>[11).</strong></span> <span class='ocrx_word' id='word_1_388' title='bbox 461 4796 575 4867; x_wconf 86' lang='grc'><strong>35].</strong></span> <span class='ocrx_word' id='word_1_389' title='bbox 614 4816 641 4844; x_wconf 87' lang='grc'><strong>‹‹</strong></span> <span class='ocrx_word' id='word_1_390' title='bbox 667 4794 733 4848; x_wconf 85' lang='lat' dir='ltr'>Et</span> <span class='ocrx_word' id='word_1_391' title='bbox 763 4792 971 4848; x_wconf 68' lang='lat' dir='ltr'>animas</span> <span class='ocrx_word' id='word_1_392' title='bbox 1002 4792 1306 4847; x_wconf 89' lang='lat' dir='ltr'>hominum</span> <span class='ocrx_word' id='word_1_393' title='bbox 1334 4810 1367 4849; x_wconf 91' lang='lat' dir='ltr'>a</span> <span class='ocrx_word' id='word_1_394' title='bbox 1398 4793 1901 4867; x_wconf 53' lang='lat' dir='ltr'>mulieribusque:</span> 
     </span>
    </p>
   </div>
   <div class='ocr_carea' id='block_1_54' title="bbox 265 4881 1904 4955">
    <p class='ocr_par' dir='ltr' id='par_1_54' title="bbox 265 4881 1904 4955">
     <span class='ocr_line' id='line_1_54' title="bbox 265 4881 1904 4955; baseline 0.002 -20"><span class='ocrx_word' id='word_1_395' title='bbox 265 4898 371 4937; x_wconf 92' lang='lat' dir='ltr'>non</span> <span class='ocrx_word' id='word_1_396' title='bbox 422 4887 819 4955; x_wconf 89' lang='lat' dir='ltr'>cognoverunt</span> <span class='ocrx_word' id='word_1_397' title='bbox 866 4881 1242 4936; x_wconf 90' lang='lat' dir='ltr'>concubitum</span> <span class='ocrx_word' id='word_1_398' title='bbox 1290 4882 1417 4947; x_wconf 90' lang='lat' dir='ltr'>viri,</span> <span class='ocrx_word' id='word_1_399' title='bbox 1466 4882 1659 4937; x_wconf 89' lang='lat' dir='ltr'>omnis</span> <span class='ocrx_word' id='word_1_400' title='bbox 1707 4884 1904 4939; x_wconf 87' lang='lat' dir='ltr'>anima</span> 
     </span>
    </p>
   </div>
   <div class='ocr_carea' id='block_1_55' title="bbox 265 4969 1901 5044">
    <p class='ocr_par' dir='ltr' id='par_1_55' title="bbox 265 4969 1901 5044">
     <span class='ocr_line' id='line_1_55' title="bbox 265 4969 1901 5044; baseline 0.001 -19"><span class='ocrx_word' id='word_1_401' title='bbox 265 4970 372 5027; x_wconf 90' lang='lat' dir='ltr'>duo</span> <span class='ocrx_word' id='word_1_402' title='bbox 416 4976 473 5027; x_wconf 88' lang='lat' dir='ltr'>et</span> <span class='ocrx_word' id='word_1_403' title='bbox 518 4971 761 5044; x_wconf 88' lang='lat' dir='ltr'>triginta</span> <span class='ocrx_word' id='word_1_404' title='bbox 803 4969 1032 5025; x_wconf 91' lang='lat' dir='ltr'>millia:</span> <span class='ocrx_word' id='word_1_405' title='bbox 1071 4992 1099 5017; x_wconf 85' lang='lat'>»</span> <span class='ocrx_word' id='word_1_406' title='bbox 1130 4974 1187 5024; x_wconf 81' lang='lat' dir='ltr'>et</span> <span class='ocrx_word' id='word_1_407' title='bbox 1233 4969 1327 5025; x_wconf 90' lang='lat' dir='ltr'>hic</span> <span class='ocrx_word' id='word_1_408' title='bbox 1375 4971 1644 5042; x_wconf 88' lang='lat' dir='ltr'>superior</span> <span class='ocrx_word' id='word_1_409' title='bbox 1686 4972 1901 5028; x_wconf 89' lang='lat' dir='ltr'>locutio</span> 
     </span>
    </p>
   </div>
   <div class='ocr_carea' id='block_1_56' title="bbox 267 5058 1898 5131">
    <p class='ocr_par' dir='ltr' id='par_1_56' title="bbox 267 5058 1898 5131">
     <span class='ocr_line' id='line_1_56' title="bbox 267 5058 1898 5131; baseline 0.002 -18"><span class='ocrx_word' id='word_1_410' title='bbox 267 5061 601 5116; x_wconf 85' lang='lat' dir='ltr'>conﬁrmata</span> <span class='ocrx_word' id='word_1_411' title='bbox 632 5064 741 5126; x_wconf 89' lang='lat' dir='ltr'>est,</span> <span class='ocrx_word' id='word_1_412' title='bbox 776 5058 1049 5114; x_wconf 92' lang='lat' dir='ltr'>mulieres</span> <span class='ocrx_word' id='word_1_413' title='bbox 1093 5058 1205 5113; x_wconf 89' lang='lat' dir='ltr'>dici</span> <span class='ocrx_word' id='word_1_414' title='bbox 1246 5058 1421 5114; x_wconf 86' lang='lat' dir='ltr'>etiam</span> <span class='ocrx_word' id='word_1_415' title='bbox 1472 5077 1599 5131; x_wconf 66' lang='lat' dir='ltr'>quae</span> <span class='ocrx_word' id='word_1_416' title='bbox 1649 5078 1764 5117; x_wconf 91' lang='lat' dir='ltr'>non</span> <span class='ocrx_word' id='word_1_417' title='bbox 1806 5078 1898 5117; x_wconf 91' lang='lat' dir='ltr'>co-</span> 
     </span>
    </p>
   </div>
   <div class='ocr_carea' id='block_1_57' title="bbox 268 5146 1650 5219">
    <p class='ocr_par' dir='ltr' id='par_1_57' title="bbox 268 5146 1650 5219">
     <span class='ocr_line' id='line_1_57' title="bbox 268 5146 1650 5219; baseline 0.001 -17"><span class='ocrx_word' id='word_1_418' title='bbox 268 5156 583 5219; x_wconf 79' lang='lat' dir='ltr'>gnoverunt</span> <span class='ocrx_word' id='word_1_419' title='bbox 612 5149 987 5204; x_wconf 88' lang='lat' dir='ltr'>concubitum</span> <span class='ocrx_word' id='word_1_420' title='bbox 1010 5146 1139 5215; x_wconf 90' lang='lat' dir='ltr'>viri,</span> <span class='ocrx_word' id='word_1_421' title='bbox 1172 5146 1228 5201; x_wconf 92' lang='lat' dir='ltr'>id</span> <span class='ocrx_word' id='word_1_422' title='bbox 1262 5151 1349 5202; x_wconf 87' lang='lat' dir='ltr'>est</span> <span class='ocrx_word' id='word_1_423' title='bbox 1379 5148 1650 5219; x_wconf 86' lang='lat' dir='ltr'>virgines.</span> 
     </span>
    </p>
   </div>
   <div class='ocr_carea' id='block_1_58' title="bbox 334 5236 1902 5310">
    <p class='ocr_par' dir='ltr' id='par_1_58' title="bbox 334 5236 1902 5310">
     <span class='ocr_line' id='line_1_58' title="bbox 334 5236 1902 5310; baseline 0.001 -17"><span class='ocrx_word' id='word_1_424' title='bbox 334 5238 436 5307; x_wconf 83' lang='grc'><strong>[11).</strong></span> <span class='ocrx_word' id='word_1_425' title='bbox 460 5239 573 5310; x_wconf 75' lang='grc'><strong>54.]</strong></span> <span class='ocrx_word' id='word_1_426' title='bbox 606 5260 631 5286; x_wconf 90' lang='grc'>‹‹</span> <span class='ocrx_word' id='word_1_427' title='bbox 670 5240 731 5292; x_wconf 83' lang='lat' dir='ltr'>Et</span> <span class='ocrx_word' id='word_1_428' title='bbox 766 5236 987 5306; x_wconf 89' lang='lat' dir='ltr'>accepit</span> <span class='ocrx_word' id='word_1_429' title='bbox 1015 5237 1241 5308; x_wconf 81' lang='lat' dir='ltr'>Moyses</span> <span class='ocrx_word' id='word_1_430' title='bbox 1272 5242 1328 5290; x_wconf 89' lang='lat' dir='ltr'>et</span> <span class='ocrx_word' id='word_1_431' title='bbox 1360 5237 1590 5292; x_wconf 87' lang='lat' dir='ltr'>Eleazar</span> <span class='ocrx_word' id='word_1_432' title='bbox 1630 5239 1902 5294; x_wconf 82' lang='lat' dir='ltr'>sacerdos</span> 
     </span>
    </p>
   </div>
   <div class='ocr_carea' id='block_1_59' title="bbox 272 5324 1903 5393">
    <p class='ocr_par' dir='ltr' id='par_1_59' title="bbox 272 5324 1903 5393">
     <span class='ocr_line' id='line_1_59' title="bbox 272 5324 1903 5393; baseline 0.002 -15"><span class='ocrx_word' id='word_1_433' title='bbox 272 5341 469 5381; x_wconf 83' lang='lat' dir='ltr'>aurum</span> <span class='ocrx_word' id='word_1_434' title='bbox 506 5344 538 5382; x_wconf 93' lang='lat' dir='ltr'>a</span> <span class='ocrx_word' id='word_1_435' title='bbox 566 5325 899 5383; x_wconf 89' lang='lat' dir='ltr'>cbiliarchis</span> <span class='ocrx_word' id='word_1_436' title='bbox 930 5329 985 5380; x_wconf 93' lang='lat' dir='ltr'>et</span> <span class='ocrx_word' id='word_1_437' title='bbox 1030 5342 1062 5377; x_wconf 87' lang='lat' dir='ltr'>a</span> <span class='ocrx_word' id='word_1_438' title='bbox 1110 5324 1574 5393; x_wconf 85' lang='lat' dir='ltr'>centurionibus,</span> <span class='ocrx_word' id='word_1_439' title='bbox 1619 5332 1675 5381; x_wconf 89' lang='lat' dir='ltr'>et</span> <span class='ocrx_word' id='word_1_440' title='bbox 1707 5327 1903 5383; x_wconf 87' lang='lat' dir='ltr'>intulit</span> 
     </span>
    </p>
   </div>
   <div class='ocr_carea' id='block_1_60' title="bbox 275 5413 1901 5473">
    <p class='ocr_par' dir='ltr' id='par_1_60' title="bbox 275 5413 1901 5473">
     <span class='ocr_line' id='line_1_60' title="bbox 275 5413 1901 5473; baseline 0.003 -6"><span class='ocrx_word' id='word_1_441' title='bbox 275 5430 333 5468; x_wconf 87' lang='lat' dir='ltr'>ea</span> <span class='ocrx_word' id='word_1_442' title='bbox 360 5414 417 5470; x_wconf 91' lang='lat' dir='ltr'>in</span> <span class='ocrx_word' id='word_1_443' title='bbox 450 5414 892 5472; x_wconf 89' lang='lat' dir='ltr'>tabernaculum</span> <span class='ocrx_word' id='word_1_444' title='bbox 925 5413 1267 5468; x_wconf 88' lang='lat' dir='ltr'>testimonii.</span> <span class='ocrx_word' id='word_1_445' title='bbox 1310 5413 1552 5471; x_wconf 91' lang='lat' dir='ltr'>Videtur</span> <span class='ocrx_word' id='word_1_446' title='bbox 1582 5416 1771 5472; x_wconf 89' lang='lat' dir='ltr'>dicere</span> <span class='ocrx_word' id='word_1_447' title='bbox 1801 5417 1901 5473; x_wconf 86' lang='lat' dir='ltr'>de-</span> 
     </span>
    </p>
   </div>
   <div class='ocr_carea' id='block_1_61' title="bbox 278 5501 1899 5574">
    <p class='ocr_par' dir='ltr' id='par_1_61' title="bbox 278 5501 1899 5574">
     <span class='ocr_line' id='line_1_61' title="bbox 278 5501 1899 5574; baseline 0.004 -20"><span class='ocrx_word' id='word_1_448' title='bbox 278 5501 486 5571; x_wconf 87' lang='lat' dir='ltr'>buisse,</span> <span class='ocrx_word' id='word_1_449' title='bbox 506 5503 777 5560; x_wconf 88' lang='lat' dir='ltr'>etintulit</span> <span class='ocrx_word' id='word_1_450' title='bbox 797 5503 943 5558; x_wconf 88' lang='lat' dir='ltr'>illud</span> <span class='ocrx_word' id='word_1_451' title='bbox 970 5504 1028 5557; x_wconf 90' lang='lat' dir='ltr'>in</span> <span class='ocrx_word' id='word_1_452' title='bbox 1061 5503 1499 5559; x_wconf 80' lang='lat' dir='ltr'>tabernaculum</span> <span class='ocrx_word' id='word_1_453' title='bbox 1525 5506 1843 5561; x_wconf 90' lang='lat' dir='ltr'>testimonii</span> <span class='ocrx_word' id='word_1_454' title='bbox 1885 5525 1899 5574; x_wconf 90' lang='lat'><strong>;</strong></span> 
     </span>
    </p>
   </div>
   <div class='ocr_carea' id='block_1_62' title="bbox 282 5592 1902 5668">
    <p class='ocr_par' dir='ltr' id='par_1_62' title="bbox 282 5592 1902 5668">
     <span class='ocr_line' id='line_1_62' title="bbox 282 5592 1902 5668; baseline 0.002 -21"><span class='ocrx_word' id='word_1_455' title='bbox 282 5592 542 5662; x_wconf 83' lang='lat' dir='ltr'>quoniam</span> <span class='ocrx_word' id='word_1_456' title='bbox 571 5610 780 5649; x_wconf 90' lang='lat' dir='ltr'>aurum</span> <span class='ocrx_word' id='word_1_457' title='bbox 814 5597 1113 5663; x_wconf 87' lang='lat' dir='ltr'>acceptum</span> <span class='ocrx_word' id='word_1_458' title='bbox 1143 5608 1271 5647; x_wconf 88' lang='lat' dir='ltr'>esse</span> <span class='ocrx_word' id='word_1_459' title='bbox 1302 5594 1663 5666; x_wconf 64' lang='lat' dir='ltr'>praedixerat,</span> <span class='ocrx_word' id='word_1_460' title='bbox 1698 5600 1753 5650; x_wconf 89' lang='lat' dir='ltr'>et</span> <span class='ocrx_word' id='word_1_461' title='bbox 1784 5596 1902 5668; x_wconf 91' lang='lat' dir='ltr'>ple-</span> 
     </span>
    </p>
   </div>
   <div class='ocr_carea' id='block_1_63' title="bbox 1412 3639 1899 3708">
    <p class='ocr_par' dir='ltr' id='par_1_63' title="bbox 1412 3639 1899 3708">
     <span class='ocr_line' id='line_1_63' title="bbox 1412 3639 1899 3708; baseline 0.016 -21"><span class='ocrx_word' id='word_1_462' title='bbox 1412 3660 1437 3687; x_wconf 77' lang='lat'>»</span> <span class='ocrx_word' id='word_1_463' title='bbox 1491 3639 1644 3708; x_wconf 91' lang='lat' dir='ltr'>quod</span> <span class='ocrx_word' id='word_1_464' title='bbox 1690 3641 1899 3695; x_wconf 88' lang='lat' dir='ltr'>usitate</span> 
     </span>
    </p>
   </div>
   <div class='ocr_carea' id='block_1_64' title="bbox 1657 132 2327 203">
    <p class='ocr_par' dir='ltr' id='par_1_64' title="bbox 1657 132 2327 203">
     <span class='ocr_line' id='line_1_64' title="bbox 1657 132 2327 203; baseline -0.003 -10"><span class='ocrx_word' id='word_1_465' title='bbox 1657 132 1887 193; x_wconf 82' lang='lat' dir='ltr'>LIBER</span> <span class='ocrx_word' id='word_1_466' title='bbox 1932 132 2327 203; x_wconf 83' lang='lat' dir='ltr'>QUARTUS.</span> 
     </span>
    </p>
   </div>
   <div class='ocr_carea' id='block_1_65' title="bbox 292 264 1936 337">
    <p class='ocr_par' dir='ltr' id='par_1_65' title="bbox 292 264 1936 337">
     <span class='ocr_line' id='line_1_65' title="bbox 292 264 1936 337; baseline -0.002 -17"><span class='ocrx_word' id='word_1_467' title='bbox 292 280 475 337; x_wconf 66' lang='lat' dir='ltr'>graeca</span> <span class='ocrx_word' id='word_1_468' title='bbox 500 268 793 331; x_wconf 89' lang='lat' dir='ltr'>esset,non</span> <span class='ocrx_word' id='word_1_469' title='bbox 826 269 1117 321; x_wconf 89' lang='lat' dir='ltr'>notarem:</span> <span class='ocrx_word' id='word_1_470' title='bbox 1145 282 1257 320; x_wconf 90' lang='lat' dir='ltr'>non</span> <span class='ocrx_word' id='word_1_471' title='bbox 1277 266 1431 321; x_wconf 91' lang='lat' dir='ltr'>enim</span> <span class='ocrx_word' id='word_1_472' title='bbox 1448 264 1824 335; x_wconf 88' lang='lat' dir='ltr'>ait,Exceptis</span> <span class='ocrx_word' id='word_1_473' title='bbox 1842 280 1936 317; x_wconf 86' lang='lat' dir='ltr'>vo-</span> 
     </span>
    </p>
   </div>
   <div class='ocr_carea' id='block_1_66' title="bbox 3573 132 3695 201">
    <p class='ocr_par' dir='ltr' id='par_1_66' title="bbox 3573 132 3695 201">
     <span class='ocr_line' id='line_1_66' title="bbox 3573 132 3695 201; baseline 0.049 -8"><span class='ocrx_word' id='word_1_474' title='bbox 3573 132 3695 201; x_wconf 82' lang='lat'>530</span> 
     </span>
    </p>
   </div>
   <div class='ocr_carea' id='block_1_67' title="bbox 2048 262 3693 337">
    <p class='ocr_par' dir='ltr' id='par_1_67' title="bbox 2048 262 3693 337">
     <span class='ocr_line' id='line_1_67' title="bbox 2048 262 3693 337; baseline 0.003 -21"><span class='ocrx_word' id='word_1_475' title='bbox 2048 264 2211 333; x_wconf 89' lang='lat' dir='ltr'>rique</span> <span class='ocrx_word' id='word_1_476' title='bbox 2245 262 2407 316; x_wconf 89' lang='lat' dir='ltr'>latini</span> <span class='ocrx_word' id='word_1_477' title='bbox 2440 264 2664 319; x_wconf 89' lang='lat' dir='ltr'>codices</span> <span class='ocrx_word' id='word_1_478' title='bbox 2697 266 2780 319; x_wconf 88' lang='lat' dir='ltr'>sic</span> <span class='ocrx_word' id='word_1_479' title='bbox 2803 265 3019 321; x_wconf 87' lang='lat' dir='ltr'>habent</span> <span class='ocrx_word' id='word_1_480' title='bbox 3051 283 3063 319; x_wconf 92' lang='lat'>:</span> <span class='ocrx_word' id='word_1_481' title='bbox 3098 266 3198 320; x_wconf 89' lang='lat' dir='ltr'>sed</span> <span class='ocrx_word' id='word_1_482' title='bbox 3228 265 3357 321; x_wconf 88' lang='lat' dir='ltr'>ideo</span> <span class='ocrx_word' id='word_1_483' title='bbox 3391 264 3693 337; x_wconf 85' lang='lat' dir='ltr'>pluraliter</span> 
     </span>
    </p>
   </div>
   <div class='ocr_carea' id='block_1_68' title="bbox 2048 350 3690 425">
    <p class='ocr_par' dir='ltr' id='par_1_68' title="bbox 2048 350 3690 425">
     <span class='ocr_line' id='line_1_68' title="bbox 2048 350 3690 425; baseline 0.005 -24"><span class='ocrx_word' id='word_1_484' title='bbox 2048 351 2275 404; x_wconf 79' lang='lat' dir='ltr'>videtur</span> <span class='ocrx_word' id='word_1_485' title='bbox 2309 350 2527 405; x_wconf 78' lang='lat' dir='ltr'>illatum</span> <span class='ocrx_word' id='word_1_486' title='bbox 2562 359 2620 405; x_wconf 82' lang='lat' dir='ltr'>ut</span> <span class='ocrx_word' id='word_1_487' title='bbox 2643 353 2879 420; x_wconf 76' lang='lat' dir='ltr'>diceret,</span> <span class='ocrx_word' id='word_1_488' title='bbox 2914 376 2941 402; x_wconf 88' lang='lat'><strong>«</strong></span> <span class='ocrx_word' id='word_1_489' title='bbox 2963 353 3158 408; x_wconf 81' lang='lat' dir='ltr'>intulit</span> <span class='ocrx_word' id='word_1_490' title='bbox 3176 370 3262 422; x_wconf 86' lang='lat' dir='ltr'>ea,</span> <span class='ocrx_word' id='word_1_491' title='bbox 3290 377 3316 402; x_wconf 87' lang='grc'><strong>››</strong></span> <span class='ocrx_word' id='word_1_492' title='bbox 3347 353 3486 425; x_wconf 89' lang='lat' dir='ltr'>quia</span> <span class='ocrx_word' id='word_1_493' title='bbox 3505 355 3690 411; x_wconf 87' lang='lat' dir='ltr'>multa</span> 
     </span>
    </p>
   </div>
   <div class='ocr_carea' id='block_1_69' title="bbox 2046 440 3686 513">
    <p class='ocr_par' dir='ltr' id='par_1_69' title="bbox 2046 440 3686 513">
     <span class='ocr_line' id='line_1_69' title="bbox 2046 440 3686 513; baseline 0.003 -20"><span class='ocrx_word' id='word_1_494' title='bbox 2046 456 2183 494; x_wconf 88' lang='lat' dir='ltr'>vasa</span> <span class='ocrx_word' id='word_1_495' title='bbox 2239 440 2472 495; x_wconf 81' lang='lat' dir='ltr'>fuerant</span> <span class='ocrx_word' id='word_1_496' title='bbox 2525 441 2797 512; x_wconf 91' lang='lat' dir='ltr'>superius</span> <span class='ocrx_word' id='word_1_497' title='bbox 2854 445 3329 511; x_wconf 89' lang='lat' dir='ltr'>commemorata,</span> <span class='ocrx_word' id='word_1_498' title='bbox 3360 442 3420 497; x_wconf 91' lang='lat' dir='ltr'>in</span> <span class='ocrx_word' id='word_1_499' title='bbox 3472 443 3686 513; x_wconf 87' lang='lat' dir='ltr'>quibus</span> 
     </span>
    </p>
   </div>
   <div class='ocr_carea' id='block_1_70' title="bbox 2045 528 2572 585">
    <p class='ocr_par' dir='ltr' id='par_1_70' title="bbox 2045 528 2572 585">
     <span class='ocr_line' id='line_1_70' title="bbox 2045 528 2572 585; baseline 0.004 -2"><span class='ocrx_word' id='word_1_500' title='bbox 2045 534 2172 583; x_wconf 89' lang='lat' dir='ltr'>erat</span> <span class='ocrx_word' id='word_1_501' title='bbox 2203 528 2309 583; x_wconf 91' lang='lat' dir='ltr'>hoc</span> <span class='ocrx_word' id='word_1_502' title='bbox 2341 546 2572 585; x_wconf 90' lang='lat' dir='ltr'>aurum.</span> 
     </span>
    </p>
   </div>
   <div class='ocr_carea' id='block_1_71' title="bbox 2114 617 3686 689">
    <p class='ocr_par' dir='ltr' id='par_1_71' title="bbox 2114 617 3686 689">
     <span class='ocr_line' id='line_1_71' title="bbox 2114 617 3686 689; baseline 0.003 -18"><span class='ocrx_word' id='word_1_503' title='bbox 2114 618 2218 688; x_wconf 88' lang='grc'><strong>[11).</strong></span> <span class='ocrx_word' id='word_1_504' title='bbox 2252 634 2425 681; x_wconf 77' lang='lat' dir='ltr'>xxxii,</span> <span class='ocrx_word' id='word_1_505' title='bbox 2462 619 2535 688; x_wconf 91' lang='lat'>1.]</span> <span class='ocrx_word' id='word_1_506' title='bbox 2568 641 2594 667; x_wconf 83' lang='lat'><strong>«</strong></span> <span class='ocrx_word' id='word_1_507' title='bbox 2631 620 2697 672; x_wconf 88' lang='lat' dir='ltr'>Et</span> <span class='ocrx_word' id='word_1_508' title='bbox 2741 635 2966 689; x_wconf 86' lang='lat' dir='ltr'>pecora,</span> <span class='ocrx_word' id='word_1_509' title='bbox 3015 618 3331 674; x_wconf 91' lang='lat' dir='ltr'>multitudo</span> <span class='ocrx_word' id='word_1_510' title='bbox 3383 621 3508 673; x_wconf 87' lang='lat' dir='ltr'>erat</span> <span class='ocrx_word' id='word_1_511' title='bbox 3549 617 3686 675; x_wconf 82' lang='lat' dir='ltr'>ﬂliis</span> 
     </span>
    </p>
   </div>
   <div class='ocr_carea' id='block_1_72' title="bbox 2044 705 3681 778">
    <p class='ocr_par' dir='ltr' id='par_1_72' title="bbox 2044 705 3681 778">
     <span class='ocr_line' id='line_1_72' title="bbox 2044 705 3681 778; baseline 0.001 -18"><span class='ocrx_word' id='word_1_512' title='bbox 2044 705 2246 760; x_wconf 87' lang='lat' dir='ltr'>Ruben</span> <span class='ocrx_word' id='word_1_513' title='bbox 2279 711 2333 761; x_wconf 90' lang='lat' dir='ltr'>et</span> <span class='ocrx_word' id='word_1_514' title='bbox 2365 706 2503 763; x_wconf 89' lang='lat' dir='ltr'>tiliis</span> <span class='ocrx_word' id='word_1_515' title='bbox 2528 706 2672 772; x_wconf 88' lang='lat' dir='ltr'>Gad,</span> <span class='ocrx_word' id='word_1_516' title='bbox 2700 707 3012 762; x_wconf 90' lang='lat' dir='ltr'>multitudo</span> <span class='ocrx_word' id='word_1_517' title='bbox 3032 708 3266 778; x_wconf 89' lang='lat' dir='ltr'>copiosa</span> <span class='ocrx_word' id='word_1_518' title='bbox 3286 707 3489 762; x_wconf 89' lang='lat' dir='ltr'>valde:</span> <span class='ocrx_word' id='word_1_519' title='bbox 3516 727 3543 755; x_wconf 87' lang='lat'><strong>»</strong></span> <span class='ocrx_word' id='word_1_520' title='bbox 3568 724 3681 762; x_wconf 92' lang='lat' dir='ltr'>non</span> 
     </span>
    </p>
   </div>
   <div class='ocr_carea' id='block_1_73' title="bbox 2041 793 3110 865">
    <p class='ocr_par' dir='ltr' id='par_1_73' title="bbox 2041 793 3110 865">
     <span class='ocr_line' id='line_1_73' title="bbox 2041 793 3110 865; baseline 0.001 -17"><span class='ocrx_word' id='word_1_521' title='bbox 2041 793 2206 859; x_wconf 81' lang='lat' dir='ltr'>dixit,</span> <span class='ocrx_word' id='word_1_522' title='bbox 2234 798 2291 849; x_wconf 90' lang='lat' dir='ltr'>et</span> <span class='ocrx_word' id='word_1_523' title='bbox 2321 811 2593 865; x_wconf 87' lang='lat' dir='ltr'>pecorum</span> <span class='ocrx_word' id='word_1_524' title='bbox 2624 795 2937 850; x_wconf 89' lang='lat' dir='ltr'>multitudo</span> <span class='ocrx_word' id='word_1_525' title='bbox 2967 799 3110 850; x_wconf 91' lang='lat' dir='ltr'>erat.</span> 
     </span>
    </p>
   </div>
   <div class='ocr_carea' id='block_1_74' title="bbox 2114 882 3681 955">
    <p class='ocr_par' dir='ltr' id='par_1_74' title="bbox 2114 882 3681 955">
     <span class='ocr_line' id='line_1_74' title="bbox 2114 882 3681 955; baseline 0.002 -19"><span class='ocrx_word' id='word_1_526' title='bbox 2114 882 2221 952; x_wconf 88' lang='grc'><strong>[11).</strong></span> <span class='ocrx_word' id='word_1_527' title='bbox 2257 883 2332 953; x_wconf 91' lang='grc'>1.]</span> <span class='ocrx_word' id='word_1_528' title='bbox 2368 904 2395 932; x_wconf 87' lang='grc'><strong>‹‹</strong></span> <span class='ocrx_word' id='word_1_529' title='bbox 2430 884 2496 937; x_wconf 89' lang='lat' dir='ltr'>Et</span> <span class='ocrx_word' id='word_1_530' title='bbox 2527 882 2795 938; x_wconf 90' lang='lat' dir='ltr'>viderunt</span> <span class='ocrx_word' id='word_1_531' title='bbox 2817 884 3109 955; x_wconf 89' lang='lat' dir='ltr'>regionem</span> <span class='ocrx_word' id='word_1_532' title='bbox 3129 885 3291 939; x_wconf 83' lang='lat' dir='ltr'>Jazer</span> <span class='ocrx_word' id='word_1_533' title='bbox 3309 888 3361 938; x_wconf 90' lang='lat' dir='ltr'>et</span> <span class='ocrx_word' id='word_1_534' title='bbox 3383 883 3681 955; x_wconf 91' lang='lat' dir='ltr'>regionem</span> 
     </span>
    </p>
   </div>
   <div class='ocr_carea' id='block_1_75' title="bbox 2042 970 3679 1044">
    <p class='ocr_par' dir='ltr' id='par_1_75' title="bbox 2042 970 3679 1044">
     <span class='ocr_line' id='line_1_75' title="bbox 2042 970 3679 1044; baseline 0.001 -19"><span class='ocrx_word' id='word_1_535' title='bbox 2042 970 2283 1037; x_wconf 87' lang='lat' dir='ltr'>Galaad,</span> <span class='ocrx_word' id='word_1_536' title='bbox 2314 976 2371 1025; x_wconf 92' lang='lat' dir='ltr'>et</span> <span class='ocrx_word' id='word_1_537' title='bbox 2399 977 2521 1025; x_wconf 91' lang='lat' dir='ltr'>erat</span> <span class='ocrx_word' id='word_1_538' title='bbox 2554 971 2735 1038; x_wconf 88' lang='lat' dir='ltr'>locus,</span> <span class='ocrx_word' id='word_1_539' title='bbox 2770 971 2931 1027; x_wconf 90' lang='lat' dir='ltr'>locus</span> <span class='ocrx_word' id='word_1_540' title='bbox 2965 972 3303 1044; x_wconf 89' lang='lat' dir='ltr'>pecoribus:</span> <span class='ocrx_word' id='word_1_541' title='bbox 3340 994 3367 1021; x_wconf 84' lang='lat'><strong>»</strong></span> <span class='ocrx_word' id='word_1_542' title='bbox 3400 987 3513 1028; x_wconf 91' lang='lat' dir='ltr'>non</span> <span class='ocrx_word' id='word_1_543' title='bbox 3538 974 3679 1042; x_wconf 86' lang='lat' dir='ltr'>jun-</span> 
     </span>
    </p>
   </div>
   <div class='ocr_carea' id='block_1_76' title="bbox 2040 1060 3680 1131">
    <p class='ocr_par' dir='ltr' id='par_1_76' title="bbox 2040 1060 3680 1131">
     <span class='ocr_line' id='line_1_76' title="bbox 2040 1060 3680 1131; baseline 0.002 -18"><span class='ocrx_word' id='word_1_544' title='bbox 2040 1060 2296 1131; x_wconf 88' lang='lat' dir='ltr'>gendum</span> <span class='ocrx_word' id='word_1_545' title='bbox 2328 1064 2419 1115; x_wconf 92' lang='lat' dir='ltr'>est</span> <span class='ocrx_word' id='word_1_546' title='bbox 2447 1060 2504 1114; x_wconf 90' lang='lat' dir='ltr'>in</span> <span class='ocrx_word' id='word_1_547' title='bbox 2537 1060 3008 1131; x_wconf 90' lang='lat' dir='ltr'>pronuntiatione</span> <span class='ocrx_word' id='word_1_548' title='bbox 3037 1062 3192 1131; x_wconf 91' lang='lat' dir='ltr'>quod</span> <span class='ocrx_word' id='word_1_549' title='bbox 3224 1060 3314 1116; x_wconf 79' lang='lat' dir='ltr'>bis</span> <span class='ocrx_word' id='word_1_550' title='bbox 3358 1060 3504 1115; x_wconf 87' lang='lat' dir='ltr'>dixit</span> <span class='ocrx_word' id='word_1_551' title='bbox 3537 1080 3559 1108; x_wconf 82' lang='grc' dir='ltr'>ι</span> <span class='ocrx_word' id='word_1_552' title='bbox 3593 1061 3680 1117; x_wconf 86' lang='lat' dir='ltr'>lo-</span> 
     </span>
    </p>
   </div>
   <div class='ocr_carea' id='block_1_77' title="bbox 2042 1148 3682 1220">
    <p class='ocr_par' dir='ltr' id='par_1_77' title="bbox 2042 1148 3682 1220">
     <span class='ocr_line' id='line_1_77' title="bbox 2042 1148 3682 1220; baseline 0.002 -19"><span class='ocrx_word' id='word_1_553' title='bbox 2042 1163 2185 1214; x_wconf 90' lang='lat' dir='ltr'>cus;</span> <span class='ocrx_word' id='word_1_554' title='bbox 2220 1170 2246 1197; x_wconf 84' lang='lat'>»</span> <span class='ocrx_word' id='word_1_555' title='bbox 2284 1149 2383 1203; x_wconf 90' lang='lat' dir='ltr'>sed</span> <span class='ocrx_word' id='word_1_556' title='bbox 2418 1148 3033 1220; x_wconf 88' lang='lat' dir='ltr'>subdistinguendum,</span> <span class='ocrx_word' id='word_1_557' title='bbox 3058 1171 3085 1197; x_wconf 86' lang='lat'><strong><em>«</em></strong></span> <span class='ocrx_word' id='word_1_558' title='bbox 3118 1154 3175 1203; x_wconf 91' lang='lat' dir='ltr'>et</span> <span class='ocrx_word' id='word_1_559' title='bbox 3204 1154 3327 1204; x_wconf 90' lang='lat' dir='ltr'>erat</span> <span class='ocrx_word' id='word_1_560' title='bbox 3356 1148 3539 1219; x_wconf 90' lang='lat' dir='ltr'>locus,</span> <span class='ocrx_word' id='word_1_561' title='bbox 3562 1168 3588 1199; x_wconf 79' lang='grc' dir='ltr'><strong>ι)</strong></span> <span class='ocrx_word' id='word_1_562' title='bbox 3625 1154 3682 1205; x_wconf 88' lang='lat' dir='ltr'>et</span> 
     </span>
    </p>
   </div>
   <div class='ocr_carea' id='block_1_78' title="bbox 2041 1236 3679 1309">
    <p class='ocr_par' dir='ltr' id='par_1_78' title="bbox 2041 1236 3679 1309">
     <span class='ocr_line' id='line_1_78' title="bbox 2041 1236 3679 1309; baseline 0.001 -19"><span class='ocrx_word' id='word_1_563' title='bbox 2041 1236 2252 1292; x_wconf 90' lang='lat' dir='ltr'>deinde</span> <span class='ocrx_word' id='word_1_564' title='bbox 2286 1237 2709 1307; x_wconf 78' lang='lat' dir='ltr'>inferendum,«</span> <span class='ocrx_word' id='word_1_565' title='bbox 2746 1239 2911 1293; x_wconf 90' lang='lat' dir='ltr'>locus</span> <span class='ocrx_word' id='word_1_566' title='bbox 2931 1237 3259 1309; x_wconf 91' lang='lat' dir='ltr'>pecoribus.</span> <span class='ocrx_word' id='word_1_567' title='bbox 3278 1259 3306 1287; x_wconf 84' lang='lat'><strong>»</strong></span> <span class='ocrx_word' id='word_1_568' title='bbox 3326 1237 3501 1303; x_wconf 91' lang='lat' dir='ltr'>Quasi</span> <span class='ocrx_word' id='word_1_569' title='bbox 3523 1237 3679 1294; x_wconf 85' lang='lat' dir='ltr'>enim</span> 
     </span>
    </p>
   </div>
   <div class='ocr_carea' id='block_1_79' title="bbox 2037 1324 3679 1399">
    <p class='ocr_par' dir='ltr' id='par_1_79' title="bbox 2037 1324 3679 1399">
     <span class='ocr_line' id='line_1_79' title="bbox 2037 1324 3679 1399; baseline 0.001 -19"><span class='ocrx_word' id='word_1_570' title='bbox 2037 1329 2471 1395; x_wconf 82' lang='lat' dir='ltr'>exspectaretur</span> <span class='ocrx_word' id='word_1_571' title='bbox 2501 1326 2695 1397; x_wconf 87' lang='lat' dir='ltr'>qualis</span> <span class='ocrx_word' id='word_1_572' title='bbox 2734 1326 2918 1392; x_wconf 88' lang='lat' dir='ltr'>locus,</span> <span class='ocrx_word' id='word_1_573' title='bbox 2954 1324 3035 1381; x_wconf 88' lang='lat' dir='ltr'>ita</span> <span class='ocrx_word' id='word_1_574' title='bbox 3072 1326 3338 1396; x_wconf 89' lang='lat' dir='ltr'>repetitio</span> <span class='ocrx_word' id='word_1_575' title='bbox 3388 1326 3679 1399; x_wconf 88' lang='lat' dir='ltr'>eleganter</span> 
     </span>
    </p>
   </div>
   <div class='ocr_carea' id='block_1_80' title="bbox 2034 1413 2331 1470">
    <p class='ocr_par' dir='ltr' id='par_1_80' title="bbox 2034 1413 2331 1470">
     <span class='ocr_line' id='line_1_80' title="bbox 2034 1413 2331 1470; baseline -0.007 -1"><span class='ocrx_word' id='word_1_576' title='bbox 2034 1413 2195 1469; x_wconf 89' lang='lat' dir='ltr'>illata</span> <span class='ocrx_word' id='word_1_577' title='bbox 2224 1419 2331 1470; x_wconf 91' lang='lat' dir='ltr'>est.</span> 
     </span>
    </p>
   </div>
   <div class='ocr_carea' id='block_1_81' title="bbox 2108 1503 3671 1575">
    <p class='ocr_par' dir='ltr' id='par_1_81' title="bbox 2108 1503 3671 1575">
     <span class='ocr_line' id='line_1_81' title="bbox 2108 1503 3671 1575; baseline 0.001 -18"><span class='ocrx_word' id='word_1_578' title='bbox 2108 1503 2212 1571; x_wconf 89' lang='grc'><strong>[11).</strong></span> <span class='ocrx_word' id='word_1_579' title='bbox 2245 1507 2320 1570; x_wconf 88' lang='grc'><strong>2.]</strong></span> <span class='ocrx_word' id='word_1_580' title='bbox 2356 1526 2383 1553; x_wconf 90' lang='grc'><em>‹‹</em></span> <span class='ocrx_word' id='word_1_581' title='bbox 2419 1504 2488 1559; x_wconf 90' lang='lat' dir='ltr'>Et</span> <span class='ocrx_word' id='word_1_582' title='bbox 2526 1505 2904 1559; x_wconf 90' lang='lat' dir='ltr'>accendentes</span> <span class='ocrx_word' id='word_1_583' title='bbox 2934 1504 3037 1560; x_wconf 84' lang='lat' dir='ltr'>ﬁlii</span> <span class='ocrx_word' id='word_1_584' title='bbox 3070 1506 3272 1561; x_wconf 83' lang='lat' dir='ltr'>Ruben</span> <span class='ocrx_word' id='word_1_585' title='bbox 3306 1509 3362 1559; x_wconf 93' lang='lat' dir='ltr'>et</span> <span class='ocrx_word' id='word_1_586' title='bbox 3393 1503 3495 1558; x_wconf 79' lang='lat' dir='ltr'>filii</span> <span class='ocrx_word' id='word_1_587' title='bbox 3527 1504 3671 1575; x_wconf 89' lang='lat' dir='ltr'>Gad,</span> 
     </span>
    </p>
   </div>
   <div class='ocr_carea' id='block_1_82' title="bbox 2033 1591 3672 1665">
    <p class='ocr_par' dir='ltr' id='par_1_82' title="bbox 2033 1591 3672 1665">
     <span class='ocr_line' id='line_1_82' title="bbox 2033 1591 3672 1665; baseline 0.001 -19"><span class='ocrx_word' id='word_1_588' title='bbox 2033 1591 2304 1647; x_wconf 88' lang='lat' dir='ltr'>dixerunt</span> <span class='ocrx_word' id='word_1_589' title='bbox 2320 1592 2390 1647; x_wconf 90' lang='lat' dir='ltr'>ad</span> <span class='ocrx_word' id='word_1_590' title='bbox 2407 1593 2637 1664; x_wconf 80' lang='lat' dir='ltr'>Moysen</span> <span class='ocrx_word' id='word_1_591' title='bbox 2654 1598 2710 1647; x_wconf 89' lang='lat' dir='ltr'>et</span> <span class='ocrx_word' id='word_1_592' title='bbox 2722 1592 2954 1648; x_wconf 88' lang='lat' dir='ltr'>Eleazar</span> <span class='ocrx_word' id='word_1_593' title='bbox 2970 1594 3415 1661; x_wconf 89' lang='lat' dir='ltr'>sacerdotem,et</span> <span class='ocrx_word' id='word_1_594' title='bbox 3428 1594 3496 1649; x_wconf 91' lang='lat' dir='ltr'>ad</span> <span class='ocrx_word' id='word_1_595' title='bbox 3512 1592 3672 1665; x_wconf 86' lang='lat' dir='ltr'>prin-</span> 
     </span>
    </p>
   </div>
   <div class='ocr_carea' id='block_1_83' title="bbox 2033 1680 3670 1764">
    <p class='ocr_par' dir='ltr' id='par_1_83' title="bbox 2033 1680 3670 1764">
     <span class='ocr_line' id='line_1_83' title="bbox 2033 1680 3670 1764; baseline 0.002 -31"><span class='ocrx_word' id='word_1_596' title='bbox 2033 1680 2081 1734; x_wconf 92' lang='lat' dir='ltr'>ci</span> <span class='ocrx_word' id='word_1_597' title='bbox 2094 1697 2193 1751; x_wconf 87' lang='lat' dir='ltr'>pes</span> <span class='ocrx_word' id='word_1_598' title='bbox 2206 1682 2702 1753; x_wconf 70' lang='lat' dir='ltr'>synagogae,dicen</span> <span class='ocrx_word' id='word_1_599' title='bbox 2714 1686 2827 1736; x_wconf 86' lang='lat' dir='ltr'>tes:</span> <span class='ocrx_word' id='word_1_600' title='bbox 2849 1704 2873 1729; x_wconf 72' lang='grc' dir='ltr'><strong>ι)</strong></span> <span class='ocrx_word' id='word_1_601' title='bbox 2899 1700 3012 1737; x_wconf 90' lang='lat' dir='ltr'>non</span> <span class='ocrx_word' id='word_1_602' title='bbox 3035 1686 3124 1737; x_wconf 88' lang='lat' dir='ltr'>est</span> <span class='ocrx_word' id='word_1_603' title='bbox 3144 1683 3260 1737; x_wconf 88' lang='lat' dir='ltr'>ista</span> <span class='ocrx_word' id='word_1_604' title='bbox 3280 1681 3363 1736; x_wconf 86' lang='lat' dir='ltr'>vel</span> <span class='ocrx_word' id='word_1_605' title='bbox 3388 1698 3571 1764; x_wconf 69' lang='lat' dir='ltr'>grmca</span> <span class='ocrx_word' id='word_1_606' title='bbox 3584 1681 3670 1737; x_wconf 86' lang='lat' dir='ltr'>vel</span> 
     </span>
    </p>
   </div>
   <div class='ocr_carea' id='block_1_84' title="bbox 2031 1768 3670 1841">
    <p class='ocr_par' dir='ltr' id='par_1_84' title="bbox 2031 1768 3670 1841">
     <span class='ocr_line' id='line_1_84' title="bbox 2031 1768 3670 1841; baseline 0.002 -18"><span class='ocrx_word' id='word_1_607' title='bbox 2031 1768 2214 1825; x_wconf 91' lang='lat' dir='ltr'>latina</span> <span class='ocrx_word' id='word_1_608' title='bbox 2234 1770 2503 1836; x_wconf 84' lang='lat' dir='ltr'>locutio,«</span> <span class='ocrx_word' id='word_1_609' title='bbox 2524 1770 2794 1825; x_wconf 86' lang='lat' dir='ltr'>dixerunt</span> <span class='ocrx_word' id='word_1_610' title='bbox 2815 1770 3129 1841; x_wconf 84' lang='lat' dir='ltr'>dicentes,»</span> <span class='ocrx_word' id='word_1_611' title='bbox 3144 1772 3244 1827; x_wconf 90' lang='lat' dir='ltr'>sed</span> <span class='ocrx_word' id='word_1_612' title='bbox 3267 1769 3496 1826; x_wconf 69' lang='lat' dir='ltr'>hebraaa</span> <span class='ocrx_word' id='word_1_613' title='bbox 3515 1770 3670 1826; x_wconf 89' lang='lat' dir='ltr'>vide-</span> 
     </span>
    </p>
   </div>
   <div class='ocr_carea' id='block_1_85' title="bbox 2031 1858 2395 1915">
    <p class='ocr_par' dir='ltr' id='par_1_85' title="bbox 2031 1858 2395 1915">
     <span class='ocr_line' id='line_1_85' title="bbox 2031 1858 2395 1915; baseline 0.005 -2"><span class='ocrx_word' id='word_1_614' title='bbox 2031 1863 2150 1915; x_wconf 89' lang='lat' dir='ltr'>tur.</span> <span class='ocrx_word' id='word_1_615' title='bbox 2380 1858 2395 1869; x_wconf 82' lang='grc'><em>’</em></span> 
     </span>
    </p>
   </div>
   <div class='ocr_carea' id='block_1_86' title="bbox 2103 1946 3669 2019">
    <p class='ocr_par' dir='ltr' id='par_1_86' title="bbox 2103 1946 3669 2019">
     <span class='ocr_line' id='line_1_86' title="bbox 2103 1946 3669 2019; baseline 0.001 -18"><span class='ocrx_word' id='word_1_616' title='bbox 2103 1948 2209 2015; x_wconf 86' lang='grc'><strong>[[1).</strong></span> <span class='ocrx_word' id='word_1_617' title='bbox 2240 1949 2315 2014; x_wconf 87' lang='grc'><strong>5.]</strong></span> <span class='ocrx_word' id='word_1_618' title='bbox 2352 1968 2371 1995; x_wconf 79' lang='grc' dir='ltr'><strong>α</strong></span> <span class='ocrx_word' id='word_1_619' title='bbox 2409 1952 2584 2002; x_wconf 90' lang='lat' dir='ltr'>Detur</span> <span class='ocrx_word' id='word_1_620' title='bbox 2612 1952 2769 2003; x_wconf 88' lang='lat' dir='ltr'>terra</span> <span class='ocrx_word' id='word_1_621' title='bbox 2797 1947 2911 2003; x_wconf 89' lang='lat' dir='ltr'>ista</span> <span class='ocrx_word' id='word_1_622' title='bbox 2935 1946 3173 2004; x_wconf 87' lang='lat' dir='ltr'>famulis</span> <span class='ocrx_word' id='word_1_623' title='bbox 3202 1947 3321 2004; x_wconf 90' lang='lat' dir='ltr'>tuis</span> <span class='ocrx_word' id='word_1_624' title='bbox 3350 1947 3407 2002; x_wconf 90' lang='lat' dir='ltr'>in</span> <span class='ocrx_word' id='word_1_625' title='bbox 3439 1963 3669 2019; x_wconf 85' lang='lat' dir='ltr'>posses-</span> 
     </span>
    </p>
   </div>
   <div class='ocr_carea' id='block_1_87' title="bbox 2028 2035 3669 2107">
    <p class='ocr_par' dir='ltr' id='par_1_87' title="bbox 2028 2035 3669 2107">
     <span class='ocr_line' id='line_1_87' title="bbox 2028 2035 3669 2107; baseline 0.001 -18"><span class='ocrx_word' id='word_1_626' title='bbox 2028 2035 2253 2091; x_wconf 91' lang='lat' dir='ltr'>sionem</span> <span class='ocrx_word' id='word_1_627' title='bbox 2281 2054 2293 2093; x_wconf 91' lang='lat'>:</span> <span class='ocrx_word' id='word_1_628' title='bbox 2318 2060 2346 2087; x_wconf 88' lang='grc'><strong>››</strong></span> <span class='ocrx_word' id='word_1_629' title='bbox 2370 2036 2539 2107; x_wconf 87' lang='lat' dir='ltr'>quasi</span> <span class='ocrx_word' id='word_1_630' title='bbox 2569 2037 2639 2092; x_wconf 91' lang='lat' dir='ltr'>de</span> <span class='ocrx_word' id='word_1_631' title='bbox 2668 2036 2801 2092; x_wconf 89' lang='lat' dir='ltr'>aliis</span> <span class='ocrx_word' id='word_1_632' title='bbox 2830 2036 3067 2105; x_wconf 87' lang='lat' dir='ltr'>diceret,</span> <span class='ocrx_word' id='word_1_633' title='bbox 3094 2053 3225 2091; x_wconf 93' lang='lat' dir='ltr'>cum</span> <span class='ocrx_word' id='word_1_634' title='bbox 3250 2036 3362 2091; x_wconf 91' lang='lat' dir='ltr'>sibi</span> <span class='ocrx_word' id='word_1_635' title='bbox 3388 2040 3669 2107; x_wconf 89' lang='lat' dir='ltr'>peterent.</span> 
     </span>
    </p>
   </div>
   <div class='ocr_carea' id='block_1_88' title="bbox 2100 2132 3673 2205">
    <p class='ocr_par' dir='ltr' id='par_1_88' title="bbox 2100 2132 3673 2205">
     <span class='ocr_line' id='line_1_88' title="bbox 2100 2132 3673 2205; baseline 0.002 -20"><span class='ocrx_word' id='word_1_636' title='bbox 2100 2132 2205 2203; x_wconf 87' lang='grc'><strong>[11).</strong></span> <span class='ocrx_word' id='word_1_637' title='bbox 2247 2134 2358 2205; x_wconf 84' lang='grc'><strong>12.]</strong></span> <span class='ocrx_word' id='word_1_638' title='bbox 2389 2156 2415 2181; x_wconf 92' lang='grc'><em>‹‹</em></span> <span class='ocrx_word' id='word_1_639' title='bbox 2453 2133 2577 2188; x_wconf 90' lang='lat' dir='ltr'>Non</span> <span class='ocrx_word' id='word_1_640' title='bbox 2612 2134 2765 2189; x_wconf 91' lang='lat' dir='ltr'>enim</span> <span class='ocrx_word' id='word_1_641' title='bbox 2801 2133 2982 2190; x_wconf 90' lang='lat' dir='ltr'>secuti</span> <span class='ocrx_word' id='word_1_642' title='bbox 3018 2137 3157 2189; x_wconf 90' lang='lat' dir='ltr'>sunt</span> <span class='ocrx_word' id='word_1_643' title='bbox 3185 2136 3317 2205; x_wconf 91' lang='lat' dir='ltr'>post</span> <span class='ocrx_word' id='word_1_644' title='bbox 3347 2137 3673 2204; x_wconf 67' lang='lat' dir='ltr'>me,prcter</span> 
     </span>
    </p>
   </div>
   <div class='ocr_carea' id='block_1_89' title="bbox 2027 2219 3666 2293">
    <p class='ocr_par' dir='ltr' id='par_1_89' title="bbox 2027 2219 3666 2293">
     <span class='ocr_line' id='line_1_89' title="bbox 2027 2219 3666 2293; baseline 0.002 -19"><span class='ocrx_word' id='word_1_645' title='bbox 2027 2219 2242 2275; x_wconf 88' lang='lat' dir='ltr'>Chaleb</span> <span class='ocrx_word' id='word_1_646' title='bbox 2279 2220 2435 2275; x_wconf 75' lang='lat' dir='ltr'>(ilius</span> <span class='ocrx_word' id='word_1_647' title='bbox 2467 2222 2747 2293; x_wconf 87' lang='lat' dir='ltr'>Jephone.</span> <span class='ocrx_word' id='word_1_648' title='bbox 2800 2245 2828 2271; x_wconf 88' lang='grc'><strong>››</strong></span> <span class='ocrx_word' id='word_1_649' title='bbox 2879 2222 3125 2278; x_wconf 85' lang='lat' dir='ltr'>Videtur</span> <span class='ocrx_word' id='word_1_650' title='bbox 3154 2222 3345 2277; x_wconf 92' lang='lat' dir='ltr'>dicere</span> <span class='ocrx_word' id='word_1_651' title='bbox 3375 2220 3666 2287; x_wconf 86' lang='lat' dir='ltr'>debuisse,</span> 
     </span>
    </p>
   </div>
   <div class='ocr_carea' id='block_1_90' title="bbox 2027 2309 3665 2384">
    <p class='ocr_par' dir='ltr' id='par_1_90' title="bbox 2027 2309 3665 2384">
     <span class='ocr_line' id='line_1_90' title="bbox 2027 2309 3665 2384; baseline 0.002 -22"><span class='ocrx_word' id='word_1_652' title='bbox 2027 2313 2233 2382; x_wconf 74' lang='lat' dir='ltr'>praeter</span> <span class='ocrx_word' id='word_1_653' title='bbox 2260 2309 2473 2366; x_wconf 89' lang='lat' dir='ltr'>Chaleb</span> <span class='ocrx_word' id='word_1_654' title='bbox 2507 2310 2694 2366; x_wconf 85' lang='lat' dir='ltr'>ﬁlium</span> <span class='ocrx_word' id='word_1_655' title='bbox 2726 2313 3021 2384; x_wconf 87' lang='lat' dir='ltr'>Jephone;</span> <span class='ocrx_word' id='word_1_656' title='bbox 3056 2312 3157 2367; x_wconf 91' lang='lat' dir='ltr'>sed</span> <span class='ocrx_word' id='word_1_657' title='bbox 3190 2310 3546 2367; x_wconf 89' lang='lat' dir='ltr'>nominative</span> <span class='ocrx_word' id='word_1_658' title='bbox 3578 2309 3665 2365; x_wconf 89' lang='lat' dir='ltr'>in-</span> 
     </span>
    </p>
   </div>
   <div class='ocr_carea' id='block_1_91' title="bbox 2023 2397 3661 2471">
    <p class='ocr_par' dir='ltr' id='par_1_91' title="bbox 2023 2397 3661 2471">
     <span class='ocr_line' id='line_1_91' title="bbox 2023 2397 3661 2471; baseline 0.001 -18"><span class='ocrx_word' id='word_1_659' title='bbox 2023 2397 2179 2465; x_wconf 85' lang='lat' dir='ltr'>tulit,</span> <span class='ocrx_word' id='word_1_660' title='bbox 2213 2399 2348 2470; x_wconf 90' lang='lat' dir='ltr'>quia</span> <span class='ocrx_word' id='word_1_661' title='bbox 2383 2398 2699 2471; x_wconf 75' lang='lat' dir='ltr'>praecessit,</span> <span class='ocrx_word' id='word_1_662' title='bbox 2736 2422 2764 2450; x_wconf 85' lang='lat'><strong>«</strong></span> <span class='ocrx_word' id='word_1_663' title='bbox 2814 2400 2995 2456; x_wconf 87' lang='lat' dir='ltr'>secuti</span> <span class='ocrx_word' id='word_1_664' title='bbox 3028 2404 3184 2455; x_wconf 91' lang='lat' dir='ltr'>sunt.</span> <span class='ocrx_word' id='word_1_665' title='bbox 3238 2422 3265 2449; x_wconf 88' lang='grc'><strong>››</strong></span> <span class='ocrx_word' id='word_1_666' title='bbox 3316 2400 3420 2455; x_wconf 90' lang='lat' dir='ltr'>Est</span> <span class='ocrx_word' id='word_1_667' title='bbox 3466 2403 3661 2455; x_wconf 88' lang='lat' dir='ltr'>autem</span> 
     </span>
    </p>
   </div>
   <div class='ocr_carea' id='block_1_92' title="bbox 2021 2486 3143 2555">
    <p class='ocr_par' dir='ltr' id='par_1_92' title="bbox 2021 2486 3143 2555">
     <span class='ocr_line' id='line_1_92' title="bbox 2021 2486 3143 2555; baseline 0.002 -14"><span class='ocrx_word' id='word_1_668' title='bbox 2021 2486 2139 2542; x_wconf 89' lang='lat' dir='ltr'>ista</span> <span class='ocrx_word' id='word_1_669' title='bbox 2169 2486 2387 2543; x_wconf 91' lang='lat' dir='ltr'>locutio</span> <span class='ocrx_word' id='word_1_670' title='bbox 2419 2488 2594 2544; x_wconf 89' lang='lat' dir='ltr'>etiam</span> <span class='ocrx_word' id='word_1_671' title='bbox 2624 2487 2831 2555; x_wconf 90' lang='lat' dir='ltr'>latina,</span> <span class='ocrx_word' id='word_1_672' title='bbox 2859 2490 2960 2544; x_wconf 91' lang='lat' dir='ltr'>sed</span> <span class='ocrx_word' id='word_1_673' title='bbox 2995 2505 3143 2544; x_wconf 90' lang='lat' dir='ltr'>rara.</span> 
     </span>
    </p>
   </div>
   <div class='ocr_carea' id='block_1_93' title="bbox 2094 2575 3663 2647">
    <p class='ocr_par' dir='ltr' id='par_1_93' title="bbox 2094 2575 3663 2647">
     <span class='ocr_line' id='line_1_93' title="bbox 2094 2575 3663 2647; baseline 0.001 -19"><span class='ocrx_word' id='word_1_674' title='bbox 2094 2575 2201 2645; x_wconf 87' lang='grc'><strong>[11).</strong></span> <span class='ocrx_word' id='word_1_675' title='bbox 2232 2576 2342 2647; x_wconf 90' lang='grc'><strong>13.]</strong></span> <span class='ocrx_word' id='word_1_676' title='bbox 2379 2598 2407 2625; x_wconf 91' lang='grc'>‹‹</span> <span class='ocrx_word' id='word_1_677' title='bbox 2446 2581 2633 2631; x_wconf 90' lang='lat' dir='ltr'>Donec</span> <span class='ocrx_word' id='word_1_678' title='bbox 2663 2581 3105 2631; x_wconf 90' lang='lat' dir='ltr'>consumeretur</span> <span class='ocrx_word' id='word_1_679' title='bbox 3145 2575 3338 2632; x_wconf 88' lang='lat' dir='ltr'>omnis</span> <span class='ocrx_word' id='word_1_680' title='bbox 3367 2575 3663 2647; x_wconf 85' lang='lat' dir='ltr'>generatio</span> 
     </span>
    </p>
   </div>
   <div class='ocr_carea' id='block_1_94' title="bbox 2020 2662 3662 2737">
    <p class='ocr_par' dir='ltr' id='par_1_94' title="bbox 2020 2662 3662 2737">
     <span class='ocr_line' id='line_1_94' title="bbox 2020 2662 3662 2737; baseline -0.001 -19"><span class='ocrx_word' id='word_1_681' title='bbox 2020 2662 2298 2718; x_wconf 82' lang='lat' dir='ltr'>facientes</span> <span class='ocrx_word' id='word_1_682' title='bbox 2332 2664 2585 2735; x_wconf 87' lang='lat' dir='ltr'>maligna</span> <span class='ocrx_word' id='word_1_683' title='bbox 2615 2665 2673 2719; x_wconf 91' lang='lat' dir='ltr'>in</span> <span class='ocrx_word' id='word_1_684' title='bbox 2706 2670 3019 2737; x_wconf 83' lang='lat' dir='ltr'>conspectu</span> <span class='ocrx_word' id='word_1_685' title='bbox 3051 2663 3275 2719; x_wconf 89' lang='lat' dir='ltr'>Domini</span> <span class='ocrx_word' id='word_1_686' title='bbox 3312 2682 3324 2719; x_wconf 97' lang='lat'>:</span> <span class='ocrx_word' id='word_1_687' title='bbox 3376 2686 3401 2711; x_wconf 87' lang='grc'><strong>››</strong></span> <span class='ocrx_word' id='word_1_688' title='bbox 3434 2680 3547 2718; x_wconf 91' lang='lat' dir='ltr'>non</span> <span class='ocrx_word' id='word_1_689' title='bbox 3579 2663 3662 2717; x_wconf 91' lang='lat' dir='ltr'>di-</span> 
     </span>
    </p>
   </div>
   <div class='ocr_carea' id='block_1_95' title="bbox 2018 2751 3660 2825">
    <p class='ocr_par' dir='ltr' id='par_1_95' title="bbox 2018 2751 3660 2825">
     <span class='ocr_line' id='line_1_95' title="bbox 2018 2751 3660 2825; baseline 0 -18"><span class='ocrx_word' id='word_1_690' title='bbox 2018 2752 2120 2817; x_wconf 90' lang='lat' dir='ltr'>xit,</span> <span class='ocrx_word' id='word_1_691' title='bbox 2155 2752 2371 2808; x_wconf 83' lang='lat' dir='ltr'>faciens</span> <span class='ocrx_word' id='word_1_692' title='bbox 2406 2753 2700 2825; x_wconf 80' lang='lat' dir='ltr'>maligna;</span> <span class='ocrx_word' id='word_1_693' title='bbox 2736 2770 2943 2824; x_wconf 87' lang='lat' dir='ltr'>neque,</span> <span class='ocrx_word' id='word_1_694' title='bbox 2996 2753 3333 2808; x_wconf 80' lang='lat' dir='ltr'>facientium</span> <span class='ocrx_word' id='word_1_695' title='bbox 3384 2751 3660 2823; x_wconf 87' lang='lat' dir='ltr'>maligna.</span> 
     </span>
    </p>
   </div>
   <div class='ocr_carea' id='block_1_96' title="bbox 2088 2842 3655 2912">
    <p class='ocr_par' dir='ltr' id='par_1_96' title="bbox 2088 2842 3655 2912">
     <span class='ocr_line' id='line_1_96' title="bbox 2088 2842 3655 2912; baseline 0 -16"><span class='ocrx_word' id='word_1_696' title='bbox 2088 2842 2194 2912; x_wconf 87' lang='grc'><strong>[11).</strong></span> <span class='ocrx_word' id='word_1_697' title='bbox 2239 2844 2345 2910; x_wconf 81' lang='lat'>16.]</span> <span class='ocrx_word' id='word_1_698' title='bbox 2381 2866 2406 2891; x_wconf 90' lang='grc'>‹‹</span> <span class='ocrx_word' id='word_1_699' title='bbox 2441 2847 2506 2896; x_wconf 85' lang='lat' dir='ltr'>Et</span> <span class='ocrx_word' id='word_1_700' title='bbox 2536 2846 2905 2897; x_wconf 88' lang='lat' dir='ltr'>accesserunt</span> <span class='ocrx_word' id='word_1_701' title='bbox 2934 2842 3007 2911; x_wconf 92' lang='lat' dir='ltr'>ei,</span> <span class='ocrx_word' id='word_1_702' title='bbox 3042 2846 3099 2896; x_wconf 91' lang='lat' dir='ltr'>et</span> <span class='ocrx_word' id='word_1_703' title='bbox 3128 2842 3397 2897; x_wconf 85' lang='lat' dir='ltr'>dixerunt</span> <span class='ocrx_word' id='word_1_704' title='bbox 3431 2859 3444 2897; x_wconf 92' lang='lat'>:</span> <span class='ocrx_word' id='word_1_705' title='bbox 3478 2864 3504 2891; x_wconf 87' lang='grc'><strong>››</strong></span> <span class='ocrx_word' id='word_1_706' title='bbox 3540 2858 3655 2896; x_wconf 90' lang='lat' dir='ltr'>non</span> 
     </span>
    </p>
   </div>
   <div class='ocr_carea' id='block_1_97' title="bbox 2017 2929 3431 3001">
    <p class='ocr_par' dir='ltr' id='par_1_97' title="bbox 2017 2929 3431 3001">
     <span class='ocr_line' id='line_1_97' title="bbox 2017 2929 3431 3001; baseline 0.001 -18"><span class='ocrx_word' id='word_1_707' title='bbox 2017 2929 2096 2983; x_wconf 89' lang='lat' dir='ltr'>ait</span> <span class='ocrx_word' id='word_1_708' title='bbox 2130 2931 2287 3001; x_wconf 92' lang='lat' dir='ltr'>quod</span> <span class='ocrx_word' id='word_1_709' title='bbox 2321 2931 2605 2987; x_wconf 89' lang='lat' dir='ltr'>usitatum</span> <span class='ocrx_word' id='word_1_710' title='bbox 2636 2936 2744 2995; x_wconf 90' lang='lat' dir='ltr'>est,</span> <span class='ocrx_word' id='word_1_711' title='bbox 2777 2934 3148 2986; x_wconf 89' lang='lat' dir='ltr'>accesserunt</span> <span class='ocrx_word' id='word_1_712' title='bbox 3176 2931 3247 2986; x_wconf 90' lang='lat' dir='ltr'>ad</span> <span class='ocrx_word' id='word_1_713' title='bbox 3273 2946 3431 2988; x_wconf 85' lang='lat' dir='ltr'>eum.</span> 
     </span>
    </p>
   </div>
   <div class='ocr_carea' id='block_1_98' title="bbox 2088 3018 3659 3091">
    <p class='ocr_par' dir='ltr' id='par_1_98' title="bbox 2088 3018 3659 3091">
     <span class='ocr_line' id='line_1_98' title="bbox 2088 3018 3659 3091; baseline 0.001 -19"><span class='ocrx_word' id='word_1_714' title='bbox 2088 3019 2193 3087; x_wconf 85' lang='grc'><strong>[11).</strong></span> <span class='ocrx_word' id='word_1_715' title='bbox 2217 3020 2332 3090; x_wconf 74' lang='lat'>24.]</span> <span class='ocrx_word' id='word_1_716' title='bbox 2353 3043 2379 3068; x_wconf 85' lang='grc'>‹‹</span> <span class='ocrx_word' id='word_1_717' title='bbox 2409 3020 2475 3074; x_wconf 91' lang='lat' dir='ltr'>Et</span> <span class='ocrx_word' id='word_1_718' title='bbox 2497 3019 2859 3074; x_wconf 64' lang='lat' dir='ltr'>aediﬁcabitis</span> <span class='ocrx_word' id='word_1_719' title='bbox 2890 3019 3052 3075; x_wconf 74' lang='lat' dir='ltr'>vobis</span> <span class='ocrx_word' id='word_1_720' title='bbox 3082 3018 3225 3091; x_wconf 90' lang='lat' dir='ltr'>ipsis</span> <span class='ocrx_word' id='word_1_721' title='bbox 3257 3018 3517 3074; x_wconf 88' lang='lat' dir='ltr'>civitates</span> <span class='ocrx_word' id='word_1_722' title='bbox 3550 3018 3659 3073; x_wconf 90' lang='lat' dir='ltr'>im-</span> 
     </span>
    </p>
   </div>
   <div class='ocr_carea' id='block_1_99' title="bbox 2013 3107 3660 3178">
    <p class='ocr_par' dir='ltr' id='par_1_99' title="bbox 2013 3107 3660 3178">
     <span class='ocr_line' id='line_1_99' title="bbox 2013 3107 3660 3178; baseline 0.002 -18"><span class='ocrx_word' id='word_1_723' title='bbox 2013 3107 2368 3177; x_wconf 90' lang='lat' dir='ltr'>pedimentis</span> <span class='ocrx_word' id='word_1_724' title='bbox 2400 3108 2607 3163; x_wconf 89' lang='lat' dir='ltr'>vestris</span> <span class='ocrx_word' id='word_1_725' title='bbox 2641 3126 2654 3162; x_wconf 88' lang='lat'>:</span> <span class='ocrx_word' id='word_1_726' title='bbox 2681 3131 2708 3157; x_wconf 82' lang='lat'>»</span> <span class='ocrx_word' id='word_1_727' title='bbox 2742 3124 2807 3163; x_wconf 88' lang='lat' dir='ltr'>ac</span> <span class='ocrx_word' id='word_1_728' title='bbox 2839 3109 2889 3163; x_wconf 89' lang='lat' dir='ltr'>si</span> <span class='ocrx_word' id='word_1_729' title='bbox 2923 3108 3528 3178; x_wconf 43' lang='lat' dir='ltr'>dicerehaadificabitis</span> <span class='ocrx_word' id='word_1_730' title='bbox 3557 3124 3660 3163; x_wconf 82' lang='lat' dir='ltr'>vo-</span> 
     </span>
    </p>
   </div>
   <div class='ocr_carea' id='block_1_100' title="bbox 2016 3194 3527 3270">
    <p class='ocr_par' dir='ltr' id='par_1_100' title="bbox 2016 3194 3527 3270">
     <span class='ocr_line' id='line_1_100' title="bbox 2016 3194 3527 3270; baseline 0.001 -22"><span class='ocrx_word' id='word_1_731' title='bbox 2016 3194 2107 3250; x_wconf 91' lang='lat' dir='ltr'>bis</span> <span class='ocrx_word' id='word_1_732' title='bbox 2139 3196 2285 3267; x_wconf 90' lang='lat' dir='ltr'>ipsis</span> <span class='ocrx_word' id='word_1_733' title='bbox 2315 3196 2578 3253; x_wconf 87' lang='lat' dir='ltr'>civitates</span> <span class='ocrx_word' id='word_1_734' title='bbox 2610 3202 2846 3270; x_wconf 87' lang='lat' dir='ltr'>propter</span> <span class='ocrx_word' id='word_1_735' title='bbox 2874 3196 3296 3269; x_wconf 84' lang='lat' dir='ltr'>impedimenta</span> <span class='ocrx_word' id='word_1_736' title='bbox 3319 3200 3527 3252; x_wconf 89' lang='lat' dir='ltr'>vestra.</span> 
     </span>
    </p>
   </div>
   <div class='ocr_carea' id='block_1_101' title="bbox 2086 3284 3660 3357">
    <p class='ocr_par' dir='ltr' id='par_1_101' title="bbox 2086 3284 3660 3357">
     <span class='ocr_line' id='line_1_101' title="bbox 2086 3284 3660 3357; baseline 0.002 -20"><span class='ocrx_word' id='word_1_737' title='bbox 2086 3284 2191 3354; x_wconf 85' lang='grc'><strong>[11).</strong></span> <span class='ocrx_word' id='word_1_738' title='bbox 2223 3286 2313 3351; x_wconf 88' lang='lat'>26,</span> <span class='ocrx_word' id='word_1_739' title='bbox 2347 3287 2462 3357; x_wconf 79' lang='lat'>27.]</span> <span class='ocrx_word' id='word_1_740' title='bbox 2488 3309 2515 3335; x_wconf 89' lang='grc'>‹‹</span> <span class='ocrx_word' id='word_1_741' title='bbox 2546 3286 2965 3357; x_wconf 90' lang='lat' dir='ltr'>Impedimenta</span> <span class='ocrx_word' id='word_1_742' title='bbox 2997 3290 3197 3341; x_wconf 90' lang='lat' dir='ltr'>nostra</span> <span class='ocrx_word' id='word_1_743' title='bbox 3215 3288 3271 3338; x_wconf 90' lang='lat' dir='ltr'>et</span> <span class='ocrx_word' id='word_1_744' title='bbox 3303 3301 3509 3339; x_wconf 84' lang='lat' dir='ltr'>uxores</span> <span class='ocrx_word' id='word_1_745' title='bbox 3531 3301 3660 3340; x_wconf 90' lang='lat' dir='ltr'>nos-</span> 
     </span>
    </p>
   </div>
   <div class='ocr_carea' id='block_1_102' title="bbox 2012 3372 3658 3445">
    <p class='ocr_par' dir='ltr' id='par_1_102' title="bbox 2012 3372 3658 3445">
     <span class='ocr_line' id='line_1_102' title="bbox 2012 3372 3658 3445; baseline 0.001 -19"><span class='ocrx_word' id='word_1_746' title='bbox 2012 3376 2113 3427; x_wconf 60' lang='lat' dir='ltr'>tra;</span> <span class='ocrx_word' id='word_1_747' title='bbox 2147 3380 2203 3427; x_wconf 91' lang='lat' dir='ltr'>et</span> <span class='ocrx_word' id='word_1_748' title='bbox 2234 3375 2431 3428; x_wconf 88' lang='lat' dir='ltr'>omnia</span> <span class='ocrx_word' id='word_1_749' title='bbox 2462 3391 2667 3445; x_wconf 89' lang='lat' dir='ltr'>pecora</span> <span class='ocrx_word' id='word_1_750' title='bbox 2690 3379 2889 3429; x_wconf 88' lang='lat' dir='ltr'>nostra</span> <span class='ocrx_word' id='word_1_751' title='bbox 2918 3378 3088 3428; x_wconf 91' lang='lat' dir='ltr'>erunt</span> <span class='ocrx_word' id='word_1_752' title='bbox 3111 3374 3165 3427; x_wconf 93' lang='lat' dir='ltr'>in</span> <span class='ocrx_word' id='word_1_753' title='bbox 3191 3372 3521 3427; x_wconf 88' lang='lat' dir='ltr'>civitatibus</span> <span class='ocrx_word' id='word_1_754' title='bbox 3545 3373 3658 3428; x_wconf 88' lang='lat' dir='ltr'>Ga-</span> 
     </span>
    </p>
   </div>
   <div class='ocr_carea' id='block_1_103' title="bbox 2003 3452 3652 3533">
    <p class='ocr_par' dir='ltr' id='par_1_103' title="bbox 2003 3452 3652 3533">
     <span class='ocr_line' id='line_1_103' title="bbox 2003 3452 3652 3533; baseline -0.001 -18"><span class='ocrx_word' id='word_1_755' title='bbox 2003 3452 2161 3525; x_wconf 79' lang='lat' dir='ltr'>laad,</span> <span class='ocrx_word' id='word_1_756' title='bbox 2197 3463 2356 3533; x_wconf 91' lang='lat' dir='ltr'>pueri</span> <span class='ocrx_word' id='word_1_757' title='bbox 2392 3469 2586 3518; x_wconf 87' lang='lat' dir='ltr'>autem</span> <span class='ocrx_word' id='word_1_758' title='bbox 2621 3463 2705 3518; x_wconf 89' lang='lat' dir='ltr'>tui</span> <span class='ocrx_word' id='word_1_759' title='bbox 2736 3462 3069 3518; x_wconf 90' lang='lat' dir='ltr'>transibunt</span> <span class='ocrx_word' id='word_1_760' title='bbox 3094 3479 3298 3517; x_wconf 89' lang='lat' dir='ltr'>omnes</span> <span class='ocrx_word' id='word_1_761' title='bbox 3340 3462 3549 3517; x_wconf 85' lang='lat' dir='ltr'>armati</span> <span class='ocrx_word' id='word_1_762' title='bbox 3586 3485 3652 3527; x_wconf 82' lang='lat'>;»</span> 
     </span>
    </p>
   </div>
   <div class='ocr_carea' id='block_1_104' title="bbox 2007 3550 3647 3617">
    <p class='ocr_par' dir='ltr' id='par_1_104' title="bbox 2007 3550 3647 3617">
     <span class='ocr_line' id='line_1_104' title="bbox 2007 3550 3647 3617; baseline 0.001 -12"><span class='ocrx_word' id='word_1_763' title='bbox 2007 3568 2122 3606; x_wconf 91' lang='lat' dir='ltr'>non</span> <span class='ocrx_word' id='word_1_764' title='bbox 2157 3552 2448 3617; x_wconf 87' lang='lat' dir='ltr'>dixerunt,</span> <span class='ocrx_word' id='word_1_765' title='bbox 2484 3569 2587 3605; x_wconf 90' lang='lat' dir='ltr'>nos</span> <span class='ocrx_word' id='word_1_766' title='bbox 2627 3555 2821 3606; x_wconf 87' lang='lat' dir='ltr'>autem</span> <span class='ocrx_word' id='word_1_767' title='bbox 2873 3550 3259 3607; x_wconf 81' lang='lat' dir='ltr'>transibimus</span> <span class='ocrx_word' id='word_1_768' title='bbox 3307 3568 3511 3606; x_wconf 90' lang='lat' dir='ltr'>omnes</span> <span class='ocrx_word' id='word_1_769' title='bbox 3557 3568 3647 3606; x_wconf 92' lang='lat' dir='ltr'>ar-</span> 
     </span>
    </p>
   </div>
   <div class='ocr_carea' id='block_1_105' title="bbox 2007 3639 3186 3711">
    <p class='ocr_par' dir='ltr' id='par_1_105' title="bbox 2007 3639 3186 3711">
     <span class='ocr_line' id='line_1_105' title="bbox 2007 3639 3186 3711; baseline 0.001 -17"><span class='ocrx_word' id='word_1_770' title='bbox 2007 3639 2166 3707; x_wconf 80' lang='lat' dir='ltr'>mati,</span> <span class='ocrx_word' id='word_1_771' title='bbox 2201 3641 2299 3695; x_wconf 88' lang='lat' dir='ltr'>sed</span> <span class='ocrx_word' id='word_1_772' title='bbox 2334 3645 2615 3711; x_wconf 89' lang='lat' dir='ltr'>tanquam</span> <span class='ocrx_word' id='word_1_773' title='bbox 2649 3642 2718 3695; x_wconf 89' lang='lat' dir='ltr'>de</span> <span class='ocrx_word' id='word_1_774' title='bbox 2749 3640 2879 3695; x_wconf 87' lang='lat' dir='ltr'>aliis</span> <span class='ocrx_word' id='word_1_775' title='bbox 2911 3640 3186 3695; x_wconf 87' lang='lat' dir='ltr'>dicerent.</span> 
     </span>
    </p>
   </div>
   <div class='ocr_carea' id='block_1_106' title="bbox 2077 3728 3648 3801">
    <p class='ocr_par' dir='ltr' id='par_1_106' title="bbox 2077 3728 3648 3801">
     <span class='ocr_line' id='line_1_106' title="bbox 2077 3728 3648 3801; baseline 0.002 -19"><span class='ocrx_word' id='word_1_776' title='bbox 2077 3728 2185 3801; x_wconf 84' lang='grc'><strong>[11).</strong></span> <span class='ocrx_word' id='word_1_777' title='bbox 2209 3730 2320 3796; x_wconf 85' lang='lat'>28.]</span> <span class='ocrx_word' id='word_1_778' title='bbox 2348 3750 2371 3779; x_wconf 78' lang='grc' dir='ltr'>α</span> <span class='ocrx_word' id='word_1_779' title='bbox 2399 3729 2465 3781; x_wconf 90' lang='lat' dir='ltr'>Et</span> <span class='ocrx_word' id='word_1_780' title='bbox 2485 3728 2913 3783; x_wconf 89' lang='lat' dir='ltr'>commendavit</span> <span class='ocrx_word' id='word_1_781' title='bbox 2941 3728 3025 3782; x_wconf 89' lang='lat' dir='ltr'>eis</span> <span class='ocrx_word' id='word_1_782' title='bbox 3057 3728 3284 3800; x_wconf 85' lang='lat' dir='ltr'>Moyses</span> <span class='ocrx_word' id='word_1_783' title='bbox 3307 3728 3537 3785; x_wconf 88' lang='lat' dir='ltr'>Eleazar</span> <span class='ocrx_word' id='word_1_784' title='bbox 3557 3746 3648 3785; x_wconf 90' lang='lat' dir='ltr'>sa-</span> 
     </span>
    </p>
   </div>
   <div class='ocr_carea' id='block_1_107' title="bbox 2006 3817 3651 3888">
    <p class='ocr_par' dir='ltr' id='par_1_107' title="bbox 2006 3817 3651 3888">
     <span class='ocr_line' id='line_1_107' title="bbox 2006 3817 3651 3888; baseline 0 -16"><span class='ocrx_word' id='word_1_785' title='bbox 2006 3819 2296 3873; x_wconf 88' lang='lat' dir='ltr'>cerdotem</span> <span class='ocrx_word' id='word_1_786' title='bbox 2324 3822 2381 3871; x_wconf 90' lang='lat' dir='ltr'>et</span> <span class='ocrx_word' id='word_1_787' title='bbox 2406 3818 2608 3871; x_wconf 84' lang='lat' dir='ltr'>Jesum</span> <span class='ocrx_word' id='word_1_788' title='bbox 2643 3817 2827 3871; x_wconf 82' lang='lat' dir='ltr'>tilium</span> <span class='ocrx_word' id='word_1_789' title='bbox 2858 3817 3033 3884; x_wconf 90' lang='lat' dir='ltr'>Nave,</span> <span class='ocrx_word' id='word_1_790' title='bbox 3062 3821 3120 3872; x_wconf 89' lang='lat' dir='ltr'>et</span> <span class='ocrx_word' id='word_1_791' title='bbox 3157 3817 3448 3888; x_wconf 91' lang='lat' dir='ltr'>principes</span> <span class='ocrx_word' id='word_1_792' title='bbox 3482 3818 3651 3872; x_wconf 86' lang='lat' dir='ltr'>fami-</span> 
     </span>
    </p>
   </div>
   <div class='ocr_carea' id='block_1_108' title="bbox 2006 3906 3651 3972">
    <p class='ocr_par' dir='ltr' id='par_1_108' title="bbox 2006 3906 3651 3972">
     <span class='ocr_line' id='line_1_108' title="bbox 2006 3906 3651 3972; baseline 0.001 -11"><span class='ocrx_word' id='word_1_793' title='bbox 2006 3907 2219 3962; x_wconf 89' lang='lat' dir='ltr'>liarum</span> <span class='ocrx_word' id='word_1_794' title='bbox 2253 3907 2512 3961; x_wconf 90' lang='lat' dir='ltr'>tribuum</span> <span class='ocrx_word' id='word_1_795' title='bbox 2550 3906 2743 3960; x_wconf 89' lang='lat' dir='ltr'>Israel.</span> <span class='ocrx_word' id='word_1_796' title='bbox 2789 3906 2911 3959; x_wconf 92' lang='lat' dir='ltr'>Non</span> <span class='ocrx_word' id='word_1_797' title='bbox 2956 3906 3056 3972; x_wconf 89' lang='lat' dir='ltr'>ait,</span> <span class='ocrx_word' id='word_1_798' title='bbox 3097 3906 3525 3960; x_wconf 81' lang='lat' dir='ltr'>commendavit</span> <span class='ocrx_word' id='word_1_799' title='bbox 3552 3923 3651 3962; x_wconf 90' lang='lat' dir='ltr'>eos</span> 
     </span>
    </p>
   </div>
   <div class='ocr_carea' id='block_1_109' title="bbox 2008 3992 3650 4067">
    <p class='ocr_par' dir='ltr' id='par_1_109' title="bbox 2008 3992 3650 4067">
     <span class='ocr_line' id='line_1_109' title="bbox 2008 3992 3650 4067; baseline 0 -18"><span class='ocrx_word' id='word_1_800' title='bbox 2008 3995 2235 4067; x_wconf 86' lang='lat' dir='ltr'>Moyses</span> <span class='ocrx_word' id='word_1_801' title='bbox 2267 3993 2503 4048; x_wconf 85' lang='lat' dir='ltr'>Eleazar</span> <span class='ocrx_word' id='word_1_802' title='bbox 2532 3992 2839 4059; x_wconf 87' lang='lat' dir='ltr'>sacerdoti,</span> <span class='ocrx_word' id='word_1_803' title='bbox 2875 3994 3027 4063; x_wconf 91' lang='lat' dir='ltr'>quod</span> <span class='ocrx_word' id='word_1_804' title='bbox 3063 3993 3264 4063; x_wconf 90' lang='lat' dir='ltr'>utique</span> <span class='ocrx_word' id='word_1_805' title='bbox 3301 3994 3441 4049; x_wconf 92' lang='lat' dir='ltr'>ordo</span> <span class='ocrx_word' id='word_1_806' title='bbox 3491 3992 3650 4050; x_wconf 89' lang='lat' dir='ltr'>locu-</span> 
     </span>
    </p>
   </div>
   <div class='ocr_carea' id='block_1_110' title="bbox 2008 4080 3649 4154">
    <p class='ocr_par' dir='ltr' id='par_1_110' title="bbox 2008 4080 3649 4154">
     <span class='ocr_line' id='line_1_110' title="bbox 2008 4080 3649 4154; baseline 0 -15"><span class='ocrx_word' id='word_1_807' title='bbox 2008 4082 2185 4139; x_wconf 89' lang='lat' dir='ltr'>tionis</span> <span class='ocrx_word' id='word_1_808' title='bbox 2220 4082 2443 4138; x_wconf 66' lang='lat' dir='ltr'>usitatre</span> <span class='ocrx_word' id='word_1_809' title='bbox 2478 4082 2741 4154; x_wconf 82' lang='lat' dir='ltr'>exigebat</span> <span class='ocrx_word' id='word_1_810' title='bbox 2777 4098 2789 4136; x_wconf 93' lang='lat'>:</span> <span class='ocrx_word' id='word_1_811' title='bbox 2825 4097 2926 4153; x_wconf 91' lang='lat' dir='ltr'>per</span> <span class='ocrx_word' id='word_1_812' title='bbox 2973 4081 3079 4136; x_wconf 88' lang='lat' dir='ltr'>hos</span> <span class='ocrx_word' id='word_1_813' title='bbox 3127 4081 3283 4135; x_wconf 90' lang='lat' dir='ltr'>enim</span> <span class='ocrx_word' id='word_1_814' title='bbox 3332 4080 3649 4139; x_wconf 90' lang='lat' dir='ltr'>introducti</span> 
     </span>
    </p>
   </div>
   <div class='ocr_carea' id='block_1_111' title="bbox 2007 4169 3650 4243">
    <p class='ocr_par' dir='ltr' id='par_1_111' title="bbox 2007 4169 3650 4243">
     <span class='ocr_line' id='line_1_111' title="bbox 2007 4169 3650 4243; baseline -0.002 -14"><span class='ocrx_word' id='word_1_815' title='bbox 2007 4178 2146 4229; x_wconf 90' lang='lat' dir='ltr'>sunt</span> <span class='ocrx_word' id='word_1_816' title='bbox 2178 4172 2233 4227; x_wconf 91' lang='lat' dir='ltr'>in</span> <span class='ocrx_word' id='word_1_817' title='bbox 2271 4176 2509 4237; x_wconf 89' lang='lat' dir='ltr'>terram,</span> <span class='ocrx_word' id='word_1_818' title='bbox 2562 4187 2738 4242; x_wconf 88' lang='lat' dir='ltr'>quam</span> <span class='ocrx_word' id='word_1_819' title='bbox 2772 4170 3050 4241; x_wconf 89' lang='lat' dir='ltr'>petebant</span> <span class='ocrx_word' id='word_1_820' title='bbox 3091 4186 3104 4224; x_wconf 94' lang='lat'>:</span> <span class='ocrx_word' id='word_1_821' title='bbox 3149 4170 3303 4225; x_wconf 91' lang='lat' dir='ltr'>unde</span> <span class='ocrx_word' id='word_1_822' title='bbox 3351 4169 3536 4243; x_wconf 83' lang='lat' dir='ltr'>magis</span> <span class='ocrx_word' id='word_1_823' title='bbox 3566 4170 3650 4226; x_wconf 91' lang='lat' dir='ltr'>illi</span> 
     </span>
    </p>
   </div>
   <div class='ocr_carea' id='block_1_112' title="bbox 2005 4258 3649 4333">
    <p class='ocr_par' dir='ltr' id='par_1_112' title="bbox 2005 4258 3649 4333">
     <span class='ocr_line' id='line_1_112' title="bbox 2005 4258 3649 4333; baseline 0.001 -18"><span class='ocrx_word' id='word_1_824' title='bbox 2005 4261 2136 4315; x_wconf 89' lang='lat' dir='ltr'>istis</span> <span class='ocrx_word' id='word_1_825' title='bbox 2151 4278 2181 4315; x_wconf 88' lang='lat' dir='ltr'>a</span> <span class='ocrx_word' id='word_1_826' title='bbox 2196 4260 2435 4333; x_wconf 88' lang='lat' dir='ltr'>quibusi</span> <span class='ocrx_word' id='word_1_827' title='bbox 2448 4258 3027 4327; x_wconf 88' lang='lat' dir='ltr'>ntroducebantur,in</span> <span class='ocrx_word' id='word_1_828' title='bbox 3042 4262 3254 4313; x_wconf 88' lang='lat' dir='ltr'>terram</span> <span class='ocrx_word' id='word_1_829' title='bbox 3271 4259 3622 4331; x_wconf 89' lang='lat' dir='ltr'>postulatam</span> <span class='ocrx_word' id='word_1_830' title='bbox 3635 4304 3649 4329; x_wconf 91' lang='lat'>,</span> 
     </span>
    </p>
   </div>
   <div class='ocr_carea' id='block_1_113' title="bbox 2007 4347 3649 4421">
    <p class='ocr_par' dir='ltr' id='par_1_113' title="bbox 2007 4347 3649 4421">
     <span class='ocr_line' id='line_1_113' title="bbox 2007 4347 3649 4421; baseline 0.002 -18"><span class='ocrx_word' id='word_1_831' title='bbox 2007 4367 2183 4421; x_wconf 88' lang='lat' dir='ltr'>quam</span> <span class='ocrx_word' id='word_1_832' title='bbox 2213 4350 2309 4406; x_wconf 92' lang='lat' dir='ltr'>isti</span> <span class='ocrx_word' id='word_1_833' title='bbox 2342 4349 2441 4421; x_wconf 89' lang='lat' dir='ltr'>qui</span> <span class='ocrx_word' id='word_1_834' title='bbox 2484 4348 2949 4414; x_wconf 89' lang='lat' dir='ltr'>introducebant,</span> <span class='ocrx_word' id='word_1_835' title='bbox 2982 4347 3099 4405; x_wconf 86' lang='grc'><strong>11118</strong></span> <span class='ocrx_word' id='word_1_836' title='bbox 3139 4364 3288 4419; x_wconf 85' lang='lat' dir='ltr'>quos</span> <span class='ocrx_word' id='word_1_837' title='bbox 3318 4348 3649 4407; x_wconf 88' lang='lat' dir='ltr'>introduce-</span> 
     </span>
    </p>
   </div>
   <div class='ocr_carea' id='block_1_114' title="bbox 2005 4438 2921 4505">
    <p class='ocr_par' dir='ltr' id='par_1_114' title="bbox 2005 4438 2921 4505">
     <span class='ocr_line' id='line_1_114' title="bbox 2005 4438 2921 4505; baseline -0.001 -10"><span class='ocrx_word' id='word_1_838' title='bbox 2005 4440 2170 4505; x_wconf 88' lang='lat' dir='ltr'>bant,</span> <span class='ocrx_word' id='word_1_839' title='bbox 2203 4438 2598 4495; x_wconf 90' lang='lat' dir='ltr'>commendati</span> <span class='ocrx_word' id='word_1_840' title='bbox 2627 4438 2921 4494; x_wconf 89' lang='lat' dir='ltr'>videntur.</span> 
     </span>
    </p>
   </div>
   <div class='ocr_carea' id='block_1_115' title="bbox 2078 4524 3650 4599">
    <p class='ocr_par' dir='ltr' id='par_1_115' title="bbox 2078 4524 3650 4599">
     <span class='ocr_line' id='line_1_115' title="bbox 2078 4524 3650 4599; baseline -0.001 -16"><span class='ocrx_word' id='word_1_841' title='bbox 2078 4529 2183 4598; x_wconf 85' lang='grc'><strong>[11).</strong></span> <span class='ocrx_word' id='word_1_842' title='bbox 2218 4528 2332 4599; x_wconf 88' lang='grc'><strong>30.]</strong></span> <span class='ocrx_word' id='word_1_843' title='bbox 2368 4550 2394 4577; x_wconf 86' lang='grc'>‹‹</span> <span class='ocrx_word' id='word_1_844' title='bbox 2417 4526 2474 4582; x_wconf 91' lang='lat' dir='ltr'>Si</span> <span class='ocrx_word' id='word_1_845' title='bbox 2508 4532 2701 4581; x_wconf 90' lang='lat' dir='ltr'>autem</span> <span class='ocrx_word' id='word_1_846' title='bbox 2737 4542 2845 4580; x_wconf 91' lang='lat' dir='ltr'>non</span> <span class='ocrx_word' id='word_1_847' title='bbox 2866 4524 3208 4580; x_wconf 90' lang='lat' dir='ltr'>transierint</span> <span class='ocrx_word' id='word_1_848' title='bbox 3227 4526 3435 4581; x_wconf 88' lang='lat' dir='ltr'>armati</span> <span class='ocrx_word' id='word_1_849' title='bbox 3458 4526 3650 4582; x_wconf 89' lang='lat' dir='ltr'>vobis-</span> 
     </span>
    </p>
   </div>
   <div class='ocr_carea' id='block_1_116' title="bbox 2008 4612 3653 4685">
    <p class='ocr_par' dir='ltr' id='par_1_116' title="bbox 2008 4612 3653 4685">
     <span class='ocr_line' id='line_1_116' title="bbox 2008 4612 3653 4685; baseline -0.002 -12"><span class='ocrx_word' id='word_1_850' title='bbox 2008 4635 2139 4674; x_wconf 91' lang='lat' dir='ltr'>cum</span> <span class='ocrx_word' id='word_1_851' title='bbox 2172 4618 2229 4671; x_wconf 88' lang='lat' dir='ltr'>in</span> <span class='ocrx_word' id='word_1_852' title='bbox 2263 4616 2480 4671; x_wconf 90' lang='lat' dir='ltr'>bellum</span> <span class='ocrx_word' id='word_1_853' title='bbox 2515 4616 2572 4669; x_wconf 92' lang='lat' dir='ltr'>in</span> <span class='ocrx_word' id='word_1_854' title='bbox 2615 4618 2930 4685; x_wconf 88' lang='lat' dir='ltr'>conspectu</span> <span class='ocrx_word' id='word_1_855' title='bbox 2963 4612 3214 4677; x_wconf 90' lang='lat' dir='ltr'>Domini,</span> <span class='ocrx_word' id='word_1_856' title='bbox 3248 4617 3305 4668; x_wconf 90' lang='lat' dir='ltr'>et</span> <span class='ocrx_word' id='word_1_857' title='bbox 3336 4614 3653 4669; x_wconf 80' lang='lat' dir='ltr'>transferte</span> 
     </span>
    </p>
   </div>
   <div class='ocr_carea' id='block_1_117' title="bbox 2006 4700 3272 4779">
    <p class='ocr_par' dir='ltr' id='par_1_117' title="bbox 2006 4700 3272 4779">
     <span class='ocr_line' id='line_1_117' title="bbox 2006 4700 3272 4779; baseline -0.006 -17"><span class='ocrx_word' id='word_1_858' title='bbox 2006 4706 2428 4779; x_wconf 88' lang='lat' dir='ltr'>impedimenta</span> <span class='ocrx_word' id='word_1_859' title='bbox 2456 4720 2660 4759; x_wconf 87' lang='lat' dir='ltr'>eorum</span> <span class='ocrx_word' id='word_1_860' title='bbox 2695 4721 2707 4758; x_wconf 92' lang='lat'>:</span> <span class='ocrx_word' id='word_1_861' title='bbox 2746 4726 2767 4750; x_wconf 67' lang='grc' dir='ltr'>ιτ</span> <span class='ocrx_word' id='word_1_862' title='bbox 2804 4700 2937 4774; x_wconf 93' lang='lat' dir='ltr'>plus</span> <span class='ocrx_word' id='word_1_863' title='bbox 2968 4701 3164 4769; x_wconf 88' lang='lat' dir='ltr'>habet,</span> <span class='ocrx_word' id='word_1_864' title='bbox 3196 4704 3272 4755; x_wconf 92' lang='lat' dir='ltr'>et.</span> 
     </span>
    </p>
   </div>
   <div class='ocr_carea' id='block_1_118' title="bbox 2080 4788 3647 4867">
    <p class='ocr_par' dir='ltr' id='par_1_118' title="bbox 2080 4788 3647 4867">
     <span class='ocr_line' id='line_1_118' title="bbox 2080 4788 3647 4867; baseline -0.002 -17"><span class='ocrx_word' id='word_1_865' title='bbox 2080 4796 2182 4867; x_wconf 86' lang='grc'><strong>[11).</strong></span> <span class='ocrx_word' id='word_1_866' title='bbox 2218 4796 2333 4865; x_wconf 49' lang='grc'><strong>3⁸1]</strong></span> <span class='ocrx_word' id='word_1_867' title='bbox 2366 4816 2393 4843; x_wconf 86' lang='grc'><strong>‹‹</strong></span> <span class='ocrx_word' id='word_1_868' title='bbox 2430 4795 2495 4848; x_wconf 89' lang='lat' dir='ltr'>Et</span> <span class='ocrx_word' id='word_1_869' title='bbox 2526 4792 2686 4847; x_wconf 81' lang='lat' dir='ltr'>dedit</span> <span class='ocrx_word' id='word_1_870' title='bbox 2715 4791 2942 4862; x_wconf 90' lang='lat' dir='ltr'>Moyses</span> <span class='ocrx_word' id='word_1_871' title='bbox 2974 4788 3109 4844; x_wconf 85' lang='lat' dir='ltr'>filiis</span> <span class='ocrx_word' id='word_1_872' title='bbox 3140 4788 3257 4844; x_wconf 88' lang='lat' dir='ltr'>Gad</span> <span class='ocrx_word' id='word_1_873' title='bbox 3290 4792 3347 4845; x_wconf 90' lang='lat' dir='ltr'>et</span> <span class='ocrx_word' id='word_1_874' title='bbox 3376 4789 3513 4848; x_wconf 82' lang='lat' dir='ltr'>ﬁliis</span> <span class='ocrx_word' id='word_1_875' title='bbox 3536 4791 3647 4847; x_wconf 87' lang='lat' dir='ltr'>Ru-</span> 
     </span>
    </p>
   </div>
   <div class='ocr_carea' id='block_1_119' title="bbox 2007 4878 2821 4954">
    <p class='ocr_par' dir='ltr' id='par_1_119' title="bbox 2007 4878 2821 4954">
     <span class='ocr_line' id='line_1_119' title="bbox 2007 4878 2821 4954; baseline -0.002 -17"><span class='ocrx_word' id='word_1_876' title='bbox 2007 4884 2118 4938; x_wconf 89' lang='lat' dir='ltr'>ben</span> <span class='ocrx_word' id='word_1_877' title='bbox 2154 4900 2167 4937; x_wconf 95' lang='lat'>:</span> <span class='ocrx_word' id='word_1_878' title='bbox 2202 4882 2333 4954; x_wconf 91' lang='lat' dir='ltr'>plus</span> <span class='ocrx_word' id='word_1_879' title='bbox 2367 4882 2559 4948; x_wconf 87' lang='lat' dir='ltr'>habet,</span> <span class='ocrx_word' id='word_1_880' title='bbox 2594 4902 2621 4929; x_wconf 85' lang='lat'><strong>«</strong></span> <span class='ocrx_word' id='word_1_881' title='bbox 2656 4878 2761 4935; x_wconf 88' lang='lat' dir='ltr'>eis.</span> <span class='ocrx_word' id='word_1_882' title='bbox 2797 4900 2821 4926; x_wconf 74' lang='grc' dir='ltr'>ι)</span> 
     </span>
    </p>
   </div>
   <div class='ocr_carea' id='block_1_120' title="bbox 2080 4966 3649 5041">
    <p class='ocr_par' dir='ltr' id='par_1_120' title="bbox 2080 4966 3649 5041">
     <span class='ocr_line' id='line_1_120' title="bbox 2080 4966 3649 5041; baseline -0.001 -14"><span class='ocrx_word' id='word_1_883' title='bbox 2080 4972 2185 5040; x_wconf 86' lang='grc'><strong>[11).</strong></span> <span class='ocrx_word' id='word_1_884' title='bbox 2221 4988 2417 5036; x_wconf 76' lang='lat' dir='ltr'>xxxiii,</span> <span class='ocrx_word' id='word_1_885' title='bbox 2445 4971 2553 5038; x_wconf 64' lang='lat'>11.]</span> <span class='ocrx_word' id='word_1_886' title='bbox 2585 4991 2611 5018; x_wconf 89' lang='grc'>‹‹</span> <span class='ocrx_word' id='word_1_887' title='bbox 2647 4968 2711 5022; x_wconf 89' lang='lat' dir='ltr'>Et</span> <span class='ocrx_word' id='word_1_888' title='bbox 2743 4983 2855 5021; x_wconf 92' lang='lat' dir='ltr'>non</span> <span class='ocrx_word' id='word_1_889' title='bbox 2879 4966 2954 5020; x_wconf 90' lang='lat' dir='ltr'>ibi</span> <span class='ocrx_word' id='word_1_890' title='bbox 2987 4971 3112 5021; x_wconf 89' lang='lat' dir='ltr'>erat</span> <span class='ocrx_word' id='word_1_891' title='bbox 3141 4984 3291 5038; x_wconf 89' lang='lat' dir='ltr'>aqua</span> <span class='ocrx_word' id='word_1_892' title='bbox 3321 4969 3537 5041; x_wconf 91' lang='lat' dir='ltr'>populo</span> <span class='ocrx_word' id='word_1_893' title='bbox 3568 4970 3649 5025; x_wconf 88' lang='lat' dir='ltr'>bi-</span> 
     </span>
    </p>
   </div>
   <div class='ocr_carea' id='block_1_121' title="bbox 2008 5054 3252 5131">
    <p class='ocr_par' dir='ltr' id='par_1_121' title="bbox 2008 5054 3252 5131">
     <span class='ocr_line' id='line_1_121' title="bbox 2008 5054 3252 5131; baseline -0.006 -15"><span class='ocrx_word' id='word_1_894' title='bbox 2008 5060 2141 5116; x_wconf 85' lang='lat' dir='ltr'>bere</span> <span class='ocrx_word' id='word_1_895' title='bbox 2166 5077 2178 5113; x_wconf 92' lang='lat'>:</span> <span class='ocrx_word' id='word_1_896' title='bbox 2208 5083 2233 5106; x_wconf 79' lang='grc' dir='ltr'>›ι</span> <span class='ocrx_word' id='word_1_897' title='bbox 2258 5076 2358 5131; x_wconf 92' lang='lat' dir='ltr'>pro</span> <span class='ocrx_word' id='word_1_898' title='bbox 2389 5074 2454 5112; x_wconf 92' lang='lat' dir='ltr'>co</span> <span class='ocrx_word' id='word_1_899' title='bbox 2485 5057 2637 5125; x_wconf 76' lang='lat' dir='ltr'>quod</span> <span class='ocrx_word' id='word_1_900' title='bbox 2670 5059 2778 5124; x_wconf 91' lang='lat' dir='ltr'>est,</span> <span class='ocrx_word' id='word_1_901' title='bbox 2812 5054 2880 5108; x_wconf 88' lang='lat' dir='ltr'>ad</span> <span class='ocrx_word' id='word_1_902' title='bbox 2913 5054 3252 5111; x_wconf 89' lang='lat' dir='ltr'>bibendum.</span> 
     </span>
    </p>
   </div>
   <div class='ocr_carea' id='block_1_122' title="bbox 2082 5142 3647 5217">
    <p class='ocr_par' dir='ltr' id='par_1_122' title="bbox 2082 5142 3647 5217">
     <span class='ocr_line' id='line_1_122' title="bbox 2082 5142 3647 5217; baseline -0.003 -15"><span class='ocrx_word' id='word_1_903' title='bbox 2082 5150 2181 5215; x_wconf 80' lang='grc'><strong>[11).</strong></span> <span class='ocrx_word' id='word_1_904' title='bbox 2219 5148 2332 5217; x_wconf 87' lang='grc'><strong>51.]</strong></span> <span class='ocrx_word' id='word_1_905' title='bbox 2354 5168 2381 5195; x_wconf 85' lang='grc'>‹‹</span> <span class='ocrx_word' id='word_1_906' title='bbox 2404 5152 2655 5217; x_wconf 82' lang='lat' dir='ltr'>Loquere</span> <span class='ocrx_word' id='word_1_907' title='bbox 2690 5144 2826 5198; x_wconf 81' lang='lat' dir='ltr'>ﬁliis</span> <span class='ocrx_word' id='word_1_908' title='bbox 2860 5142 3052 5211; x_wconf 85' lang='lat' dir='ltr'>Israel,</span> <span class='ocrx_word' id='word_1_909' title='bbox 3086 5148 3142 5198; x_wconf 90' lang='lat' dir='ltr'>et</span> <span class='ocrx_word' id='word_1_910' title='bbox 3174 5145 3332 5201; x_wconf 91' lang='lat' dir='ltr'>dices</span> <span class='ocrx_word' id='word_1_911' title='bbox 3361 5148 3430 5201; x_wconf 90' lang='lat' dir='ltr'>ad</span> <span class='ocrx_word' id='word_1_912' title='bbox 3454 5164 3589 5204; x_wconf 90' lang='lat' dir='ltr'>eos:</span> <span class='ocrx_word' id='word_1_913' title='bbox 3617 5169 3647 5198; x_wconf 66' lang='grc' dir='ltr'><strong>κ</strong></span> 
     </span>
    </p>
   </div>
   <div class='ocr_carea' id='block_1_123' title="bbox 2008 5230 3325 5304">
    <p class='ocr_par' dir='ltr' id='par_1_123' title="bbox 2008 5230 3325 5304">
     <span class='ocr_line' id='line_1_123' title="bbox 2008 5230 3325 5304; baseline -0.009 -11"><span class='ocrx_word' id='word_1_914' title='bbox 2008 5239 2273 5293; x_wconf 74' lang='lat' dir='ltr'>sufﬁcere</span> <span class='ocrx_word' id='word_1_915' title='bbox 2304 5237 2551 5300; x_wconf 86' lang='lat' dir='ltr'>videtur,</span> <span class='ocrx_word' id='word_1_916' title='bbox 2586 5256 2612 5282; x_wconf 87' lang='grc'>‹‹</span> <span class='ocrx_word' id='word_1_917' title='bbox 2648 5233 2883 5304; x_wconf 85' lang='lat' dir='ltr'>loquere</span> <span class='ocrx_word' id='word_1_918' title='bbox 2916 5230 3050 5285; x_wconf 79' lang='lat' dir='ltr'>filiis</span> <span class='ocrx_word' id='word_1_919' title='bbox 3076 5232 3269 5288; x_wconf 87' lang='lat' dir='ltr'>Israel.</span> <span class='ocrx_word' id='word_1_920' title='bbox 3299 5257 3325 5282; x_wconf 88' lang='grc'><strong>››</strong></span> 
     </span>
    </p>
   </div>
   <div class='ocr_carea' id='block_1_124' title="bbox 2081 5320 3647 5398">
    <p class='ocr_par' dir='ltr' id='par_1_124' title="bbox 2081 5320 3647 5398">
     <span class='ocr_line' id='line_1_124' title="bbox 2081 5320 3647 5398; baseline 0.001 -18"><span class='ocrx_word' id='word_1_921' title='bbox 2081 5327 2185 5398; x_wconf 82' lang='grc'><strong>[11).</strong></span> <span class='ocrx_word' id='word_1_922' title='bbox 2218 5326 2332 5397; x_wconf 82' lang='lat'>52.]</span> <span class='ocrx_word' id='word_1_923' title='bbox 2363 5348 2388 5373; x_wconf 91' lang='grc'><strong><em>‹‹</em></strong></span> <span class='ocrx_word' id='word_1_924' title='bbox 2421 5325 2489 5379; x_wconf 86' lang='lat' dir='ltr'>Et</span> <span class='ocrx_word' id='word_1_925' title='bbox 2517 5323 2715 5379; x_wconf 87' lang='lat' dir='ltr'>omnia</span> <span class='ocrx_word' id='word_1_926' title='bbox 2747 5320 2900 5377; x_wconf 89' lang='lat' dir='ltr'>idola</span> <span class='ocrx_word' id='word_1_927' title='bbox 2926 5320 3127 5377; x_wconf 79' lang='lat' dir='ltr'>fusilia</span> <span class='ocrx_word' id='word_1_928' title='bbox 3157 5337 3357 5378; x_wconf 89' lang='lat' dir='ltr'>eorum</span> <span class='ocrx_word' id='word_1_929' title='bbox 3392 5324 3647 5396; x_wconf 88' lang='lat' dir='ltr'>perdetis</span> 
     </span>
    </p>
   </div>
   <div class='ocr_carea' id='block_1_125' title="bbox 2009 5414 2825 5487">
    <p class='ocr_par' dir='ltr' id='par_1_125' title="bbox 2009 5414 2825 5487">
     <span class='ocr_line' id='line_1_125' title="bbox 2009 5414 2825 5487; baseline -0.009 -16"><span class='ocrx_word' id='word_1_930' title='bbox 2009 5433 2075 5471; x_wconf 92' lang='lat' dir='ltr'>ea</span> <span class='ocrx_word' id='word_1_931' title='bbox 2108 5434 2119 5471; x_wconf 91' lang='lat'>:</span> <span class='ocrx_word' id='word_1_932' title='bbox 2160 5438 2186 5465; x_wconf 89' lang='lat'>»</span> <span class='ocrx_word' id='word_1_933' title='bbox 2219 5414 2353 5487; x_wconf 91' lang='lat' dir='ltr'>plus</span> <span class='ocrx_word' id='word_1_934' title='bbox 2384 5414 2578 5479; x_wconf 88' lang='lat' dir='ltr'>habet,</span> <span class='ocrx_word' id='word_1_935' title='bbox 2614 5434 2641 5461; x_wconf 84' lang='lat'><strong>«</strong></span> <span class='ocrx_word' id='word_1_936' title='bbox 2674 5428 2758 5466; x_wconf 85' lang='lat' dir='ltr'>ea.</span> <span class='ocrx_word' id='word_1_937' title='bbox 2798 5432 2825 5460; x_wconf 83' lang='grc'><strong>››</strong></span> 
     </span>
    </p>
   </div>
   <div class='ocr_carea' id='block_1_126' title="bbox 2081 5500 3645 5574">
    <p class='ocr_par' dir='ltr' id='par_1_126' title="bbox 2081 5500 3645 5574">
     <span class='ocr_line' id='line_1_126' title="bbox 2081 5500 3645 5574; baseline 0 -15"><span class='ocrx_word' id='word_1_938' title='bbox 2081 5506 2188 5574; x_wconf 86' lang='grc'><strong>[11).</strong></span> <span class='ocrx_word' id='word_1_939' title='bbox 2222 5521 2409 5574; x_wconf 81' lang='lat' dir='ltr'>xxxiv,</span> <span class='ocrx_word' id='word_1_940' title='bbox 2440 5504 2517 5574; x_wconf 87' lang='lat'>6].</span> <span class='ocrx_word' id='word_1_941' title='bbox 2546 5501 2715 5557; x_wconf 88' lang='lat' dir='ltr'>«Hoc</span> <span class='ocrx_word' id='word_1_942' title='bbox 2743 5500 2853 5556; x_wconf 88' lang='lat' dir='ltr'>erit</span> <span class='ocrx_word' id='word_1_943' title='bbox 2870 5501 3033 5557; x_wconf 90' lang='lat' dir='ltr'>vobis</span> <span class='ocrx_word' id='word_1_944' title='bbox 3064 5502 3209 5557; x_wconf 80' lang='lat' dir='ltr'>ﬁnes</span> <span class='ocrx_word' id='word_1_945' title='bbox 3242 5503 3453 5558; x_wconf 86' lang='lat' dir='ltr'>maris:</span> <span class='ocrx_word' id='word_1_946' title='bbox 3477 5523 3507 5555; x_wconf 73' lang='grc' dir='ltr'><strong>ι</strong></span> <span class='ocrx_word' id='word_1_947' title='bbox 3531 5521 3645 5559; x_wconf 91' lang='lat' dir='ltr'>non</span> 
     </span>
    </p>
   </div>
   <div class='ocr_carea' id='block_1_127' title="bbox 2011 5592 2656 5649">
    <p class='ocr_par' dir='ltr' id='par_1_127' title="bbox 2011 5592 2656 5649">
     <span class='ocr_line' id='line_1_127' title="bbox 2011 5592 2656 5649; baseline -0.008 -1"><span class='ocrx_word' id='word_1_948' title='bbox 2011 5594 2155 5649; x_wconf 90' lang='lat' dir='ltr'>dixit</span> <span class='ocrx_word' id='word_1_949' title='bbox 2184 5594 2243 5649; x_wconf 85' lang='lat' dir='ltr'>hi</span> <span class='ocrx_word' id='word_1_950' title='bbox 2274 5598 2447 5649; x_wconf 88' lang='lat' dir='ltr'>erunt</span> <span class='ocrx_word' id='word_1_951' title='bbox 2474 5592 2656 5646; x_wconf 90' lang='lat' dir='ltr'>vobis.</span> 
     </span>
    </p>
   </div>
  </div>
