4098 6184
408 170 520 230 831
1170 172 1678 233 LOCUTIONUM
1727 174 1793 232 S.
1843 171 2266 232 AUGUSTINI
2314 169 2389 227 IN
2438 165 3078 227 HEPTATEUCHUM
3700 165 3808 225 532

512 301 594 354 Ib.
627 301 681 354 7.
716 324 741 350 (ε
778 302 844 356 Et
870 302 978 357 hoc
1007 303 1118 358 erit
1148 304 1313 358 vobis
1349 304 1492 359 ﬁnes
1518 305 1589 358 ad
1624 304 1973 374 Aquilonem
2003 319 2015 356 :
2041 325 2066 350 »

419 391 628 446 eadem
663 391 907 460 repetita
933 390 1147 446 locutio
1178 397 1284 445 est.
1543 389 1569 406 ⁸

502 478 609 549 [1b.
644 495 807 544 xxxv,
847 478 925 551 3.]
958 502 983 528 ‹‹
1018 480 1082 533 Et
1113 486 1285 534 erunt
1314 480 1575 535 civitates
1606 481 1690 535 eis
1723 480 1986 535 habitare
2014 497 2076 535 ι»

437 584 541 639 pro
573 584 638 621 eo
672 568 824 639 quod
858 569 971 623 dici
1004 568 1170 632 solet,
1204 571 1273 623 ad
1307 569 1722 624 habitandum.

507 656 612 726 [1b.
650 656 758 725 11.]
794 677 819 707 (ι
852 656 1094 726 Refugia
1126 663 1296 710 erunt
1328 657 1489 711 vobis
1524 658 1721 728 fugere
1758 657 1856 711 illo
1891 656 2078 711 homi-

430 744 629 799 cidam
668 763 679 799 :
716 766 743 792 ››
776 744 930 814 quod
966 746 1177 799 usitate
1224 745 1339 799 dici
1389 750 1599 816 potest,
1634 752 1697 800 ut
1746 746 1928 817 fugiat
1982 745 2080 799 illo

434 833 752 888 homicida.

2189 390 2475 461 refugium

2188 480 2255 533 lae
2286 497 2297 545 ;
2330 500 2357 527 ››
2382 479 2435 531 id
2473 482 2585 541 est,
2613 478 2744 530 huic
2782 474 2983 530 incolas
3016 475 3115 544 qui
3149 474 3206 527 in
3230 474 3389 528 vobis
3410 474 3683 543 quoniam
3714 474 3817 528 mi-

2195 585 2305 621 nus
2337 567 2535 631 habet,
2560 590 2584 615 υ
2611 570 2695 618 est
2723 581 2733 617 :
2763 581 2875 617 non
2903 563 3057 617 enim
3091 561 3190 627 ait,
3216 562 3395 632 quiin
3426 562 3588 615 vobis
3617 566 3819 627 θεῖ,ηο-

2192 656 2427 710 tissima
2486 655 2799 721 locutione,
2850 653 2948 707 sed
3003 651 3220 705 rariore
3282 650 3338 703 in
3406 649 3605 720 lingua
3652 648 3824 704 latina

2196 761 2369 816 quam
2408 745 2462 797 in
2500 758 2705 814 grazca.

2256 301 2361 372 [lb.
2400 301 2508 370 15.]
2536 322 2560 347 ‹‹
2587 300 2655 353 Et
2679 297 3001 367 incolaequi
3034 296 3091 349 in
3131 296 3309 361 vobis,
3334 296 3460 350 istae
3481 294 3731 350 civitates
3755 296 3811 350 in

2512 406 2575 441 :n
2603 387 2888 457 singulari
2916 402 3158 439 numero
3184 385 3432 454 positum
3477 390 3565 438 est
3600 407 3625 433 «
3668 385 3811 439 inco-

1622 1088 1997 1180 LIBEB
2083 1084 2654 1196 QUINTUS.

1710 1269 2025 1319 Locutiones
2054 1267 2120 1317 de
2156 1265 2588 1317 Deuteronomio.

523 1526 788 1624 [Demea
814 1570 931 1624 cap.
950 1572 989 1622 1,
1017 1556 1148 1624 #7.]
1176 1577 1195 1602 α
1225 1554 1418 1625 Usque
1441 1556 1511 1609 ad
1535 1556 1756 1609 ﬂumen
1790 1571 2092 1625 magnum,

455 1641 671 1695 flumen
709 1642 1062 1712 Euphratem
1102 1659 1113 1695 :
1146 1664 1174 1692 »
1207 1659 1320 1697 non
1351 1643 1517 1710 dixit,
1550 1660 1736 1714 usque
1764 1645 1834 1698 ad
1878 1644 2096 1698 ﬂumen

458 1737 739 1799 magnum
774 1730 1148 1800 Euphratem.

534 1818 640 1885 [1b.
681 1819 785 1887 17.]
817 1841 844 1867 «
899 1820 964 1872 Et
986 1820 1276 1887 judicium
1311 1821 1463 1890 quod
1498 1821 1721 1874 durum»
1744 1822 1919 1875 fuerit
1950 1839 1983 1875 a
2010 1838 2103 1875 vo-

462 1905 578 1973 bis,
637 1906 889 1961 atl‘eretis
918 1906 1060 1961 illud
1092 1909 1160 1961 ad
1195 1924 1285 1963 me
1317 1925 1330 1962 :
1362 1925 1476 1963 non
1507 1909 1667 1977 dixit,
1702 1911 1857 1980 quod
1889 1911 2102 1963 durum

469 1993 643 2048 fuerit
671 1995 856 2064 vobis,
889 1997 1014 2060 sed,
1048 2018 1075 2045 ‹‹
1110 2014 1143 2051 a
1171 1996 1372 2063 vobis;
1408 2019 1435 2045 ››
1469 1997 1525 2051 id
1548 2003 1655 2064 est,
1692 1998 1767 2052 ita
1802 1999 2108 2064 durum,ut

469 2099 502 2136 a
534 2083 696 2137 vobis
720 2084 974 2153 judicari
1008 2101 1121 2139 non
1156 2085 1358 2154 possit.

538 2171 1091 2243 [Ib.35.]«Sividebit
1111 2173 1325 2244 aliquis
1346 2175 1596 2228 virorum
1618 2175 1863 2229 istorum
1890 2179 2102 2229 terram

466 2260 748 2331 optimam
782 2260 951 2325 hanc,
987 2278 1162 2330 quam
1188 2262 1377 2331 juravi
1412 2264 1674 2333 patribus
1703 2279 1925 2331 eorum,
1960 2280 2105 2333 prte-

1850 2353 2104 2405 :netin

463 2351 555 2402 ter
583 2348 795 2403 Chaleb
830 2348 985 2403 ﬁlius
1013 2350 1293 2420 Jephone,
1320 2350 1411 2405 hic
1441 2351 1656 2404 videbit
1687 2367 1812 2405 eam

464 2434 611 2491 libro
629 2436 1013 2491 Numerorum
1038 2438 1214 2492 istam
1238 2437 1588 2493 locutionem
1608 2440 2108 2509 notavimus,quia

463 2540 579 2579 non
603 2524 981 2595 dixit,praater
996 2524 1210 2580 Cbaleb
1227 2526 1872 2597 ﬁliumJephone;sed,«
1890 2528 2105 2582 ﬁlius.»

537 2622 642 2690 [1b.
664 2639 727 2690 ιι,
750 2622 830 2692 7.]
869 2642 895 2674 ι
920 2622 1198 2677 Dominus
1220 2624 1374 2677 enim
1407 2629 1557 2677 Deus
1595 2629 1784 2679 vester
1814 2624 2109 2679 benedixit

465 2715 522 2765 te
552 2710 612 2765 in
645 2711 805 2765 omni
838 2727 1007 2782 opere
1032 2728 1315 2767 manuum
1345 2718 1581 2766 tuarum
1620 2731 1632 2767 ε
1666 2730 1777 2768 non
1811 2715 1908 2778 ait,
1935 2714 2106 2767 bene-

468 2798 613 2853 dixit
642 2816 743 2854 vos
781 2800 840 2854 in
873 2800 1031 2854 omni
1065 2817 1235 2871 opere
1268 2818 1547 2855 manuum
1593 2807 1939 2867 vestrarum,
1974 2818 2105 2856 cum

469 2888 853 2958 praedixisset,
889 2909 916 2935 ‹‹
945 2892 1155 2954 vester,
1194 2910 1219 2936 »
1254 2905 1366 2943 non
1400 2895 1557 2943 tuus.

545 2975 647 3040 [lb.
670 2976 785 3046 24.]
803 2997 830 3024 «
856 2975 1020 3029 Nunc
1041 2993 1177 3045 ergo
1200 2978 1505 3048 surgite,et
1525 2982 1877 3049 promovete,
1903 2983 1959 3033 et
1982 2996 2107 3051 per-

471 3066 718 3119 transite
746 3080 847 3119 vos
876 3064 1082 3119 vallem
1113 3069 1301 3120 Arnon
1334 3084 1346 3133 ;
1377 3082 1505 3121 ecce
1531 3068 1742 3121 tradidi
1790 3068 1846 3121 in
1900 3085 2110 3121 manus

470 3155 603 3206 tuas
651 3156 797 3206 Seon
850 3168 1041 3225 regem
1092 3154 1315 3208 Esebon
1351 3171 1362 3208 :
1399 3175 1427 3203 »
1461 3172 1572 3209 non
1608 3156 1769 3225 dixit,
1804 3157 1859 3210 in
1902 3173 2112 3210 manus

469 3245 713 3308 vestras,
747 3242 845 3295 sed
880 3258 913 3295 a
943 3240 1152 3312 plurali
1184 3242 1254 3295 ad
1289 3241 1644 3313 singularem
1677 3245 1928 3299 transiit.

543 3328 654 3396 [1b.
686 3346 760 3394 IV,
786 3330 866 3399 7.]
900 3351 928 3379 ‹‹
973 3330 1258 3394 Quoniam
1294 3348 1419 3401 quae
1451 3336 1541 3385 est
1570 3348 1713 3402 gens
1753 3349 1986 3403 magna,
2020 3336 2111 3389 cui

473 3424 561 3472 est
592 3417 642 3471 ei
674 3416 828 3472 Deus
850 3418 1207 3489 appropians
1228 3418 1344 3474 illis
1378 3436 1390 3473 :
1427 3442 1454 3468 »
1488 3421 1601 3475 duo
1624 3425 1764 3475 sunt
1787 3421 1878 3475 hic
1910 3428 2114 3476 notan-

473 3506 549 3559 da
579 3522 591 3571 ;
624 3504 709 3559 vel
741 3506 893 3575 quod
926 3506 1028 3569 ait,
1051 3508 1145 3561 cui
1175 3513 1262 3561 est
1283 3508 1355 3569 ei,
1385 3530 1405 3557 ι
1437 3508 1520 3563 vel
1554 3510 1705 3579 quod
1744 3526 1855 3563 non
1893 3511 1990 3579 ait,
2016 3528 2116 3581 ap-

474 3592 751 3663 propians
781 3593 888 3660 illi,
922 3595 1044 3662 sed,
1079 3618 1105 3643 ‹‹
1138 3596 1492 3666 appropians
1525 3595 1658 3651 illis.

547 3680 652 3751 [1b.
690 3680 799 3753 12.]
845 3704 872 3730 «
925 3682 992 3735 Et
1039 3682 1486 3738 similitudinem
1538 3701 1649 3739 non
1714 3685 1961 3749 vidistis,
2021 3688 2119 3742 sed

480 3786 672 3824 vocem
709 3786 721 3824 :
761 3786 895 3826 cum
928 3788 1033 3825 vox
1065 3788 1180 3826 nun
1207 3772 1389 3842 possit
1416 3773 1617 3841 videri,
1644 3776 1738 3828 sed
1774 3776 2122 3843 generaliter

480 3858 587 3914 hoc
618 3860 859 3914 verbum
892 3860 1105 3931 posuit,
1142 3866 1421 3932 tanquam
1468 3862 1537 3916 ad
1598 3879 1830 3918 omnem
1863 3864 2121 3935 corporis

479 3964 719 4003 sensum
753 3948 947 4003 videre
980 3950 1282 4020 pertineat.

548 4036 656 4108 [1b.
684 4037 719 4090 5
748 4042 806 4092 et
853 4038 962 4107 14.]

478 4126 820 4181 haareditare
849 4143 975 4180 eam
1013 4145 1024 4180 :

479 4215 669 4268 ditum
705 4220 877 4280 esset,
915 4237 940 4263 ‹‹
974 4215 1091 4268 illo.
1126 4237 1151 4263 ››

553 4302 658 4371 [1b.
692 4301 808 4371 20.]
845 4325 864 4350 ι
904 4303 1115 4356 Eduxit
1142 4320 1243 4358 vos
1276 4305 1346 4358 de
1381 4305 1612 4360 fornace
1654 4306 1838 4359 ferrea
1862 4321 1928 4360 ex
1960 4308 2125 4378 /Egy-

483 4394 580 4461 pto
614 4405 626 4444 :
664 4390 953 4445 fornacem
1006 4392 1270 4457 ferream,
1306 4393 1512 4447 duram
1564 4393 2003 4448 tribulationem
2036 4393 2123 4449 in-

485 4478 669 4551 telligi
700 4479 881 4533 voluit
913 4496 925 4535 :
957 4481 1281 4536 secundum
1316 4481 1424 4536 hoc
1449 4489 1506 4537 et
1543 4484 1613 4536 de
1652 4483 1865 4554 Joseph
1901 4484 2121 4538 dictum

484 4573 574 4625 est
602 4569 661 4624 in
696 4569 1007 4636 Psalmis,«
1029 4571 1265 4626 Ferrum
1290 4573 1625 4642 pertransiit
1655 4573 1911 4627 animam
1944 4575 2123 4643 ejus»

486 4660 656 4729 (Psal.
690 4676 801 4723 crv,
837 4660 960 4729 18).:

559 4750 663 4818 [1b.
696 4749 809 4821 22.]
838 4772 863 4798 »
886 4751 953 4805 Et
984 4768 1097 4805 non
1132 4754 1364 4805 transeo
1393 4751 1707 4805 Jordanem
1735 4750 1919 4818 hunc;
1945 4775 1961 4799 ι
1991 4767 2128 4821 qua-

488 4837 534 4891 si
567 4844 625 4890 et
656 4837 804 4892 alius
836 4839 913 4892 sit
942 4838 1214 4893 Jordanis
1251 4855 1261 4892 :
1296 4856 1363 4893 ex
1396 4840 1504 4893 hoc
1537 4838 1827 4893 locutione
1879 4839 2128 4895 arbitror

486 4941 637 4995 saepe
667 4925 779 4979 dici
814 4928 989 4980 etiam
1022 4927 1177 4981 hunc
1213 4930 1519 4994 mundum,
1545 4928 1711 4997 quasi
1742 4927 1892 4981 alius
1924 4927 2017 4981 sit.

555 5021 659 5091 [1b.
692 5020 805 5091 25.]
838 5044 863 5070 ‹‹
901 5022 959 5076 Si
993 5028 1185 5077 autem
1215 5025 1488 5095 genueris
1522 5025 1671 5079 ﬁlios
1700 5030 1757 5078 et
1797 5023 1946 5078 filios
1979 5023 2123 5079 ﬁlio-

482 5126 611 5165 rum
646 5113 878 5163 tuorum
916 5126 928 5163 :
985 5131 1013 5159 »
1059 5113 1309 5166 notenda
1358 5111 1571 5167 locutio
1604 5117 1712 5180 est,
1748 5112 1847 5167 ubi
1888 5116 1943 5167 et
1992 5130 2127 5168 avos

481 5202 723 5266 nepotes
756 5195 895 5249 dicit
925 5195 1181 5266 gignere.

551 5287 654 5351 [[b.
686 5286 800 5354 29].
840 5307 859 5331 α
902 5284 961 5336 Et
993 5286 1262 5353 quaeretis
1306 5287 1385 5340 ibi
1429 5287 1736 5342 Dominum
1776 5288 1952 5341 Deum
2002 5305 2129 5343 ves-

481 5380 678 5440 trum;
714 5372 1021 5427 invenietis
1053 5390 1208 5439 eum,
1253 5377 1485 5443 quando
1531 5376 1846 5446 exquiretis
1897 5393 2028 5430 eum
2064 5393 2127 5431 ex

486 5467 604 5517 toto
637 5463 809 5517 corde
839 5473 958 5525 tuo,
991 5466 1048 5516 et
1094 5479 1161 5516 ex
1204 5468 1317 5517 tota
1352 5470 1551 5517 unlma
1584 5469 1685 5518 tua
1708 5466 1764 5517 in
1800 5464 2129 5519 tribulatio-

488 5568 559 5606 ne
585 5556 686 5604 tua
719 5568 732 5605 :
768 5572 794 5599 ››
828 5568 942 5605 non
974 5551 1134 5618 dixit,
1169 5551 1227 5604 in
1260 5556 1377 5605 toto
1410 5554 1579 5607 corde
1613 5558 1823 5622 vestro,
1867 5557 1922 5607 et
1952 5553 2008 5607 in
2043 5560 2127 5609 to-

488 5644 547 5695 ta
577 5639 773 5694 anima
805 5646 1014 5705 vestra,
1050 5640 1102 5693 in
1137 5639 1515 5695 tribulatione
1545 5647 1752 5696 vestra.

2197 1632 2430 1713 ‘priores
2462 1646 2516 1695 te
2545 1657 2557 1695 :

1013 4061 1038 4086 «
1097 4040 1154 4091 In
1209 4055 1386 4109 quam
1434 4057 1535 4094 vos
1581 4039 1959 4111 ingredimini
2001 4041 2120 4112 illo,

1066 4150 1091 4174 ››
1126 4126 1363 4197 plenum
1403 4133 1556 4182 esset
1605 4129 1829 4184 etiamsi
1874 4147 1987 4184 non
2022 4130 2121 4183 ad-

2283 1553 2385 1619 [lb.
2418 1552 2532 1621 32.]
2556 1574 2584 1601 ‹‹
2632 1552 2989 1621 Interrogata
3030 1549 3153 1605 dies
3190 1549 3435 1620 priores,
3483 1546 3581 1616 qui
3628 1536 3853 1600 fuerunt

2600 1663 2618 1688 υ
2656 1656 2771 1694 non
2806 1640 2950 1707 dies,
2986 1642 3082 1693 sed
3117 1637 3385 1692 homines
3417 1634 3849 1707 intelligendum

2210 1737 2318 1786 est.
2345 1729 2629 1785 Similiter
2650 1735 2705 1782 et
2728 1728 2832 1786 hoc
2858 1728 3180 1781 notandum
3207 1727 3361 1796 quod
3381 1727 3559 1781 etiam
3595 1724 3853 1793 superius

2211 1835 2343 1873 cum
2375 1819 2601 1881 dixerit,
2632 1837 2652 1864 ι
2691 1819 3039 1886 lnterrogate
3072 1838 3098 1864 »
3121 1813 3484 1885 pluraliter,«
3512 1812 3727 1884 priores
3756 1816 3809 1866 te
3829 1833 3854 1862 »

2213 1906 2415 1961 intulit
2447 1905 2856 1976 singulariter;
2891 1921 3026 1969 non,
3063 1904 3285 1974 priores
3316 1903 3503 1956 vobis.

2286 1996 2392 2065 [1b.
2424 1996 2537 2065 34.]
2570 2018 2595 2042 «
2628 1995 2683 2047 Si
2715 2000 2772 2048 et
2798 1994 3042 2047 tentavit
3073 1993 3226 2047 Deus
3254 1992 3560 2061 ingressus
3604 1989 3854 2059 accipere

2214 2083 2324 2139 sibi
2357 2089 2587 2153 gentem
2611 2083 2683 2136 de
2702 2081 2892 2136 media
2913 2086 3117 2151 gente:
3144 2080 3408 2148 tentavit,
3432 2104 3453 2130 υ
3484 2096 3586 2149 pro
3618 2095 3682 2133 eo
3706 2077 3847 2149 quod

2216 2178 2303 2226 est
2331 2171 2535 2235 voluit,
2571 2171 2825 2241 positum
2862 2175 2969 2235 est,
3001 2176 3102 2224 aut
3135 2169 3272 2239 quid
3327 2168 3489 2222 aliud
3524 2185 3535 2222 :
3572 2168 3721 2237 quod
3755 2183 3849 2220 au-

2215 2264 2330 2315 tem
2364 2260 2463 2323 ait,
2497 2281 2526 2308 «
2561 2260 2630 2313 de
2673 2259 2863 2312 media
2900 2266 3089 2328 gente,
3131 2279 3151 2307 α
3214 2257 3283 2311 de
3333 2255 3547 2310 mediis
3596 2255 3853 2325 gentibus

2213 2347 2659 2418 intelligendum
2691 2351 2797 2410 est,
2824 2345 3108 2416 singulari
3143 2345 3328 2414 posito
3362 2361 3467 2413 pro
3502 2341 3749 2413 plurali;
3786 2341 3857 2395 si-

2215 2442 2314 2490 cut
2343 2442 2690 2506 serpentem,
2726 2452 2952 2499 ranam,
2985 2439 3040 2488 et
3069 2433 3379 2501 locustam,
3434 2448 3538 2502 pro
3584 2429 3857 2501 serpenti-

2217 2525 2362 2591 bus;
2398 2526 2556 2578 ranis
2588 2529 2644 2577 et
2675 2523 2938 2588 locustis,
2971 2523 3257 2592 scriptum
3290 2520 3568 2591 legimus.

2289 2622 2392 2689 [1b.
2428 2622 2541 2689 3.1.]
2574 2642 2601 2670 «
2633 2621 2966 2673 Secundum
3013 2618 3209 2673 omnia
3240 2634 3365 2687 quae
3412 2616 3548 2670 fecit
3580 2615 3852 2670 Dominus

2219 2713 2369 2763 Deus
2398 2714 2588 2763 vester
2637 2709 2693 2761 in
2738 2709 2977 2778 lEgypto
3007 2724 3199 2761 coram
3249 2711 3304 2759 te
3338 2705 3575 2759 vidente
3612 2722 3624 2759 :
3661 2726 3687 2753 ι)
3720 2701 3855 2758 nihil

2220 2799 2419 2852 minus
2448 2802 2555 2865 est,
2587 2797 2692 2851 etsi
2728 2813 2839 2850 non
2878 2796 3146 2859 addatur,
3188 2817 3207 2841 α
3243 2793 3497 2847 vidente.
3528 2815 3555 2841 n

2293 2887 2470 2951 [lb.v,
2490 2888 2569 2955 5.]
2600 2908 2627 2934 ‹‹
2663 2886 2729 2938 Et
2767 2901 2871 2955 ego
2903 2884 3137 2937 stabum
3162 2884 3314 2937 inter
3334 2882 3654 2936 Dominum
3685 2884 3741 2934 et
3767 2896 3859 2933 vos

2219 2976 2277 3029 in
2309 2980 2569 3045 tempore
2621 2973 2741 3037 illo,
2777 2972 3124 3027 annuntiare
3170 2971 3334 3024 vobis
3378 2970 3558 3024 verba
3592 2967 3814 3022 Domini
3847 2984 3858 3031 ;

2221 3065 2497 3132 quoniam
2531 3062 2816 3117 timuistis
2848 3079 2880 3114 a
2911 3061 3054 3115 facie
3081 3060 3256 3130 ignis.
3287 3064 3342 3113 et
3374 3076 3491 3112 non
3526 3056 3861 3112 ascendistis

2220 3152 2279 3206 in
2314 3159 2594 3219 montem,
2620 3151 2978 3221 dicens,Ego
3010 3166 3139 3204 sum
3168 3148 3452 3202 Dominus
3483 3147 3638 3201 Deus
3672 3151 3858 3209 tuus,»

2222 3246 2330 3296 etc.
2365 3264 2393 3291 «
2430 3241 2633 3294 Dicens
2666 3262 2693 3287 ››
2727 3238 2940 3304 posuit,
2975 3254 3097 3309 pro,
3130 3253 3262 3292 cum
3296 3235 3539 3291 diceret.

2294 3339 2401 3407 [1b.
2440 3340 2548 3409 14.]
2580 3361 2607 3386 ‹‹
2642 3339 2711 3391 Et
2740 3339 2962 3391 advena
2993 3335 3094 3406 qui
3123 3334 3326 3390 incolit
3363 3334 3421 3388 in
3454 3340 3513 3389 te
3549 3351 3560 3387 :
3599 3354 3626 3381 »
3658 3330 3863 3403 populo

2226 3428 2447 3481 dictum
2492 3425 2894 3495 accipiendum
2940 3430 3048 3488 est,
3097 3440 3211 3477 non
3263 3424 3427 3492 quasi
3482 3422 3583 3476 uni
3630 3419 3862 3484 homini,

2226 3516 2365 3587 quia
2394 3515 2451 3568 in
2488 3514 2699 3585 pOpulo
2729 3512 2929 3567 incolit
2958 3513 3198 3567 advena.

2297 3606 2400 3675 [1b.
2436 3604 2546 3673 15.]
2589 3623 2617 3649 ‹‹
2654 3604 2889 3673 Propter
2918 3600 3027 3655 hoc
3079 3601 3387 3655 constituit
3435 3601 3543 3654 tibi
3601 3600 3865 3655 Dominus

2231 3698 2380 3747 Deus
2412 3696 2572 3755 tuus,
2606 3694 2669 3744 ut
2699 3692 2969 3745 observes
3000 3689 3153 3743 diem
3188 3688 3436 3755 sabbati,
3471 3694 3529 3744 et
3559 3688 3866 3743 sanctiﬁca-

2230 3799 2289 3836 re
2319 3797 2452 3835 eum
2487 3798 2498 3834 :
2533 3781 2603 3846 si,
2642 3799 2667 3829 α
2698 3784 2773 3843 et,
2803 3801 2828 3826 »
2862 3795 2973 3832 non
3007 3777 3262 3846 haberet,
3292 3794 3400 3831 non
3436 3778 3869 3832 videreturinu-

2231 3870 2402 3926 sitata
2432 3868 2669 3934 locutio,
2710 3888 2736 3920 ι
2764 3872 2826 3920 ut
2850 3868 3120 3921 observes
3152 3866 3304 3920 diem
3338 3866 3572 3921 sabbati
3618 3865 3864 3921 sanctifio

2231 3975 2359 4013 care
2390 3974 2520 4012 eum
2561 3973 2572 4010 :
2606 3979 2625 4003 ι
2656 3960 2756 4010 aut
2786 3960 2937 4010 certe
2967 3955 3016 4009 si
3040 3955 3121 4009 ita
3150 3958 3397 4018 esset,ut
3418 3954 3690 4009 observes
3722 3953 3863 4007 diem

2231 4046 2459 4100 sabbati
2488 4044 2883 4099 etsanctiﬁces
2904 4060 3035 4113 eum
3064 4060 3076 4109 ;
3111 4047 3209 4097 aut
3232 4042 3697 4114 ita,propterhoc
3718 4056 3868 4096 cons-

2231 4134 2511 4189 tituittibi
2540 4133 2814 4187 Dominus
2828 4133 3130 4186 Deustuus
3154 4133 3460 4185 observare
3480 4133 3632 4185 diem
3656 4126 3868 4184 sabbati

2233 4230 2291 4279 et
2322 4224 2683 4277 sanctiﬁcare
2713 4239 2844 4277 eum
2870 4238 2881 4275 :
2910 4238 3064 4275 nunc
3093 4237 3246 4287 vero,
3268 4242 3293 4268 ‹‹
3329 4226 3393 4273 ut
3422 4220 3694 4275 observes
3724 4218 3867 4272 diem

2235 4312 2481 4374 sabbati,
2515 4316 2571 4365 et
2602 4310 2965 4365 sanctiﬁcare
2994 4325 3148 4379 eum,
3184 4329 3213 4360 ι
3254 4308 3541 4364 inusitata
3575 4313 3631 4363 et
3669 4312 3867 4362 notabo

2234 4403 2307 4456 da
2336 4401 2551 4455 locutio
2584 4404 2693 4453 est.

2306 4491 2410 4561 [1b.
2437 4488 2644 4557 v1.13]
2673 4508 2698 4537 α
2719 4487 2963 4541 Attende
2993 4486 3118 4554 tibi,
3147 4503 3216 4540 ne
3248 4485 3529 4540 dilatetur
3564 4502 3661 4540 cor
3692 4488 3866 4543 tuum,

2235 4585 2290 4634 et
2321 4577 2682 4633 obliviscaris
2719 4574 2941 4629 Domini
2980 4574 3073 4628 Dei
3104 4574 3189 4628 tui
3234 4590 3245 4627 :
3289 4596 3316 4623 »
3351 4575 3673 4628 notandum
3708 4571 3866 4626 etiam

2234 4670 2290 4722 in
2328 4668 2478 4721 malo
2511 4666 2621 4720 dici
2656 4682 2825 4735 posse
2865 4666 3265 4720 dilatationem
3299 4665 3530 4732 cordis;
3566 4661 3863 4719 exsultatio

2236 4756 2449 4827 quippe
2479 4756 2535 4808 iu
2564 4755 2903 4809 dilatatione
2927 4753 3393 4824 intelligitur,cui
3416 4753 3714 4807 contrariae
3738 4752 3864 4804 sunt

2236 4846 2542 4916 angustiae,
2578 4844 2631 4896 id
2667 4848 2754 4896 est
2793 4842 3035 4897 tristitia
3084 4858 3095 4895 :
3154 4848 3473 4912 utrumque
3522 4846 3713 4895 autem
3774 4852 3865 4908 po-

2236 4940 2348 4988 test
2374 4940 2431 4987 et
2463 4935 2517 4983 iu
2556 4932 2704 4985 bono
2738 4938 2794 4983 et
2826 4930 2882 4983 in
2918 4929 3069 4983 malo
3099 4928 3302 5001 accipi.

2308 5022 2415 5092 [1b.
2447 5021 2561 5087 20.]
2589 5043 2605 5067 α
2640 5019 2829 5073 Eterit
2859 5035 2991 5072 cum
3025 5017 3467 5087 interrogaverit
3489 5023 3541 5072 te
3568 5015 3719 5070 ﬁlius
3740 5018 3868 5066 tuus

2238 5129 2365 5167 cras
2395 5111 2595 5164 dicens
2632 5125 2643 5162 :
2684 5132 2702 5155 υ
2740 5125 2867 5162 cras
2901 5106 3112 5177 posuit,
3156 5124 3257 5177 Iro
3297 5108 3488 5161 futuro
3520 5114 3869 5175 quocumque

2237 5205 2519 5270 tempore.

2311 5288 2418 5361 [ιδ.
2444 5305 2541 5351 vn,
2573 5287 2640 5351 1.]
2664 5308 2689 5333 ‹‹
2717 5285 2946 5353 Septem
3000 5286 3201 5353 gentes
3227 5299 3469 5355 magnas
3498 5286 3551 5337 et
3574 5281 3807 5336 multas:
3837 5296 3861 5323 ››

2240 5376 2532 5448 quomodo
2564 5390 2698 5443 ergo
2744 5371 2985 5436 multas,
3016 5371 3064 5426 si
3110 5379 3332 5444 septem
3356 5372 3382 5425 ‘I
3417 5373 3513 5427 sed
3549 5371 3756 5425 multas
3785 5364 3863 5419 di-

2238 5466 2320 5520 xit
2354 5463 2790 5518 multitudinem
2828 5461 3131 5516 habentes.

2311 5553 2666 5624 [lb.3.]uNon
2683 5550 2958 5618 dispones
2976 5550 3044 5603 ad
3062 5565 3159 5602 eos
3183 5553 3781 5613 testamentumucum
3802 5542 3863 5594 de

2241 5642 2515 5713 gentibus
2530 5640 2745 5693 diceret
2764 5654 2775 5691 :
2794 5641 3209 5692 testamentum
3227 5654 3361 5709 ergo
3384 5655 3485 5709 pro
3508 5640 3668 5707 pacto
3688 5628 3864 5704 posuit
