4098 6184
324 187 435 247 533

394 319 496 388 [11).
530 322 564 375 3
590 329 641 376 et
668 321 745 390 4.]
775 343 801 370 ‹‹
838 322 908 376 Et
940 322 1117 377 ﬁliam
1142 325 1270 394 ejus
1294 340 1407 378 non
1440 340 1637 379 sumes
1670 322 1784 376 tilio
1816 327 1913 373 tuo
1940 338 1953 380 ;

324 408 613 465 discedere
643 411 801 465 enim
834 411 1003 466 faciet
1033 412 1221 467 ﬁlium
1249 419 1412 466 tuum
1448 430 1481 466 a
1514 429 1625 476 me,
1659 416 1713 465 et
1748 410 1959 464 serviet

324 499 434 553 diis
472 498 621 569 aliis,
663 504 719 553 et
777 500 1062 555 irascetur
1116 501 1516 573 indignatione
1564 501 1849 556 Dominus
1900 497 1959 551 in

322 603 456 642 vos:
484 608 510 635 ››
531 605 643 641 non
677 587 776 656 ait,
802 589 1147 655 irascar,sed
1182 598 1457 662 tanquam
1481 591 1551 644 de
1583 588 1696 644 alio
1721 588 1955 642 diceret.

393 676 495 744 [lb.
529 693 607 737 ιιι.
643 678 719 747 1.]
750 700 777 727 ί(
812 677 1081 733 Civitates
1113 696 1354 750 magnas
1389 685 1445 733 et
1478 683 1740 733 muratas
1774 692 1960 746 usque

321 765 377 818 in
411 764 619 819 cmlum
649 782 661 820 :
702 788 721 814 ιι
757 766 1125 838 hyperbolice
1156 768 1398 822 dictum.

390 854 495 924 [1b.
531 854 607 924 4.]
638 876 664 903 ‹‹
696 854 777 909 Ne
800 855 958 911 dicas
993 856 1049 909 in
1074 856 1245 910 corde
1266 861 1387 924 tuo,
1412 873 1541 910 cum
1577 869 1957 923 consumpse-

322 942 399 996 rit
431 942 715 997 Dominus
769 945 915 997 Deus
966 949 1103 999 tuus
1150 950 1354 1016 gentes
1400 945 1547 999 istas
1582 948 1718 998 ante
1753 942 1959 997 faciem

319 1036 507 1096 tuam,
542 1031 761 1099 dicens,
797 1032 1037 1104 Pr0pter
1076 1034 1340 1103 justitias
1389 1050 1549 1090 meas
1598 1032 1829 1088 induxit
1869 1046 1963 1085 me

320 1120 605 1175 Dominus
652 1120 991 1177 hmreditaro
1015 1126 1230 1178 terram
1264 1124 1476 1178 bonam
1506 1123 1719 1178 istam:
1756 1144 1777 1173 ι
1821 1120 1961 1174 ordo

318 1211 432 1272 est,
468 1230 494 1257 «
530 1213 610 1264 Ne
639 1208 802 1265 dicas
826 1208 884 1265 in
916 1211 1087 1267 corde
1119 1216 1216 1266 tuo
1249 1212 1468 1268 dicens.
1502 1234 1529 1259 ι)

387 1298 497 1369 [11).
530 1298 646 1369 28.]
693 1321 721 1347 ‹‹
753 1298 835 1355 Ne
883 1300 1119 1371 quando
1170 1300 1365 1356 dicant
1411 1300 1810 1355 inhabitantes
1840 1302 1957 1352 ter-

317 1403 467 1453 ram,
502 1388 655 1443 unde
699 1388 951 1443 eduxisti
1002 1405 1108 1445 nos
1152 1389 1323 1444 inde:
1378 1412 1404 1437 ››
1440 1405 1600 1444 more
1647 1388 1962 1459 Scriptura:

317 1475 588 1531 additum
622 1480 729 1547 est,
768 1501 787 1526 ι
825 1478 975 1534 inde.
1010 1500 1038 1528 »

389 1565 502 1633 [1b.
535 1584 613 1635 xi,
645 1567 723 1637 3.]
750 1590 778 1616 ‹‹
802 1569 938 1633 Quae
957 1568 1088 1623 fecit
1108 1568 1379 1623 virtutem
1402 1567 1794 1639 Egyptiorum
1820 1583 1832 1619 :
1854 1564 1963 1619 hoc

317 1653 670 1725 interpretes
690 1655 930 1725 quidam
955 1654 1118 1710 latini
1144 1657 1338 1710 minus
1359 1654 1747 1726 intelligentes
1766 1652 1964 1708 nolue-

317 1746 458 1797 runt
490 1742 682 1799 dicere
704 1745 989 1812 virtutem,
1014 1746 1113 1799 sed
1144 1747 1354 1811 virtuti,
1379 1744 1465 1798 vel
1488 1745 1795 1811 exercitui;
1820 1757 1962 1812 quo-

316 1831 480 1885 niam
504 1830 561 1885 id
597 1833 747 1904 quod
783 1832 862 1887 ait
892 1833 1125 1889 Graecus
1158 1829 1409 1903 δύναμιν,
1442 1832 1707 1888 nonnulli
1744 1830 1963 1887 exerci-

318 1923 449 1974 tum
477 1919 1027 1977 intellexerunt.Sed
1059 1921 1295 1994 elegans
1314 1922 1528 1977 locutio
1549 1926 1657 1985 est,
1683 1944 1709 1969 ‹‹
1734 1920 1866 1983 Quae
1890 1920 1964 1973 fe-

314 2007 395 2062 cit
410 2013 688 2065 virtutem
701 2026 901 2065 eorum
919 2028 932 2077 ;
949 2033 976 2059 ››
999 2010 1440 2083 intelligendum
1465 2017 1553 2066 est
1571 2010 1710 2081 quid
1733 2025 1859 2064 eam
1880 2008 1965 2062 fe-

314 2095 428 2157 cit;
466 2096 746 2165 quoniam
778 2098 849 2152 ad
882 2097 1027 2153 nihil
1061 2116 1188 2154 eam
1235 2100 1492 2170 redegit:
1538 2100 1637 2154 sed
1669 2097 1807 2170 quia
1838 2096 1963 2168 plu-

316 2184 524 2239 raliter
551 2185 773 2241 dictum
804 2192 912 2253 est,
944 2187 1072 2242 ideo
1103 2188 1534 2245 subobscuram
1569 2192 1679 2242 est.

386 2275 500 2346 [1b.
531 2275 614 2345 6.]
645 2297 673 2325 «
704 2277 857 2340 Quos
884 2276 1151 2347 aperiens
1181 2280 1337 2331 terra
1365 2294 1430 2332 os
1460 2293 1631 2332 suum
1661 2273 1968 2346 deglutivit

313 2380 435 2431 eos,
473 2368 532 2419 et
560 2364 767 2419 domos
787 2381 1010 2429 eorum,
1044 2370 1102 2421 et
1121 2366 1496 2421 tabernacula
1510 2382 1711 2421 eorum
1738 2381 1750 2419 :
1786 2387 1814 2414 »
1837 2364 1965 2418 dua

313 2451 648 2508 locutiones
677 2452 771 2508 hic
801 2454 1067 2509 notanda
1094 2461 1252 2521 sunt,
1285 2455 1438 2526 quod
1471 2459 1528 2510 et
1557 2454 1823 2508 additum
1856 2457 1964 2522 est,

314 2556 424 2609 eos,
446 2556 584 2595 cum
609 2541 876 2596 suflicere
895 2546 1088 2612 posset
1106 2544 1260 2612 quod
1278 2543 1667 2614 aitsuperius,
1693 2562 1714 2589 ι
1735 2557 1881 2611 quos
1902 2565 1916 2605 ;
1940 2563 1959 2588 υ

316 2635 372 2684 et
392 2654 412 2676 ι
440 2630 651 2685 domos
664 2645 865 2685 eorum
881 2651 907 2679 »
933 2647 1068 2686 cum
1088 2631 1619 2699 dixisset,addidit«
1636 2631 1969 2686 ettaberna-

316 2717 457 2773 cula
485 2734 711 2784 eorum,
735 2737 761 2768 ι
791 2720 960 2790 quasi
982 2721 1127 2775 alias
1152 2720 1208 2774 in
1241 2737 1433 2776 eremo
1455 2721 1736 2775 baberent
1766 2720 1968 2774 domos

318 2807 432 2862 nisi
456 2806 855 2862 tabernacula.
878 2809 985 2863 Sed
1007 2809 1285 2863 nimirum
1300 2810 1509 2863 domus
1531 2808 1770 2879 intelligi
1790 2805 1970 2860 voluit

320 2895 597 2951 homines
628 2896 695 2950 ad
732 2912 829 2951 eos
862 2896 1240 2967 pertinentes,
1275 2897 1558 2968 sicutipsi
1594 2896 1801 2967 populo
1835 2894 1969 2948 dici-

320 2989 438 3053 tur,
468 3007 495 3032 ‹‹
516 2983 583 3037 Et
602 3000 757 3039 nunc
778 2988 865 3054 tu,
890 2985 1100 3040 domus
1116 2985 1293 3041 Jacob
1317 3009 1336 3033 η
1364 2987 1511 3057 (Ιδαί.
1535 3002 1596 3053 ιι,
1628 2986 1703 3050 5).
1727 2983 1971 3038 Necista

318 3073 545 3128 locutio
577 3072 768 3128 aliena
798 3077 887 3128 est
916 3090 947 3128 a
983 3074 1163 3129 latina
1192 3074 1431 3145 lingua:
1466 3091 1601 3128 nam
1634 3077 1691 3127 et
1720 3070 1968 3129 Romani

315 3161 464 3216 dicti
495 3166 637 3217 sunt
665 3162 873 3218 domus
920 3164 1187 3218 Assaraci
1218 3162 1454 3235 (/Enez'd.
1504 3164 1599 3217 tib.
1641 3164 1688 3229 1,
1735 3178 1784 3216 v.
1818 3161 1968 3232 284),

315 3250 478 3322 quod
512 3267 581 3306 ex
609 3253 889 3307 Assaraco
920 3253 1171 3323 Trojano
1202 3253 1484 3325 originem
1516 3254 1816 3307 ducerent.

388 3339 505 3412 [[b.
540 3340 617 3406 7.]
652 3363 676 3390 ε(
710 3341 995 3406 Quoniam
1027 3340 1215 3397 oculis
1254 3341 1433 3397 vestri
1470 3341 1734 3395 viderunt
1770 3338 1969 3395 omnia

314 3446 501 3501 opera
532 3429 761 3484 Domini
797 3446 1031 3502 magna,
1067 3448 1191 3501 qua!
1246 3431 1379 3486 fecit
1411 3431 1467 3484 in
1497 3431 1662 3486 vobis
1694 3430 1860 3484 hodie
1889 3446 1902 3482 :
1937 3450 1965 3477 ››

315 3535 455 3573 cum
488 3519 560 3573 de
582 3517 676 3575 bis
697 3519 970 3590 operibus
992 3519 1227 3587 diceret,
1259 3537 1384 3591 quea
1409 3537 1511 3591 per
1531 3536 1791 3575 eremum
1816 3518 1968 3573 facta

313 3613 462 3664 sunt
516 3624 583 3663 eo
635 3613 893 3680 tempore
942 3626 1057 3681 quo
1107 3609 1183 3664 ibi
1233 3603 1828 3664 circumducebantur
1867 3623 1968 3678 per

314 3697 716 3769 quadraginta
736 3714 921 3753 annos
951 3716 964 3764 ;
989 3703 1185 3753 tamen
1213 3721 1240 3748 «ι
1264 3698 1437 3752 hodie
1463 3720 1490 3747 ι)
1513 3698 1675 3765 dixit,
1697 3698 1853 3769 quod
1878 3696 1965 3750 in-

316 3785 505 3859 telligi
539 3785 723 3840 voluit
742 3786 850 3841 hoc
883 3790 1164 3858 tempore,
1190 3791 1475 3859 quotquot
1502 3786 1578 3841 ibi
1602 3803 1787 3841 annos
1818 3785 1968 3840 idem

317 3880 431 3931 tem
444 3891 560 3947 pus
590 3874 803 3929 habere
835 3876 1143 3947 potuisset.

389 3965 498 4031 [lb.
533 3964 612 4035 9.]
646 3987 673 4013 «
700 3964 935 4020 Terram
963 3982 1139 4037 quam
1161 3965 1382 4036 juravit
1404 3965 1684 4020 Dominus
1708 3963 1969 4035 patribus

319 4055 535 4109 vestris
564 4053 703 4107 dare
732 4052 838 4119 eis,
872 4053 1202 4124 seminique
1233 4069 1431 4109 eorum
1458 4058 1589 4124 post
1618 4069 1750 4107 eos:
1786 4073 1814 4102 »
1846 4056 1969 4105 tan-

320 4158 503 4212 quam
536 4142 775 4209 diceret,
807 4141 865 4196 id
910 4146 1000 4197 est
1030 4142 1241 4198 semini
1288 4158 1489 4197 eorum
1524 4146 1655 4213 post
1682 4157 1818 4206 eos;
1854 4156 1967 4194 non

321 4231 481 4285 enim
516 4234 572 4285 et
602 4229 748 4300 ipsis
779 4231 959 4297 dedit,
982 4232 1082 4287 sed
1115 4232 1197 4286 ita
1229 4230 1372 4302 ipsis
1399 4230 1578 4299 dedit,
1602 4246 1735 4284 cum
1760 4227 1970 4285 semini

321 4334 529 4374 eorum
562 4318 741 4374 dedit.

396 4408 501 4475 [1b.
537 4408 713 4478 13.]‘«
772 4407 831 4463 Si
886 4412 1082 4463 autem
1139 4409 1345 4463 auditu
1406 4407 1712 4464 audieritis
1770 4405 1971 4461 omnia

323 4496 607 4551 mandata
634 4496 784 4565 ejus,
808 4512 936 4566 quae
962 4512 1066 4568 ego
1100 4497 1312 4553 mando
1340 4497 1445 4552 tibi
1470 4496 1640 4551 hodie
1664 4515 1676 4563 ;
1713 4494 1916 4550 auditu
1940 4518 1967 4546 »

322 4584 555 4639 videtur
575 4600 642 4639 su
652 4585 1069 4656 perﬂuum,sed
1090 4585 1301 4641 locutio
1323 4593 1410 4641 est
1425 4585 1731 4656 Scriptura:
1754 4588 1972 4640 sanctae

328 4672 817 4729 familiarissima.

399 4761 508 4832 [11).
547 4762 652 4828 14.]
689 4785 717 4810 ‹‹
753 4763 820 4816 Et
843 4761 1003 4817 dabit
1023 4762 1278 4833 pluviam
1300 4767 1464 4817 terra:
1489 4766 1603 4818 tum
1625 4763 1683 4816 in
1714 4765 1973 4831 tempore

329 4866 440 4904 suo
472 4851 830 4905 matutinum
862 4856 919 4905 et
947 4850 1331 4906 serotinum‘.
1367 4873 1396 4901 ››
1427 4857 1567 4906 Cum
1617 4849 1973 4906 matutinum

330 4942 567 5009 tempus
598 4939 724 4993 dies
768 4939 1017 5010 dicatur,
1058 4940 1341 5009 numquid
1374 4940 1469 4994 hic
1520 4938 1763 5010 intelligi
1797 4938 1977 4994 voluit

332 5031 569 5099 tempus
600 5027 737 5083 anni
768 5028 1024 5100 primum
1046 5029 1073 5085 ‘I
1104 5029 1435 5084 Serotinum
1460 5045 1590 5085 vero
1622 5030 1819 5084 minus
1851 5028 1977 5083 lati-

334 5134 474 5171 num
506 5123 628 5185 est;
663 5118 763 5173 sed
798 5135 912 5173 non
960 5119 1149 5190 potuit
1194 5120 1379 5191 magis
1428 5120 1659 5191 proprie
1691 5120 1761 5174 de
1789 5135 1976 5191 graeco

333 5205 603 5277 exprimi,
638 5208 791 5277 quod
844 5206 927 5261 illi
978 5201 1414 5278 dicuntb'qnpov
1448 5214 1644 5263 tamen
1696 5208 1869 5262 etiam
1918 5208 1978 5260 in

334 5294 517 5350 latina
550 5296 749 5367 lingua
778 5296 948 5370 vulgo
982 5297 1259 5353 usitatum
1302 5302 1431 5365 est;
1466 5303 1530 5353 ut
1573 5298 1799 5352 dicatur
1828 5312 1979 5350 sero-

337 5383 549 5450 tinum,
584 5385 684 5440 sed
743 5386 897 5455 quod
952 5386 1177 5441 tardius
1236 5404 1412 5457 quam
1470 5389 1733 5457 oporteat
1764 5385 1979 5439 factum

339 5476 467 5537 est;
501 5472 593 5527 hic
621 5489 753 5527 vero
776 5478 1010 5545 tempus
1041 5474 1177 5529 anni
1204 5474 1396 5546 potius
1428 5472 1674 5545 intelligi
1706 5472 1907 5528 voluit.

416 5560 519 5630 [1b.
558 5562 623 5615 15
651 5570 700 5616 et
735 5562 843 5631 16.]
875 5585 902 5612 ‹‹
957 5563 1023 5616 Et
1072 5580 1204 5617 cum
1265 5564 1608 5629 comederis,
1652 5568 1708 5617 et
1737 5563 1986 5616 satiatus

348 5649 546 5713 fueris,
597 5650 831 5705 attende
860 5650 964 5705 tibi
1000 5651 1109 5723 ipsi
1160 5669 1229 5705 ne
1262 5651 1536 5706 dilatetur
1582 5667 1680 5705 cor
1708 5654 1899 5713 tuum,
1932 5653 1988 5703 et

418 5750 433 5780 ι
465 5731 599 5798 Mssa
617 5747 853 5813 quinque
908 5748 994 5800 hic
1024 5752 1227 5801 tantum
1272 5749 1581 5801 matutinum
1613 5751 1660 5798 et
1687 5746 1987 5799 sentinam.

1696 189 1925 251 LIBER
1968 181 2335 255 QUINTUS.

3598 154 3717 214 534

2068 309 2518 385 prmvaricemini
2554 314 2609 362 et
2630 303 2895 360 servistis
2928 301 3040 356 diis
3063 299 3213 354 aliis.
3238 319 3256 343 ιο
3278 296 3407 350 Jam
3440 286 3713 385 superius

2072 376 2212 457 tales
2238 401 2556 453 locutiones
2582 394 2929 458 notavimus,
2953 390 3075 445 sive
3099 386 3251 458 quod
3276 401 3306 436 a
3329 377 3609 450 singulari
3637 376 3708 430 ad

2073 489 2351 561 pluralem
2386 488 2618 547 transit,
2652 484 2772 537 sive
2802 480 2953 552 quod
2987 478 3046 532 in
3073 474 3224 530 malo
3256 464 3712 561 volui_t_inte_lligi

2072 555 2357 643 dilatetur,
2394 578 2489 630 ubi
2525 577 2755 629 noxiam
2787 567 3232 641 prosperitatem
3272 555 3639 631 significavit.

2147 669 2251 737 [1b.
2286 668 2395 732 24.]
2431 687 2457 714 (ε
2490 666 2557 718 Et
2604 664 2819 717 ﬂumen
2855 671 3133 727 magnum
3186 657 3400 706 ﬂumen
3452 644 3717 737 Euphra-

2073 732 2212 823 tem,
2252 779 2278 804 ›ι
2310 753 2680 826 repetitiones
2714 752 2837 804 istae
2870 746 3094 801 usitatae
3118 745 3256 797 sunt
3286 740 3340 792 in
3377 732 3715 803 Scripturis,

2074 851 2131 902 et
2162 862 2280 901 rem
2316 845 2587 897 decenter
2616 837 3048 894 commendant.

2147 936 2252 1003 [1b.
2285 934 2396 999 25.]
2439 952 2461 979 α
2495 931 2784 985 Timorem
2829 928 3087 979 vestrum
3137 922 3192 973 et
3222 922 3532 1003 tremorem
3584 927 3717 1003 ves-

2076 1001 2231 1079 trum
2265 1024 2526 1094 imponet
2561 1016 2837 1073 Dominus
2886 1013 3039 1066 Deus
3069 1014 3256 1063 vester
3302 1019 3477 1074 super
3508 1001 3715 1055 faciem

2075 1113 2361 1168 universae
2394 1115 2596 1163 terrae:
2634 1129 2661 1154 ››
2700 1120 2811 1158 non
2843 1102 3111 1155 timorem
3158 1101 3215 1151 et
3257 1100 3571 1148 tremorem
3604 1104 3719 1161 quo

2075 1201 2187 1273 ipsi
2220 1200 2430 1255 timent
2461 1202 2516 1252 et
2545 1196 2825 1257 tremunt,
2861 1190 2961 1246 sed
3013 1202 3126 1257 quo
3158 1184 3437 1239 timentur
3466 1183 3524 1235 et
3576 1178 3720 1233 alios

2074 1296 2323 1346 tremere
2355 1287 2599 1342 faciunt.

2144 1380 2250 1448 [1b.
2286 1394 2388 1442 xu,
2424 1378 2534 1444 17.]
2570 1397 2594 1423 ‹‹
2630 1377 2755 1426 Non
2788 1366 3002 1441 poteris
3044 1362 3397 1418 manducare
3429 1358 3485 1410 in
3516 1355 3717 1410 civita-

2073 1447 2255 1523 tibus'
2284 1465 2403 1520 tuis
2451 1459 2894 1518 decimationem
2946 1450 3225 1508 frumenti
3279 1447 3402 1503 tui:
3450 1467 3476 1495 ››
3520 1461 3621 1515 pro
3652 1460 3717 1499 eo

2074 1557 2227 1629 quod
2259 1560 2366 1623 est,
2401 1570 2516 1609 non
2550 1549 2809 1606 debebis.

2146 1647 2253 1717 [1b.
2286 1621 2409 1712 χιιι,
2446 1643 2557 1710 16.]
2589 1662 2615 1690 ‹‹
2647 1640 2715 1693 Et
2747 1634 3022 1690 incendes
3070 1627 3359 1685 civitatem
3391 1624 3448 1678 in
3494 1621 3654 1694 igni:
3690 1642 3718 1669 »

2075 1752 2181 1791 nos
2214 1732 2491 1789 usitatius
2518 1730 2865 1793 diceremus,
2900 1720 3047 1794 igni.

2144 1824 2252 1897 [1b.
2289 1839 2403 1887 xxv,
2433 1820 2548 1889 24.]
2581 1842 2607 1867 ‹‹
2640 1816 2695 1871 Si
2727 1819 2921 1869 autem
2974 1810 3145 1880 longe
3175 1801 3471 1897 fuerit-via
3495 1817 3529 1856 a
3559 1804 3613 1854 te
3638 1816 3651 1853 :
3679 1821 3717 1897 3‘)

2075 1887 2217 1968 ac‘si
2251 1911 2488 1975 diceret,
2534 1887 2717 1977 longa
2747 1904 2838 1957 via
2888 1898 3098 1963 fuerit;
3133 1891 3470 1949 adverbium
3525 1887 3721 1960 posuit

2074 2019 2177 2074 pro
2208 2000 2464 2056 nomine.

2145 2091 2249 2161 [1b.
2282 2107 2374 2153 xv,
2404 2088 2485 2156 6.]
2519 2107 2545 2135 «
2568 2084 2638 2139 Et
2664 2078 2952 2137 fenerabis
2982 2078 3182 2148 gentes
3206 2068 3441 2125 multas.
3481 2090 3506 2115 υ
3539 2068 3715 2161 Fene-

2075 2154 2357 2236 rationem
2385 2154 2687 2245 Scriptura
2717 2168 2854 2225 dicit
2904 2169 3106 2221 mutuo
3155 2161 3351 2216 datam
3385 2154 3717 2245 pecuniam,

2074 2267 2302 2326 etiamsi
2338 2242 2533 2321 usurae
2551 2278 2666 2316 non
2699 2257 3061 2330 accipiantur
3085 2268 3098 2307 :
3124 2249 3277 2305 unde
3298 2250 3387 2302 est
3406 2249 3463 2301 et
3492 2242 3634 2299 illud
3656 2243 3717 2298 in

2075 2348 2329 2423 Psalmo,
2380 2379 2407 2405 ‹‹
2442 2356 2655 2411 Beatus
2704 2350 2803 2420 qui
2856 2345 3169 2402 miseretur
3213 2342 3271 2395 et
3308 2335 3640 2393 commodat
3690 2356 3715 2382 ››

2076 2448 2243 2521 (Psal.
2291 2464 2403 2512 cx1,
2456 2446 2533 2511 5).
2580 2441 2697 2496 Hoc
2750 2437 2904 2494 enim
2967 2432 3303 2489 maluerunt
3351 2424 3718 2521 interprets-ri

2075 2513 2282 2601 nostri,
2317 2535 2414 2606 qui
2438 2528 2785 2589 sententiam
2813 2525 3004 2598 potius
3022 2536 3197 2606 quam
3222 2516 3398 2572 verba
3422 2513 3721 2606 sequenda

2074 2602 2463 2699 putaverunt:
2498 2636 2634 2676 nam
2666 2619 2725 2673 in
2759 2631 2940 2689 greco
2973 2611 3149 2666 habet
3167 2604 3417 2672 δανείζει,
3445 2602 3601 2672 quod
3632 2606 3721 2658 est

2075 2716 2335 2770 feneratu
2347 2731 2391 2767 r.

2146 2804 2252 2875 [1b.
2284 2803 2364 2873 6.]
2398 2824 2423 2851 ‹‹
2454 2801 2522 2856 Et
2553 2790 2971 2869 principaberis
3000 2785 3264 2860 gentium
3286 2780 3721 2875 multarum;tui

2074 2868 2271 2947 autem
2295 2868 2408 2945 non
2441 2868 2965 2961 principabuntur:
3007 2900 3025 2925 ι
3051 2882 3331 2944 tanquam
3364 2872 3601 2935 diceret,
3618 2868 3721 2924 tibi

2076 2997 2188 3035 non
2231 2959 2827 3039 dominabuntur,hoc
2854 2971 2943 3023 est
2975 2968 3177 3035 gentes
3202 2978 3213 3017 :
3240 2961 3530 3033 genitivus
3560 2959 3715 3013 enim

2076 3086 2247 3125 casus
2280 3073 2368 3123 est
2398 3062 2714 3136 singularis
2737 3059 2914 3127 hujus
2946 3052 3310 3125 pronominis
3341 3048 3583 3120 quodait
3613 3050 3714 3116 tui,

2074 3158 2244 3229 cujus
2277 3155 2506 3210 dativus
2538 3156 2627 3207 est
2656 3149 2802 3213 tibi;
2852 3162 2965 3200 non
2998 3140 3242 3214 pluralis
3293 3137 3714 3201 nominativus,

2073 3248 2244 3318 cujus
2273 3244 2587 3316 genitivus,
2618 3243 2706 3295 est
2738 3242 2992 3291 tuorum.

2144 3316 2249 3407 [11).
2283 3338 2362 3405 7.]
2397 3360 2423 3385 ‹‹
2458 3334 2516 3389 Si
2539 3335 2736 3387 autem
2769 3324 3016 3382 fueritin
3034 3327 3091 3378 te
3107 3336 3326 3391 egenus
3346 3318 3404 3372 in
3440 3316 3716 3372 fratribus

2072 3406 2191 3482 tuis
2216 3445 2267 3493 ;s
2290 3443 2401 3480 non
2419 3426 2514 3478 uni
2531 3417 2883 3483 bomini,sed
2902 3412 3116 3486 populo
3130 3408 3503 3472 dicitur,ideo
3517 3406 3575 3462 in
3591 3411 3664 3461 te.
3684 3428 3711 3453 η

2146 3518 2251 3589 [11).
2274 3519 2330 3583 7,
2361 3517 2439 3585 8.]
2473 3538 2500 3563 ‹‹
2533 3512 2591 3567 Si
2623 3515 2819 3565 autem
2851 3505 3025 3561 fuerit
3066 3502 3126 3556 in
3158 3504 3217 3555 te
3256 3513 3474 3570 egenus
3504 3496 3562 3550 in
3596 3495 3714 3550 fra-

2072 3608 2262 3662 tribus
2286 3604 2403 3660 tuis
2433 3604 2493 3657 in
2515 3619 2635 3657 una
2664 3598 2962 3654 civitatum
2989 3597 3246 3651 tuarum,
3270 3589 3328 3643 in
3362 3591 3519 3642 terra
3540 3600 3717 3657 quam

2078 3696 2360 3752 Dominus
2391 3694 2545 3749 Deus
2572 3696 2709 3745 tuus
2732 3689 2832 3742 dat
2852 3684 2978 3749 tibi,
3010 3699 3124 3737 non
3149 3682 3376 3735 avertes
3398 3693 3497 3732 cor
3526 3680 3718 3741 tuum,

2075 3802 2263 3857 neque
2282 3782 2648 3851 constringes
2668 3790 2909 3831 manum
2929 3777 3091 3827 tuam
3109 3786 3143 3824 a
3166 3769 3341 3823 fratre
3358 3771 3457 3821 tuo
3477 3768 3717 3857 egente

2075 3850 2343 3945 aperiens
2374 3850 2599 3941 aperias
2631 3879 2845 3919 manus
2875 3866 3008 3915 tuas
3037 3857 3112 3922 ei,
3148 3857 3315 3910 fenus
3346 3852 3637 3909 fenerabis
3669 3850 3720 3905 ei

2075 3937 2618 4034 quantumcumque
2650 3949 2926 4024 postulat,
2959 3950 3016 4034 et
3055 3947 3340 4034 quantum
3375 3944 3521 4011 eget.
3556 3960 3585 3987 »

2074 4024 2229 4104 certe
2266 4062 2399 4101 cum
2431 4024 2605 4113 opera
2636 4031 3047 4092 misericordiae
3097 4026 3411 4100 praecipiat,
3456 4041 3570 4080 non
3602 4024 3723 4078 uti-

2074 4153 2184 4208 que
2204 4147 2519 4189 usurarum
2542 4125 2856 4183 crudelitas
2883 4118 3259 4191 suscipienda
3280 4120 3365 4172 est
3396 4133 3408 4171 :
3440 4114 3595 4169 unde
3616 4129 3718 4185 ap-

2076 4203 2239 4298 paret
2266 4221 2419 4294 quod
2451 4220 2553 4284 ait,
2589 4239 2615 4264 ‹‹
2648 4216 2817 4270 fenus
2849 4208 3137 4267 fenerabis
3167 4206 3242 4270 ei,
3277 4226 3304 4255 »
3338 4209 3541 4260 mutuo
3572 4203 3717 4257 dan-

2074 4293 2215 4370 dum
2248 4293 2401 4383 quod
2438 4305 2777 4381 postularet,
2822 4299 3070 4372 intelligi
3101 4295 3376 4352 voluisse.
3420 4293 3580 4383 Quod
3613 4308 3716 4383 au-

2073 4409 2189 4459 tem
2224 4380 2321 4470 ait,
2356 4423 2381 4448 ‹‹
2419 4380 2686 4468 aperiens
2717 4390 2942 4464 aperies
2991 4403 3203 4443 manus
3234 4388 3387 4452 tuas,
3425 4405 3446 4432 ι
3483 4380 3597 4436 tale
3626 4382 3717 4436 est

2074 4496 2130 4546 et
2160 4466 2318 4561 quod
2347 4466 2633 4555 sequitur,
2668 4503 2693 4530 «
2723 4481 2890 4534 fenus
2913 4473 3220 4540 fenerabis,
3255 4493 3283 4520 ››
3307 4469 3523 4525 usitata
3551 4466 3717 4522 locu-

2074 4579 2153 4634 tio
2184 4581 2273 4632 est
2303 4576 2361 4629 in
2394 4568 2709 4642 Scripturis
2743 4564 2981 4621 sanctis.

2148 4668 2254 4737 [1b.
2281 4665 2391 4736 17.]
2422 4666 2563 4717 Cum
2596 4660 2666 4714 de
2700 4673 2837 4711 aure
2868 4648 3269 4725 pertundenda
3319 4644 3467 4737 servi
3498 4659 3716 4737 praece-

2077 4732 2280 4830 pisset,
2313 4778 2340 4804 ‹‹
2375 4732 2445 4809 lit
2474 4748 2772 4814 ancillam,
2806 4768 2833 4794 ››
2867 4740 3081 4812 inquit,
3110 4761 3129 4787 ιι
3160 4741 3322 4792 tuam
3354 4732 3528 4789 facies
3560 4732 3718 4789 simi-

2078 4822 2301 4903 literzin
2340 4839 2737 4899 accusativum
2790 4851 2888 4904 pro
2935 4829 3127 4885 dativo
3167 4842 3431 4898 ponens;
3467 4840 3583 4880 non
3616 4822 3719 4891 ait,

2078 4934 2304 4992 ancillae
2330 4937 2445 4986 tute
2477 4926 2673 4991 facies,
2708 4921 2863 4995 quod
2895 4915 3203 4975 locutionis
3234 4917 3443 4971 nostrae
3473 4928 3717 4969 consue-

2078 5024 2221 5080 tudo
2251 5019 2542 5093 poscebat.

2152 5091 2264 5183 [1b.
2288 5112 2376 5164 21.
2412 5107 2426 5181 ]
2468 5132 2485 5155 ι
2522 5105 2577 5160 Si
2602 5107 2796 5159 autem
2822 5099 2996 5155 fuerit
3022 5096 3080 5151 in
3105 5113 3170 5151 eo
3194 5093 3420 5183 vitium,
3444 5091 3718 5183 claudum

2082 5177 2184 5256 aut
2208 5177 2447 5260 caecum,
2508 5192 2593 5248 vel
2645 5205 2816 5245 omne
2847 5187 3050 5242 vitium
3102 5182 3366 5238 malum:
3407 5202 3431 5228 ››
3480 5195 3595 5233 non
3619 5177 3720 5247 ait,

2082 5285 2428 5347 claudicatio
2462 5288 2561 5338 aut
2590 5280 2838 5344 caecitas,
2880 5277 3007 5347 ipsa
3038 5274 3194 5329 enim
3243 5273 3383 5326 sunt
3412 5266 3588 5332 vitia;
3620 5267 3722 5321 sed

2091 5403 2110 5429 α
2130 5378 2398 5434 claudum
2412 5418 2424 5443 ,
2438 5398 2457 5422 ι
2478 5378 2854 5437 etucrecum,»
2871 5366 3020 5437 quod
3037 5367 3175 5421 sunt
3190 5378 3300 5417 non
3316 5358 3456 5415 vitia
3471 5357 3592 5424 ;sed
3606 5355 3726 5411 ani-

2088 5466 2266 5523 malia
2300 5482 2426 5536 quae
2454 5462 2672 5517 habent
2697 5457 2855 5517 vitia.
2882 5456 2995 5511 Hoc
3027 5467 3259 5525 quoque
3291 5446 3610 5504 notandum
3640 5452 3729 5536 est

2088 5556 2241 5628 quod
2264 5534 2364 5622 ait,
2403 5575 2430 5603 «
2459 5551 2667 5607 vitium
2720 5547 2960 5614 malum,
2998 5567 3023 5591 η
3070 5540 3235 5613 quasi
3266 5541 3461 5610 posset
3486 5552 3613 5591 esse
3644 5534 3729 5590 vi-

2090 5647 2236 5700 tium
2266 5645 2505 5700 bonum.

2162 5736 2277 5807 [1b.
2308 5751 2424 5802 xvr,
2461 5733 2538 5803 4.]
2572 5752 2598 5779 ‹‹
2651 5729 2721 5783 Et
2766 5743 2878 5783 non
2929 5720 3177 5777 dormiet
3224 5718 3295 5772 de
3338 5713 3635 5779 carnibus,
3668 5710 3737 5765 de
