3954 6178
374 179 489 239 535

376 310 591 383 quibus
619 309 1063 367 immolaveritis
1106 324 1342 379 vespere
1389 307 1480 362 die
1522 307 1709 377 primo
1742 322 1928 377 usque
1960 306 2015 358 in

377 416 548 457 mane
576 417 589 455 :
624 423 652 449 »
686 416 788 473 pro
819 416 884 455 eo
909 401 1060 471 quod
1094 405 1205 465 est,
1239 416 1350 453 non
1380 397 1705 452 remanebit
1734 413 1800 452 ea
1830 402 2018 465 nocte,

377 514 405 541 «
439 508 555 547 non
588 489 838 547 dormiet
870 513 889 539 ι
926 491 1145 545 dictum
1177 494 1283 545 est.

449 580 550 652 [1b.
583 598 718 648 xvn,
754 581 831 649 1.]
865 603 891 629 «
916 580 1040 635 Non
1072 581 1275 635 offeres
1304 577 1542 633 Domino
1569 578 1681 632 Deo
1728 582 1827 632 tuo
1856 574 2021 630 'vitu-

376 669 497 724 lum
530 668 617 724 vel
650 686 835 734 ovem,
867 668 924 723 in
959 685 1073 738 quo
1106 673 1193 723 est
1224 668 1281 722 in
1313 667 1442 738 ipso
1473 666 1677 721 vitium
1707 685 1719 722 :
1756 690 1782 714 ››
1807 665 2024 720 usitata

376 757 592 813 locutio
621 762 793 821 esset,
834 781 852 805 ιι
889 758 946 811 in
981 773 1095 827 quo
1126 761 1215 812 est
1258 755 1459 811 vitium
1488 773 1500 822 ;
1538 776 1565 804 ››
1599 756 1699 811 sed
1732 755 1843 809 ista
1872 753 2023 809 Scri-

381 847 569 919 pturis
601 850 688 901 est
707 845 993 900 usitatior.

454 935 559 1004 [1b.
592 934 645 987 ὗ.
682 933 697 1003 ]
731 956 757 982 ‹‹
793 933 861 987 Et
893 932 1182 1004 lapidabis
1225 948 1324 988 eos
1356 933 1413 986 in
1464 932 1780 1004 lapidibus,
1814 935 1872 986 et
1905 948 2024 985 mo-

382 1023 640 1078 rientur:
678 1044 705 1070 »
740 1023 894 1092 quod
926 1038 995 1076 ex
1025 1028 1227 1076 nostra
1262 1020 1685 1076 consuetudine
1718 1021 2024 1085 diceretur,

382 1111 702 1183 lapidibus,
734 1128 849 1165 non
884 1134 910 1162 «
944 1112 1003 1166 in
1035 1110 1349 1182 lapidibus.
1388 1133 1417 1161 ιο

457 1200 562 1273 [lb.
599 1201 708 1271 16.]
741 1224 768 1251 «
801 1200 926 1255 Non
971 1199 1384 1271 multiplicabit
1431 1199 1543 1254 sibi
1576 1214 1827 1270 equum:
1867 1221 1893 1247 ››
1927 1215 2027 1269 pro

385 1290 556 1362 equis
581 1290 671 1345 vel
696 1307 797 1362 pro
819 1290 1147 1362 equitatu,«
1170 1306 1387 1360 equum
1410 1310 1436 1338 ιι
1454 1289 1647 1360 posuit
1671 1306 1684 1355 ;
1708 1289 1858 1343 unde
1885 1303 2027 1342 non-

386 1378 534 1436 nulli
565 1379 894 1451 equitatum
932 1403 951 1428 ιι
979 1378 1342 1450 interpretati
1374 1385 1532 1434 sunt.

462 1469 569 1540 [1b.
604 1469 716 1539 15.]
751 1490 779 1519 «
808 1467 931 1523 Non
982 1468 1197 1539 poteris
1245 1468 1599 1523 constituere
1637 1462 1819 1537 super
1846 1470 1899 1520 te
1931 1465 2029 1520 ho-

393 1557 612 1612 minem
644 1555 922 1623 alienum,
958 1556 1095 1628 quia
1118 1572 1232 1611 non
1259 1564 1345 1610 est
1374 1556 1553 1611 frater
1573 1559 1711 1609 tuus
1735 1570 1747 1607 :
1788 1554 1911 1609 Non
1939 1569 2035 1625 po-

392 1647 555 1713 teris,
589 1669 616 1696 ‹‹
660 1646 884 1701 dictum
916 1650 1005 1701 est
1036 1662 1159 1717 pro,
1194 1662 1308 1700 non
1345 1644 1608 1700 debebis.

465 1735 564 1801 [[b.
600 1751 760 1796 xvm,
796 1735 906 1803 16.]
942 1755 969 1783 «
998 1734 1329 1788 Secundum
1360 1734 1559 1788 omnia
1588 1749 1713 1801 quae
1752 1730 1969 1803 petiisti
2002 1746 2035 1784 a

388 1822 635 1879 Domino
672 1822 781 1877 Deo
802 1825 903 1876 tuo
935 1821 993 1877 in
1028 1822 1234 1891 Horeb,
1258 1821 1317 1876 in
1348 1822 1440 1877 die
1472 1820 1921 1887 convocationis,
1946 1817 2031 1872 di-

391 1917 625 1970 centes:
660 1932 687 1963 »
724 1928 857 1966 cum
891 1910 1101 1965 dixerit
1130 1911 1402 1983 superius
1424 1934 1443 1959 α
1473 1910 1691 1983 petiisti
1721 1909 2032 1964 dicentes»

390 2001 664 2071 subjecit,
698 2016 835 2067 non,
869 2000 1091 2055 dicens.

464 2092 572 2163 [1b.
604 2108 697 2159 xx,
733 2091 809 2161 4.]
848 2113 868 2138 ι
903 2090 1188 2154 Quoniam
1220 2090 1507 2145 Dominus
1529 2093 1679 2144 Deus
1710 2086 2034 2159 noster,qui

389 2179 667 2254 praecedit
694 2180 995 2235 vobiscum
1021 2195 1033 2234 :
1065 2200 1094 2229 ››
1126 2196 1243 2234 non
1275 2179 1419 2233 dixit
1448 2195 1570 2233 vos.

464 2268 571 2341 [1b.
602 2284 739 2333 xxu,
770 2268 850 2338 6.]
901 2290 928 2316 «
963 2267 1023 2323 Si
1073 2267 1397 2323 occurreris
1446 2267 1583 2323 nido
1614 2266 1734 2322 avis
1786 2265 2035 2341 antefe-

394 2357 542 2414 ciem
571 2360 734 2412 tuam
766 2355 825 2409 in
856 2355 969 2411 via.
1008 2379 1028 2405 ι
1066 2356 1399 2413 Notandum
1419 2356 1574 2428 quod
1612 2378 1632 2405 α
1668 2354 2036 2411 occurreris»

394 2445 539 2502 dixit
568 2444 747 2500 etiam
778 2459 892 2500 non
924 2444 1271 2499 ambulanti.

467 2535 572 2607 [1b.
604 2535 685 2605 8.]
717 2557 745 2585 ‹‹
777 2533 836 2589 Si
868 2537 1062 2589 autem
1103 2534 1480 2590 aedificaveris
1531 2535 1770 2590 domum
1804 2549 2035 2602 novam,

392 2624 573 2681 facies
648 2639 923 2679 coronam
1011 2622 1222 2678 solario
1293 2628 1395 2679 tuo
1451 2668 1465 2694 ,
1526 2628 1583 2678 et
1667 2638 1783 2677 non
1864 2620 2038 2676 facies

389 2711 772 2770 homicidium
831 2711 889 2766 in
949 2711 1119 2766 domo
1175 2716 1323 2781 tua,
1383 2712 1431 2766 si
1481 2711 1650 2766 cadat
1707 2710 1808 2783 qui
1865 2708 2036 2765 ceci-

394 2804 481 2859 dit
512 2802 582 2858 ab
616 2817 682 2857 eo
712 2817 724 2857 :
760 2823 789 2850 »
821 2800 879 2855 id
911 2806 1017 2867 est,
1053 2818 1086 2856 a
1117 2800 1327 2857 solario
1359 2801 1525 2857 cadat
1547 2801 1645 2872 qui
1674 2798 1915 2865 cecidit;
1951 2798 2036 2852 ni-

397 2892 511 2947 mis
542 2889 825 2945 inusitata
855 2887 1072 2943 locutio
1098 2894 1205 2944 est.

471 2981 577 3055 [1b.
604 2996 756 3047 xxxv,
788 2984 825 3033 2
852 2982 900 3034 et
930 2978 1007 3049 3.]
1038 3002 1065 3029 «
1100 2980 1165 3034 Et
1197 2979 1400 3034 abiens
1426 2979 1598 3035 fuerit
1628 2979 1749 3034 viro
1778 2975 2039 3041 alteri,et

400 3069 586 3126 oderit
614 3084 741 3123 eam
771 3067 859 3122 vir
892 3067 1266 3123 novissimus.
1300 3089 1329 3118 ››
1356 3068 1685 3123 Notandum
1711 3084 1777 3121 ex
1808 3065 2037 3120 duobus

397 3157 779 3231 posteriorem
805 3156 1190 3212 novissimum
1215 3156 1325 3211 dici
1353 3156 1518 3211 :talis
1546 3156 1758 3211 locutio
1785 3160 1873 3211 est
1893 3159 1948 3209 et
1977 3153 2035 3206 in

401 3245 971 3320 Evangelio,quando
994 3246 1274 3317 quaeritur
1289 3262 1356 3300 ex
1373 3247 1604 3301 duobus
1617 3245 1892 3300 fratribus
1906 3245 2040 3315 quis

398 3353 598 3393 eorum
635 3335 831 3391 fecerit
888 3332 1239 3389 voluntatem
1302 3334 1503 3406 patris,
1547 3338 1603 3389 et
1658 3335 2042 3405 respondetur

399 3448 428 3475 ‹‹
462 3424 839 3493 novissimus,
876 3446 901 3470 ››
936 3439 1068 3477 cum
1115 3425 1227 3478 duo
1263 3422 1477 3479 fuerint
1525 3423 1746 3491 (Matth.
1780 3441 1895 3492 xxx,
1928 3425 2034 3494 31).

464 3524 569 3595 [1b.
601 3523 681 3592 6.]
714 3544 739 3571 ‹‹
779 3527 897 3577 Non
922 3520 1257 3591 pignerabis
1284 3520 1520 3590 molam,
1557 3538 1745 3593 neque
1776 3524 2039 3593 superio-

393 3628 516 3669 rem
550 3611 806 3681 lapidem
842 3609 1029 3677 molas,
1064 3610 1203 3681 quia
1232 3609 1489 3664 animam
1534 3609 1645 3665 iste
1675 3610 1975 3681 pignerat:
2014 3635 2039 3660 ››

394 3718 499 3773 pro
529 3717 595 3756 eo
627 3701 784 3770 quod
817 3703 927 3763 est,
962 3698 1098 3767 quia
1128 3698 1385 3753 animam
1418 3698 1710 3770 pigneras,
1736 3700 1783 3753 si
1816 3699 2039 3755 feceris.

394 3788 614 3846 Deinde
654 3788 977 3843 notandum
1036 3788 1295 3841 animam
1354 3787 1589 3856 dixisse,
1654 3805 1756 3860 pro
1804 3805 1869 3843 ea
1928 3790 2045 3844 vita

392 3894 571 3950 quam
604 3877 780 3932 habet
812 3876 1009 3931 anima
1032 3875 1089 3932 in
1123 3892 1361 3947 corpore
1389 3892 1399 3929 :
1435 3893 1503 3932 ex
1531 3893 1646 3948 qua
1677 3877 1968 3934 locutione
1990 3884 2044 3932 et

389 3966 537 4023 illud
582 3971 673 4022 est
718 3966 776 4020 in
835 3965 1168 4037 Evangelio,
1223 3988 1250 4015 «
1284 3965 1486 4021 Nonne
1543 3966 1739 4023 anima
1798 3966 1929 4038 plus
1959 3972 2048 4023 est

391 4073 565 4128 quam
599 4072 733 4111 esca
763 4055 973 4123 (Matth.
1008 4072 1086 4123 vx,
1120 4056 1258 4125 25)?

464 4145 570 4214 [1b.
600 4147 681 4213 7.]
716 4164 745 4193 ‹‹
776 4144 835 4198 Si
868 4150 1063 4198 autem
1119 4145 1591 4215 deprehendatur
1639 4146 1811 4201 homo
1846 4147 2046 4201 furans

400 4234 661 4286 animam
694 4246 761 4283 ex
807 4230 1084 4284 fratribus
1117 4230 1241 4284 suis
1292 4231 1427 4286 ﬁliis
1460 4231 1637 4287 Israel
1665 4249 1676 4286 :
1712 4254 1739 4281 »
1790 4231 2045 4287 animam

398 4337 502 4392 pro
534 4317 773 4373 homine
804 4318 1019 4389 posuit.
1072 4318 1335 4390 Denique
1382 4321 1664 4389 sequitur,
1712 4342 1732 4369 «ι
1766 4327 1821 4377 et
1851 4322 2048 4393 oppri-

400 4424 567 4463 mens
601 4422 734 4462 eum
782 4406 1145 4473 vendiderit;
1182 4412 1213 4455 »’
1241 4424 1367 4478 quae
1418 4425 1531 4463 non
1565 4409 1762 4464 minus
1795 4411 2051 4465 notanda

401 4501 490 4554 est
520 4493 773 4551 locutio:
830 4494 1013 4549 noluit
1061 4495 1217 4549 enim
1252 4495 1464 4560 dicere,
1514 4512 1664 4561 eam,
1709 4499 1862 4567 quod
1894 4503 2051 4553 esset

404 4583 595 4655 magis
629 4598 1014 4654 consequens,
1049 4583 1327 4652 quoniam
1369 4584 1624 4638 animam
1655 4584 1912 4651 dixerat;
1948 4587 2046 4639 sed

405 4696 434 4723 ‹‹
467 4689 625 4741 eum,
660 4693 687 4720 »
718 4670 775 4725 id
809 4676 898 4726 est
945 4670 1266 4737 hominem,
1312 4672 1369 4725 in
1426 4674 1594 4743 cuius
1626 4672 2050 4744 significatione

406 4761 632 4817 dixerat
661 4760 940 4816 animam.

481 4849 589 4919 [1b.
628 4850 738 4919 10.]
773 4871 798 4899 ‹‹
834 4850 891 4904 Si
923 4849 1185 4905 debitum
1223 4850 1396 4905 fuerit
1427 4851 1484 4904 in
1531 4852 1793 4921 proximo
1826 4856 1923 4906 tuo
1955 4855 2052 4908 de~

408 4937 596 4993 bitum
631 4939 1083 5008 quodcumque:
1130 4961 1155 4986 ››
1194 4940 1457 5010 repetitio
1506 4940 1665 4994 verbi
1699 4940 2049 4995 locutionem

410 5025 727 5080 notandam
762 5024 915 5080 facit.

483 5115 591 5185 [lb.
624 5130 751 5179 xxv,
782 5115 862 5182 7.]
896 5137 923 5163 ‹‹
956 5114 1015 5169 Si
1048 5119 1241 5170 autem
1295 5115 1545 5172 noluerit
1593 5116 1763 5173 homo
1796 5116 2055 5188 accipere

414 5219 654 5259 uxorem
686 5201 880 5256 fratris
912 5203 1021 5268 sui,
1056 5210 1113 5259 et
1144 5206 1417 5259 ascendet
1457 5206 1667 5260 mulier
1694 5207 1751 5261 in
1787 5213 1952 5277 porta
1985 5208 2050 5261 ad

397 5296 683 5364 senatum
720 5295 777 5344 et
798 5290 968 5355 dicet,
1003 5291 1124 5347 Non
1150 5293 1272 5345 vult
1302 5295 1479 5348 frater
1500 5294 1605 5347 viri
1632 5295 1741 5349 mei
1776 5296 2057 5350 suscitare

415 5395 629 5436 nomen
664 5378 861 5434 fratris
891 5379 981 5433 sui
1016 5380 1071 5433 in
1098 5379 1293 5446 Israel,
1324 5380 1510 5436 noluit
1534 5383 1710 5437 frater
1730 5383 1830 5437 viri
1868 5385 2001 5439 mei.
2028 5406 2055 5433 η

417 5469 692 5534 Quamvis
747 5468 1052 5523 verborum
1114 5469 1482 5540 repetitiones
1538 5477 1694 5525 amet
1738 5473 2056 5543 Scriptura,

417 5557 758 5613 inusitatior
785 5563 875 5611 est
905 5562 1097 5613 tamen
1123 5559 1387 5627 repetitio
1419 5558 1539 5614 haec
1564 5577 1575 5614 :
1607 5563 1705 5615 sed
1733 5560 2058 5632 elegantius

423 5645 674 5719 querelae
705 5651 960 5700 ostentat
988 5649 1279 5701 atrocium.

496 5733 600 5803 [1b.
634 5746 805 5806 xxvu,
837 5736 948 5802 21.]
987 5758 1007 5785 α
1044 5735 1381 5793 Maledictus
1403 5738 1595 5795 omnis
1627 5740 1726 5811 qui
1759 5739 2062 5801 dormierit

1115 174 1624 238 LOCUTIONUM
1670 178 1734 236 S.
1786 172 2212 235 AUGUSTINI
2258 174 2336 233 ΙΝ
2384 176 3028 239 HEPTATEUCHUM

3612 185 3709 246 536

2132 321 2263 359 cum
2297 308 2452 361 omni
2505 324 2741 378 pecore:
2796 326 2898 379 pro
2929 326 2994 363 eo
3028 310 3182 380 quod
3235 315 3337 378 est,
3365 315 3713 370 concubuerit.

2132 394 2348 450 Deinde
2370 416 2396 446 «
2429 413 2561 451 cum
2595 396 2754 451 omni
2785 414 3011 469 pecore,
3047 422 3076 448 υ
3111 416 3212 470 pro
3245 416 3307 455 eo
3334 402 3477 471 quod
3506 408 3716 470 est,cum

2132 483 2390 554 quolibet
2428 501 2653 555 pecore.

2196 572 2303 643 [1b.
2333 590 2531 641 xxvm,
2567 575 2676 645 148.]
2714 597 2740 624 ‹‹
2791 577 2853 630 Et
2903 576 3120 632 servies
3167 576 3413 633 inimicis
3441 579 3569 645 tuis,
3600 597 3720 651 quos

2126 661 2407 717 immittet
2430 663 2709 718 Dominus
2734 665 2882 720 Deus
2902 668 3040 719 tuus
3054 670 3319 736 superte.
3344 667 3557 722 Grazcus
3578 668 3721 723 habet

2128 748 2462 825 λατρεύσεις,
2494 754 2593 807 ubi
2625 753 2845 809 latinus
2873 755 3292 826 interpretatus
3321 761 3424 824 est,
3448 779 3473 805 «
3505 758 3721 815 servies:

2129 840 2274 895 solet
2296 845 2486 895 autem
2523 841 2629 895 hoc
2662 843 2899 896 verbum
2932 842 2990 897 in
3015 860 3081 897 ea
3106 844 3318 898 virtute
3347 844 3623 915 Scriptura
3642 862 3719 916 po-

2130 945 2420 1001 nere,quas
2444 930 2685 985 debetur
2700 931 2815 986 Deo
2838 949 2851 998 ;
2873 933 3026 986 unde
3044 931 3359 987 idololatrze
3377 932 3718 1003 appellantur,

2131 1018 2229 1088 qui
2262 1034 2328 1072 ea
2358 1019 2636 1074 servitute
2666 1019 2838 1074 idolis
2870 1019 3164 1093 serviunt:
3199 1036 3336 1091 ergo
3365 1021 3455 1075 hic
3485 1021 3727 1077 inusitate

2134 1106 2390 1177 positum
2420 1112 2506 1163 est
2538 1108 2646 1162 hoc
2690 1109 2947 1164 verbum.
2981 1112 3326 1181 Quanquam
3361 1110 3536 1181 possit
3577 1112 3728 1167 etiam

2134 1195 2289 1250 hunc
2319 1213 2561 1251 sensum
2592 1197 2826 1264 habere,
2861 1200 3014 1268 quod
3045 1204 3164 1253 tam
3196 1200 3445 1271 graviter
3472 1199 3637 1255 multa
3661 1202 3732 1256 di-

2133 1285 2301 1353 xerit,
2339 1291 2400 1339 ut
2427 1285 2683 1341 inimicis
2710 1287 2835 1342 suis
2868 1287 3115 1342 nimium
3139 1288 3601 1360 superbientibus
3625 1293 3734 1345 tan-

2136 1390 2311 1446 quam
2342 1373 2450 1430 diis
2481 1376 2729 1431 servisse
2762 1380 3067 1447 cogantur.

2206 1464 2313 1534 [1b.
2347 1464 2459 1535 49.]
2488 1487 2513 1512 ››
2536 1464 2779 1520 Gentem
2803 1467 2974 1535 cujus
2997 1483 3111 1520 non
3132 1466 3336 1522 audies
3353 1482 3541 1521 vocem
3558 1468 3671 1537 ejus
3687 1485 3698 1521 :
3714 1491 3736 1518 ιι

2137 1556 2195 1607 et
2226 1552 2335 1608 hoc
2377 1554 2701 1608 notandum
2752 1558 2861 1619 est,
2908 1555 3063 1625 quod
3096 1560 3153 1610 et
3215 1575 3237 1603 ι
3271 1556 3441 1626 cujus
3470 1578 3496 1603 »
3527 1555 3672 1622 dixit,
3698 1561 3745 1611 et

2138 1663 2166 1691 «
2199 1641 2347 1711 ejus,
2382 1663 2410 1691 »
2440 1641 2590 1697 sicut
2617 1642 2776 1714 loqui
2808 1644 3114 1715 Scriptura;
3157 1644 3389 1711 solent;
3422 1650 3478 1698 et
3527 1644 3581 1698 in
3610 1646 3741 1715 quod

2138 1729 2240 1797 ait,
2275 1752 2301 1780 «
2336 1731 2504 1800 cujus
2535 1748 2649 1787 non
2681 1733 2884 1788 audies
2924 1749 3147 1800 vocem,
3181 1756 3208 1782 ››
3240 1750 3346 1805 pro
3391 1750 3457 1789 eo
3486 1735 3627 1805 quod
3654 1738 3743 1801 est,

2140 1819 2308 1889 cujus
2339 1818 2602 1890 linguam
2636 1836 2749 1875 non
2778 1820 3090 1893 intelliges.

2213 1907 2313 1977 [1b.
2345 1908 2415 1961 54
2444 1915 2492 1963 et
2520 1910 2634 1979 55.]
2665 1931 2691 1959 α
2722 1909 2991 1965 Mollisin
3024 1916 3076 1965 te
3108 1915 3164 1966 et
3185 1914 3386 1966 tenera
3415 1910 3574 1967 valde
3604 1912 3746 1967 fasci-

2141 1994 2304 2051 nabit
2320 1995 2483 2052 oculo
2507 2014 2613 2053 suo
2635 1997 2873 2054 fratrem
2896 2014 3089 2059 suum.
3116 2002 3173 2054 et
3195 2015 3435 2054 uxorem
3460 2016 3582 2072 quas
3604 2004 3683 2054 est
3701 2000 3748 2055 in

2142 2082 2274 2140 sinu
2308 2086 2453 2155 ejus,
2482 2091 2538 2141 et
2558 2088 2657 2155 qui
2680 2087 2896 2158 reliqui
2922 2092 3060 2144 sunt
3080 2087 3186 2142 filii
3208 2088 3565 2160 quicumque
3594 2088 3752 2144 relicti

2143 2172 2360 2229 fuerint
2390 2173 2474 2228 illi
2500 2200 2513 2241 ;
2538 2175 2620 2231 ita
2642 2180 2706 2231 ut
2726 2177 2824 2232 det
2845 2176 2946 2231 uni
2968 2192 3036 2232 ex
3058 2177 3141 2233 eis
3167 2194 3199 2232 a
3223 2178 3504 2233 carnibus
3534 2177 3753 2233 filiorum

2142 2278 2383 2318 suorum
2408 2264 2479 2319 de
2499 2264 2971 2338 quibuscumque
2993 2266 3216 2337 edet,eo
3239 2266 3391 2336 quod
3418 2282 3531 2321 non
3553 2264 3757 2322 derelic-

2142 2354 2268 2405 tum
2292 2350 2371 2405 sit
2389 2352 2439 2406 ei
2463 2352 2784 2424 quidquam
2811 2353 2870 2409 in
2893 2348 3165 2427 angustia
3185 2360 3243 2410 et
3258 2354 3649 2425 tribulatione,
3663 2370 3760 2425 qua

2142 2439 2511 2495 tribulabunt
2538 2445 2592 2496 te
2640 2441 2862 2498 inimici
2911 2444 2997 2498 tui
3046 2443 3105 2498 in
3148 2444 3429 2499 omnibus
3460 2443 3761 2499 civitatibus

2145 2527 2282 2583 tuis.
2310 2550 2339 2577 ››
2364 2528 2698 2585 Notandum
2720 2537 2806 2585 est
2828 2532 3328 2601 quemadmodum
3355 2532 3450 2587 hic
3471 2532 3679 2587 dictum
3700 2532 3764 2586 sit

2146 2639 2174 2667 «
2208 2617 2571 2684 fascinabit,n
2596 2635 2696 2689 pro
2720 2620 2873 2675 invid
2889 2621 3090 2691 ebit,et
3110 2627 3394 2693 tanquam
3417 2622 3491 2676 ab
3512 2621 3614 2676 hoc
3630 2621 3763 2675 dere-

2143 2705 2372 2771 licto,ut
2403 2723 2637 2763 necesse
2655 2707 2731 2763 sit
2750 2708 2953 2765 eidare
2976 2710 3046 2765 de
3060 2710 3340 2765 carnibus
3360 2709 3625 2775 filiorum,
3639 2724 3763 2780 quas

2144 2796 2299 2868 cogit
2321 2797 2635 2851 necessitas
2660 2797 2716 2852 in
2742 2798 2939 2853 cibum
2962 2800 3114 2854 sumi
3140 2817 3173 2854 a
3195 2799 3700 2871 parentibus.Nam
3718 2801 3763 2852 et

2141 2885 2469 2939 Proverbiis
2489 2885 2644 2955 quod
2663 2884 2827 2940 latini
2846 2887 3073 2943 codices
3090 2888 3327 2957 habent,
3349 2911 3377 2937 ‹‹
3392 2888 3519 2943 Non
3534 2885 3762 2942 cmnabis

2142 2988 2273 3027 cum
2297 2973 2417 3028 viro
2437 2973 2630 3028 invido
2657 2998 2682 3022 ››
2699 2976 2880 3045 (Prov.
2899 2993 3059 3046 χχιιι,
3076 2978 3127 3045 6)
3144 2994 3159 3045 ;
3175 2992 3401 3049 graecus
3422 2976 3614 3044 habet,
3630 2970 3760 3046 ἀνδρὶ

2145 3060 2413 3136 βασκάνῳ·
2452 3062 2711 3136 βάσκανος
2737 3070 2932 3120 autem
2966 3066 3225 3121 fascinus
3252 3066 3491 3121 dicitur.

2213 3162 2319 3233 [1b.
2352 3162 2469 3232 63.]
2503 3184 2524 3210 ι
2550 3162 2617 3216 Et
2636 3163 2745 3217 erit
2770 3165 2920 3218 sicut
2940 3164 3171 3219 laetatus
3192 3168 3282 3219 est
3303 3163 3588 3219 Dominus
3610 3161 3662 3216 in
3682 3176 3761 3214 vo-

2144 3251 2255 3321 bis,
2280 3252 2618 3307 benefacere
2645 3255 2809 3309 vobis
2842 3276 2869 3305 »
2903 3254 3136 3310 Graecus
3163 3254 3361 3320 habet,
3397 3276 3426 3304 ‹‹
3455 3251 3765 3309 benefacere

2141 3358 2266 3409 vos,
2292 3365 2311 3389 ρ
2337 3358 2440 3397 nec
2461 3342 2691 3396 videtur
2711 3359 2837 3398 esse
2851 3342 3054 3399 saltem
3078 3359 3265 3416 graeca
3283 3343 3502 3399 locutio
3529 3360 3540 3397 :
3564 3356 3768 3395 accusa-

2142 3431 2296 3486 tivus
2319 3436 2515 3486 tamen
2533 3448 2635 3503 pro
2648 3432 2837 3487 dativo
2860 3432 3090 3504 positus
3109 3432 3491 3504 intelligitur;
3511 3430 3654 3485 unde
3671 3444 3769 3483 ma-

2145 3519 2381 3576 luerunt
2408 3520 2570 3574 latini
2591 3520 2935 3591 interpretes
2959 3520 3149 3576 dicere
3171 3544 3198 3571 ‹‹
3218 3521 3411 3588 vobis,
3438 3544 3457 3567 ιι
3477 3535 3646 3591 quam
3667 3532 3768 3571 vos.

2222 3612 2327 3683 (Ib.
2361 3628 2514 3677 xxix,
2547 3612 2623 3681 2.]
2651 3634 2679 3661 «
2704 3612 2818 3667 Vos
2841 3612 3035 3668 vidisti
3066 3613 3263 3667 omnia
3286 3629 3319 3683 q
3336 3630 3421 3667 uae
3447 3611 3582 3667 fecit
3604 3606 3770 3665 Domi-

2149 3716 2260 3754 nus
2285 3699 2437 3753 Deus
2463 3703 2650 3753 vester
2670 3699 2729 3752 in
2759 3704 2914 3755 terra
2934 3699 3183 3771 Egypti,
3207 3715 3407 3753 coram
3442 3698 3622 3754 vobis.
3647 3696 3771 3750 Pha-

2150 3788 2312 3843 raoni
2338 3792 2394 3842 et
2410 3788 2594 3842 servis
2610 3788 2737 3859 ejus
2754 3788 3029 3843 omnibus
3045 3794 3104 3843 et
3125 3789 3283 3843 omni
3303 3792 3476 3843 terras
3499 3786 3773 3848 illius,ten-

2149 3876 2401 3931 tationes
2436 3892 2699 3947 magnas,
2733 3893 2881 3948 quas
2902 3876 3171 3931 viderunt
3199 3874 3356 3931 oculi
3380 3876 3467 3930 tui
3496 3891 3507 3930 :
3545 3896 3573 3923 »
3602 3879 3773 3928 notan-

2150 3965 2291 4019 dum
2320 3963 2453 4019 illas
2484 3964 2685 4035 plagas
2714 3966 2890 4020 etiam
2923 3989 2950 4015 «
2983 3965 3339 4020 tentationes
3377 3987 3406 4014 ››
3444 3961 3652 4019 vocari.

2222 4054 2326 4127 [1b.
2363 4071 2495 4120 xxx,
2528 4054 2607 4123 4.]
2638 4077 2664 4103 ‹‹
2699 4054 2759 4109 Si
2811 4055 2985 4109 fuerit
3033 4053 3322 4126 dispersio
3374 4059 3479 4109 tua
3508 4070 3542 4107 a
3571 4066 3776 4107 summo

2152 4145 2275 4198 caeli
2311 4160 2493 4212 usque
2523 4145 2590 4198 ad
2628 4160 2929 4198 summum
2975 4143 3125 4207 coeli,
3157 4143 3293 4197 inde
3343 4139 3711 4213 congregabit
3734 4145 3777 4191 te

2153 4237 2436 4292 Dominus
2471 4237 2624 4292 Deus
2647 4240 2802 4291 tuus.
2839 4258 2865 4285 ››
2901 4236 3111 4291 Mirum
3144 4236 3192 4290 si
3226 4252 3342 4291 non
3378 4236 3488 4290 hoc
3519 4233 3671 4297 dicit.
3706 4258 3723 4280 ι
3752 4247 3777 4284 a

2153 4342 2386 4382 summo
2418 4324 2544 4379 coeli
2578 4341 2765 4395 usque
2797 4326 2865 4380 ad
2899 4341 3201 4380 summum
3224 4324 3372 4392 cmli,
3410 4344 3440 4373 »
3475 4324 3625 4395 quod
3654 4318 3778 4376 solet

2154 4414 2330 4467 etiam
2365 4413 2578 4481 dicere,
2613 4428 2645 4466 a
2676 4429 2910 4468 summo
2950 4416 3114 4467 terra:
3158 4428 3346 4483 usque
3376 4412 3452 4466 ad
3505 4422 3777 4466 summum

2154 4506 2358 4556 terrae:
2395 4502 2640 4555 fortasse
2671 4506 2974 4571 propterea
3016 4500 3157 4571 quia
3196 4501 3526 4555 secundum
3560 4499 3611 4553 id
3645 4494 3773 4568 quod

2156 4596 2213 4647 et
2242 4591 2353 4646 iste
2387 4608 2485 4645 aer
2513 4592 2723 4645 cmlum
2757 4591 2993 4658 dicitur,
3029 4590 3413 4661 conjungitur
3442 4596 3623 4644 terra.

2228 4679 2332 4750 [1b.
2370 4679 2437 4732 12
2458 4683 2508 4731 (ἰ
2536 4680 2645 4748 13.]
2678 4703 2705 4727 «ι
2739 4679 2862 4734 Non
2896 4680 2955 4733 in
2987 4678 3128 4734 ccelo
3158 4684 3265 4747 est,
3298 4677 3525 4745 dicens,
3549 4674 3678 4741 Quis
3700 4688 3774 4727 as-

2157 4768 2365 4823 cendet
2387 4767 2442 4822 in
2469 4767 2759 4836 cmlum,et
2780 4767 3025 4839 accipiet
3047 4768 3217 4823 nobis
3239 4766 3411 4835 illud,
3434 4771 3491 4821 et
3506 4763 3778 4821 audientes

2158 4855 2301 4910 illud
2329 4856 2610 4910 faciemus
2631 4857 2658 4910 ?
2679 4856 2877 4926 Neque
2899 4863 3057 4910 trans
3094 4871 3251 4909 mare
3284 4860 3397 4917 est,
3432 4856 3646 4916 dicens,
3670 4849 3777 4920 quis

2158 4950 2321 5000 trans
2356 4945 2588 5000 fretabit
2619 4944 2787 4999 nobis
2816 4949 2980 4999 trans
3012 4961 3191 5012 mare,
3240 4948 3297 4999 et
3345 4942 3589 5013 accipiet
3636 4937 3778 4994 nobis

2160 5034 2329 5101 illud,
2362 5038 2419 5088 et
2448 5034 2749 5088 audientes
2781 5032 2923 5087 illud
2961 5031 3289 5088 faciemus?
3318 5032 3525 5086 dicens
3556 5053 3582 5081 »
3616 5044 3705 5101 pro
3723 5041 3777 5080 eo

2161 5124 2357 5195 posuit
2386 5124 2537 5194 quod
2572 5127 2679 5194 est,
2713 5129 2779 5178 ut
2808 5124 3007 5179 dicas:
3042 5140 3188 5178 nova
3214 5122 3457 5178 locutio.

2235 5211 2341 5281 [1b.
2374 5228 2528 5277 xxxr,
2576 5212 2655 5281 8.]
2689 5234 2715 5259 «
2751 5212 2818 5265 Et
2866 5211 3149 5265 Dominus
3190 5212 3287 5279 qui
3337 5211 3653 5265 comitatur
3688 5202 3774 5259 tibi

2162 5304 2355 5355 tecum
2368 5341 2378 5352 .
2411 5322 2439 5349 ι)

2236 5388 2341 5459 [1b.
2378 5388 2487 5459 16.]
2520 5411 2546 5436 ‹‹
2583 5389 2647 5442 Et
2676 5387 2820 5443 dixit
2849 5388 3132 5445 Dominus
3164 5389 3232 5442 ad
3284 5388 3543 5460 Moysen,
3568 5386 3699 5441 Ecce
3723 5386 3772 5434 tu

2164 5476 2416 5531 dormies
2448 5494 2582 5531 cum
2616 5477 2879 5548 patribus
2910 5479 3062 5534 tuis:
3099 5499 3127 5527 »
3153 5477 3262 5532 hoc
3291 5478 3463 5531 verbo
3496 5475 3619 5545 ejus
3651 5485 3775 5525 mor-

2164 5570 2277 5621 tem
2310 5565 2677 5635 significavit.

2240 5656 2341 5719 lib.
2372 5656 2487 5723 27.]
2521 5678 2547 5702 ‹‹
2584 5656 2982 5710 Amaricantes
3012 5656 3190 5711 eratis
3220 5672 3345 5728 quae
3391 5655 3463 5711 ad
3494 5654 3667 5710 Deum
3692 5665 3702 5702 :
3724 5643 3771 5698 id

2167 5748 2275 5816 est,
2308 5742 2717 5804 amaricabatis
2746 5760 2814 5803 ea
2843 5760 2968 5817 quas
3002 5743 3098 5803 Dei
3129 5749 3291 5802 sunt.
