4098 6184
254 287 357 347 545

255 414 635 487 metbaphora
664 411 737 467 ab
787 408 1027 465 animali
1078 408 1148 463 ad
1184 403 1535 472 inanimalc;
1572 421 1683 459 non
1735 404 1889 459 enim

252 513 418 577 stupa
447 516 688 558 sensum
722 497 896 552 habet
921 495 1171 551 olfactus
1196 511 1210 548 :
1240 494 1339 549 sed
1370 496 1446 547 ita
1470 492 1692 547 dictum
1716 498 1896 561 est,ac

252 595 295 651 si
336 593 649 655 diceretur,
682 602 817 640 cum
849 587 1043 657 ignem
1076 582 1369 647 senserit;
1404 580 1672 650 quamvis
1705 586 1759 634 et
1788 580 1897 634 hoc

255 681 406 755 quod
456 677 595 743 dixi,
631 674 905 736 senserit,
939 673 1010 727 ad
1040 672 1307 726 eamdem
1342 668 1739 739 metaphoram
1776 684 1899 736 per-

255 772 454 834 tineat,
508 766 610 822 sed
652 765 721 819 ad
772 763 1123 818 celeritatem
1166 759 1612 831 intelligendam
1652 757 1900 828 pertinet

254 859 404 933 quod
430 856 653 911 dictum
682 856 790 921 est,
824 872 852 901 «
886 850 1199 906 olefecerit.
1227 870 1255 899 ››

319 948 426 1018 (Ib'.
463 946 574 1009 15.)
608 956 631 989 α
667 946 728 995 Et
757 940 1015 995 extendit
1045 950 1287 992 manum
1340 948 1529 1001 suam,
1563 939 1620 990 et
1679 934 1903 1005 accepit

251 1055 380 1094 eam
406 1059 435 1086 »
462 1053 476 1090 :
510 1032 617 1089 etsi
651 1049 762 1087 non
788 1030 1006 1085 diceret
1027 1051 1055 1077 ‹‹
1081 1028 1341 1084 extendit
1371 1043 1612 1081 manum
1645 1042 1834 1090 suam,
1872 1044 1901 1071 »

254 1126 453 1196 utique
483 1126 716 1177 extenta
747 1136 922 1174 manu
956 1123 1252 1189 acceptam
1274 1114 1756 1185 iutelligeremus.

328 1214 440 1285 (Ib.
472 1226 592 1275 xvx,
621 1209 703 1281 2.)
740 1228 765 1260 ι
799 1207 865 1261 Et
887 1204 1221 1260 nuntiatum
1276 1208 1365 1258 est
1414 1202 1653 1266 Gaztcis,
1708 1201 1902 1256 dicen-

251 1309 377 1359 tes:
418 1326 440 1348 ο
476 1316 593 1355 non
625 1298 724 1362 ait,
756 1296 1181 1350 nuntiaverunt
1208 1293 1496 1358 dicentes,
1529 1296 1627 1345 aut
1661 1290 1901 1345 nuntia-

251 1396 379 1447 tum
410 1394 500 1445 est
522 1404 556 1443 a
581 1384 933 1441 dicentibus.

322 1482 435 1549 (Ib.
466 1478 549 1549 7.)
584 1497 605 1527 ι
641 1474 700 1530 Si
730 1473 1039 1547 ligaverint
1065 1487 1157 1526 me
1188 1471 1246 1525 in
1280 1474 1503 1541 septem
1548 1468 1738 1524 nervis
1798 1468 1904 1524 hu-

256 1568 433 1623 midis
464 1560 725 1621 nondum
760 1560 1027 1617 siccatis:
1065 1581 1093 1608 »
1127 1575 1240 1614 non
1271 1559 1372 1627 ait,
1409 1562 1631 1629 septem
1693 1558 1903 1626 nervis,

257 1656 356 1712 sed
396 1676 418 1703 α
452 1655 512 1709 in
547 1656 779 1724 septem
812 1648 1027 1703 nervis.
1067 1671 1087 1696 υ

330 1744 437 1813 (Ib.
468 1743 549 1811 7.)
584 1763 611 1789 «
643 1739 703 1795 Si
720 1738 1033 1811 ligaverint
1053 1753 1147 1791 me
1174 1738 1230 1791 in
1251 1741 1473 1807 septem
1496 1735 1690 1791 nervis
1712 1734 1909 1789 humi-

263 1833 352 1887 dis
382 1830 646 1886 nondum
681 1826 903 1892 sicatis,
936 1829 994 1880 et
1014 1824 1390 1880 inﬁrmabor:
1412 1846 1440 1875 »
1465 1823 1702 1895 plenum
1733 1828 1907 1891 esset,

264 1920 369 1975 etsi
402 1936 517 1974 non
549 1917 811 1981 haberet,
844 1937 873 1964 «
906 1919 983 1969 et.
1020 1936 1041 1966 ι

330 2009 437 2078 (Ib.
467 2007 549 2077 9.)
583 2026 611 2055 «
645 2005 715 2059 Et
760 2002 988 2057 insidias
1048 2002 1098 2057 ei
1149 2000 1432 2056 sedebant
1462 2000 1517 2054 in
1551 2001 1850 2057 cubiculo:
1877 2024 1905 2053 »

868 276 970 334 DE
1016 270 1556 344 SUBSEOUENTI
1603 270 2140 343 OUIESTIONUM
2186 267 2442 331 OPERE
2488 276 2551 333 S.
2597 278 3047 340 AUGUSTINI.

3537 285 3654 342 546

2002 406 2154 477 quod
2186 406 2451 459 nonnulli
2487 407 2846 480 interpretati
2866 419 3027 478 sunt,
3047 436 3075 464 «
3100 413 3464 484 obsidebant,
3500 440 3525 465 ››
3551 416 3650 470 sed

2004 509 2225 565 gracus
2256 491 2506 563 ἐκάθητο,
2540 496 2648 552 hoc
2680 505 2769 554 est
2800 501 3058 568 sedebat,
3090 504 3227 573 quia
3256 502 3482 557 insidiae
3532 504 3652 558 sin-

2010 581 2197 652 gulari
2234 600 2476 639 numero
2508 602 2692 656 graece
2723 588 3019 656 dicuntur,
3071 608 3176 645 nec
3232 596 3419 661 potest
3476 591 3653 646 latine

2007 671 2119 725 dici
2152 671 2363 727 insidia
2390 690 2402 727 :
2438 673 2652 730 locutio
2682 683 2875 733 autem
2912 682 3169 734 notanda
3200 688 3342 750 erat,
3374 682 3513 752 quia
3535 683 3654 736 dic-

2008 769 2133 817 tum
2167 767 2276 829 est,
2309 784 2336 812 ‹‹
2370 762 2602 820 insidiae
2633 768 2936 836 sodebant,
2971 790 2999 819 ››
3038 787 3139 841 pro
3174 770 3244 823 iis
3278 771 3377 842 qui
3412 772 3655 826 insidia-

2009 852 2261 918 bantur;
2294 850 2407 921 ipsi
2440 852 2594 905 enim
2629 856 2928 911 sedebant.

2080 939 2185 1000 (Ib.
2223 940 2335 1005 10.)
2369 958 2398 988 ‹‹
2428 940 2593 994 Nunc
2623 957 2760 1013 ergo
2792 944 2986 999 indica
3017 945 3159 999 mihi
3190 946 3245 1000 in
3280 962 3393 1017 quo
3436 946 3654 1018 ligabe-

2011 1028 2127 1081 ris:
2166 1049 2192 1075 ››
2226 1043 2341 1081 non
2372 1027 2474 1093 ait,
2506 1044 2621 1099 quo
2656 1030 2949 1101 ligaberis,
2982 1039 3083 1088 aut
3110 1036 3285 1104 (unde
3323 1035 3617 1107 ligaberis.

2085 1117 2187 1186 (Ib.
2224 1118 2336 1189 11.)
2368 1140 2395 1167 ‹‹
2426 1118 2482 1171 Si
2521 1119 2831 1190 ligaverint
2862 1138 2955 1177 me
2985 1124 3043 1177 in
3092 1125 3332 1180 funibus
3393 1126 3588 1181 novis:
3626 1148 3653 1174 n

2014 1224 2127 1261 non
2160 1206 2328 1273 dixit,
2364 1207 2623 1262 funibus.

2083 1295 2189 1365 (Ib.
2227 1295 2339 1362 11.)
2370 1299 2540 1363 Item,
2577 1319 2597 1343 «ι
2634 1296 2694 1351 Si
2726 1298 3031 1367 ligaverint
3063 1300 3523 1356 meinfuniculis
3548 1319 3653 1357 no-

2014 1384 2121 1449 vis,
2153 1383 2211 1437 in
2258 1384 2475 1454 quibus
2507 1401 2618 1439 non
2654 1386 2990 1441 estfactum
3052 1404 3222 1458 opus,
3282 1393 3339 1444 et
3388 1389 3656 1445 inﬁrma-

2017 1472 2148 1527 bor:
2187 1494 2215 1520 »
2248 1472 2485 1543 plenum
2520 1480 2693 1543 esset,
2724 1476 2831 1529 etsi
2866 1492 2976 1530 non
3001 1483 3454 1547 praeponeretur,
3480 1483 3601 1533 «et.
3624 1497 3651 1530 η

2087 1560 2192 1630 (Ib.
2227 1560 2338 1631 15.)
2402 1562 2528 1615 «Et
2585 1561 2693 1616 hoc
2747 1563 2986 1617 tertium
3049 1564 3300 1619 fefellisti
3359 1581 3477 1620 me:
3544 1569 3657 1621 ter-

2016 1648 2186 1712 tium,
2224 1669 2251 1695 »
2283 1647 2479 1716 posuit
2509 1664 2611 1719 pro
2642 1650 2832 1720 tertio,
2866 1651 2985 1705 sive
3018 1657 3121 1717 ter,
3175 1670 3384 1709 nomen
3436 1654 3660 1710 scilicet

2017 1752 2120 1807 pro
2150 1734 2442 1806 adverbio,
2475 1737 2628 1806 quod
2662 1744 2718 1791 et
2747 1738 2806 1791 in
2840 1738 3037 1794 latinis
3095 1739 3489 1797 locutionibus
3539 1741 3659 1798 ele-

2017 1831 2223 1898 ganter
2253 1825 2373 1879 ﬁeri
2408 1824 2573 1881 solet.

2089 1914 2196 1985 (Ib.
2227 1914 2340 1983 26.)
2368 1935 2396 1962 «
2432 1913 2669 1969 Dimitte
2701 1932 2810 1981 me,
2844 1922 2902 1971 et
2932 1918 3177 1989 palpabo
3209 1919 3532 1989 columnas,
3568 1937 3663 1976 su-

2020 2019 2122 2074 per
2150 2017 2297 2071 quas
2329 2001 2539 2056 domus
2571 2004 2915 2059 conﬁrmata
2944 2009 3033 2060 est
3064 2022 3240 2077 super
3268 2024 3387 2063 eas.

998 2290 1123 2353 DE
1194 2289 1840 2375 SUBSEQUENTI
1912 2291 2540 2367 QUIESTIONUM
2610 2291 2938 2355 OPERE.

1491 2568 1607 2612 LIB.
1654 2569 1721 2611 Il.
1767 2568 2066 2613 RETRAC'I‘.
2113 2568 2308 2611 CAPUT
2352 2567 2444 2611 LV.

336 2705 387 2759 l.
422 2703 625 2759 Eodem
654 2707 893 2773 tempore
913 2702 992 2772 (a)
1012 2703 1210 2771 scripsi
1235 2702 1404 2755 etiam
1425 2701 1591 2756 libros
1623 2702 1995 2769 Quaestionum
2016 2702 2087 2756 de
2114 2701 2296 2756 Libris
2313 2701 2517 2755 eisdem
2536 2700 2744 2755 divinis
2768 2705 3123 2771 septem,quos
3153 2701 3273 2758 ideo
3303 2704 3587 2774 appellare
3606 2706 3683 2760 sic

272 2795 435 2855 volui.
459 2794 595 2865 quia
621 2808 687 2847 ea
715 2807 833 2862 qua:
862 2792 943 2846 ibi
969 2790 1347 2860 disputantur,
1380 2791 1557 2858 magis
1579 2790 1877 2860 quaerenda
1905 2791 2357 2861 praposui,quam
2386 2791 2618 2859 quaesita
2645 2789 2876 2843 dissolvi
2900 2809 2923 2855 ,ο
2950 2792 3203 2859 quamvis
3223 2792 3401 2845 multo
3428 2794 3595 2863 plura
3616 2795 3678 2849 in

273 2884 350 2937 eis
378 2881 523 2936 mihi
550 2881 844 2935 videantur
874 2882 955 2934 ita
980 2883 1276 2949 pertracta,
1302 2883 1361 2933 ut
1388 2880 1597 2949 possint
1629 2881 1800 2933 etiam
1828 2879 2001 2933 soluta
2033 2882 2085 2932 et
2113 2881 2364 2945 exposita
2395 2894 2504 2931 non
2534 2880 2809 2932 immerito
2831 2878 3100 2949 judicari.
3130 2880 3437 2949 Regnorum
3467 2897 3681 2953 quoque

272 2972 443 3027 libros
470 2970 657 3025 eodem
686 2969 844 3023 modo
864 2969 987 3038 jam
1013 2967 1361 3022 considerare
1381 2983 1709 3035 casperamus
1727 2984 1747 3027 ;
1779 2966 1868 3022 sed
1896 2982 2005 3021 non
2030 2968 2267 3021 multum
2290 2967 2589 3037 progressi,
2623 2968 2682 3019 in
2711 2966 2829 3020 alia
2857 2982 2977 3036 quae
3003 2969 3183 3035 magis
3230 2970 3514 3038 urgebant,
3547 2973 3675 3026 ani-

271 3076 420 3113 mum
460 3058 824 3113 intendimus.
857 3058 918 3112 In
948 3060 1126 3126 primo
1155 3062 1349 3111 autem
1378 3056 1537 3125 libro,
1570 3057 1666 3110 ubi
1695 3058 1887 3123 agitur
1914 3055 1979 3109 de
2009 3057 2240 3126 virginis
2270 3057 2525 3119 variatis,
2575 3071 2711 3125 quas
2740 3055 2969 3125 ponebat
3010 3056 3171 3111 Jacob
3219 3059 3279 3110 in
3329 3074 3496 3127 aqua,
3529 3064 3585 3113 ut
3617 3060 3678 3115 in

263 3157 527 3218 conceptu
554 3148 748 3217 posita:
772 3161 897 3200 oves
924 3161 1012 3200 eas
1036 3145 1295 3200 viderent
1340 3161 1464 3199 cum
1496 3145 1760 3211 biberent,
1794 3149 1848 3199 et
1874 3146 2055 3199 varios
2082 3144 2230 3217 fetus
2256 3153 2521 3214 parerent
2552 3145 2781 3211 (Quaest.
2813 3144 2949 3215 93/;
2979 3160 3086 3199 non
3119 3145 3249 3199 bene
3271 3163 3302 3199 a
3332 3147 3484 3201 nobis
3510 3164 3677 3218 expo-

267 3240 380 3293 sita
409 3241 489 3292 est
517 3253 702 3303 causa,
734 3252 835 3290 cur
864 3237 1062 3291 iterum
1092 3236 1520 3306 concipientibus
1547 3252 1656 3290 non
1688 3235 1939 3305 ponebat,
1973 3235 2030 3289 id
2075 3238 2156 3289 est
2182 3251 2306 3289 cum
2334 3236 2471 3289 alios
2513 3238 2657 3305 fetus
2708 3237 3070 3305 conciperent,
3119 3235 3211 3289 sed
3260 3238 3318 3289 in
3343 3240 3530 3307 priore
3558 3254 3683 3293 con-

269 3333 456 3397 ceptu.
480 3327 618 3381 Nam
646 3326 963 3396 quaestionis
992 3325 1228 3379 alterius
1256 3326 1521 3393 expositio
1546 3323 1647 3393 (Id.
1682 3324 1895 3393 95),ubi
1922 3326 2201 3394 quaeritur
2226 3339 2327 3377 cur
2347 3324 2559 3378 dixerit
2586 3339 2766 3378 socero
2794 3338 2891 3378 suo
2919 3324 3137 3378 Jacob.«
3169 3325 3231 3378 Et
3251 3324 3513 3395 decepisti
3535 3342 3683 3381 mer-

269 3416 456 3470 cedem
485 3430 665 3469 meam
684 3414 871 3468 decem
889 3413 1142 3485 agnabus
1173 3436 1201 3463 »
1236 3411 1384 3483 (Gen.
1417 3429 1567 3479 xxxx,
1600 3413 1710 3483 41).
1742 3415 1873 3467 satis
1904 3413 2170 3467 veraciter
2193 3411 2451 3476 enodata,
2476 3412 2812 3466 demonstrat
2844 3414 3007 3467 istam
3035 3414 3173 3466 sicut
3203 3414 3342 3468 solvi
3374 3413 3686 3470 debuitnon

271 3504 533 3559 solutam.

340 3596 394 3647 2.
432 3593 495 3646 In
524 3593 682 3647 tertio
713 3606 923 3662 quoque
955 3590 1093 3645 libro
1122 3591 1217 3645 ubi
1244 3589 1311 3645 de
1335 3605 1547 3646 summo
1575 3592 1762 3659 agitur
1784 3590 2082 3655 sacerdote,
2117 3589 2378 3661 quomodo
2409 3590 2627 3644 creabat
2673 3590 2837 3659 ﬁlios,
2868 3607 2991 3645 cum
3036 3590 3260 3645 haberet
3306 3594 3681 3649 necessitatem

271 3680 353 3734 bis
384 3682 445 3735 in
474 3679 565 3733 die
593 3677 813 3748 ingredi
841 3680 899 3733 in
931 3676 1132 3732 Sancta
1158 3682 1499 3744 sanctorum,
1532 3678 1626 3731 ubi
1654 3682 1780 3732 erat
1810 3679 1990 3732 altare
2031 3679 2262 3744 incensi,
2311 3677 2379 3731 ad
2422 3677 2759 3747 offerendum
2806 3679 3085 3733 incensum
3136 3694 3298 3733 mane
3345 3687 3400 3734 et
3449 3696 3679 3751 vespera

266 3767 467 3831 (Exod.
502 3784 634 3831 xxx,
661 3770 717 3835 7,
751 3769 829 3837 8).
862 3782 966 3836 quo
999 3782 1106 3820 non
1136 3769 1335 3836 posset,
1366 3768 1509 3821 sicut
1538 3769 1651 3821 Lex
1679 3766 1831 3832 dicit,
1866 3766 2181 3821 immundus
2214 3769 2473 3833 intrare,-
2505 3775 2559 3821 et
2588 3766 2774 3820 eadem
2823 3767 2935 3821 Lex
2979 3769 3144 3836 dicat,
3169 3767 3525 3823 immundum
3552 3769 3681 3838 fieri

271 3856 553 3911 hominem
582 3858 756 3910 etiam
785 3870 854 3909 ex
882 3854 1167 3910 concubitu
1196 3855 1505 3924 conjugali,
1537 3871 1694 3926 quem
1713 3855 1871 3925 jubet
1901 3856 2125 3926 quidem
2145 3855 2327 3909 lavari
2356 3872 2520 3926 aqua,
2551 3854 2643 3909 sed
2684 3862 2734 3909 et
2781 3859 2954 3909 totum
2995 3856 3128 3909 dicit
3175 3857 3522 3910 immundum
3572 3874 3690 3914 esse

268 3961 448 4016 usque
477 3945 549 3998 art
581 3959 855 4012 vesperam
887 3944 1085 4013 (Levii.
1117 3959 1208 4012 xv,
1244 3944 1330 4011 16)
1359 3968 1372 4009 ;
1405 3943 1551 3997 unde
1575 3942 1716 4008 dixi,
1750 3965 1779 3992 α
1816 3942 2154 4013 Consequens
2182 3945 2376 4013 fuisse,
2411 3951 2474 3997 ut
2499 3953 2597 3997 aut
2642 3945 2923 3997 continens
2952 3950 3111 4011 esset,
3142 3946 3241 3996 aut
3269 3942 3458 3998 diebus
3488 3946 3688 4014 aliqui-

268 4035 371 4088 bus
402 4034 865 4087 intermitteretur
886 4033 1196 4086 incensumn
1228 4031 1693 4103 (Qwsl.82):non
1712 4031 1828 4085 vidi
1846 4048 1960 4086 non
1980 4034 2158 4103 fuisse
2178 4032 2719 4103 consequens.Potest
2739 4032 2890 4084 enim
2906 4032 2986 4085 sic
3009 4030 3255 4098 intelligi
3271 4031 3689 4103 quodscriptum

267 4121 737 4188 est,almmundus
750 4123 855 4175 erit
870 4136 1038 4191 usque
1052 4120 1124 4174 ad
1150 4136 1486 4191 vesperam,»
1505 4126 1565 4176 ut
1592 4137 1691 4191 per
1718 4123 1895 4191 ipsam
1913 4137 2191 4192 vesperam
2212 4122 2331 4190 jam
2361 4136 2470 4175 non
2487 4128 2620 4175 esset
2640 4120 2977 4187 immundus,
2998 4118 3089 4173 sed
3110 4136 3277 4190 usque
3309 4120 3380 4174 ad
3400 4122 3593 4191 ipsam,
3621 4127 3685 4177 ut

268 4213 582 4283 vespertino
594 4211 719 4279 jam
732 4215 976 4281 tempore
990 4212 1278 4265 incensum
1294 4210 1531 4264 mundus
1549 4211 1917 4282 offerret,cum
1942 4214 2171 4282 propter
2193 4210 2450 4265 creandos
2473 4208 2626 4279 ﬁlios
2647 4211 2765 4279 post
2780 4211 3114 4263 matutinum
3146 4210 3429 4263 incensum
3469 4212 3683 4267 mixtus

266 4308 409 4355 esset
425 4300 856 4369 uxorthemque
883 4299 981 4352 ubi
1004 4300 1296 4369 qumsitum
1325 4299 1697 4367 est,quomodo
1720 4298 2033 4370 prohibitus
2060 4307 2193 4354 esset
2221 4314 2386 4369 super
2410 4301 2580 4369 [unus
2606 4300 2787 4369 patris
2800 4297 3248 4352 sacerdossumus
3269 4299 3677 4369 intrare(Levit.

268 4405 385 4457 xxi,
418 4389 532 4457 il),
564 4404 687 4443 cum
714 4403 843 4443 eum
868 4386 991 4456 ﬁeri
1017 4387 1347 4442 sacerdotem
1378 4387 1625 4458 (quando
1646 4404 1791 4442 unus
1819 4391 1956 4456 erat)
1986 4390 2098 4442 nisi
2122 4394 2242 4458 post
2280 4396 2511 4442 mortem
2531 4387 2825 4441 sacerdotis
2848 4388 3018 4457 patris
3044 4403 3155 4441 non
3196 4390 3467 4457 oporteret
3481 4405 3502 4449 ,ο
3532 4389 3677 4460 dixi,

269 4499 297 4527 ‹‹
331 4479 569 4547 Propter
596 4476 695 4531 hoc
716 4490 934 4530 necesse
959 4477 1151 4544 fuisse,
1182 4474 1427 4531 nondum
1456 4477 1666 4547 sepulto
1691 4485 1853 4547 patre
1881 4480 2067 4532 statim
2097 4486 2219 4547 post
2246 4480 2367 4547 ejus
2396 4480 2645 4543 mortem,
2692 4476 2874 4545 ﬁlium
2906 4476 3021 4545 ejus
3069 4477 3350 4543 constitui,
3381 4478 3478 4547 qui
3502 4492 3679 4533 succe-

269 4566 420 4619 deret
449 4566 646 4635 patri;
673 4570 897 4633 propter
922 4563 1099 4617 etiam
1146 4564 1582 4617 continuationis
1606 4565 1913 4630 incensum,
1964 4564 2103 4636 quod
2136 4564 2215 4617 bis
2241 4566 2297 4618 in
2337 4563 2427 4618 die
2480 4578 2695 4618 necesse
2741 4572 2861 4616 erat
2892 4563 3077 4634 offerri
3113 4584 3140 4612 »
3170 4563 3394 4634 (Quaest.
3427 4564 3516 4633 83)
3540 4580 3561 4625 ;
3583 4564 3681 4634 qui

268 4654 522 4710 sacerdos
549 4668 718 4721 super
746 4656 974 4708 mortem
1019 4652 1263 4707 nondum
1306 4654 1511 4723 sepulti
1537 4654 1710 4724 patris
1741 4655 2068 4724 prohibetur
2095 4656 2330 4709 intrare.
2383 4654 2495 4709 Sed
2520 4670 2721 4724 parum
2763 4652 2994 4722 attendi,
3042 4655 3287 4723 potuisse
3316 4652 3418 4708 hoc
3445 4655 3680 4724 praecipi

268 4745 452 4813 magis
483 4749 709 4810 propter
736 4741 881 4809 illos,
915 4742 1014 4811 qui
1034 4742 1214 4808 futuri
1240 4741 1468 4813 fuerant
1496 4744 1702 4796 summi
1728 4742 2029 4798 sacerdotes
2073 4758 2184 4796 non
2213 4741 2469 4812 patribus
2515 4742 2748 4796 summis
2777 4740 3144 4795 sacerdotibus
3186 4740 3550 4801 succedentes.
3581 4737 3676 4794 sed

269 4841 450 4887 tamen
478 4848 547 4886 ea:
577 4832 730 4900 ﬁliis,
766 4831 826 4884 id
856 4838 931 4885 est
961 4846 1030 4885 ea:
1054 4833 1288 4900 posteris
1318 4832 1523 4897 Aaron,
1555 4834 1605 4886 si
1631 4835 1774 4901 forte
1803 4848 2049 4887 summus
2080 4834 2348 4895 sacerdos,
2379 4837 2475 4885 aut
2504 4832 2649 4900 ﬁlios
2679 4847 2788 4885 non
2818 4832 3036 4894 habere,
3069 4834 3168 4884 aut
3197 4832 3276 4884 ita
3307 4830 3559 4900 reprobos
3579 4829 3678 4886 ha-

273 4921 427 4975 beret
459 4928 521 4974 ut
544 4920 735 4973 nullus
762 4935 957 4974 eorum
986 4922 1137 4988 patri
1163 4919 1379 4975 deberet
1406 4920 1692 4975 succedere
1726 4939 1743 4973 :
1768 4922 1909 4975 sicut
1938 4920 2159 4974 Samuel
2189 4935 2399 4974 summo
2425 4918 2695 4975 sacerdoti
2724 4918 2843 4972 Heli
2887 4920 3141 4973 successit
3171 4919 3217 4985 (Ι
3258 4918 3385 4986 Reg.
3438 4923 3520 4986 1);
3549 4934 3679 4975 cum

275 5009 581 5065 sacerdotis
607 5008 757 5077 ﬁlius
782 5009 896 5077 ipse
918 5023 1027 5063 non
1060 5024 1172 5063 esse
1198 5008 1291 5063 sed
1320 5013 1504 5064 tamen
1521 5025 1594 5064 ea:
1622 5010 1776 5078 ﬁliis,
1810 5011 1908 5065 hoc
1934 5014 2032 5075 est,
2066 5025 2135 5063 ex
2163 5011 2394 5075 posteris
2424 5017 2557 5062 esset
2586 5008 2792 5061 Aaron.

338 5098 389 5152 3.
424 5099 502 5152 De
536 5095 754 5150 latrone
782 5098 952 5150 etiam
978 5098 1069 5151 cui
1094 5096 1301 5151 dictum
1332 5102 1431 5164 est,
1471 5121 1490 5146 ι
1525 5098 1691 5152 Hodie
1719 5115 1930 5153 mecum
1960 5100 2066 5153 eris
2095 5100 2156 5152 in
2173 5097 2435 5167 paradiso
2469 5120 2495 5144 ››
2529 5095 2677 5166 (Luc.
2710 5111 2872 5163 xxm,
2904 5094 3171 5166 l43),quod
3200 5111 3305 5149 non
3335 5096 3509 5166 fuerit
3538 5097 3679 5150 visi-

271 5186 467 5242 bititer
496 5186 836 5255 baptizatur,
867 5201 1029 5256 quasi
1054 5194 1267 5241 certum
1293 5188 1449 5255 posui
1476 5187 1709 5255 (Quaest.
1742 5186 1855 5252 84),
1886 5202 2011 5241 cum
2037 5188 2111 5240 sit
2142 5187 2428 5249 incertum,
2476 5185 2757 5253 magisque
2788 5183 2949 5237 illum
3004 5182 3338 5253 baptizatum
3367 5185 3533 5252 fuisse
3561 5199 3677 5237 cre-

266 5275 506 5331 dendum
529 5276 625 5340 sit,
658 5276 799 5329 sicut
825 5289 918 5345 ego
947 5289 1156 5344 quoque
1185 5275 1324 5329 alibi
1351 5279 1541 5345 postea
1572 5274 1877 5344 desputavi.
1910 5276 2049 5330 Item
2080 5274 2221 5345 quod
2250 5275 2309 5327 in
2338 5276 2528 5344 quinto
2564 5273 2706 5327 libro
2736 5272 2881 5338 dimi,
2913 5270 3010 5326 ubi
3036 5279 3537 5327 commemorantur
3564 5287 3681 5327 ma-

317 5466 378 5517 (a)
404 5464 513 5515 Quo
542 5460 764 5504 nimirum
788 5465 1007 5516 tempore
1035 5461 1334 5517 superiorem
1366 5462 1678 5507 Locutionum
1709 5463 2058 5514 collectionem,
2084 5474 2189 5518 quae
2221 5461 2264 5505 in
2297 5462 2369 5507 lib.
2398 5462 2436 5503 II
2466 5461 2823 5505 Retractionum
2853 5473 2957 5518 cap.
3008 5461 3057 5505 St
3111 5460 3347 5505 recensita
3376 5464 3466 5507 est.
3487 5470 3681 5516 compa-

266 5528 399 5570 rabat
425 5524 601 5568 eodem
632 5522 739 5578 ipso
765 5525 811 5565 S.
840 5522 1019 5566 Doctor
1046 5523 1392 5580 subsequentes
1420 5523 1751 5577 Quaestionum
1774 5526 1820 5568 in
1849 5525 2242 5581 Heptateuchum,
2274 5525 2339 5567 uti
2367 5523 2412 5567 in
2441 5524 2643 5580 antiquis
2671 5522 2917 5566 codicibus
2934 5520 3263 5569 inscribuntur,
3295 5521 3416 5565 libro
3443 5520 3634 5576 perfecit
3669 5538 3678 5566 :

266 5588 368 5632 nislt
397 5584 526 5643 quod
558 5584 857 5637 Quaestione:
884 5582 1102 5640 primum.
1129 5583 1302 5630 deinde
1329 5593 1429 5631 tum
1457 5586 1747 5632 Locutiones
1775 5588 1834 5631 de
1862 5586 2030 5632 iisdem
2058 5586 2229 5631 divinis
2253 5586 2408 5631 Libris
2434 5585 2645 5630 dictasse
2667 5584 2939 5641 intelligitur
2962 5596 3023 5628 ex
3052 5584 3391 5628 Locutionibus
3419 5582 3479 5627 de
3510 5584 3679 5629 Exodo

264 5662 349 5708 cap
383 5654 446 5699 12,
480 5660 527 5692 v.
557 5651 601 5699 7,
631 5652 678 5690 et
706 5644 1040 5708 Locutionibus
1068 5646 1127 5690 de
1154 5646 1411 5698 Judicibus.
1442 5660 1547 5705 cap.
1582 5649 1646 5697 15,
1676 5662 1754 5702 vv,
1782 5650 1809 5691 8
1855 5652 1903 5694 et
1928 5650 2000 5699 12;
2031 5651 2225 5693 tametsi
2252 5650 2295 5692 in
2322 5649 2749 5694 Retractationibus
2801 5648 3008 5705 priorem
3037 5646 3191 5691 locum
3242 5644 3426 5689 dederit
3457 5644 3677 5691 Locutio‘

267 5725 372 5756 num
400 5708 692 5759 collectioni,
722 5708 846 5752 forte
874 5707 983 5763 quia
1008 5712 1117 5754 eam
1142 5708 1235 5755 hoc
1259 5712 1428 5757 ordine
1456 5712 1562 5757 sive
1588 5711 1770 5757 dictare
1797 5717 2027 5769 caperet,
2053 5712 2155 5757 sive
2182 5710 2275 5768 legi
2299 5711 2504 5757 volebat.
