4098 6184
314 402 420 460 565

309 535 494 601 niunt,
528 537 804 607 quamvis
834 539 1008 595 rebus
1042 545 1214 612 atque
1236 544 1543 599 sententiis
1577 543 1811 598 omnino
1844 559 1959 597 non

307 625 654 695 discrepent.
677 629 837 682 Certe
858 629 1010 682 enim
1031 629 1208 684 istum
1230 630 1437 686 librum
1456 633 1797 687 unushomo
1822 632 1959 687 scri-

304 714 540 784 psit,qui
565 731 633 770 ea
656 718 1133 789 quaesupradixit
1155 737 1288 775 cum
1315 723 1619 777 mandaret
1638 722 1954 789 Abraham,

299 801 383 857 vel
417 804 634 859 reiecta
666 805 751 859 sic
808 822 1020 876 ponere
1052 810 1261 879 potuit,
1303 811 1351 863 si
1392 812 1460 865 ad
1499 827 1619 865 rem
1671 812 1959 881 pertinere

288 891 610 961 judicaret,
645 909 781 949 cum
803 895 1017 951 veritas
1042 899 1392 954 narrationis
1413 900 1666 972 exigitur
1687 903 1728 967 ί,
1763 899 1873 953 nisi
1898 906 1959 954 ut

294 996 493 1035 rerum
526 983 1077 1056 sententiarumque
1126 987 1221 1053 sit,
1255 988 1470 1059 quibus
1500 988 1793 1055 voluntas,
1824 1005 1955 1059 pro-

291 1076 425 1142 pter
456 1089 634 1143 quam
659 1074 1049 1131 intimandam
1082 1077 1257 1133 verba
1281 1079 1449 1148 fiunt,
1484 1080 1628 1134 satis
1659 1082 1952 1150 appareat.

365 1161 523 1216 LXV.
560 1163 666 1233 [[b.
700 1180 853 1229 xx1v,
909 1166 1021 1236 41.]
1055 1166 1212 1229 Quod
1248 1167 1467 1223 habent
1505 1168 1670 1224 latini
1705 1167 1952 1233 codices,

286 1257 568 1310 narrante
581 1272 743 1311 servo
756 1256 997 1313 Abrahae
1012 1274 1139 1329 quas
1155 1260 1265 1314 sibi
1285 1261 1659 1316 mandaverat
1676 1260 1954 1316 dominus

282 1342 439 1411 ejus,
472 1344 618 1399 Tunc
646 1346 907 1401 innocens
940 1348 1052 1403 eris
1080 1365 1113 1402 α
1144 1349 1457 1415 iuramento
1482 1366 1620 1418 meo,
1648 1348 1758 1411 vel,
1782 1350 1952 1419 jura-

279 1431 435 1485 tione
464 1448 625 1498 mea;
661 1434 830 1501 graeci
899 1434 1137 1500 habent,
1197 1454 1229 1491 α
1259 1438 1546 1494 maledicto
1593 1452 1751 1492 meo:
1792 1431 1951 1506 ὅρκος

277 1520 443 1574 enim
470 1522 942 1592 diciturjuratio,
970 1522 1072 1597 αρᾶ
1089 1524 1500 1594 maledictum;
1536 1526 1690 1581 unde
1712 1529 1767 1579 et
1786 1523 1948 1576 κατά-

277 1624 448 1678 ρατος
480 1608 827 1666 maledictus
877 1610 961 1666 vel
995 1609 1383 1685 ἐπικατάρατος
1415 1615 1647 1670 dicitur.
1696 1614 1948 1668 Proinde

274 1696 474 1750 oritur
505 1699 770 1769 quaestio,
804 1702 1099 1770 quomodo
1151 1702 1253 1756 illa
1291 1703 1515 1771 juratio
1568 1702 1945 1758 maledictum

272 1785 471 1854 possit
500 1784 787 1857 intelligi;
816 1788 928 1844 nisi
959 1790 1097 1861 quia
1121 1790 1467 1848 maledictus
1493 1798 1582 1848 est
1609 1792 1709 1863 qui
1741 1796 1945 1846 contra
1986 1872 1989 1873 ν

270 1872 634 1941 iurationem
668 1874 890 1930 fecerit.

353 1960 541 2016 LXVI.
575 1963 681 2033 [1b.
712 1980 864 2030 xxnv,
895 1966 1008 2037 49.]
1042 1967 1100 2022 Si
1130 1984 1263 2041 ergo
1283 1972 1473 2040 facitis
1502 1973 1940 2034 misericordiam

263 2052 318 2102 et
351 2051 640 2118 justitiam
668 2052 738 2107 ad
762 2053 1049 2109 dominum
1069 2073 1270 2123 meum,
1294 2062 1604 2116 renuntiate
1627 2063 1790 2121 mihi.
1816 2071 1937 2124 Duo

265 2138 379 2192 illa
409 2155 538 2210 quae
570 2140 805 2196 assidue
840 2151 1134 2214 ponuntur
1164 2147 1222 2202 in
1254 2147 1386 2203 aliis
1425 2154 1644 2207 sanctis
1671 2154 1934 2227 Scriptu-

262 2227 378 2295 ris,
412 2233 470 2282 et
502 2230 754 2285 maxime
778 2231 837 2286 in
868 2232 1567 2307 Psalmis,miserieordia,
1600 2245 1656 2296 et
1678 2243 1932 2317 justitia,

262 2319 651 2374 tantumdem
683 2321 841 2375 enim
872 2321 1024 2378 valet
1047 2326 1527 2397 misericordia,et
1556 2332 1933 2401 veritas,hinc

252 2404 387 2476 jam
425 2423 709 2479 apparere
740 2417 1058 2482 coeperunt.

334 2495 563 2551 LXVII.
596 2496 704 2568 [1b.
739 2515 890 2567 xxxv,
938 2502 1053 2574 51.]
1093 2504 1222 2559 Ecce
1271 2506 1501 2562 Rebecca
1552 2512 1610 2564 in
1639 2522 1934 2581 conspectu

256 2587 353 2639 tuo
376 2601 399 2645 ;
436 2586 712 2656 accipiens
741 2604 981 2659 recurre,
1018 2597 1075 2645 et
1123 2595 1191 2646 sit
1238 2610 1383 2649 uxor
1429 2595 1545 2665 ﬁlii
1588 2598 1798 2655 domini
1827 2605 1929 2671 tui,

258 2674 731 2743 quemadmodum
754 2677 963 2733 locutus
979 2688 1060 2743 est
1083 2684 1370 2738 Dominus.
1393 2685 1680 2748 Quaeritur
1699 2692 1931 2759 quando

258 2761 506 2817 locutus
539 2763 617 2819 sit
647 2765 953 2833 Dominus,
989 2768 1100 2824 nisi
1133 2772 1270 2842 quia
1306 2772 1394 2827 vel
1426 2775 1771 2847 prophetam
1804 2795 1932 2836 esse

253 2850 562 2907 Abraham
597 2860 893 2919 noverant,
919 2861 975 2912 et
1008 2859 1342 2929 prepbetice
1374 2879 1407 2917 a
1428 2863 1673 2920 Domino
1706 2867 1928 2924 dictum

253 2940 420 3009 quod
458 2956 561 3011 per
588 2940 756 2997 illum
785 2943 1007 3000 dictum
1040 2947 1243 3018 fuerat,
1278 2953 1707 3021 agnoscebant:
1734 2960 1835 3010 aut
1855 2956 1929 3011 si-

250 3043 447 3098 gnum
480 3028 628 3083 illud
662 3032 815 3101 quod
845 3032 957 3088 sibi
1000 3035 1202 3091 datum
1254 3054 1455 3093 servus
1487 3040 1615 3108 ejus
1646 3044 1923 3112 narravit,

251 3116 625 3172 locutionem
649 3118 882 3175 Domini
914 3122 1352 3193 appellaverunt
1377 3145 1389 3195 ;
1416 3127 1524 3182 hoc
1553 3130 1708 3184 enim
1734 3134 1923 3204 magis

247 3205 319 3260 de
338 3205 612 3262 Rebecca
632 3224 970 3280 expressum
992 3214 1251 3269 est.Nam
1276 3217 1429 3287 quod
1452 3218 1747 3275 Abraham
1771 3221 1925 3277 dixe-

246 3300 363 3363 rat,
405 3312 523 3351 non
558 3297 628 3351 de
659 3298 915 3356 Rebecca
941 3302 1189 3371 dixerat,
1222 3306 1321 3359 sed
1362 3307 1430 3361 de
1480 3306 1673 3379 aliqua
1705 3312 1922 3368 femina

247 3398 315 3438 ex
352 3384 518 3439 tribu
542 3386 629 3440 vel
656 3390 1004 3460 cognatione
1027 3409 1133 3447 sua
1159 3410 1172 3460 ;
1196 3392 1383 3449 ethoc
1407 3396 1476 3450 ad
1506 3400 1922 3470 utrumque,ut

243 3472 548 3530 immunis
571 3480 724 3532 esset
747 3479 1128 3549 sjuramento
1153 3499 1375 3550 servus,
1401 3485 1450 3540 si
1474 3502 1586 3541 non
1611 3486 1920 3559 impetras-

243 3568 375 3618 set:
412 3564 572 3633 quod
603 3564 805 3637 utique
833 3585 947 3624 non
981 3570 1214 3640 dicitur,
1249 3589 1382 3627 cum
1416 3573 1635 3646 aliquid
1668 3579 1922 3651 prophe-

246 3654 436 3707 tatur.
472 3656 701 3709 Certam
735 3655 892 3712 enim
926 3659 1089 3714 decet
1120 3677 1249 3716 esse
1280 3663 1665 3734 prophetiam.

312 3740 540 3796 LXVII.
576 3744 681 3811 [1b.
713 3760 864 3813 xx1v,
894 3748 1008 3817 60.]
1035 3748 1195 3811 Quod
1221 3750 1491 3807 Rebeccae
1516 3753 1790 3811 dixerunt
1813 3757 1921 3813 fra-

238 3833 365 3885 tres
399 3831 533 3901 ejus
566 3833 979 3903 proflciscenti,
1005 3836 1168 3894 Soror
1191 3843 1375 3895 nostra
1403 3857 1477 3911 es,
1503 3847 1611 3899 esto
1645 3846 1701 3898 in
1730 3847 1922 3902 millia

234 3921 512 3987 millium,
528 3929 582 3975 et
618 3921 1250 3984 hzereditatemobtineat
1271 3946 1449 3986 semen
1473 3937 1656 4003 tuum,
1678 3936 1919 3991 civitates

233 4007 694 4066 adversariorum
719 4029 737 4065 :
768 4030 884 4068 non
905 4015 1198 4088 prephetae
1230 4018 1485 4089 fuerunt,
1519 4026 1617 4076 aut
1665 4023 1919 4079 vanitate

240 4100 372 4151 tam
407 4113 628 4170 magna
676 4106 1062 4173 Optaverunt;
1113 4106 1213 4161 sed
1263 4124 1362 4164 eos
1413 4126 1538 4181 quas
1570 4111 1919 4183 promiserat

237 4183 402 4240 Deus
434 4187 683 4243 Abrahm
708 4188 890 4246 latere
922 4208 1035 4247 non
1072 4195 1280 4266 potuit.

308 4274 507 4330 LXIX.
542 4276 649 4348 [1b.
682 4294 834 4346 xxxv,
867 4281 980 4352 63.]
1013 4281 1174 4344 Quod
1207 4285 1492 4357 scriptum
1538 4292 1648 4358 est,
1686 4290 1748 4344 Et
1777 4291 1914 4346 exiit

234 4363 394 4418 Isaac
424 4369 676 4422 exerceri
700 4370 758 4422 in
787 4384 986 4441 campo
1006 4374 1249 4429 meridie
1268 4392 1288 4434 ;
1321 4376 1420 4446 qui
1444 4378 1683 4433 verbum
1712 4380 1781 4434 de
1804 4380 1912 4435 hac

234 4467 294 4506 re
308 4468 572 4524 graecum
590 4456 1361 4524 nesciunt,exercitationem
1397 4467 1657 4537 corporis
1680 4472 1908 4538 putant.

236 4543 541 4613 Scriptum
583 4549 672 4600 est
703 4550 897 4603 autem
928 4565 1112 4620 graece
1142 4547 1513 4626 ἀδολεσχῆσαι
1540 4570 1553 4609 :
1589 4551 1910 4631 ἀδολεσχεῖν

236 4645 374 4686 vero
397 4632 472 4687 ad
496 4632 677 4689 animi
701 4637 1174 4695 exercitationem
1203 4642 1474 4712 pertinet,
1504 4648 1560 4700 et
1589 4663 1739 4718 saepe
1768 4648 1907 4704 vitio

234 4716 602 4809 deputatur;
638 4740 797 4779 more
846 4723 1040 4782 tamen
1091 4730 1529 4801 Scripturarum
1564 4716 1909 4809 plerumque

238 4805 298 4860 in
330 4807 484 4863 bono
510 4810 766 4880 ponitur.
793 4818 903 4869 Pro
927 4817 1037 4871 isto
1068 4819 1241 4873 verbo
1272 4820 1511 4891 quidam
1543 4805 1907 4895 interpretati

232 4901 373 4950 sunt
394 4899 1147 4975 exercitationem,quidam
1167 4908 1766 4982 garrulitatem,quasi
1788 4932 1909 4969 ver-

240 4984 581 5059 bositatem,
616 5006 742 5060 quae
776 4991 832 5047 in
868 4992 1038 5063 bono,
1073 5002 1364 5067 quantum
1398 5001 1469 5054 ad
1500 4999 1747 5056 latinum
1784 5003 1906 5059 elo-

238 5073 447 5142 quium
474 5077 745 5149 pertinet,
779 5080 870 5135 vix
893 5086 993 5137 aut
1019 5100 1323 5157 nunquam
1350 5087 1686 5157 invenitur;
1712 5092 1908 5156 sed,ut

237 5160 379 5245 dixi,
402 5162 461 5218 in
478 5164 795 5238 Scripturis
816 5170 1163 5245 plerumque
1178 5175 1235 5229 in
1256 5176 1408 5232 bono
1423 5178 1639 5233 dicitur
1657 5196 1668 5233 ε
1688 5181 1905 5237 etvide-

236 5240 336 5305 tur
356 5253 501 5308 mihi
517 5255 849 5326 signiﬁcare
863 5261 1042 5317 animi
1066 5264 1336 5320 affectum
1356 5267 1791 5325 studiosissime
1805 5269 1905 5326 ali-

241 5340 383 5411 quid
416 5344 733 5416 cogitantis
765 5365 898 5405 cum
933 5351 1313 5411 delectatione
1342 5355 1754 5427 cogitationis;
1788 5360 1903 5416 nisi

308 5513 508 5591 ‘Hiiditi,
540 5529 646 5591 non
675 5518 923 5591 exigitur.
945 5521 1106 5591 Abest
1143 5525 1375 5591 negatio
1398 5540 1427 5591 a
1474 5528 1596 5575 Mss.
1647 5543 1766 5591 qum
1815 5530 1901 5581 hie

244 5582 457 5649 propter
486 5580 910 5649 subsequentem
934 5580 1252 5649 particulam
1275 5589 1396 5649 nisi,
1418 5590 1619 5640 inserta
1649 5580 1748 5641 f'uit
1771 5608 1782 5649 ;
1806 5580 1899 5643 sed

241 5648 541 5713 perperam,
576 5656 696 5713 cum
730 5644 966 5713 detracta
995 5647 1092 5713 illa
1116 5644 1432 5713 perelegans
1462 5654 1530 5701 sit
1561 5654 1656 5703 iste
1686 5644 1899 5706 dicendi

238 5700 447 5773 modus,
478 5704 524 5750 si
553 5705 627 5753 ad
653 5721 759 5773 rem
790 5708 1049 5773 pertinere
1057 5700 1347 5773 judicare}:
1378 5715 1481 5762 nisi
1508 5700 1573 5764 ui
1588 5700 1899 5771 iam};

266 5766 624 5831 entiarumque
653 5771 722 5818 sit
752 5766 958 5832 veritas,
992 5766 1102 5836 quis
1132 5774 1187 5823 in
1215 5766 1521 5828 narratione
1548 5766 1791 5844 exigitur.

1728 412 1953 471 LIBER
2007 412 2319 475 PRIMUS.

3607 425 3724 483 566

2068 544 2226 600 aliud
2241 548 2501 603 sentiunt
2516 548 2613 620 qui
2628 548 2747 603 hzec
2761 550 2931 603 verba
2943 566 3127 620 graeca
3141 550 3350 606 melius
3363 551 3723 625 intelligunt.

2139 644 2300 698 LXX.
2319 646 2423 713 [[b.
2440 665 2568 714 xxv,
2588 649 2661 717 1.]
2683 647 2952 717 Adjiciens
2970 653 3157 703 autem
3172 649 3453 706 Abraham
3484 656 3722 723 sumpsit

2068 749 2289 788 uxorem
2318 738 2539 791 nomine
2564 736 2876 791 Cet/turam.
2908 738 3162 801 Quaestio
3188 738 3309 793 haec
3330 741 3559 807 esset,si
3588 758 3721 811 pec-

2068 827 2263 877 catum
2297 829 2473 893 esset,
2506 826 2758 881 maxime
2789 826 2846 879 in
2881 826 3140 897 antiquis
3175 828 3454 883 dantibus
3485 847 3723 902 operam

2068 917 2456 986 propaganda;
2482 916 2965 995 prpli.Quodlibet
2988 916 3142 971 enim
3166 917 3261 972 hic
3281 934 3454 987 quam
3482 920 3726 976 inconti-

2067 1002 2264 1057 nentis.
2285 1004 2895 1075 suspicandaesttanti
2917 1004 3111 1069 viri,in
3137 1004 3237 1059 illa
3260 1007 3577 1077 praeSertim
3593 1009 3720 1078 jam

2065 1094 2251 1146 aetate.
2280 1094 2393 1147 Cur
2412 1098 2602 1148 autem
2632 1094 2702 1148 de
2729 1094 2833 1147 hac
2858 1093 3009 1148 filios
3032 1094 3357 1165 fecerit,qui
3383 1112 3516 1150 cum
3542 1098 3721 1153 mira-

2064 1183 2194 1237 culo
2227 1184 2299 1238 de
2325 1185 2461 1239 Sara
2494 1183 2727 1248 fecerat,
2763 1200 2942 1254 supra
2974 1183 3190 1237 dictum
3226 1190 3314 1238 est
3346 1186 3566 1253 (Quaest.
3592 1188 3719 1254 35):

2064 1288 2404 1344 quanquam
2437 1274 2704 1328 nonnulli
2736 1274 2951 1327 donum
2988 1273 3141 1342 quod
3175 1274 3395 1344 accepit
3422 1275 3717 1331 Abraham

2060 1361 2217 1417 velut
2235 1362 2631 1417 reviviscentis
2653 1361 2911 1432 corporis
2934 1362 3004 1415 ad
3025 1360 3177 1415 ﬁlios
3198 1362 3717 1433 procreandos,diu

2060 1452 2457 1520 permansisse
2473 1454 2761 1516 asserant,
2778 1450 2933 1504 itaut
2950 1452 3216 1520 possetet
3229 1449 3372 1504 alios
3390 1467 3713 1521 procreare.

2059 1542 2169 1596 Sed
2194 1542 2375 1597 multo
2406 1547 2493 1596 est
2521 1532 2849 1597 absolutius
2882 1541 2950 1595 de
2985 1540 3417 1596 adolescentula
3447 1544 3713 1612 potuisse

2057 1630 2368 1698 seniorem,
2403 1632 2557 1701 quod
2591 1631 2785 1685 senior
2828 1631 2897 1684 de
2925 1629 3151 1684 seniore
3199 1647 3312 1684 non
3346 1635 3563 1700 posset,
3599 1631 3715 1687 nisi

2055 1720 2209 1774 Deus
2240 1719 2359 1775 illic
2390 1719 2737 1774 miraculum
2772 1718 3158 1789 praestitisset,
3195 1718 3445 1775 maxime
3477 1725 3713 1790 propter

2052 1813 2201 1863 Sarze
2236 1825 2349 1863 non
2376 1808 2565 1863 solum
2593 1810 2842 1871 aetatem,
2874 1822 3073 1860 verum
3103 1806 3277 1860 etiam
3312 1806 3703 1863 sterilitatem.

2050 1898 2196 1953 Sane
2210 1898 2381 1953 etiam
2397 1895 3011 1970 grandioriscetatis,et
3031 1894 3495 1966 sicutScriptura
3511 1895 3704 1967 loqm-

2048 1988 2407 2060 tur,plenum
2432 1988 2655 2042 dierum
2678 2002 2848 2058 posse
2870 1985 3315 2055 diciseniorem,
3338 1987 3441 2041 hoc
3463 1991 3551 2042 est
3577 2004 3704 2059 pre-

2046 2076 2365 2148 sbyterum,
2398 2076 2532 2138 hinc
2561 2074 2807 2147 intelligi
2839 2080 3046 2146 potest,
3081 2074 3219 2146 quia
3248 2075 3357 2130 hoc
3401 2076 3694 2133 Abraham

2046 2164 2372 2236 appellatus
2403 2170 2489 2220 est
2519 2165 2753 2235 quando
2795 2168 3059 2219 mortuus
3085 2168 3191 2218 est.
3221 2163 3467 2218 Proinde
3498 2164 3694 2219 omnis

2044 2270 2218 2311 senex
2231 2256 2403 2311 etiam
2431 2255 2867 2326 presbyter,non
2884 2253 3074 2308 omnis
3089 2252 3390 2324 presbyter
3405 2253 3581 2308 etiam
3602 2270 3695 2309 se-

2044 2359 2183 2412 nex;
2208 2344 2345 2415 quia
2367 2343 2714 2415 plerumque
2731 2342 2949 2397 esthoc
2973 2357 3183 2396 nomen
3202 2341 3387 2396 astatis
3407 2340 3698 2411 quaeinl'ra

2043 2438 2400 2491 senectutem
2426 2432 2711 2489 senectuti
2732 2432 2923 2486 vicina
2947 2435 3055 2496 est,
3080 2435 3134 2486 et
3155 2447 3221 2485 ex
3243 2430 3352 2485 hoc
3373 2430 3550 2486 etiam
3570 2432 3700 2504 ipsa

2044 2543 2075 2581 a
2106 2529 2402 2581 senectute
2425 2542 2637 2580 nomen
2653 2523 2940 2594 accepitin
2963 2522 3701 2593 latinalingua,utpresby-

2042 2618 2130 2669 ter
2150 2614 2342 2669 senior
2372 2613 2718 2685 appellatur.
2749 2612 2907 2682 Apud
2930 2614 3154 2665 Grmcos
3187 2614 3409 2674 autem,
3442 2610 3697 2666 maxime

2042 2703 2193 2758 sicut
2207 2704 2507 2774 Scriptura
2522 2692 3153 2772 Ιοαυίιυν,πρεσϐύτεροι
3168 2697 3486 2769 θὶνεώτεροι
3503 2698 3633 2753 dicu
3646 2715 3705 2752 u-

2043 2796 2155 2863 tur,
2181 2792 2409 2847 etiamsi
2433 2792 2927 2859 aetatesjuvenum
2954 2791 3403 2858 comparentur;
3431 2787 3580 2856 quod
3605 2786 3695 2840 di-

2039 2881 2229 2937 cimus
2263 2898 2369 2937 nos
2404 2881 2683 2950 majorem
2731 2882 2905 2949 atque
2928 2878 3247 2946 juniorem.
3283 2877 3693 2931 Verumtamen

2037 2970 2144 3025 hoc
2160 2970 2377 3025 factum
2392 2968 2812 3039 Abrahaz,quod
2830 2971 2957 3038 post
2975 2970 3219 3021 mortem
3236 2966 3388 3020 Sarae
3404 2965 3473 3020 de
3487 2964 3693 3019 Cethu-

2037 3075 2100 3113 ra
2112 3058 2262 3113 ﬁlios
2277 3058 2736 3130 procreavit,non
2756 3056 2837 3112 sic
2852 3054 3148 3125 accipiend
3162 3070 3257 3108 um
3279 3053 3562 3124 est,quasi
3579 3053 3687 3108 hu-

2035 3165 2208 3203 mana
2222 3142 2641 3203 consuetudine
2665 3149 2717 3200 et
2741 3144 3086 3216 cogitatione
3116 3143 3526 3197 tantummodo
3549 3144 3686 3197 sub-

2034 3236 2342 3292 stituendae
2375 3234 2799 3290 numerosioris
2840 3231 3019 3305 prolis
3073 3232 3180 3286 hoc
3214 3233 3430 3286 factum
3465 3231 3560 3285 sit.
3595 3230 3689 3285 Sic

2033 3325 2185 3380 enim
2210 3328 2450 3396 possent
2475 3323 2731 3392 accipere
2763 3320 3031 3376 homines
3054 3321 3227 3375 etiam
3263 3320 3416 3390 quod
3440 3319 3510 3373 de
3539 3319 3693 3389 Agar

2032 3415 2248 3470 factum
2275 3412 2501 3485 est,nisi
2528 3411 2843 3483 Apostolus
2863 3408 3318 3464 admoneretilla
3344 3408 3525 3463 fuisse
3540 3408 3692 3463 facta

2032 3504 2461 3576 prophetice,ut
2482 3502 2538 3557 in
2565 3501 2830 3571 utrisque
2846 3500 3108 3570 personis
3128 3498 3443 3553 mulierum
3457 3513 3691 3553 earum-

2031 3612 2143 3667 que
2158 3595 2408 3650 ﬁliorum
2433 3595 2547 3649 duo
2570 3595 2946 3648 Testamenta
2968 3591 3039 3645 ad
3064 3590 3397 3645 futurorum
3417 3605 3690 3661 praenun-

2030 3685 2329 3739 tiationem
2355 3681 2665 3753 allegorica
2687 3679 3037 3751 signiﬁcatio
3070 3679 3349 3749 ﬁguraret
3378 3675 3583 3745 (Galat.
3609 3692 3683 3745 IV,

2027 3772 2239 3843 22-24).
2266 3770 2498 3826 Undein
2516 3770 2627 3824 isto
2652 3784 2883 3840 quoque
2906 3767 3146 3821 Abrahae
3161 3766 3310 3820 facto
3324 3764 3545 3835 aliquid
3570 3763 3687 3819 tale

2029 3861 2410 3931 quaerendum
2433 3866 2515 3915 est
2542 3877 2554 3926 ;
2580 3857 2687 3913 etsi
2711 3874 2822 3911 non
2840 3855 3004 3910 facile
3019 3858 3304 3920 occurrat,
3331 3852 3685 3924 egointerim

2028 3951 2185 4020 quod
2204 3949 2493 4003 occurrit:
2522 3961 2769 4001 munera
2786 3962 2910 4015 qua)
2928 3940 3394 4014 acceperuntﬁlii
3409 3939 3684 3995 concubi-

2028 4055 2261 4105 narum,
2283 4037 2557 4091 videntur
2579 4034 2723 4089 mihi
2742 4033 3075 4104 significare
3095 4032 3363 4102 quaedam
3388 4030 3483 4084 Dei
3508 4031 3681 4098 dona,

2025 4128 2110 4183 vel
2136 4129 2193 4182 in
2220 4126 2604 4183 sacramentis
2628 4124 2784 4179 velin
2808 4122 3139 4195 quibusque
3156 4119 3545 4191 signis,etiam
3564 4135 3687 4173 car-

2024 4216 2144 4273 nali
2170 4216 2385 4288 pepulo
2414 4215 2751 4271 Judaaorum
2777 4217 2832 4268 et
2863 4210 3151 4267 haereticis
3172 4211 3326 4272 data,
3353 4206 3517 4263 velut
3546 4204 3685 4262 ﬁliis

2024 4306 2489 4362 concubinarum
2520 4323 2531 4370 ;
2566 4320 2700 4359 cum
2732 4301 3095 4357 haereditatis
3127 4315 3364 4365 munus,
3399 4298 3553 4371 quod
3573 4300 3683 4364 est,

2022 4395 2276 4451 charitas
2290 4398 2346 4449 et
2367 4394 2482 4448 vita
2504 4397 2858 4459 mternamon
2870 4391 2982 4447 nisi
2998 4391 3069 4446 ad
3084 4392 3243 4445 Isaac
3259 4386 3682 4461 perlineat,hoc

2021 4490 2129 4555 est,
2165 4485 2235 4540 ad
2269 4484 2420 4540 ﬁlios
2453 4480 2882 4556 promissionis.

2091 4596 2277 4652 LXXI.
2311 4596 2419 4667 [1b.
2453 4612 2582 4660 xxv,
2619 4594 2730 4664 13.]
2752 4593 2898 4656 Quid
2929 4592 3041 4646 sibi
3065 4590 3359 4661 vultquod
3389 4588 3677 4660 scriptum

2018 4692 2125 4757 est,
2160 4687 2286 4742 [huc
2295 4688 2421 4739 sunt
2434 4686 2666 4740 nomina
2677 4682 2920 4754 ﬁliorum
2936 4682 2953 4735 1
2959 4681 3127 4735 smael
3138 4680 3433 4741 secundum
3446 4695 3571 4734 nom
3580 4680 3677 4733 ina

2014 4779 2435 4848 generationum
2458 4791 2647 4831 eorum
2664 4778 2820 4829 ?Non
2840 4773 2997 4828 enim
3017 4772 3159 4827 satis
3182 4770 3369 4827 elucet
3390 4788 3493 4826 cur
3505 4770 3673 4826 addi-

2016 4873 2141 4924 tum
2165 4868 2264 4937 sit,
2286 4866 2585 4923 secundum
2599 4865 2823 4920 nomine
2845 4864 3269 4932 generationum
3290 4878 3477 4919 eorum
3494 4879 3514 4923 ;
3534 4876 3667 4916 cum

2014 4957 2053 5012 ii
2082 4956 2189 5012 soli
2214 4956 2592 5011 nominentur
2616 4950 2875 5023 quosille
2901 4951 3121 5021 genuit,
3146 4968 3261 5008 non
3282 4952 3455 5007 etiam
3484 4950 3669 5021 quiab

2012 5046 2159 5118 ipsis
2180 5046 2362 5118 geniti
2386 5048 2544 5101 sunt.
2568 5042 2690 5097 Nisi
2706 5042 2849 5096 forte
2872 5041 3011 5112 quia
3029 5041 3296 5097 nationes
3314 5057 3381 5096 ex
3410 5039 3523 5094 illis
3536 5056 3669 5111 pro-

2013 5140 2235 5209 pagatze
2251 5151 2450 5192 eorum
2468 5131 2811 5189 nominibus
2832 5130 3222 5204 appellantur,
3248 5132 3353 5188 hoc
3371 5131 3671 5203 signiﬁca-

2013 5230 2141 5281 tum
2167 5226 2263 5294 sit,
2284 5240 2417 5279 cum
2433 5223 2653 5278 dictum
2675 5225 2783 5277 est.
2806 5221 3353 5277 secundumnomina
3369 5219 3673 5290 generatio-

2011 5332 2149 5370 num
2178 5330 2369 5371 eorum
2390 5332 2408 5369 :
2441 5312 2710 5384 quamvis
2739 5312 2846 5367 hoc
2879 5312 3052 5367 modo
3082 5311 3191 5366 illae
3239 5311 3502 5367 nationes
3550 5309 3672 5364 sint

2011 5408 2204 5479 potius
2217 5406 2541 5462 secundum
2558 5422 2629 5460 no
2640 5404 3199 5474 minaistorum,non
3215 5405 3326 5459 ista
3338 5402 3568 5459 nomina
3584 5418 3669 5458 se-

2007 5498 2264 5552 cundum
2289 5494 2421 5551 illas
2462 5494 2757 5561 nationes;
2793 5491 3056 5564 quiaillm
3095 5492 3388 5565 posterius
3420 5492 3657 5548 exstite-

2009 5585 2337 5642 runt.Unde
2360 5585 2619 5641 notanda
2640 5583 2856 5640 locutio
2883 5582 3138 5654 est,quia
3155 5586 3209 5637 et
3230 5590 3428 5655 postea
3451 5584 3519 5639 de
3543 5581 3662 5637 illis

2010 5676 2248 5744 dicitur,
2304 5675 2584 5731 duodecim
2605 5675 2884 5745 principes
2914 5672 3211 5728 secundum
3239 5682 3421 5744 gentes
3450 5688 3658 5729 eorum.

2080 5772 2294 5829 LXXII.
2329 5773 2441 5844 [1b.
2480 5788 2611 5841 xxv,
2638 5770 2751 5841 22.]
2787 5771 2952 5834 Quod
2985 5770 3055 5825 de
3085 5769 3344 5827 Rebecca
3374 5769 3654 5840 scriptum
