4098 6184
284 343 396 402 597

1636 343 1867 405 LIBER
1912 342 2351 403 SECUNDUS.

3574 345 3696 406 598

280 480 386 545 est,
410 473 471 529 id
505 477 594 529 est
622 478 893 545 parentes
917 492 1140 547 eorum,
1161 492 1309 548 quos
1342 477 1422 533 ibi
1458 477 1552 533 Lia
1573 477 1830 549 peperit:
1859 476 1940 531 ita
2049 476 2213 547 seph,
2246 474 2532 546 ingressio
2566 479 2689 529 erat
2718 474 2898 530 Jacob
2939 475 2997 528 in
3048 478 3361 547 Egyptum
3393 492 3494 547 per
3526 494 3697 535 suam

279 564 559 636 quoniam
584 581 823 621 causam
841 565 1100 621 intrandi
1131 567 1190 621 in
1214 568 1525 639 .Egyptum
1550 566 1728 622 Jacob
1752 566 1812 620 in
1838 565 1935 620 Jo-

274 655 423 725 seph
457 654 683 725 habuit,
708 662 894 711 totum
920 662 1149 727 tempus
1174 674 1288 729 quo
1320 656 1378 713 in
1409 662 1653 729 zEgypto
1672 656 1813 710 vixit
1835 659 1933 709 Jo-

2048 565 2408 637 progeniem,
2444 581 2569 636 quae
2602 564 2700 619 illo
2729 564 2859 619 vivo
2900 564 3354 636 propagabatur,
3387 581 3489 637 per
3519 582 3695 637 quem

2046 656 2265 709 factum
2298 658 2385 709 est
2418 659 2480 709 ut
2510 654 2932 725 ingrederetur.

1431 873 1802 968 LIBER
1870 870 2541 965 SECUNDUS.

1124 1028 1458 1088 Quaastiones
1487 1029 1543 1077 in
1575 1028 1831 1087 Exodum,
1859 1026 1913 1076 et
1941 1025 1997 1075 in
2026 1025 2132 1074 ﬁne
2162 1024 2451 1088 descriptio
2481 1026 2847 1077 Tabernaculi.

343 1282 577 1345 Qumsr.
603 1282 647 1335 Ι.
672 1281 867 1353 1Exon.
885 1298 1002 1353 cap.
1028 1284 1108 1351 1,)?
1132 1283 1182 1347 ς.
1209 1283 1424 1355 19,20.[
1448 1287 1525 1337 De
1547 1280 1926 1339 obstetricum

268 1370 605 1435 mendacio,
623 1386 733 1441 quo
752 1370 1083 1426 fefellerunt
1098 1371 1480 1443 Pharaonem,
1504 1388 1575 1427 ne
1598 1371 1928 1427 occiderent

256 1459 857 1516 masculoslsraelitas
870 1461 1104 1532 quando
1120 1461 1795 1527 nascebantur,dicentes
1809 1475 1927 1514 non

264 1549 343 1605 ite
365 1567 576 1621 parere
590 1550 1136 1608 mulierechbraaas
1150 1552 1272 1608 sicu
1283 1558 1302 1606 t
1313 1552 1587 1624 parieban
1598 1558 1615 1606 t
1627 1550 1924 1623 {Egyptian

264 1639 455 1710 quaeri
473 1640 623 1695 solet
640 1646 839 1696 utrum
860 1642 999 1697 talia
1016 1642 1320 1697 mendacia
1342 1642 1661 1714 approbata
1683 1640 1801 1695 sint
1822 1656 1927 1694 au-

262 1730 541 1786 ctoritate
572 1729 790 1797 divina,
815 1732 1293 1802 quandoquidem
1324 1732 1610 1803 scriptum
1632 1736 1721 1785 est
1744 1734 1923 1784 Deum

260 1821 419 1876 bene
440 1818 651 1875 fecisse
668 1820 1079 1877 obstetricibus
1099 1839 1111 1876 :
1128 1821 1228 1876 sed
1250 1826 1444 1875 utrum
1470 1838 1572 1892 pro
1595 1818 1924 1875 misericor-

261 1909 363 1965 dia
393 1909 744 1981 ignoscebat
774 1910 1076 1966 mendacio
1100 1928 1113 1978 ;
1148 1928 1220 1966 an
1242 1916 1299 1966 et
1327 1910 1524 1982 ipsum
1547 1908 1921 1964 mendacium

260 1998 520 2070 dignum
537 1998 1114 2070 praemiojudicabat,
1131 2000 1417 2055 incertum
1440 2007 1547 2055 est.
1563 1998 1741 2052 Aliud
1764 1996 1921 2052 enim

259 2088 567 2143 faciebant
600 2088 941 2144 obstetrices
969 2088 1313 2145 viviﬁcando
1343 2089 1597 2144 infantes
1627 2086 1920 2159 parvulos,

260 2178 433 2233 aliud
461 2177 748 2233 Pharaoni
778 2178 1112 2233 mentiendo
1140 2196 1151 2233 :
1178 2195 1311 2233 nam
1334 2178 1393 2234 in
1422 2177 1539 2233 illis
1559 2175 1921 2232 viviﬁcandis

262 2284 421 2337 opus
453 2266 873 2322 misericordiae
904 2267 1048 2330 fuit;
1084 2268 1387 2323 mendacio
1434 2284 1566 2323 vero
1596 2265 1695 2322 illo
1726 2283 1827 2338 pro
1858 2282 1921 2321 se

259 2356 612 2420 utebantur,
636 2372 709 2411 ne
730 2361 963 2410 noceret
984 2355 1103 2410 illis
1136 2357 1382 2424 Pharao,
1406 2356 1559 2427 quod
1592 2358 1781 2428 potuit
1802 2372 1920 2411 non

259 2446 330 2500 ad
354 2445 624 2516 laudem,
644 2446 743 2500 sed
778 2445 848 2501 ad
870 2445 1101 2500 veniam
1120 2447 1425 2517 pertinere.
1443 2447 1639 2517 Neque
1659 2446 1795 2501 hinc
1819 2463 1920 2501 au-

256 2534 597 2589 ctoritatem
617 2534 688 2588 ad
708 2533 1111 2589 mentiendum
1137 2552 1264 2591 esse
1289 2536 1646 2606 propositam
1669 2536 1814 2589 mihi
1836 2535 1920 2589 vi-

255 2624 438 2679 detur
469 2623 557 2678 eis
579 2624 649 2677 de
671 2623 888 2694 quibus
911 2624 1132 2679 dictum
1163 2629 1272 2692 est,
1305 2627 1369 2679 Et
1398 2641 1508 2679 non
1537 2634 1620 2680 est
1640 2628 1923 2680 inventum

254 2715 315 2768 in
351 2729 448 2769 ore
478 2729 671 2769 eorum
698 2712 1046 2767 mendacium
1078 2714 1257 2785 (Apoc.
1281 2731 1395 2780 xxv,
1416 2716 1497 2785 5.)
1520 2715 1921 2780 Quorumdam

259 2803 424 2859 enim
450 2802 573 2857 vita
596 2802 765 2873 longe
786 2801 1025 2857 inferior
1047 2820 1080 2857 a
1110 2802 1469 2874 professione
1490 2808 1851 2869 sanctorum,
1872 2804 1921 2860 si

260 2891 490 2947 habeat
521 2890 637 2946 ista
668 2889 1109 2946 mendaciorum
1141 2897 1395 2961 peccata,
1416 2897 1689 2963 provectu
1711 2893 1838 2963 ipso
1868 2896 1925 2947 et

260 2979 471 3035 indole
486 2980 1101 3051 feruntur,praasertim
1116 2979 1662 3037 sibeneﬁciadivina
1674 2983 1925 3037 nondum

255 3074 487 3126 norunt
516 3071 853 3140 exspectare
882 3069 1159 3140 scelestis,
1178 3071 1281 3125 sed
1312 3071 1467 3126 circa
1497 3075 1727 3127 terrena
1749 3087 1921 3127 occu-

257 3164 507 3232 pantur.
534 3158 643 3221 Qui
667 3162 859 3213 autem
885 3157 967 3213 ita
981 3158 1205 3223 vivunt,
1234 3163 1299 3213 ut
1319 3175 1519 3214 eorum
1544 3161 1921 3230 conversatio,

252 3250 416 3305 sicut
448 3246 596 3303 dicit
625 3246 954 3318 Apostolus,
987 3248 1047 3302 in
1098 3246 1257 3303 caelis
1288 3248 1365 3303 sit
1394 3248 1657 3320 (Philipp.
1694 3267 1777 3319 ιιι,
1809 3251 1921 3321 20),

254 3355 377 3395 non
409 3354 515 3393 eos
547 3336 814 3392 existimo
836 3337 1049 3407 lingua:
1082 3353 1198 3392 suae
1232 3338 1513 3404 nondum,
1539 3345 1827 3409 quantum
1850 3339 1921 3394 ad

248 3428 571 3484 veritatem
604 3426 987 3498 premendam
1025 3425 1236 3481 attinet
1276 3426 1707 3498 falsitatemque
1736 3428 1922 3483 vitan-

250 3518 421 3583 dam,
456 3514 725 3586 exemplo
746 3514 849 3571 illo
873 3514 1255 3571 obstetricum
1280 3516 1489 3570 debere
1519 3517 1787 3572 formare.
1812 3518 1920 3572 Sed

251 3605 612 3677 diligentius
642 3605 713 3659 de
735 3603 844 3660 hac
866 3604 1191 3675 quastione
1221 3604 1632 3660 disserendum
1657 3612 1767 3677 est,
1793 3624 1921 3677 pro-

254 3699 390 3766 pter
422 3693 542 3749 alia
572 3692 835 3765 exempla
867 3710 994 3765 qua
1025 3693 1083 3748 in
1116 3693 1433 3765 Scripturis
1459 3695 1845 3766 reperiuntur.

323 3785 397 3839 ll.
436 3784 547 3855 11b.
577 3800 638 3849 ιι,
674 3784 784 3853 12.ι
821 3784 896 3838 De
926 3784 1077 3839 facto
1107 3783 1310 3854 Moysi,
1342 3800 1477 3838 cum
1509 3784 1719 3839 occidit
1746 3786 1919 3858 Egy-

251 3872 525 3944 ptiumad
539 3872 940 3928 defendendos
954 3872 1163 3929 fratres
1176 3873 1487 3939 suos,satis
1500 3872 1921 3944 disputavimus

252 3963 312 4017 in
346 3961 453 4017 illo
487 3977 661 4033 opere
704 3962 860 4031 quod
895 3962 965 4016 de
995 3963 1113 4017 vita
1142 3961 1615 4017 Patriarcharum
1642 3964 1921 4019 adversus

247 4055 544 4107 Faustum
568 4050 917 4122 scripsimus
934 4067 947 4105 :
964 4055 1165 4106 utrum
1187 4049 1414 4106 indoles
1437 4051 1497 4107 in
1519 4069 1584 4107 eo
1607 4051 1920 4108 laudabilis

252 4140 457 4209 fuerit,
485 4156 605 4211 qua
624 4139 733 4194 hoc
752 4145 1058 4211 peccatum
1082 4140 1407 4207 admiserit,
1432 4140 1585 4196 sicut
1606 4141 1753 4196 solet
1778 4142 1923 4198 uber

258 4235 454 4297 terrae,
489 4228 669 4283 etiam
694 4234 829 4284 ante
851 4228 1019 4284 utilia
1050 4230 1293 4299 semina,
1326 4230 1581 4300 quadam
1604 4230 1919 4286 herbarum

254 4317 534 4391 quamvis
558 4316 856 4372 inutilium
881 4318 1176 4374 feracitate
1202 4318 1460 4383 laudari;
1488 4336 1559 4373 an
1575 4320 1812 4375 omnino
1832 4320 1917 4390 ip-

251 4424 388 4464 sum
407 4408 629 4463 factum
642 4406 1097 4476 justiﬁcandum
1113 4406 1215 4477 sit(
1225 4408 1423 4462 Contra
1436 4409 1697 4463 Faustum
1722 4410 1916 4479 lib.22,

254 4496 778 4569 cc.60,sqq.).Quod
794 4496 925 4551 ideo
940 4512 1054 4551 non
1076 4495 1473 4567 videtur,quia
1487 4496 1711 4553 nullam
1730 4498 1919 4553 adhuc

264 4586 595 4660 legitimam
619 4589 965 4657 potestatem
990 4585 1245 4657 gerebat,
1270 4602 1375 4641 nec
1396 4592 1693 4658 acceptam
1718 4587 1921 4643 divini-

255 4682 377 4744 tus,
400 4691 511 4732 nec
534 4674 795 4731 humana
819 4674 1095 4730 societate
1116 4673 1467 4731 ordinatam.
1494 4677 1733 4747 Tamen,
1767 4677 1920 4733 sicut

254 4765 598 4837 Stephanus
651 4763 794 4819 dicit
837 4763 897 4819 in
928 4763 1171 4819 Actibus
1216 4763 1643 4836 Apostolorum,
1677 4768 1919 4837 putabat

254 4853 590 4925 intelligere
623 4854 836 4909 fratres
868 4870 1029 4919 suos,
1063 4853 1217 4925 quod
1251 4870 1353 4925 per
1394 4870 1525 4909 eum
1564 4859 1716 4911 Deus
1756 4857 1919 4911 daret

254 4943 373 5000 illis
405 4943 663 5000 salutem
692 4944 831 5013 (Act.
855 4961 956 5009 vn,
981 4943 1073 5014 25)
1102 4960 1113 4998 :
1139 4948 1204 4998 ut
1228 4959 1329 5014 per
1372 4943 1481 4999 hoc
1508 4945 1916 5001 testimonium

253 5034 528 5089 videatur
576 5033 801 5106 Moyses
846 5033 976 5105 jam
1030 5032 1310 5087 divinitus
1361 5033 1697 5090 admonitus
1736 5036 1917 5106 (quod

254 5123 563 5195 Scriptura
595 5139 663 5179 eo
693 5122 820 5179 loco
844 5122 1021 5192 tacet)
1052 5122 1162 5178 hoc
1192 5122 1405 5177 audere
1436 5124 1718 5193 potuisse.

330 5213 426 5268 lll.
458 5212 569 5286 11h.
599 5229 687 5278 ιιι,
719 5212 798 5284 4.ι
831 5211 1102 5267 Clamavit
1128 5211 1291 5265 illum
1314 5212 1330 5245 ί
1365 5212 1632 5268 Dominus
1662 5214 1726 5269 de
1756 5214 1913 5269 rubo.

262 5301 552 5359 Dominus
582 5301 643 5356 in
674 5300 925 5375 angelo?
955 5318 1027 5357 an
1060 5301 1366 5368 Dominus,
1396 5302 1637 5372 angelus
1675 5302 1773 5359 ille
1817 5304 1916 5375 qui

261 5392 457 5448 dictus
489 5396 600 5461 est,
630 5392 819 5463 Magni
845 5391 1071 5449 consilii
1090 5390 1317 5461 angelus
1346 5392 1495 5459 (Isai.
1525 5408 1601 5457 Ix,
1632 5392 1708 5463 6),
1742 5397 1799 5448 et
1828 5393 1916 5448 in-

260 5480 550 5553 telligitur
577 5480 892 5539 Christus?
932 5484 1120 5553 Supra
1148 5477 1305 5534 enim
1336 5478 1499 5550 dixit,
1526 5481 1801 5553 Apparuit
1830 5484 1919 5538 illi

265 5571 494 5640 angelus
521 5572 751 5627 Domini
778 5573 838 5627 in
866 5570 1101 5644 ﬂamma
1128 5570 1273 5641 ignis
1300 5569 1365 5625 de
1394 5570 1548 5626 rubo.

331 5697 348 5731 ¹
372 5695 531 5763 Editi,
544 5694 820 5763 Clamavit
839 5694 1266 5763 adillum.AMss.,
1284 5694 1694 5763 Qlamgpitillum
1713 5712 1731 5747 :
1744 5699 1797 5748 id
1820 5704 1915 5763 est,

270 5760 577 5820 vocavit,utl
597 5759 827 5812 habetur
844 5760 903 5810 in
922 5758 1326 5823 Vulgata.Apud
1350 5758 1729 5822 LXX,ekalesen
1745 5758 1917 5814 aulon'.

2109 1278 2200 1333 IV.
2236 1280 2341 1351 [1b.
2375 1296 2460 1349 ιιι,
2483 1280 2559 1351 8.ι
2585 1280 2823 1335 Educerc
2846 1282 2971 1336 illos
2998 1281 3062 1335 (le
3090 1288 3241 1336 terra
3272 1282 3372 1336 illa
3396 1284 3457 1337 in
3479 1284 3687 1337 terram

2040 1372 2237 1427 bonam
2248 1377 2297 1429 et
2314 1373 2637 1443 multam,in
2658 1384 2857 1429 terram
2875 1377 3139 1443 ﬂuentem
3162 1376 3245 1429 lac
3268 1376 3435 1430 etmel
3449 1394 3466 1427 :
3486 1379 3685 1429 utrum

2039 1465 2256 1516 terram
2275 1463 2551 1517 ﬂuentem
2571 1462 2659 1517 lac
2687 1466 2743 1518 et
2762 1462 2868 1517 me]
2900 1462 3283 1535 spiritualiter
3306 1464 3567 1534 accipere
3590 1463 3689 1517 de-

2038 1549 2247 1606 bemus
2273 1569 2285 1619 ;
2322 1552 2461 1623 quia
2491 1552 2815 1608 secundum
2848 1552 3262 1623 proprietatem
3296 1569 3411 1608 non
3435 1552 3543 1607 hoc
3565 1556 3692 1606 erat.

2036 1638 2139 1694 illa
2153 1657 2277 1710 quae
2300 1642 2437 1697 data
2450 1646 2537 1697 est
2558 1641 2771 1713 populo
2795 1640 3006 1697 Israel?
3032 1659 3104 1696 an
3129 1641 3438 1697 locutionis
3457 1646 3692 1712 est,qua

2034 1727 2092 1782 id
2125 1730 2198 1785 ad
2230 1729 2464 1786 laudem
2498 1732 2783 1786 ubertatis
2814 1736 2869 1785 et
2900 1731 3207 1787 suavitatis
3238 1732 3562 1787 referatur?

2103 1817 2172 1871 V.
2208 1819 2314 1891 [1b.
2352 1838 2435 1891 ιιι,
2467 1820 2544 1892 9.1
2574 1822 2639 1875 Et
2668 1838 2812 1875 nunc
2842 1837 2961 1875 ecce
2991 1822 3199 1875 clamor
3246 1822 3491 1890 ﬁliorum
3522 1820 3690 1874 Israel

2032 1910 2182 1963 venit
2209 1908 2279 1963 ad
2308 1925 2393 1964 me
2422 1928 2441 1965 :
2473 1926 2588 1964 non
2642 1910 2796 1965 sicut
2844 1910 3063 1966 clamor
3110 1911 3497 1966 Sodomorum
3532 1908 3682 1980 (Gen.

2032 2013 2193 2067 xvm,
2224 1997 2337 2069 20),
2373 2015 2486 2069 quo
2520 1998 2849 2071 iniquitatis
2880 2000 3005 2056 sine
3036 2000 3244 2055 timore
3275 1999 3682 2069 ethineLvere-

2032 2087 2246 2144 cundia
2275 2088 2658 2159 significatur.

2103 2177 2197 2233 VI.
2231 2179 2334 2250 11b.
2363 2196 2445 2247 ιιι,
2468 2179 2760 2251 22.ιΟιιο(1
2792 2178 3092 2235 mandavit
3125 2177 3402 2234 Dominus
3422 2176 3678 2233 Hebraris

2033 2285 2136 2340 per
2164 2268 2420 2339 Moysen,
2442 2272 2505 2323 ut
2536 2269 2864 2339 acciperent
2880 2268 2950 2323 ab
2971 2268 3252 2340 zEgyptiis
3272 2284 3412 2323 vasa
3431 2283 3603 2321 aurea
3625 2269 3682 2321 et

2035 2363 2311 2430 argentea
2340 2362 2396 2412 et
2425 2363 2666 2426 vestem,
2702 2362 2880 2428 atque
2910 2357 3155 2422 addidit,
3188 2359 3253 2412 Et
3279 2356 3684 2427 praedabimini

2033 2464 2121 2503 eos
2152 2463 2163 2501 :
2195 2447 2458 2502 mandati
2479 2446 2658 2518 hujus
2688 2464 2804 2503 non
2828 2450 3019 2517 potest
3046 2446 3331 2516 injustum
3366 2462 3494 2500 esse
3516 2442 3684 2514 judi-

2034 2536 2211 2593 cium.
2237 2537 2573 2591 Mandatum
2596 2537 2751 2591 enim
2788 2534 2885 2591 Dei
2906 2541 3013 2602 est,
3034 2537 3104 2590 de
3135 2553 3249 2607 quo
3282 2552 3398 2590 non
3420 2535 3685 2604 judican-

2035 2627 2196 2693 dum,
2231 2627 2330 2681 sed
2363 2627 2417 2681 ei
2459 2626 2985 2696 obtemperandum
3036 2625 3166 2679 fuit.
3201 2624 3302 2679 llle
3334 2623 3489 2678 enim
3522 2623 3685 2678 novit

2036 2732 2213 2786 quam
2236 2716 2398 2784 juste
2425 2715 2815 2770 mandaverit:
2840 2716 2910 2770 ad
2943 2730 3177 2769 servum
3210 2716 3400 2768 autem
3432 2713 3685 2782 pertinet

2036 2803 2372 2860 obedienter
2400 2805 2588 2859 facere
2612 2805 2766 2875 quod
2802 2803 3120 2859 mandavit.

2108 2890 2227 2944 Vll.
2264 2892 2367 2963 [lb.
2402 2909 2479 2957 ιν,
2513 2893 2626 2963 1Ο.[
2675 2892 2836 2955 Quod
2871 2891 2951 2945 ait
2980 2894 3204 2962 Moyses
3237 2890 3308 2945 ad
3345 2889 3678 2959 Dominum,

2033 2985 2257 3048 Precor,
2292 2981 2546 3047 Domine,
2578 2996 2689 3039 non
2733 2997 2856 3035 sum
2898 2981 3154 3051 eloquens
3183 2988 3312 3035 ante
3343 2980 3679 3047 hesternum,

2032 3086 2207 3141 neque
2236 3074 2361 3125 ante
2405 3071 2918 3127 nudiustertianum
2947 3071 3112 3139 diem,
3145 3086 3317 3141 neque
3346 3087 3416 3125 ea:
3443 3086 3547 3142 quo
3580 3087 3680 3125 ca;-

2028 3162 2167 3231 pisti
2196 3163 2346 3233 loqui
2372 3163 2583 3231 famulo
2622 3167 2734 3228 tuo,
2764 3161 3112 3233 intelligitur
3154 3163 3387 3217 credere
3418 3179 3590 3233 posse
3620 3178 3682 3216 se

2034 3249 2158 3305 ﬁeri
2191 3252 2288 3307 Dei
2330 3251 2630 3308 voluntate
2683 3252 2879 3308 subito
2929 3251 3321 3321 eloquentem,
3354 3266 3488 3305 cum
3520 3250 3682 3317 dicit,

2033 3357 2205 3412 neque
2234 3357 2304 3397 ea:
2331 3357 2438 3413 quo
2469 3344 2684 3414 σαυρίδιὶ
2704 3343 2852 3413 loqui
2880 3343 3091 3412 famulo
3118 3345 3209 3396 tuo
3240 3359 3257 3395 :
3287 3344 3571 3411 tanquam
3594 3356 3685 3394 οε-

2032 3431 2281 3486 tendens
2311 3432 2437 3487 ﬁeri
2461 3431 2723 3503 potuisse
2754 3438 2814 3486 ul
2846 3435 2979 3486 ante
3013 3431 3357 3486 hesternum
3387 3433 3443 3484 et
3463 3428 3682 3484 nudiu-

2032 3520 2384 3577 stertianum
2412 3521 2568 3577 diem
2600 3520 2699 3593 qui
2730 3520 3009 3592 eloquens
3040 3537 3155 3575 non
3188 3519 3413 3588 fuisset,
3448 3522 3684 3590 repente

2032 3609 2215 3677 ﬁeret,
2250 3626 2317 3665 ex
2348 3628 2463 3682 quo
2493 3627 2629 3665 cum
2661 3610 2761 3666 illo
2803 3610 3084 3665 Dominus
3116 3609 3275 3681 loqui
3309 3608 3502 3680 ccepit.

2102 3697 2249 3754 VIII.
2278 3700 2380 3771 [1b.
2401 3716 2477 3767 IV,
2502 3701 2613 3772 11.1
2633 3701 2762 3767 Quis
2781 3701 2911 3771 fecit
2929 3714 3146 3754 mutum
3167 3702 3215 3753 et
3241 3698 3577 3763 audientem,
3604 3700 3682 3753 vi-

2031 3787 2250 3842 dentem
2279 3797 2329 3843 et
2358 3803 2597 3845 caecum:
2611 3805 2794 3845 nonne
2813 3805 2907 3859 ego
2932 3790 3194 3843 Dominus
3222 3789 3397 3845 Deus?
3414 3790 3559 3841 Sunt
3582 3786 3682 3857 qui

2031 3878 2144 3929 Deo
2175 3875 2627 3945 ealumnientur,
2652 3874 2737 3931 vel
2760 3874 3071 3946 Scriptura)
3101 3873 3298 3944 potius
3326 3872 3547 3926 Veteris
3573 3872 3681 3925 'I‘e-

2031 3962 2327 4029 stamenti,
2355 3963 2492 4033 quia
2515 3964 2721 4019 dixerit
2744 3968 2895 4017 Deus
2918 3963 3071 4033 quod
3096 3961 3220 4031 ipse
3242 3960 3441 4015 fecerit
3466 3975 3680 4013 caecum

2032 4054 2087 4105 et
2102 4055 2352 4105 mutum.
2370 4052 2515 4115 Quid
2532 4068 2667 4123 ergo
2682 4051 2884 4106 dicunt
2906 4051 2974 4104 de
2990 4050 3230 4104 Domino
3244 4047 3472 4102 Christo
3485 4050 3681 4117 aperte

2030 4139 2091 4194 in
2122 4128 2429 4211 Evangelio
2461 4140 2711 4207 dicente,
2736 4142 2853 4209 Ego
2878 4139 3004 4193 veni
3026 4142 3084 4193 ut
3112 4139 3206 4209 qui
3234 4152 3342 4191 non
3373 4135 3577 4205 vident,
3600 4136 3683 4190 vi-

2029 4230 2223 4290 deant;
2246 4232 2296 4284 el
2317 4230 2413 4300 qui
2436 4230 2639 4295 vident,
2682 4225 3389 4298 czeciﬁanl(Joan.1x,39)?
3414 4225 3553 4288 Quis
3578 4241 3682 4279 au-

2028 4326 2146 4374 tem
2178 4318 2292 4373 nisi
2321 4318 2609 4390 insipiens
2640 4318 2951 4375 crediderit
2982 4316 3201 4387 aliquid
3226 4315 3448 4371 homini
3473 4330 3683 4371 secun-

2031 4410 2172 4464 dum
2215 4407 2359 4463 vitia
2408 4408 2731 4480 corporalia
2780 4424 2952 4480 posse
2999 4406 3280 4472 accidere,
3322 4405 3477 4477 quod
3524 4410 3681 4459 Deus

2031 4496 2224 4553 nolit?
2254 4498 2363 4553 Sed
2396 4514 2529 4553 eum
2555 4498 2719 4569 juste
2750 4501 2938 4553 totum
2966 4494 3109 4551 velle
3141 4511 3310 4550 nemo
3342 4492 3607 4564 ambigit.

2103 4586 2192 4642 IX.
2228 4587 2331 4659 [1b.
2367 4604 2444 4653 ιν,
2482 4589 2591 4659 12.ι
2625 4588 2786 4653 Quod
2836 4586 3117 4641 Dominus
3150 4584 3292 4639 dicit
3322 4584 3393 4638 ad
3424 4587 3679 4653 Moysen,

2028 4676 2137 4731 Sed
2166 4693 2313 4731 nunc
2336 4677 2485 4746 vade,
2508 4685 2557 4731 et
2587 4693 2682 4745 ego
2702 4677 2950 4748 aperiam
2978 4692 3039 4729 os
3059 4679 3235 4738 tuum,
3259 4676 3308 4727 et
3330 4674 3608 4729 instruam
3630 4677 3681 4725 te

2031 4783 2157 4839 qua:
2187 4768 2467 4824 locuturus
2497 4784 2589 4830 es;
2622 4768 2766 4823 satis
2790 4767 2883 4821 hic
2914 4769 3155 4835 apparet
3186 4781 3299 4819 non
3330 4767 3559 4818 tantum
3589 4762 3678 4817 in-

2032 4860 2415 4913 structionem
2448 4858 2590 4923 oris,
2635 4856 2735 4912 sed
2766 4855 2958 4927 ipsam
3009 4853 3185 4908 etiam
3217 4852 3575 4924 apertionem
3607 4852 3680 4907 ad

2032 4946 2130 5000 Dei
2160 4946 2515 5003 voluntatem
2550 4951 2607 5002 et
2635 4944 2884 5017 gratiam
2910 4941 3218 5015 pertinere.
3240 4942 3366 4997 Non
3398 4941 3555 4997 enim
3580 4942 3680 5011 ait,

2030 5035 2116 5090 Tu
2148 5038 2307 5107 aperi
2339 5053 2404 5091 os
2436 5041 2626 5106 tuum,
2658 5039 2714 5090 et
2743 5050 2847 5105 ego
2879 5032 3167 5088 instruam
3201 5036 3255 5088 te
3282 5050 3294 5100 ;
3328 5033 3430 5087 sed
3462 5036 3683 5086 utrum-

2032 5142 2144 5195 que
2162 5124 2287 5195 ipse
2310 5124 2599 5195 promisit,
2620 5126 2964 5195 Aperiam,et
2990 5123 3287 5177 instruam.
3308 5120 3460 5176 Alibi
3485 5125 3682 5176 autem

2030 5212 2171 5268 dicit
2200 5213 2260 5267 in
2290 5212 2540 5278 Psalmo,
2591 5213 2781 5268 Dilata
2811 5230 2867 5269 os
2901 5217 3077 5277 tuum,
3111 5220 3161 5267 et
3208 5211 3513 5282 adimplebo
3545 5208 3685 5263 illud

2031 5303 2198 5373 (Psal.
2228 5320 2389 5372 Lxxx,
2420 5304 2529 5371 11.)
2550 5302 2963 5373 Ubisignilieat
2987 5301 3043 5356 in
3062 5300 3299 5357 homine
3329 5298 3684 5354 voluntatem

2030 5390 2352 5462 accipiendi
2386 5393 2541 5463 quod
2592 5397 2738 5449 Deus
2767 5393 2944 5447 donat
2984 5390 3202 5446 volenti
3238 5408 3249 5445 :
3286 5393 3350 5443 ut
3379 5389 3449 5444 ad
3480 5387 3685 5444 volun-

2028 5482 2167 5537 tatis
2214 5484 2515 5539 exordium
2566 5483 2872 5555 pertincat,
2905 5482 3098 5536 Diluta
3147 5496 3204 5535 os
3233 5483 3429 5543 tuum;
3483 5478 3554 5534 ad
3585 5481 3687 5533 Dei

2031 5575 2231 5627 autem
2288 5573 2562 5645 gratiam,
2610 5574 2677 5628 Et
2721 5570 3029 5641 adimplebo
3076 5568 3229 5624 illud.
3281 5569 3384 5624 Hic
3435 5584 3589 5638 vero,
3621 5564 3690 5623 Et

2031 5662 2293 5733 aperiam
2322 5680 2379 5718 os
2408 5672 2584 5731 tuum,
2615 5667 2669 5718 et
2699 5664 2976 5717 instruam
3005 5667 3070 5715 te.

2101 5749 2171 5805 X.
2200 5750 2304 5823 [1b.
2331 5769 2406 5821 1v,
2434 5754 2644 5825 lii-16.1
2665 5752 2728 5807 Et
2748 5754 2926 5807 iratus
2952 5746 3237 5803 iracundia
3260 5746 3525 5802 Dominus
3546 5744 3690 5801 dixit
