4098 6184
472 361 589 422 599

473 493 980 558 Quemadmodum
1013 492 1197 562 possit
1222 492 1467 563 intelligi
1498 493 1758 548 irascens
1791 493 1961 556 Deus,
1986 491 2123 562 quia

473 600 589 638 non
623 582 774 636 sicut
793 580 968 636 homo
988 597 1088 652 per
1118 580 1574 636 irrationabilem
1601 579 2119 652 perturbationem,

475 689 577 744 per
607 671 806 726 omnia
832 671 1146 725 tenendum
1173 674 1279 740 est,
1303 670 1398 724 ubi
1431 670 1548 726 tale
1575 670 1797 740 aliquid
1829 669 2126 740 Scriptura

474 761 722 829 dicit,ne
745 760 815 814 de
834 759 941 814 hoc
965 759 1165 813 eadem
1195 775 1344 829 saepe
1366 759 1612 814 dicenda
1633 758 1770 813 sint.
1788 759 1893 812 Sed
1923 757 2125 813 merito

475 848 756 921 quaeritur
777 864 880 902 cur
901 847 994 901 hic
1019 847 1202 901 iratus
1225 849 1295 901 de
1320 849 1496 902 fratre
1519 847 1695 918 Moysi
1726 847 2127 918 dixerit,quod

476 939 601 1010 ipse
635 935 717 990 illi
750 935 1088 1006 loqueretur
1117 938 1184 990 ad
1214 935 1494 1008 populum
1533 954 1545 990 :
1579 935 1808 990 videtur
1829 935 1984 990 enim
2007 939 2131 989 tan-

475 1042 650 1098 quam
668 1024 954 1079 diflidenti
974 1042 1088 1080 non
1108 1026 1339 1080 dedisse
1352 1024 1757 1096 plenissimam
1775 1023 2126 1092 facultatem,

479 1131 652 1188 quam
681 1115 928 1169 daturus
951 1119 1100 1180 erat;
1122 1118 1177 1167 et
1200 1130 1299 1184 per
1321 1114 1467 1168 duos
1490 1114 1581 1183 agi
1599 1112 1873 1183 voluisse,
1897 1113 2052 1183 quod
2075 1116 2131 1166 et

476 1222 580 1277 per
597 1220 779 1258 unum
799 1206 1020 1274 posset,
1046 1202 1094 1256 si
1117 1203 1476 1257 credidisset.
1493 1202 1902 1258 Verumtamen
1926 1203 2129 1256 eadem

476 1294 652 1348 verba
670 1293 868 1347 omnia
891 1291 1227 1362 diligentius
1254 1291 1639 1359 considerata,
1662 1308 1774 1345 non
1798 1291 2133 1361 signiﬁcant

474 1381 692 1436 iratum
728 1379 1037 1435 Dominum
1071 1396 1172 1450 pro
1221 1381 1476 1434 vindicta
1529 1379 1763 1434 dedisse
1794 1384 2010 1434 Aaron.
2043 1377 2132 1433 Sic

474 1471 631 1525 enim
664 1469 824 1538 dicit,
844 1470 1036 1523 Nonne
1057 1485 1174 1523 ecce
1197 1470 1375 1524 Aaron
1404 1473 1579 1540 frater
1609 1472 1733 1522 tuus
1754 1469 2002 1522 Levites?
2020 1470 2130 1522 scio

472 1562 600 1630 quia
623 1560 845 1630 loquens
870 1557 1121 1628 loquetur
1147 1560 1314 1629 ipsel.
1336 1558 1558 1621 Quibus
1581 1557 1772 1613 verbis
1795 1555 2130 1611 ostenditur

471 1649 626 1704 Deus
657 1648 994 1720 increpasse
1036 1647 1235 1716 potius
1269 1664 1425 1715 eum,
1463 1646 1561 1718 qui
1593 1645 1826 1701 timeret
1860 1645 1942 1700 ire
1971 1645 2124 1716 quod

471 1740 596 1810 ipse
625 1741 780 1793 esset
810 1737 1008 1791 minus
1039 1736 1311 1804 idoneus,
1334 1753 1465 1792 cum
1500 1737 1738 1792 haberet
1756 1736 1993 1790 fratrem
2026 1751 2128 1806 per

471 1842 645 1898 quem
663 1827 943 1897 possetad
970 1825 1252 1898 populum
1270 1825 1428 1896 loqui
1446 1826 1597 1896 quod
1621 1824 1820 1890 vellet;
1847 1823 2124 1895 quoniam

471 1919 595 1971 erat
615 1916 739 1986 ipse
753 1913 986 1987 gracilis
999 1915 1238 1981 vocis,et
1253 1915 1462 1985 linguas
1484 1913 2124 1984 tardioriszquanquam

474 2007 546 2061 de
575 2006 689 2060 Deo
719 2009 909 2060 totum
956 2020 1189 2075 sperare
1223 2004 1474 2058 deberet.
1514 2003 1731 2058 Deinde
1762 2003 1964 2058 eadem
1997 2002 2127 2073 ipsa

477 2111 603 2165 quae
623 2093 794 2164 paulo
808 2098 943 2148 ante
961 2092 1395 2164 promiserat,et
1411 2097 1790 2165 posteaquam
1815 2091 2000 2146 iratus
2017 2094 2123 2158 est,

477 2182 638 2237 dicit.
664 2181 898 2237 Dixerat
919 2182 1097 2249 enim,
1122 2184 1375 2253 Aperiam
1396 2199 1452 2237 os
1479 2191 1660 2247 tuum,
1680 2190 1731 2237 et
1751 2181 2021 2236 instruam
2045 2187 2125 2241 te;

477 2287 634 2327 nunc
669 2275 862 2326 autem
896 2271 1056 2340 dicit,
1090 2272 1346 2342 Aperiam
1377 2287 1436 2325 os
1464 2276 1617 2326 tuum
1647 2276 1699 2326 et
1728 2287 1788 2326 os
1819 2271 1956 2341 ejus,
1976 2273 2024 2324 et
2047 2270 2128 2323 in-

473 2363 688 2415 struam
711 2374 802 2414 vos
831 2373 958 2429 quae
972 2361 1226 2429 faciatis:
1246 2359 1346 2414 sed
1371 2359 1650 2430 quoniam
1682 2359 1928 2425 addidit,
1953 2360 2027 2413 Et
2048 2359 2124 2412 lo-

473 2453 674 2520 quetur
701 2449 815 2519 ipse
836 2449 938 2503 tibi
953 2448 1022 2502 ad
1048 2449 1335 2520 populum,
1353 2449 1580 2503 videtur
1597 2448 1715 2502 oris
1747 2447 1964 2519 apertio
1988 2464 2128 2518 prae-

475 2537 636 2604 stita,
655 2541 892 2609 propter
913 2537 1070 2609 quod
1095 2537 1236 2592 dicit
1263 2541 1487 2610 Moyses
1511 2537 1722 2609 linguas
1746 2554 1806 2592 se
1829 2536 2122 2591 tardioris.

471 2626 550 2681 De
567 2627 723 2681 vocis
743 2629 938 2681 autem
958 2625 1283 2696 gracilitate
1303 2626 1446 2680 nihil
1469 2626 1518 2681 ei
1543 2631 1817 2698 praestare
1841 2625 2125 2680 Dominus

472 2715 675 2782 voluit,
708 2715 808 2770 sed
835 2720 1071 2786 propter
1094 2715 1199 2769 hoc
1231 2716 1588 2785 adjutorium
1614 2715 1807 2770 fratris
1831 2715 2121 2785 adjunxit,

476 2804 575 2875 qui
609 2807 809 2875 posset
831 2818 897 2857 ea
929 2802 1014 2856 uti
1041 2819 1198 2867 voce,
1219 2819 1346 2874 qua:
1369 2802 1580 2874 populo
1605 2803 1862 2857 docendo
1895 2803 2123 2855 sufﬁce-

481 2896 587 2948 ret.
623 2893 785 2957 Quod
833 2906 968 2962 ergo
1018 2892 1117 2960 ait,
1152 2894 1212 2946 Et
1263 2892 1421 2946 (labis
1450 2893 1613 2948 verba
1643 2908 1764 2947 mea
1802 2892 1860 2944 in
1889 2906 1948 2946 os
1986 2892 2123 2962 ejus,

478 2980 898 3051 ostenditquod
923 2997 988 3034 ea
1005 2980 1294 3050 loquenda
1315 2986 1470 3036 esset
1492 2982 1765 3036 daturus:
1783 2997 1914 3035 nam
1941 2980 1988 3034 si
2007 2985 2128 3034 tan-

478 3069 786 3125 tummodo
819 3070 1132 3136 audienda,
1157 3069 1308 3124 sicut
1338 3069 1652 3142 populo,in
1687 3085 1857 3124 aures
1888 3069 2123 3124 diceret.

479 3159 698 3214 Deinde
727 3158 879 3231 quod
914 3157 1088 3230 paulo
1121 3164 1254 3230 post
1277 3160 1376 3225 ait,
1402 3163 1474 3215 Et
1507 3161 1755 3231 loquetur
1785 3161 1897 3229 ipse
1927 3159 2030 3213 tibi
2058 3158 2128 3212 ad

475 3249 762 3320 populum,
789 3254 842 3303 et
875 3249 986 3319 ipse
1007 3251 1118 3302 erit
1149 3259 1302 3304 tuum
1329 3265 1408 3318 os,
1441 3253 1497 3303 et
1526 3247 1620 3302 hic
1650 3247 2018 3312 subauditur,
2053 3247 2123 3301 ad

473 3336 778 3408 populum.
796 3337 864 3391 Et
885 3353 1015 3391 cum
1040 3337 1200 3404 dicit,
1222 3337 1344 3392 Tibi
1364 3335 1693 3408 loqueturad
1710 3333 2007 3406 pepulitm;
2031 3351 2122 3388 sa-

472 3425 548 3480 tis
581 3425 801 3480 indicat
830 3425 889 3479 in
912 3425 1107 3496 Moyse
1140 3425 1554 3497 principatum,
1576 3425 1836 3479 inAaron
1862 3423 2121 3478 ministe-

471 3513 646 3567 rium.
664 3513 883 3568 Deinde
903 3515 1056 3583 quod
1076 3514 1124 3567 ai
1138 3515 1259 3579 ι,Ἰά
1272 3523 1454 3568 autem
1474 3514 1813 3583 illierisquw
1826 3511 1892 3566 ad
1908 3513 2120 3579 Deum”,

472 3617 753 3673 magnum
777 3601 872 3655 hic
892 3603 1157 3657 fortassis
1179 3604 1663 3673 perscrutandum
1685 3607 1774 3656 est
1795 3617 2123 3656 sacramen-

474 3695 624 3760 tum,
655 3691 825 3761 cujus
877 3691 1126 3761 figuram
1176 3696 1354 3763 gerat,
1411 3691 1585 3746 veluti
1635 3690 1866 3745 medius
1897 3691 2122 3758 Moyses

471 3781 623 3837 inter
653 3781 833 3836 Deum
863 3786 917 3836 et
939 3785 1148 3849 Aaron,
1168 3789 1225 3838 ct
1248 3783 1475 3838 medius
1500 3785 1688 3838 Aaron
1716 3783 1867 3837 inter
1886 3781 2119 3854 Moysen

469 3874 523 3926 et
555 3870 861 3943 populum.

541 3959 632 4014 XI.
668 3961 773 4032 [1b.
809 3978 884 4030 1v,
917 3962 1134 4035 24-251
1167 3966 1229 4016 In
1281 3978 1346 4017 eo
1396 3963 1550 4034 quod
1606 3961 1891 4034 scriptum
1922 3964 2026 4031 est,
2058 3963 2122 4016 Et

462 4052 675 4120 factum
697 4053 796 4116 est,
820 4053 880 4106 in
901 4054 996 4107 via
1025 4052 1098 4106 ad
1111 4054 1458 4122 refectionem
1475 4053 1718 4108 obviavit
1741 4054 1796 4108 ei
1815 4052 2121 4122 angelus,et

467 4141 748 4212 quaerebat
767 4157 894 4195 eum
921 4141 1169 4196 occidere
1191 4159 1209 4196 :
1227 4150 1276 4196 et
1299 4145 1574 4212 assumpto
1591 4141 1867 4213 Sepphora
1887 4141 2115 4205 calculo,

467 4229 817 4285 circumcidit
837 4233 1178 4301 praeputium
1222 4231 1332 4300 ﬁlii
1358 4231 1485 4292 sui;
1533 4239 1582 4285 et
1606 4230 1840 4301 procidit
1865 4230 1934 4285 ad
1960 4229 2117 4300 pedes

467 4319 664 4387 ejus,et
682 4318 1014 4386 dixit,Stetit
1033 4322 1259 4388 sanguis
1280 4320 1712 4374 circumeisionis
1735 4321 1973 4390 infantis
1985 4320 2114 4374 mei.

463 4406 528 4460 Et
543 4408 766 4461 recessit
787 4408 852 4461 ab
872 4423 930 4462 eo
948 4424 968 4468 ,'
987 4415 1211 4478 promer
1234 4408 1375 4478 quod
1394 4409 1558 4463 dixit.
1585 4409 1750 4463 Desiit
1769 4410 1996 4479 sanguis
2014 4410 2119 4463 cir-

461 4495 842 4557 cumeisionis;
859 4495 1112 4567 primum
1135 4496 1614 4567 quzeritur,quem
1634 4496 2116 4566 volebatangelus

461 4584 742 4653 occidere,
769 4591 967 4640 utrum
992 4586 1249 4657 Moysen,
1276 4586 1413 4656 quia
1437 4587 1659 4640 dictum
1684 4591 1790 4656 est,
1811 4589 2046 4642 occurrit
2065 4576 2118 4642 εί

459 4675 703 4745 angelus,
721 4680 771 4730 et
804 4676 1082 4747 quaerebat
1099 4691 1221 4731 eum
1238 4676 1498 4731 occidere.
1522 4676 1667 4730 Nam
1695 4675 1784 4730 cui
1814 4676 2117 4746 putabitur

462 4764 808 4834 occurrisse,
843 4764 954 4820 nisi
991 4764 1070 4818 illi
1106 4765 1206 4836 qui
1240 4765 1509 4820 universo
1537 4781 1778 4820 suorum
1812 4764 2114 4819 comitatui

468 4852 824 4921 praeluit,eta
841 4872 954 4924 quo
971 4855 1157 4909 caeteri
1175 4855 1575 4910 ducebantur?
1594 4858 1675 4909 An
1695 4871 1939 4924 puerum
1960 4872 2113 4924 quae-

470 4939 633 4993 rebat
662 4941 1040 5008 occidere,cui
1067 4949 1251 4998 mater
1281 4944 1755 4999 circumcidendo
1806 4943 2114 5010 subvenit;

466 5026 737 5081 utobhoc
753 5027 1388 5098 intelligaturoccidere
1405 5029 2116 5100 voluisseinl'antem,quia

460 5133 575 5171 non
609 5121 731 5170 erat
751 5117 1156 5184 circumcisus,
1182 5123 1354 5190 atque
1387 5119 1466 5173 ita
1495 5118 1722 5174 sancire
1758 5124 2112 5190 prmeeptum

460 5204 948 5274 circumeisionis,
976 5207 1280 5261 severitate
1306 5207 1605 5263 vindictae?
1637 5209 1794 5271 Quod
1821 5209 1865 5262 si
1892 5208 1972 5262 ita
2003 5214 2111 5274 est,

462 5295 746 5350 incertum
776 5296 1042 5366 estprius
1058 5297 1129 5350 de
1152 5313 1266 5366 quo
1289 5295 1514 5364 dixerit,
1533 5299 1810 5367 quaerebat
1830 5315 1951 5352 eum
1975 5299 2112 5351 occi-

459 5384 627 5445 dere;
655 5385 792 5455 quia
823 5385 1128 5455 ignoratur
1159 5402 1354 5456 quem,
1382 5386 1491 5439 nisi
1525 5403 1591 5440 ex
1617 5386 2113 5458 consequentibus

524 5529 547 5589 ιθ
578 5525 662 5574 Sic
693 5525 814 5573 Mss.
840 5528 997 5589 juxta
1028 5528 1171 5582 LXX.
1194 5527 1304 5575 holi
1334 5527 1472 5578 luldn
1505 5526 1853 5579 laleseiautos.
1882 5532 1944 5578 At
1965 5529 2108 5587 editi,

456 5588 854 5653 qui'ameloquens
883 5593 972 5650 est,
1007 5590 1240 5653 loquetur
1270 5591 1391 5652 ipse.

522 5651 543 5684 ²
572 5651 825 5716 εἰθ-Μθετ
872 5651 1135 5702 locutione
1184 5651 1371 5716 grauia,
1423 5655 1503 5702 ese
1551 5656 1601 5701 ta
1629 5668 1748 5715 pros
1779 5656 1864 5701 ton
1902 5653 2109 5702 Theon:

457 5726 621 5776 quam
671 5713 994 5765 locutionem
1045 5713 1210 5765 alias"
1231 5717 1574 5767 retinuerunt
1621 5713 1673 5765 in
1723 5717 1947 5774 excusis,
1980 5716 2110 5765 alias

456 5781 804 5830 mutaverunt
835 5779 978 5829 hunc
1008 5779 1061 5828 in
1093 5778 1328 5842 modum,
1361 5780 1461 5829 eris
1491 5781 1544 5829 in
1575 5779 1640 5828 iis
1668 5792 1779 5843 qua:
1807 5779 1881 5829 ad
1925 5779 2108 5829 Deum.

1215 359 1742 430 ΟυίΕδἸῚΟΝΗΜ
1796 362 1854 418 S.
1910 360 2120 420 AUGU

2238 359 2333 418 lNI
2381 360 2454 418 IN
2507 361 2552 416 ll
2566 360 3148 422 lCP'I‘A'I‘EUCHUM

3769 365 3878 425 600

2233 491 2582 562 reperiatur:
2603 492 2751 546 mira
2770 508 2909 547 sane
2926 491 3219 548 locutione
3244 499 3302 548 et
3319 493 3623 561 inusitata,
3650 498 3711 549 ut
3728 495 3880 566 prius

2234 578 2474 645 diceret,
2498 581 2737 636 occurrit
2766 581 2838 652 ei,
2862 587 2918 636 et
2949 584 3225 654 quaerebat
3245 599 3372 638 eum
3400 584 3663 650 occidere,
3687 583 3754 639 de
3775 601 3880 657 quo

2236 669 2380 723 nihil
2413 674 2583 725 antea
2605 671 2848 726 dixerat.
2876 673 2984 726 Sed
3013 671 3150 728 talis
3171 677 3260 728 est
3289 672 3350 727 in
3384 672 3612 727 Psalmo
3639 689 3653 728 ι
3678 674 3880 729 Funda-

2235 767 2416 813 menta
2430 761 2546 829 ejus
2567 761 2625 814 in
2654 761 2924 816 montibus
2940 764 3147 816 sanctis
3162 777 3180 822 ;
3204 760 3399 831 diligit
3430 762 3688 816 Dominus
3709 770 3882 832 portas

2240 847 2367 902 Sion
2397 849 2565 919 (Psal.
2593 866 2815 917 LXXXVI,
2843 851 2986 922 1,2).
3011 850 3150 905 Inde
3182 851 3341 905 enim
3373 850 3646 906 Psalmus
3670 851 3881 922 incipit,

2241 952 2345 990 nec
2377 935 2589 1008 aliquid
2629 938 2696 992 de
2728 938 2827 992 illo
2857 937 2947 993 vel
2979 939 3048 993 de
3070 938 3170 993 illa
3201 938 3449 1001 dixerat.
3484 939 3653 1009 cujus
3684 939 3882 993 funda-

2241 1026 2696 1097 mentaintelligi
2712 1026 3529 1094 voluit,dicens,Fundamcnta
3550 1029 3664 1099 ejus
3676 1030 3731 1082 in
3751 1045 3885 1084 mon-

2239 1115 2388 1169 tibus
2403 1117 2622 1170 sanctis.
2647 1117 2752 1170 Sed
2775 1115 2911 1186 quia
2924 1116 3155 1187 sequitu
3165 1117 3413 1184 r,diligit
3434 1119 3702 1170 Dominus
3715 1125 3885 1188 portas

2241 1203 2410 1265 Sion;
2442 1220 2576 1276 ergo
2610 1205 2995 1260 fundamenta
3043 1204 3133 1260 vel
3168 1206 3398 1260 Domini
3435 1204 3521 1260 vel
3556 1205 3710 1275 Sion,
3739 1211 3793 1260 et
3819 1207 3885 1260 ad

2239 1292 2555 1348 faciliorem
2571 1310 2808 1348 sensum
2830 1294 3019 1365 magis
3039 1294 3272 1361 Sion,ut
3297 1295 3685 1350 fundamenta
3697 1294 3886 1350 civita-

2239 1381 2314 1436 tis
2337 1382 2720 1453 accipiantur.
2735 1383 2843 1437 Sed
2863 1383 3073 1454 quiain
3093 1382 3201 1438 hoc
3224 1383 3600 1454 pronomine,
3616 1384 3764 1455 quod
3784 1389 3884 1451 est,

2237 1472 2376 1542 ejus,
2411 1487 2595 1542 genus
2626 1471 2966 1543 ambiguum
2998 1472 3328 1543 est(omnis
3358 1472 3516 1527 enim
3551 1472 3779 1543 generis
3807 1476 3888 1528 est

2239 1559 2347 1614 hoc
2396 1577 2738 1631 pronomen,
2772 1561 2830 1616 id
2861 1566 2949 1616 est
2995 1565 3053 1616 et
3101 1559 3444 1628 masculini,
3479 1565 3536 1615 et
3583 1559 3804 1627 femini,
3835 1565 3888 1616 et

2239 1650 2472 1718 neutri),
2498 1649 2557 1704 in
2590 1665 2772 1721 graeco
2804 1655 2998 1705 autem
3032 1650 3088 1704 in
3119 1649 3404 1704 feminino
3437 1664 3652 1721 genere
3683 1648 3883 1704 dicitur

2235 1734 2424 1802 αὐτῆς,
2442 1736 2766 1791 masculino
2785 1741 2840 1791 et
2857 1740 3062 1791 neutro
3081 1733 3328 1805 αὐτοῦ,θί
3353 1736 3537 1792 habet
3561 1737 3740 1792 codex
3755 1752 3885 1808 grea-

2236 1839 2360 1894 cus,
2392 1822 2555 1876 αὐτοῦ
2582 1842 2595 1892 ;
2628 1826 2782 1897 cogit
2810 1823 3134 1895 intelligere
3164 1842 3281 1881 non
3317 1825 3708 1881 fundamenta
3735 1825 3880 1894 Sion,

2236 1913 2336 1968 sed
2372 1913 2753 1969 fundamenta
2783 1913 3034 1981 Domini,
3067 1913 3123 1968 id
3158 1919 3266 1982 est,
3305 1929 3439 1986 quas
3462 1915 3769 1970 constituit
3789 1919 3883 1969 Do-

2237 2001 2456 2067 minus,
2471 2002 2542 2056 de
2564 2019 2677 2073 quo
2693 2003 2914 2057 dictum
2937 2006 3047 2073 est,
3063 2002 3363 2072 AEdiﬁcan-s
3384 2003 3696 2059 Jerusalem
3712 2004 3884 2059 Domi-

2233 2108 2342 2145 nus
2373 2093 2542 2163 (Psal.
2575 2108 2759 2159 cxcvr,
2790 2093 2867 2162 2).
2891 2095 3006 2146 Nec
3037 2092 3168 2148 Sion
3202 2097 3427 2158 tamen,
3456 2109 3564 2147 nec
3591 2091 3882 2148 Dominum

2236 2184 2408 2236 antea
2430 2181 2853 2252 nominaverat,
2874 2198 3007 2236 cum
3035 2180 3271 2247 diceret,
3294 2181 3681 2236 Fundamenta
3702 2181 3810 2251 ejus
3830 2181 3883 2234 in

2235 2270 2852 2325 montibussanctis:sic
2874 2275 2928 2325 et
2953 2269 3045 2325 hic
3059 2271 3319 2325 nondum
3346 2270 3655 2325 nominato
3676 2269 3883 2324 infante

2237 2358 2458 2414 dictum
2491 2363 2598 2426 est,
2632 2360 2871 2414 occurrit
2897 2358 2965 2426 ei,
2999 2362 3049 2414 et
3080 2359 3362 2430 quaerebat
3391 2375 3518 2414 eum
3541 2357 3810 2418 occidere;
3832 2360 3883 2411 ut

2236 2448 2306 2503 de
2321 2464 2436 2518 quo
2450 2447 2744 2512 dixerit,in
2759 2447 3252 2518 consequentibus
3269 2463 3688 2519 agnoscamus.
3706 2447 3886 2511 Quan-

2238 2553 2414 2608 quam
2438 2536 2545 2592 etsi
2567 2537 2636 2591 de
2658 2537 2850 2608 Moyse
2867 2537 3131 2608 accipere
3153 2535 3473 2607 quisquam
3495 2535 3760 2602 voluerit,
3781 2551 3882 2590 non

2236 2630 2326 2680 est
2359 2642 2709 2696 magnopere
2741 2625 3150 2681 resistendum.
3185 2623 3333 2678 Illud
3369 2625 3570 2696 potius
3614 2625 3764 2696 quod
3797 2639 3881 2679 se-

2237 2715 2458 2783 quitur,
2493 2717 2540 2770 si
2589 2714 2713 2769 ﬁeri
2765 2717 2973 2785 potest,
3006 2712 3396 2786 intelligatur,
3431 2713 3571 2784 quid
3624 2714 3734 2768 sibi
3761 2711 3884 2767 velit

2238 2805 2364 2859 ideo
2399 2804 2705 2858 recessisse
2739 2803 3011 2875 angelum.
3044 2803 3114 2857 ab
3144 2802 3553 2857 interfectione
3582 2801 3882 2872 cujuslibet

2237 2909 2460 2962 eorum,
2487 2893 2625 2964 quia
2655 2893 2801 2946 dixit
2824 2892 3054 2960 mulier,
3077 2891 3240 2946 Stetit
3269 2893 3502 2962 sanguis
3526 2892 3882 2946 circumcisio-

2237 2984 2324 3037 nis
2353 2985 2610 3054 infantis.
2643 2981 2763 3036 Non
2818 2981 2973 3036 enim
3006 2981 3108 3050 ait,
3138 2980 3403 3037 Recessit
3435 2981 3508 3036 ab
3540 2997 3628 3048 eo,
3664 2982 3882 3052 prepter

2238 3073 2392 3142 quod
2427 3071 2796 3126 circumcidit
2820 3070 3256 3126 infantemzsed
3291 3071 3434 3142 quia
3465 3069 3625 3125 stetit
3655 3066 3881 3140 sanguis

2238 3161 2704 3216 circumeisionis
2731 3179 2742 3227 ;
2777 3177 2893 3215 non
2925 3160 3064 3231 quia
3085 3158 3364 3229 cucurrit,
3387 3160 3488 3216 sed
3515 3159 3654 3230 quia
3685 3157 3836 3213 stetit
3867 3172 3878 3210 :

2239 3266 2472 3321 magno,
2507 3249 2618 3304 nisi
2652 3248 2837 3315 fallor,
2873 3254 3261 3304 sacramento.

2307 3339 2423 3394 XII.
2458 3339 2564 3411 11b.
2599 3356 2674 3408 xv,
2697 3339 2813 3410 20.1
2837 3338 2998 3401 Quod
3033 3337 3306 3408 superius
3338 3337 3570 3393 dictum
3599 3339 3708 3401 est,
3740 3331 3876 3406 quod

2236 3432 2459 3500 Moyses
2482 3444 2717 3482 uxorem
2745 3431 2801 3482 et
2831 3427 3084 3482 infantes
3111 3443 3252 3482 suos
3282 3425 3574 3496 imposuit
3594 3421 3878 3487 vehiculis,

2238 3523 2302 3572 ut
2323 3534 2455 3572 cum
2471 3516 2554 3572 eis
2578 3517 2632 3570 in
2649 3517 2960 3587 Egyptum
2986 3520 3486 3587 pergeret,postca
3502 3531 3637 3570 vero
3654 3511 3875 3568 Jothor‘

2235 3624 2399 3662 socer
2428 3605 2555 3676 ejus
2588 3605 2666 3660 illi
2701 3622 2833 3660 cum
2867 3605 2951 3660 eis
2985 3605 3258 3672 occurrit,
3280 3609 3667 3676 posteaquam
3699 3598 3881 3656 eduxit

2235 3695 2518 3768 populum
2551 3712 2618 3750 ex
2641 3695 2882 3766 [Egypto
2903 3694 3094 3766 (Exod.
3118 3711 3280 3761 xvm,
3306 3695 3464 3766 1—5);
3500 3691 3678 3764 quaeri
3707 3689 3879 3762 potest

2234 3786 2525 3856 quomodo
2541 3789 2858 3855 utrumque
2871 3783 3294 3839 sitverum.Sed
3313 3781 3760 3854 intelligendum
3775 3780 3873 3834 est.

2233 3878 2366 3946 post
2385 3873 2706 3946 illam,quae
2730 3874 2801 3928 ab
2824 3873 3031 3944 angelo
3055 3874 3250 3928 futura
3272 3869 3874 3939 erat,interfectionem

2233 3964 2413 4035 Moysi
2428 3964 2512 4019 vel
2528 3965 2582 4018 in
2595 3963 3090 4028 fantis,reversam
3108 3962 3287 4017 fuisse
3300 3978 3436 4016 cum
3453 3957 3725 4033 parvulis.
3742 3955 3872 4009 Nam

2232 4053 2472 4124 quidam
2507 4057 2859 4124 putaverunt
2884 4057 3122 4124 propter
3142 4051 3252 4106 hoc
3283 4051 3560 4122 angelum
3584 4043 3869 4108 terruisss,

2232 4159 2303 4197 ne
2325 4143 2393 4197 ad
2419 4142 2907 4211 impedimentum
2931 4139 3265 4207 ministerii,
3291 4141 3447 4211 quod
3477 4136 3750 4193 divinitus
3771 4132 3869 4186 im-

2231 4231 2485 4302 positum
2500 4235 2723 4303 Moyses
2736 4229 3285 4302 gerenat,femineus
3299 4245 3476 4284 sexus
3489 4225 3817 4283 eomitaretu
3828 4235 3866 4273 r.

2300 4321 2442 4375 XIII.
2464 4322 2622 4392 [Ib.v,
2637 4321 2657 4374 I
2673 4321 2775 4392 —3.1
2792 4319 3081 4383 Quaeritur
3097 4319 3390 4390 quomodo
3408 4315 3625 4390 populo
3641 4313 3871 4377 dicatur,

2229 4410 2384 4482 quod
2410 4410 2710 4464 mandavit
2732 4413 2883 4463 Deus
2905 4409 3225 4478 ejecturum
3257 4424 3318 4462 se
3341 4423 3441 4463 eos
3466 4407 3535 4461 de
3555 4404 3787 4476 {Egypto
3817 4396 3868 4451 in

2227 4502 2439 4554 terram
2456 4497 3044 4565 Chanaan;Pharaoni
3062 4499 3262 4552 autem
3281 4491 3694 4565 dicatur,quod
3706 4488 3868 4544 trium

2227 4588 2452 4642 dierum
2479 4588 2588 4642 iter
2607 4586 2764 4642 exire
2789 4585 3003 4640 vellent
3033 4585 3090 4639 in
3115 4585 3414 4640 desertum
3441 4578 3737 4639 immolare
3764 4579 3863 4630 Deo

2227 4693 2332 4731 suo
2364 4694 2429 4730 ex
2463 4676 2737 4730 mandato
2762 4675 2907 4746 ejus.
2927 4675 3035 4729 Sed
3059 4672 3509 4745 intelligendum
3539 4675 3645 4737 est,
3670 4679 3862 4738 quam-

2227 4764 2312 4819 vis
2347 4771 2495 4820 Deus
2544 4765 2719 4820 sciret
2752 4763 2887 4835 quid
2923 4769 3078 4819 esset
3110 4764 3392 4829 facturus,
3425 4758 3695 4834 quoniam
3726 4769 3854 4825 prte-

2227 4853 2444 4909 sciebal
2484 4871 2594 4909 non
2629 4869 3055 4909 consensurum
3090 4852 3450 4907 Pharaonem
3485 4850 3553 4906 ad
3588 4841 3850 4920 populum

2229 4942 2669 5007 dimittendum,
2694 4941 2838 4996 illud
2874 4941 3062 5013 primo
3085 4940 3305 4995 dictum
3331 4955 3480 5004 esse,
3513 4934 3661 5011 quod
3693 4930 3849 4988 etiam

2229 5031 2502 5103 primitus
2530 5032 2712 5098 fieret,
2732 5031 2780 5086 si
2804 5029 2898 5084 ille
2929 5029 3273 5084 dimitteret.
3293 5029 3362 5084 Ut
3389 5028 3543 5082 enim
3565 5024 3646 5080 sic
3670 5018 3855 5075 tierent

2228 5121 2426 5175 omnia
2459 5120 2959 5192 quemadmodum
2995 5135 3360 5189 consequens
3380 5117 3671 5188 Scriptura
3693 5109 3852 5164 testa-

2227 5217 2341 5279 tur,
2362 5210 2684 5264 Pharaonis
2704 5207 3074 5264 contumacia
3094 5206 3306 5261 meruit
3326 5211 3382 5262 et
3402 5219 3656 5262 suorum.
3679 5197 3855 5262 Neque

2226 5299 2378 5353 enim
2408 5299 2767 5354 mendaciter
2785 5302 2934 5352 Deus
2955 5298 3126 5368 jubet
3143 5296 3296 5368 quod
3318 5295 3428 5350 scit
3452 5310 3562 5350 non
3586 5291 3850 5345 facturum

2225 5389 2319 5442 cui
2344 5389 2602 5456 jubetur,
2630 5393 2694 5442 ut
2715 5388 2948 5457 justum
2974 5385 3266 5457 judicium
3297 5383 3699 5454 consequatur.

2296 5477 2435 5531 XIV.
2473 5478 2578 5549 ιιι).
2611 5494 2664 5544 v,
2696 5456 2786 5543 22,
2814 5478 2927 5548 23.[
2976 5456 3167 5530 Verba
3196 5491 3323 5546 quis
3371 5471 3511 5528 dicit
3551 5469 3763 5549 Moyses,
3785 5456 3848 5512 ad

2229 5548 2558 5635 Dominum,
2576 5568 2754 5634 Quare
2767 5565 3030 5636 afﬂixisti
3049 5565 3313 5636 populum
3330 5563 3477 5618 hunc
3493 5561 3578 5615 ?et
3591 5548 3848 5625 utquidme

2289 5784 2304 5818 ί
2339 5783 2400 5832 In
2436 5780 2611 5841 editis,
2641 5780 2838 5835 Jethro.
2875 5782 2942 5834 At
2974 5781 3029 5830 in
3062 5781 3191 5832 Mss.
3223 5780 3301 5830 uti
3343 5777 3484 5842 apud
3513 5771 3644 5830 LXX,
3669 5761 3827 5814 Jothor
