4098 6184
284 376 399 447 617

283 534 443 574 crum
460 516 701 587 fuit,nec
715 516 1193 574 arcatestamenti
1211 519 1325 588 iam
1345 519 1528 575 fuerat
1549 519 1932 575 instituta.An

1646 376 1878 446 LIBER
1922 374 2355 447 SECUNDUS.

3580 390 3702 457 618

2046 518 2147 573 ubi
2177 518 2291 575 tale
2324 518 2588 590 aliquid;
2642 534 2759 573 non
2814 514 2946 587 fuit,
2979 534 3289 592 quousque
3338 522 3599 579 venirent
3629 527 3701 580 ad

284 608 426 663 forte
458 606 589 662 ideo
621 608 693 662 de
724 607 919 663 futuro
951 608 1115 678 dixit,
1138 624 1385 680 repones,
1415 616 1477 663 ut
1508 608 1934 680 intelligeretur
2044 606 2172 663 loca
2203 624 2339 679 qua,
2373 607 2739 664 colebantur.
2766 607 2984 663 Verum
3018 608 3114 665 ille
3136 627 3347 665 sensus
3379 617 3466 666 est
3497 613 3703 683 proba-

282 702 419 753 tunc
433 696 758 752 anteDeum
772 714 944 768 posse
956 698 1418 769 reponi,quando
1434 699 1629 753 futura
1641 696 1936 753 eratarca‘?

284 804 352 842 an
382 787 603 858 potius,
626 792 755 842 ante
774 788 963 857 Deum,
994 788 1215 843 dictum
1240 790 1497 861 estquod
1525 792 1588 844 lit
1609 789 1738 861 ipsa
1758 788 1934 844 devo-

282 876 440 931 tione
473 877 777 948 olt‘erendi,
798 877 856 934 in
890 894 1262 949 quocumque
1284 878 1411 934 loco
1444 876 1805 950 poneretur?
1836 876 1938 932 ubi

281 964 439 1019 enim
459 982 577 1020 non
599 970 689 1021 est
707 970 893 1021 Deus?
922 966 1027 1021 Sed
1053 965 1197 1021 illud
1217 969 1370 1037 quod
1392 967 1680 1038 adjungit,
1700 967 1762 1021 Et
1782 981 1938 1037 repo-

280 1055 396 1109 suit
411 1054 597 1110 Aaron
615 1063 743 1110 ante
757 1057 1135 1111 testimonium
1152 1056 1224 1110 ad
1246 1057 1657 1126 reservandum,
1685 1055 1939 1127 priorem

283 1143 478 1214 magis
512 1160 752 1199 sensum
805 1143 1036 1200 asserit.
1070 1144 1187 1201 Hoc
1235 1145 1391 1200 enim
1442 1146 1613 1201 modo
1643 1143 1942 1215 Scriptura

283 1232 431 1286 dixit
463 1249 567 1304 per
613 1233 955 1305 prolepsim,
990 1234 1143 1306 quod
1178 1238 1377 1306 postea
1408 1234 1627 1291 factum
1665 1236 1773 1299 est,
1808 1250 1940 1289 cum

285 1336 415 1375 esse
451 1320 629 1392 coepit
657 1321 1105 1377 tabernaculum
1138 1323 1476 1379 testimonii.

358 1454 524 1509 LXII.
552 1455 658 1525 [1b.
674 1472 789 1521 xvx,
804 1457 917 1527 35.]
939 1459 1076 1512 Filii
1096 1463 1281 1512 autem
1299 1458 1467 1513 Israel
1490 1458 1719 1513 ederunt
1739 1475 1947 1514 manna

283 1546 454 1597 annis
478 1545 864 1615 quadraginta,
889 1546 1235 1617 quoadusque
1256 1550 1503 1603 venirent
1526 1549 1583 1601 in
1606 1556 1805 1603 terram
1824 1564 1945 1620 quae

286 1632 662 1686 inliabitatur.
672 1633 872 1688 Manna
884 1634 1115 1689 ederunt
1128 1637 1474 1706 quoadusque
1484 1638 1801 1691 venirentin
1812 1652 1945 1707 par-

285 1732 391 1775 tem
408 1720 707 1777 Phoenicis.
721 1723 1387 1794 SigniﬁcavitScriptura
1406 1741 1505 1796 per
1526 1725 1864 1797 prolepsim,
1885 1724 1942 1779 id

284 1815 396 1875 est,
433 1809 546 1864 hoc
578 1809 702 1865 loco
724 1814 1239 1867 commemorando
1258 1814 1412 1883 quod
1443 1815 1619 1869 etiam
1644 1819 1845 1885 postea
1869 1813 1950 1869 fa-

285 1904 453 1953 ctum
478 1904 711 1965 est,non
727 1900 917 1955 edisse
939 1900 1089 1956 ﬁlios
1114 1901 1282 1956 Israel
1301 1902 1563 1957 ineremo
1579 1904 1690 1958 nisi
1708 1919 1943 1958 manna.

285 1992 409 2042 Hoc
438 1993 529 2043 est
548 1990 704 2043 enim
728 1990 880 2059 quod
899 1989 998 2057 ait,
1022 2007 1192 2060 usque
1207 1990 1282 2045 ad
1298 2000 1507 2047 terram
1527 2007 1652 2062 qua:
1671 1991 1952 2047 inhabita-

286 2076 469 2145 lur,id
494 2078 867 2149 est,quaajam
886 2095 997 2133 non
1013 2085 1103 2134 est
1122 2095 1496 2134 eramusznon
1513 2080 1648 2151 quia
1670 2081 1949 2137 continuo

290 2172 355 2219 ut
386 2171 678 2221 venerunt
696 2167 767 2220 ad
795 2172 1007 2221 terram
1032 2168 1411 2223 habitabilem
1432 2170 1780 2225 destiterunt
1800 2170 1950 2225 vesci

287 2270 538 2318 manna,
556 2255 657 2307 sed
678 2255 944 2325 quianon
968 2261 1120 2309 ante.
1136 2256 1401 2324 Trajecto
1422 2257 1577 2312 enim
1600 2258 1852 2313 Jordane
1874 2258 1950 2313 si-

286 2343 613 2415 gniﬁcatur
629 2359 843 2397 manna
857 2344 1249 2408 cessasse,ubi
1264 2362 1443 2417 panes
1461 2350 1622 2401 terrae
1638 2348 1953 2403 manduca-

287 2432 761 2502 verunt:quando
774 2448 907 2503 ergo
920 2433 1167 2503 ingressi
1183 2438 1320 2488 sunt
1335 2435 1701 2491 habitabilem
1717 2444 1949 2503 terram,

289 2526 616 2591 antequam
650 2521 972 2576 transirent
998 2522 1339 2592 Jordanem,
1360 2523 1449 2578 vel
1476 2530 1703 2580 tantum
1736 2543 1953 2581 manna

288 2608 575 2673 vesci,vel
604 2616 851 2681 utroque
872 2610 999 2665 cibo
1026 2616 1341 2682 potuerunt
1365 2630 1378 2679 ;
1411 2612 1520 2667 hoc
1545 2614 1762 2687 quippe
1788 2614 1953 2671 intel-

289 2697 395 2769 ligi
428 2702 641 2769 potest,
671 2700 905 2768 quando
934 2715 1198 2755 cessasse
1219 2716 1437 2756 manna
1458 2718 1572 2756 non
1605 2702 1817 2757 dicitur
1840 2703 1953 2759 nisi

287 2786 554 2841 Jordane
569 2787 1155 2855 trajectoljurautem
1181 2788 1237 2843 in
1255 2787 1355 2844 illa
1367 2789 1548 2844 eremi
1569 2790 1950 2861 inopiaetiam

291 2891 507 2930 carnes
536 2875 1015 2945 desideraverint,
1038 2878 1270 2947 quando
1294 2878 1365 2932 de
1394 2878 1638 2950 (Egypto
1671 2896 1803 2933 cum
1830 2880 1953 2935 suis

289 2964 468 3019 valde
489 2963 692 3018 multis
710 2965 1017 3035 pecoribus
1035 2966 1320 3031 exierunt,
1337 2983 1552 3039 magna
1578 2967 1822 3037 quaestio
1841 2974 1952 3024 est.

292 3053 415 3107 Nisi
436 3053 583 3107 forte
598 3052 847 3122 dicatur,
869 3070 1001 3107 cum
1022 3070 1123 3125 per
1138 3069 1399 3110 eremum
1422 3072 1639 3127 pascua
1658 3061 1822 3111 tanta
1838 3074 1951 3113 non

290 3147 518 3207 essent,
552 3146 609 3196 et
639 3156 708 3195 ex
737 3157 803 3196 eo
837 3145 1028 3197 minor
1058 3144 1257 3199 futura
1302 3145 1600 3200 videretur
1632 3146 1955 3202 fecunditas

291 3246 600 3302 pecorum,
621 3230 947 3302 perpecisse
968 3231 1099 3286 illos
1118 3235 1443 3302 pecoribus,
1471 3250 1541 3288 ne
1563 3236 1839 3291 omnibus
1861 3236 1956 3290 de-

290 3319 839 3384 ﬁcientibus,etiam
857 3319 1161 3374 sacriﬁciis
1178 3322 1955 3391 necessariadefuissent,vel

288 3410 338 3463 si
374 3408 519 3479 quid
557 3406 713 3462 aliud
731 3408 845 3463 diei
870 3414 1079 3480 potest,
1100 3410 1255 3465 unde
1276 3411 1520 3480 quaestio
1543 3412 1655 3467 ista
1675 3412 1951 3469 solvatur.

289 3496 731 3568 Congruentius
750 3502 945 3551 tamen
969 3498 1227 3553 creditur
1247 3516 1474 3553 noneos
1496 3515 1700 3555 carnes
1723 3502 1955 3557 deside-

296 3602 486 3651 rasse,
522 3601 669 3655 quas
703 3585 775 3639 de
808 3586 1110 3655 pecoribus
1142 3586 1354 3642 habere
1384 3592 1688 3659 poterant;
1723 3590 1823 3644 sed
1856 3605 1955 3646 eas

291 3690 426 3745 quae
459 3673 725 3738 deerant,
749 3689 818 3728 ex
847 3674 1017 3745 aquis
1040 3674 1326 3730 videlicet.
1353 3676 1514 3746 Ipsas
1537 3676 1754 3748 quippe
1775 3678 1833 3732 in
1855 3677 1957 3734 illa

296 3780 503 3818 eremo
537 3779 652 3817 non
697 3761 1070 3818 inveniebant
1103 3779 1116 3818 :
1152 3764 1307 3819 unde
1336 3770 1392 3819 et
1420 3764 1538 3820 illis
1568 3772 1957 3838 ortygometra

285 3853 429 3907 data
448 3855 563 3919 est,
590 3850 646 3906 id
677 3856 1105 3924 est,aves,quas
1131 3853 1459 3910 coturnices
1478 3854 1650 3909 multi
1672 3854 1850 3912 latine
1873 3856 1955 3917 in.

288 3940 602 4013 terpretati
634 3945 791 4009 sunt,
817 3957 948 3997 cum
981 3941 1058 3998 sit
1089 3941 1247 3997 aliud
1279 3959 1466 4015 genus
1497 3944 1691 4000 avium
1720 3951 1953 4017 ortygo-

286 4035 505 4097 metra,
529 4030 798 4100 quamvis
819 4031 1223 4088 coturnicibus
1245 4048 1358 4088 non
1390 4049 1811 4105 usquequaque
1833 4034 1951 4090 dis-

285 4118 508 4175 simile.
533 4118 783 4175 Noverat
812 4121 969 4176 enim
993 4120 1148 4177 Deus
1170 4122 1310 4194 quid
1331 4123 1754 4194 desiderarent,
1776 4127 1834 4180 et
1854 4125 1953 4179 de-

288 4208 584 4264 siderium
603 4224 804 4265 eorum
821 4226 936 4281 quo
958 4210 1150 4265 carnis
1171 4226 1383 4283 genere
1400 4210 1662 4268 satiaret.
1685 4212 1794 4268 Sed
1816 4212 1957 4284 quia

287 4298 602 4370 Scriptura
649 4298 1057 4370 concupivisse
1114 4299 1243 4356 illos
1301 4316 1505 4357 carnes
1561 4300 1803 4371 dixerat,
1853 4316 1959 4357 nec

290 4391 671 4460 expresserat
689 4387 1401 4458 cujusmodicarnes,ideo
1422 4390 1665 4461 quaestio
1688 4390 1959 4446 factaest.

370 4520 569 4576 LXIII.
595 4521 704 4592 [Ih.
734 4538 849 4588 x11,
870 4522 986 4592 35.]
1016 4523 1217 4579 Manna
1238 4522 1469 4578 ederunt
1496 4524 1845 4596 quoadusque
1870 4540 1966 4581 ve-

296 4612 493 4665 nirent
526 4612 586 4665 in
613 4619 834 4680 partem
865 4611 1152 4666 Phcenicis.
1183 4615 1313 4667 Jam
1346 4611 1590 4680 dixerat,
1621 4614 1968 4685 quoadusque

301 4702 558 4755 venirent
579 4699 658 4753 ad
672 4702 877 4753 terram
896 4716 1016 4769 qum
1034 4698 1383 4755 inhabitatur
1401 4716 1422 4761 ;
1454 4701 1552 4754 sed
1580 4703 1717 4772 quia
1739 4720 1855 4758 non
1877 4719 1968 4758 ex-

306 4792 609 4859 presserat
640 4788 872 4859 proprie
893 4803 1066 4858 quam
1099 4789 1337 4855 diceret,
1369 4790 1713 4860 repetitione
1740 4791 1971 4847 videtur

306 4876 633 4947 quamdam
652 4875 1062 4946 proprietatem
1082 4878 1735 4947 expressisse,dicendo,
1762 4882 1819 4934 in
1839 4898 1969 4952 par-

306 4971 424 5019 tem
454 4964 753 5019 Phoenicis.
780 4966 885 5019 Sed
912 4970 1051 5019 tunc
1075 4964 1235 5019 illam
1258 4970 1472 5021 terram
1507 4967 1591 5021 sic
1613 4970 1969 5025 credendum

306 5060 399 5109 est
420 5053 814 5125 appellatam;
842 5054 1013 5109 modo
1028 5054 1184 5109 enim
1208 5055 1316 5109 hoc
1331 5072 1444 5110 non
1457 5058 1968 5114 vocaturnomine.

306 5142 437 5197 Alia
461 5142 680 5213 quippe
702 5147 793 5196 est
815 5159 938 5213 quae
958 5142 1221 5199 Phoenice
1239 5144 1567 5215 appellatur
1589 5148 1745 5217 regio
1761 5146 1894 5219 Tyri
1915 5153 1973 5203 et

308 5230 571 5297 Sidonis,
604 5246 723 5301 qua
747 5229 876 5285 illos
908 5232 1191 5287 transisse
1221 5248 1337 5286 non
1367 5231 1600 5303 legitur.
1625 5236 1969 5305 Quanquam

312 5320 619 5390 Scriptura
642 5318 892 5375 fortasse
906 5320 1165 5391 potuerit
1184 5324 1398 5376 terram
1415 5320 1703 5376 Phoenicis
1716 5323 1973 5393 appella-

317 5424 401 5473 re,
434 5408 533 5463 ubi
570 5406 904 5480 palmarum
936 5410 1176 5465 arbores
1201 5410 1328 5480 jam
1360 5424 1488 5465 esse
1520 5418 1816 5482 coeperant
1844 5417 1978 5484 post

317 5498 499 5552 eremi
512 5496 847 5553 vastitatem
870 5514 884 5566 ;
914 5498 1194 5569 quoniam
1210 5497 1408 5571 palma
1427 5514 1611 5572 graece
1624 5498 1707 5555 sic
1722 5500 1977 5572 appella-

321 5591 435 5641 tur.
462 5586 637 5642 Initio
659 5586 816 5641 enim
842 5587 1219 5659 profectionis
1251 5605 1369 5644 sua:
1390 5588 1739 5645 invenerunt
1760 5589 1976 5659 locum,

324 5674 419 5730 ubi
441 5674 825 5748 septuaginta
848 5674 1180 5748 palmarum
1212 5680 1448 5734 arbores
1478 5677 1728 5747 fuerant,
1757 5683 1813 5735 et
1831 5679 1975 5736 duo-

324 5764 512 5823 decim
535 5764 728 5823 fontes
744 5780 758 5821 :
774 5765 873 5821 sed
889 5770 1091 5839 postea
1104 5782 1202 5823 eos
1218 5766 1443 5840 excepit
1463 5767 1640 5824 eremi
1657 5766 1977 5841 prolixitas,

648 5892 915 5956 PATROL.
962 5893 1236 5959 XXXIV.

2047 696 2240 762 bilior,
2274 701 2336 751 ut
2369 697 2680 752 credamus
2711 697 2793 752 sic
2824 697 3177 769 appellatam
3211 704 3350 754 tunc
3380 700 3562 757 fuisse
3594 706 3705 757 ter-

2049 800 2197 841 ram.
2231 785 2552 842 Multarum
2601 786 2756 841 enim
2810 792 3099 842 terrarum
3150 792 3208 843 et
3237 787 3522 855 locorum,
3556 790 3711 845 sicut

2051 873 2364 929 ﬂuminum
2400 880 2456 929 et
2506 875 2769 944 urbium,
2807 876 3051 930 nomina
3098 876 3273 932 certis
3324 878 3713 933 existentibus

2050 962 2245 1017 causis
2275 962 2621 1034 antiquitate
2650 970 2877 1019 mutata
2906 970 3062 1020 sunt.

2124 1050 2310 1106 LXIV.
2346 1052 2452 1121 [1b.
2486 1068 2625 1117 xvu,
2654 1052 2737 1124 5.]
2767 1054 2833 1106 Et
2887 1052 3031 1109 dixit
3062 1055 3327 1111 Dominus
3374 1055 3448 1109 ad
3475 1056 3712 1133 Moysen.

2050 1139 2323 1196 Antecede
2346 1142 2657 1213 populum;
2688 1158 2849 1197 sume
2878 1148 3062 1197 autem
3096 1148 3277 1198 tecum
3306 1143 3380 1198 de
3407 1146 3716 1199 senioribus

2048 1230 2279 1299 populi;
2309 1239 2360 1286 et
2385 1232 2599 1300 virgam
2620 1232 2680 1285 in
2701 1248 2810 1301 qua
2838 1234 3162 1302 percussisti
3189 1234 3412 1301 flumen,
3444 1235 3626 1303 accipe
3654 1235 3717 1289 in

2051 1334 2222 1372 manu
2254 1328 2363 1373 tua.
2399 1319 2642 1374 Flumen
2663 1321 2853 1375 Aaron
2878 1320 3113 1392 legitur,
3136 1339 3251 1376 non
3281 1324 3527 1392 Moyses,
3552 1322 3714 1392 virga

2054 1408 2439 1478 percussisse.
2460 1408 2603 1464 Nam
2638 1410 2863 1481 Moyses
2884 1410 3087 1465 eadem
3114 1411 3277 1481 virga
3300 1426 3464 1464 mare
3495 1409 3712 1479 divisit,

2056 1512 2172 1550 non
2205 1497 2422 1553 ﬂumen
2456 1515 2469 1553 :
2503 1498 2641 1569 quid
2676 1498 2790 1553 sibi
2821 1514 2957 1569 ergo
3004 1497 3153 1565 vult,
3189 1499 3381 1569 Accipe
3414 1499 3627 1566 virgam
3656 1500 3715 1552 in

2057 1600 2167 1656 qua
2196 1588 2513 1657 percussisti
2565 1586 2817 1656 ﬂumen?
2865 1589 2951 1641 An
3006 1586 3153 1642 forte
3196 1602 3357 1640 mare
3408 1586 3719 1657 appellavit

2058 1672 2324 1730 ﬂumen?
2362 1676 2745 1746 quaerendum
2797 1675 3127 1746 exemplum
3165 1674 3479 1730 locutionis
3515 1676 3718 1744 hujus,

2057 1761 2107 1818 si
2139 1761 2220 1818 ita
2249 1768 2358 1819 est.
2390 1765 2476 1819 An
2510 1764 2664 1835 quod
2688 1766 2879 1820 Aaron
2911 1764 3066 1829 fecit,
3095 1762 3277 1834 Moysi
3299 1763 3497 1834 potius
3533 1762 3721 1817 tribu—

2058 1856 2184 1906 tum
2218 1856 2325 1920 est,
2360 1852 2498 1923 quia
2523 1869 2627 1924 per
2657 1855 2891 1923 Moysen
2924 1852 3081 1907 Deus
3103 1852 3374 1922 jubebat,
3407 1869 3531 1922 qua:
3564 1852 3720 1906 face-

2060 1944 2147 1994 ret
2174 1942 2361 1996 Aaron
2391 1958 2405 2007 ;
2463 1945 2520 1996 et
2550 1940 2608 1995 in
2638 1945 2835 2013 Moyse
2890 1941 3229 2011 auctoritas,
3281 1941 3341 1997 in
3372 1939 3471 1995 illo
3522 1946 3718 1995 autem

2060 2027 2458 2084 ministerium
2507 2028 2619 2083 fuit
2653 2044 2667 2084 :
2701 2029 3181 2101 quandoquidem
3230 2034 3289 2084 et
3339 2028 3548 2100 primis
3598 2030 3720 2083 suis

2059 2118 2254 2173 verbis
2284 2118 2439 2173 Deus
2469 2117 2579 2173 hoc
2633 2117 2719 2172 illi
2750 2118 2832 2173 ait
2860 2118 2931 2173 de
2984 2119 3158 2173 fratre
3187 2134 3319 2184 suo,
3377 2120 3497 2173 Erit
3526 2118 3625 2173 tibi
3652 2116 3721 2170 ad

2058 2207 2342 2277 populum,
2375 2215 2434 2261 tu
2463 2207 2551 2262 illi
2580 2223 2700 2277 quae
2729 2206 2797 2261 ad
2826 2209 2999 2262 Deum
3026 2207 3218 2275 (Exod.
3253 2223 3330 2276 xv,
3367 2208 3452 2277 16)
3478 2206 3505 2265 ‘I

2137 2295 2293 2352 LXV.
2326 2296 2433 2367 [lb.
2466 2313 2603 2363 xvn,
2635 2297 2715 2366 9.]
2760 2298 2825 2351 Et
2853 2312 2971 2352 ecce
3012 2312 3110 2365 ego
3140 2301 3219 2351 sto
3266 2312 3432 2367 super
3458 2312 3720 2351 cacumen

2061 2386 2239 2451 collis,
2267 2388 2317 2440 et
2348 2387 2503 2457 virga
2526 2387 2623 2440 Dei
2653 2388 2712 2441 in
2742 2402 2915 2440 manu
2942 2402 3087 2453 mea,
3107 2386 3250 2441 dicit
3274 2387 3499 2457 Moyses
3523 2386 3592 2441 ad
3617 2386 3720 2440 Je-

2063 2491 2197 2529 sum
2228 2473 2403 2543 Nave,
2428 2490 2561 2529 cum
2594 2474 2932 2545 praeciperet
2953 2475 3199 2546 pugnari
3231 2474 3513 2529 adversus
3543 2476 3715 2529 Ama-

2062 2562 2211 2618 lech.
2227 2562 2394 2618 Nunc
2423 2580 2559 2636 ergo
2577 2564 2739 2634 virga
2755 2564 2855 2619 Dei
2878 2564 3113 2632 dicitur,
3135 2581 3261 2636 quas
3284 2565 3541 2636 primum
3566 2566 3721 2619 dicta

2062 2656 2152 2708 est
2182 2651 2349 2723 virga
2377 2655 2590 2717 Aaron,
2614 2658 2815 2723 postea
2843 2669 2977 2708 vero
3012 2652 3172 2722 virga
3199 2653 3379 2723 Moysi
3406 2669 3418 2707 :
3452 2652 3606 2708 sicut
3628 2654 3720 2706 di-

2064 2741 2219 2795 citur
2249 2740 2495 2812 spiritus
2527 2741 2659 2796 Elite
2692 2742 2791 2811 qui
2814 2746 2902 2798 est
2926 2740 3179 2812 Spiritus
3211 2740 3308 2795 Dei
3341 2742 3490 2811 (Luc.
3530 2758 3565 2807 ι,
3606 2741 3719 2809 17),

2064 2830 2236 2900 cujus
2261 2830 2550 2902 particeps
2573 2830 2762 2885 factus
2793 2836 2883 2885 est
2905 2830 3092 2897 Elias;
3130 2830 3213 2884 sic
3246 2828 3347 2885 illa
3368 2830 3559 2899 potuit
3582 2829 3719 2885 dici.

2067 2920 2289 2975 Dicitur
2319 2920 2494 2975 etiam
2526 2919 2625 2975 Dei
2649 2920 2907 2991 justitia,
2942 2938 3070 2991 qua:
3103 2924 3305 2975 nostra
3335 2924 3443 2987 est,
3491 2920 3589 2974 sed
3619 2921 3721 2973 do-

2066 3013 2203 3064 nata
2232 3026 2264 3063 a
2296 3012 2407 3063 Deo
2443 3025 2455 3062 :
2490 3009 2560 3063 de
2591 3025 2708 3079 qua
2740 3008 2986 3079 loquens
3007 3008 3595 3079 Apostolus,Judaeos
3627 3026 3717 3062 ar-

2065 3098 2193 3169 guit
2225 3098 2448 3165 dicens,
2478 3099 2800 3167 Ignorantes
2828 3099 2927 3153 Dei
2945 3099 3252 3169 justitiam,
3285 3102 3337 3153 et
3366 3113 3523 3152 suam
3553 3099 3715 3160 iusti-

2064 3189 2203 3242 tiam
2233 3187 2469 3242 volentes
2490 3189 2823 3243 constituere
2848 3187 3022 3257 (Rom.
3048 3204 3104 3253 x,
3128 3188 3205 3257 3),
3231 3186 3284 3241 id
3311 3190 3421 3257 est,
3446 3192 3721 3257 tanquam

2067 3293 2099 3331 a
2130 3292 2192 3331 se
2219 3275 2329 3330 sibi
2364 3280 2629 3346 paratam
2658 3300 2672 3343 ;
2706 3281 2908 3332 contra
2960 3276 3165 3347 quales
3212 3274 3373 3342 dicit,
3410 3275 3550 3343 Quid
3580 3278 3727 3331 enim

2066 3365 2232 3419 habes
2263 3365 2407 3435 quod
2436 3381 2547 3420 non
2575 3367 2835 3435 accepisti
2861 3366 2909 3436 (1
2940 3368 3063 3422 Cor.
3100 3381 3177 3433 ιν,
3210 3363 3317 3433 7)?

2141 3453 2325 3509 LXVI.
2354 3454 2457 3524 [1b.
2485 3470 2647 3519 xvm,
2676 3454 2784 3523 12.]
2814 3455 2963 3509 Venit
2982 3458 3166 3510 autem
3188 3464 3237 3509 et
3256 3456 3437 3508 Aaron
3460 3458 3513 3509 et
3540 3469 3725 3509 omnes

2064 3545 2305 3599 seniores
2337 3543 2510 3597 Israel
2555 3542 2889 3598 manducare
2935 3560 3140 3614 panem
3168 3559 3292 3598 cum
3338 3558 3520 3598 socero
3550 3543 3727 3614 Moysi

2065 3638 2197 3688 ante
2230 3632 2415 3700 Deum,
2440 3630 2549 3700 vel,
2572 3631 2727 3688 sicut
2742 3631 2840 3686 alii
2862 3632 3091 3688 codices
3113 3631 3354 3699 habent,
3375 3648 3560 3688 coram
3575 3633 3679 3687 Deo
3705 3649 3724 3693 ;

2068 3722 2221 3795 quod
2245 3736 2431 3792 graece
2446 3720 2728 3792 scriptum
2750 3724 2840 3776 est
2869 3717 3105 3774 ἐναντίον
3128 3724 3223 3774 τοῦ
3255 3724 3407 3776 Θεοῦ.
3429 3722 3716 3786 Quaaritur

2071 3810 2169 3865 ubi
2201 3815 2333 3865 ante
2354 3814 2561 3876 Deum,
2584 3810 2819 3880 quando
2850 3825 2955 3864 nec
2987 3808 3432 3865 tabernaculum
3454 3809 3584 3875 fuit,
3609 3824 3714 3863 nec

2070 3914 2204 3953 arca
2234 3897 2595 3967 testamenti,
2629 3914 2759 3968 qua)
2789 3907 2989 3967 postea
3026 3902 3166 3952 sunt
3196 3897 3484 3951 instituta.
3518 3897 3717 3966 Neque

2070 3986 2228 4042 enim
2259 3990 2315 4041 et
2347 3985 2441 4040 hie
2489 3986 2560 4039 de
2590 3986 2785 4040 futuro
2818 3985 3037 4040 dictum
3086 3984 3347 4056 accipere
3376 4000 3719 4055 possumus,

2071 4075 2225 4129 sicut
2272 4074 2495 4129 dictum
2547 4080 2635 4128 est
2665 4073 2735 4128 de
2785 4090 3002 4129 manna
3048 4072 3201 4145 quod
3251 4072 3507 4144 positum
3543 4076 3632 4127 est
3662 4073 3720 4126 in

2070 4180 2205 4219 vase
2236 4178 2412 4219 aureo
2461 4162 2693 4234 (Supra,
2723 4166 2915 4233 quwst.
2947 4163 3059 4232 61).
3093 4163 3242 4233 Ergo
3284 4166 3418 4217 ante
3448 4161 3632 4217 Deum
3667 4161 3722 4215 id

2072 4251 2332 4325 accipere
2380 4251 2664 4307 debemus
2714 4251 2955 4317 factum,
2988 4251 3145 4323 quod
3194 4251 3253 4306 in
3304 4250 3587 4307 honorem
3621 4250 3724 4306 Dei

2073 4342 2293 4397 factum
2323 4347 2411 4396 est
2443 4356 2456 4397 :
2490 4340 2592 4395 ubi
2623 4341 2780 4396 enim
2814 4356 2926 4394 non
2960 4339 3113 4395 Deus
3136 4340 3163 4394 ‘t

2144 4429 2353 4485 LXVII.
2388 4429 2494 4501 [1b.
2528 4445 2688 4495 xvm,
2721 4427 2833 4500 15.]
2876 4431 3101 4500 Moyses
3129 4444 3330 4485 socero
3360 4428 3505 4483 dixit
3539 4443 3551 4480 :
3586 4428 3726 4494 Quia

2074 4520 2220 4574 venit
2250 4519 2319 4573 ad
2340 4535 2425 4574 me
2441 4519 2672 4590 populus
2689 4519 2979 4588 inquirere
2985 4516 3275 4588 judicium
3294 4533 3327 4571 a
3345 4517 3478 4576 Deo;
3504 4531 3627 4570 cum
3648 4516 3726 4568 eis

2074 4610 2371 4677 contigerit
2388 4609 2733 4678 disceptatio,
2753 4616 2806 4661 et
2822 4608 3070 4661 venerint
3084 4606 3159 4659 ad
3181 4621 3289 4670 me,
3306 4606 3507 4676 judico
3531 4620 3729 4658 unum—

2077 4714 2360 4769 quemque,
2393 4700 2445 4753 et
2484 4712 2673 4752 moneo
2718 4712 2807 4751 eos
2831 4698 3116 4765 praecepta
3164 4695 3259 4748 Dei
3304 4697 3357 4747 et
3388 4692 3559 4761 legem
3588 4695 3728 4763 ejus.

2079 4787 2264 4851 Quaari
2303 4791 2489 4857 potest
2518 4785 2811 4855 quomodo
2832 4782 2947 4836 ista
2976 4784 3199 4853 Moyses
3230 4778 3460 4846 dixerit,
3485 4796 3619 4835 cum
3644 4780 3733 4835 lex

2081 4876 2179 4930 Dei
2210 4875 2400 4931 adhuc
2432 4874 2595 4928 nulla
2618 4871 2948 4942 conscripta
2977 4874 3134 4924 esset
3165 4885 3178 4923 :
3214 4868 3326 4924 nisi
3359 4868 3495 4939 quia
3522 4868 3613 4924 lex
3636 4869 3731 4923 Dei

2082 4965 2443 5035 sempiterna
2465 4967 2572 5028 est,
2590 4976 2767 5031 quam
2791 4958 3107 5014 consulunt
3130 4974 3335 5013 omnes
3357 4956 3463 5029 piae
3487 4962 3733 5020 mentes,

2085 5045 2319 5124 utquod
2345 5052 2403 5105 in
2430 5068 2497 5105 ea
2524 5047 2973 5110 invenerint,vel
3000 5046 3623 5116 faciant,ve1jubeant,
3646 5046 3734 5101 vel

2084 5147 2296 5207 vetent,
2340 5140 2666 5194 secundum
2720 5138 2873 5207 quod
2925 5137 3025 5191 illa
3080 5134 3545 5191 incommutabili
3588 5135 3735 5189 veri-

2084 5234 2201 5284 tate
2234 5230 2569 5300 prmceperit
2598 5230 2634 5283 ¹.
2690 5227 2981 5297 Numquid
3039 5226 3195 5281 enim
3246 5229 3491 5295 Moyses,
3523 5238 3735 5293 quam-

2085 5318 2170 5375 vis
2220 5334 2352 5373 cum
2402 5315 2501 5371 illo
2550 5321 2701 5370 Deus
2758 5314 3115 5386 loqueretur,
3173 5331 3276 5385 per
3334 5310 3567 5383 singula
3614 5327 3735 5365 cre-

2087 5408 2345 5465 dendum
2379 5412 2469 5462 est
2499 5406 2653 5477 quod
2700 5404 3004 5460 consulere
3035 5403 3247 5459 soleret
3275 5402 3482 5471 Deum,
3516 5400 3565 5456 si
3597 5400 3734 5471 quid

2156 5649 2357 5709 iEditi,
2407 5646 2682 5697 secundum
2734 5647 2869 5711 quod
2923 5642 3477 5711 illa_in_commuta_bili
3521 5640 3739 5691 veritate

2085 5708 2448 5780 perceperint:
2484 5715 2706 5780 excepta
2728 5708 2972 5780 editione
3020 5708 3413 5780 Batisponensi,
3451 5719 3568 5769 quae
3617 5716 3737 5752 cum

2088 5770 2286 5829 'nostr'is
2328 5774 2471 5836 Mss,
2506 5770 2684 5835 habet,
2715 5770 2873 5824 illa...
2898 5772 3213 5835 praeceperit.

3339 5884 3420 5945 20
