4098 6184
434 338 553 396 619

440 477 595 526 esset
627 469 686 524 in
741 471 1265 541 disceptationibus
1300 478 1472 525 tantae
1507 470 1925 539 multitudinis,
1961 487 2087 540 qua:

445 559 617 615 illum
647 560 704 614 in
723 560 1145 630 hocjudicandi
1166 561 1396 631 negotio
1418 579 1449 614 a
1470 577 1640 615 mane
1663 576 1848 632 usque
1872 560 1941 614 ad
1962 576 2088 614 ves-

447 665 646 721 peram
679 650 1025 705 detinebat?
1059 651 1125 704 Et
1153 655 1350 704 tamen
1383 652 1495 704 nisi
1526 668 1644 704 suae
1678 649 1858 704 menti
1886 647 2088 720 prazsi-

445 741 678 794 dentem
711 740 1024 794 Dominum
1060 739 1407 806 consuleret,
1432 744 1738 810 legemque
1769 741 1895 809 ejus
1927 744 2089 792 (cter-

445 845 582 883 nam
617 829 910 899 sapienter
957 831 1300 900 attenderel,
1334 829 1471 900 quid
1497 829 1900 898 justissimum
1929 827 2089 896 judi-

450 936 579 973 care
609 919 760 973 inter
787 918 1180 989 disceptantes
1211 924 1427 991 posset,
1464 937 1575 973 non
1608 918 1910 973 inveniret.

523 1053 754 1108 LXVIII.
789 1053 892 1123 [1b.
919 1070 1078 1122 xvni,
1116 1054 1205 1117 18,
1240 1055 1350 1121 19.)
1372 1054 1435 1109 In
1457 1071 1522 1108 eo
1555 1055 1706 1124 quod
1739 1051 1943 1107 Jethor
1963 1068 2092 1106 con-

444 1143 643 1199 silium
675 1143 772 1197 dat
801 1159 1013 1214 genere
1041 1160 1146 1198 suo
1178 1144 1376 1214 Moysi,
1407 1160 1476 1197 ne
1507 1148 1827 1213 occupatus
1849 1141 2092 1211 judiciis

441 1233 642 1304 populi
656 1237 711 1287 et
725 1233 846 1304 ipse
859 1237 914 1287 et
927 1232 1180 1304 populus
1193 1231 2093 1302 censumeretureonsumptione

442 1320 1019 1391 intolerabili;prima
1032 1321 1501 1391 quaestioest,cur
1519 1321 1623 1375 hoc
1639 1321 1790 1374 Deus
1805 1318 2091 1374 famulum

446 1427 621 1466 suum
655 1426 789 1464 cum
819 1426 934 1480 quo
984 1410 1108 1480 ipse
1138 1413 1301 1464 tanta
1332 1415 1388 1464 et
1435 1409 1573 1465 talia
1619 1408 1989 1478 loquebatur,
2021 1407 2092 1462 ab

447 1499 774 1571 alienigena
786 1515 997 1570 passus
1011 1500 1181 1554 estad
1193 1499 1434 1554 moneri.
1455 1499 1514 1553 In
1530 1514 1645 1568 quo
1667 1498 1966 1568 Scriptura
1989 1512 2094 1550 nos

448 1590 744 1656 admonet,
776 1606 878 1660 per
906 1587 1224 1658 quemlibet
1249 1588 1544 1643 hominem
1579 1589 1749 1642 detur
1779 1586 2092 1642 consilium

445 1679 727 1744 veritatis,
761 1695 875 1732 non
898 1678 1108 1733 debere
1131 1677 1447 1732 contemni.
1473 1677 1798 1732 Videndum
1825 1676 1999 1731 etiam
2023 1691 2095 1730 ne

447 1769 593 1823 torte
622 1767 702 1821 ibi
726 1768 972 1823 voluerit
995 1772 1144 1822 Deus
1167 1768 1238 1822 ab
1271 1768 1598 1838 alienigena
1620 1766 1918 1822 admoneri
1942 1769 2094 1836 Moy-

447 1874 570 1927 sen,
605 1857 703 1912 ubi
736 1861 792 1912 et
821 1857 1014 1928 ipsum
1038 1861 1235 1928 posset
1265 1862 1489 1912 tentare
1514 1856 1826 1927 superbia:
1859 1855 2098 1910 sedebat

448 1947 606 2002 enim
631 1945 947 2016 judiciaria
969 1945 1331 2001 sublimitate
1364 1946 1546 2010 solus,
1581 1947 1847 1999 universo
1879 1943 2094 2016 populo

447 2040 657 2092 stante.
692 2036 836 2090 Nam
863 2035 1020 2090 hunc
1049 2052 1288 2091 sensum
1322 2035 1559 2102 indicat,
1583 2052 1715 2089 cum
1750 2034 1874 2104 ipse
1895 2033 2098 2088 Jothor

450 2141 548 2180 eos
571 2123 895 2195 eligijussit
916 2125 986 2177 ad
1004 2123 1358 2192 judicandas
1380 2140 1586 2178 causas
1601 2122 1924 2194 populi,qui
1949 2121 2098 2176 odis-

451 2216 580 2267 sent
605 2211 963 2282 superbiam.
979 2211 1195 2266 Deinde
1212 2230 1245 2282 q
1258 2229 1389 2266 nam
1405 2212 1920 2267 sitobservandum
1945 2213 2095 2280 quod

456 2299 595 2355 alibi
627 2299 926 2370 Scriptura
948 2301 1107 2366 dicit,
1132 2300 1266 2370 Fili,
1293 2317 1358 2356 ne
1381 2304 1438 2355 in
1469 2302 1658 2356 multis
1688 2303 1799 2355 sint
1819 2311 1970 2355 actus
1993 2302 2095 2354 tui.

455 2389 642 2460 (Eecli.
677 2406 754 2454 x1,
789 2389 913 2458 10);
948 2390 1091 2444 satis
1139 2396 1196 2444 et
1243 2389 1335 2444 hic
1387 2395 1645 2460 apparet.
1680 2390 1898 2444 Deinde
1927 2389 2100 2444 verba

452 2478 660 2533 Jothor
689 2479 885 2534 dantis
915 2478 1224 2534 consilium
1251 2479 1433 2550 Moysi
1464 2479 1890 2534 consideranda
1919 2483 2094 2533 sunt:

453 2567 595 2622 dicit
623 2567 800 2635 enim,
833 2567 988 2622 Nunc
1033 2569 1218 2638 itaque
1257 2568 1390 2622 audi
1418 2584 1525 2633 me,
1555 2571 1607 2622 et
1637 2569 1930 2622 consilium
1961 2567 2098 2622 dabo

451 2657 570 2725 tibi,
603 2665 653 2713 et
681 2659 788 2711 erit
810 2659 951 2712 Deus
981 2666 1177 2712 tecum.
1209 2657 1311 2712 Ubi
1336 2657 1478 2711 mihi
1499 2657 1723 2712 videtur
1756 2656 2096 2728 signiﬁcari,

450 2745 627 2802 nimis
656 2747 945 2802 intentum
996 2746 1274 2802 humanis
1303 2746 1631 2802 actionibus
1664 2746 1950 2811 animum,
1984 2746 2099 2800 Deo

451 2836 885 2907 quodammodo
916 2835 1301 2906 vacuari,quo
1332 2836 1396 2890 ﬁt
1418 2839 1578 2890 tanto
1611 2836 1856 2906 plenior,
1883 2841 2100 2907 quanto

452 2925 511 2979 in
539 2941 796 2996 superna
826 2929 998 2990 atque
1030 2930 1244 2980 aeterna
1273 2924 1513 2980 liberius
1545 2925 1894 2980 extenditur.

526 3058 709 3113 LXIX.
754 3059 861 3128 [ιδ.
898 3075 1056 3124 xvm,
1093 3059 1176 3128 19,
1203 3059 1319 3128 20.]
1371 3059 1531 3124 Quod
1563 3075 1696 3114 vero
1749 3058 2018 3130 adjungit
2047 3063 2104 3114 et

456 3147 617 3215 dicit,
649 3150 770 3203 Esto
802 3157 864 3204 tu
901 3148 1106 3220 populo
1137 3165 1254 3220 qua:
1297 3147 1366 3201 ad
1398 3149 1589 3212 Deum.
1619 3157 1672 3202 et
1703 3151 1908 3218 re/eres
1937 3150 2103 3203 verba

455 3253 643 3293 eorum
671 3238 740 3293 ad
770 3239 941 3293 Deum
975 3257 992 3293 :
1024 3245 1073 3292 et
1121 3237 1405 3292 testalicris
1451 3237 1564 3291 illis
1610 3245 1879 3308 prwcepta
1929 3238 2025 3292 Dei
2054 3244 2106 3292 et

456 3327 628 3395 legem
657 3328 773 3398 ejus
791 3343 812 3388 ;
841 3325 1315 3382 etdemonstrabis
1345 3325 1460 3379 illis
1483 3327 1600 3380 vias
1622 3327 1679 3379 in
1701 3327 1901 3395 quibus
1917 3327 2105 3380 ambu-

458 3415 650 3470 labunt
683 3419 742 3470 in
757 3417 926 3485 eis,et
952 3431 1119 3486 opera
1140 3430 1264 3486 quae
1291 3417 1536 3484 facient;
1569 3431 1699 3468 cum
1735 3414 1947 3485 populo
1974 3415 2101 3469 uni-

454 3520 622 3558 verso
654 3503 774 3558 haec
805 3503 1031 3574 agenda
1060 3520 1184 3559 esse
1231 3503 1615 3558 demonstrat.
1648 3503 1770 3558 Non
1803 3503 1958 3559 enim
2002 3505 2102 3572 ait,

458 3591 932 3662 Uniuscujusque
978 3591 1154 3646 verba
1185 3592 1395 3645 referes
1444 3592 1513 3646 ad
1560 3596 1758 3655 Deum,
1809 3593 1909 3647 sed
1942 3596 2105 3648 verba

457 3697 668 3749 eorum,
701 3697 834 3735 cum
867 3697 1047 3751 supra
1093 3679 1355 3746 dixisset,
1403 3682 1529 3735 Esto
1559 3684 1619 3734 tu
1661 3683 1859 3751 popqu
1889 3699 2006 3752 quae
2036 3683 2107 3738 ad

457 3769 930 3826 Deumsunt.Post
952 3769 1069 3824 haec
1083 3769 1357 3823 admonet
1373 3784 1445 3823 ne
1458 3767 1825 3840 singulorum
1853 3771 2102 3842 negotia,

459 3877 584 3931 quae
613 3859 765 3914 inter
786 3876 846 3914 se
865 3859 1481 3926 habent,deserantur,
1499 3857 1694 3913 electis
1717 3858 1982 3915 videlicet
2004 3877 2104 3932 po-

457 3949 717 4005 tentibus
734 3948 871 4004 viris
890 3948 1072 4003 Deum
1101 3946 1449 4014 colentibus,
1471 3947 1742 4017 justis,'et
1759 3948 1853 4018 qui
1877 3950 2108 4005 oderint

457 4039 817 4112 superbiam,
839 4055 986 4109 quos
1006 4037 1326 4092 constituat
1344 4053 1520 4108 super
1539 4036 1827 4105 millenos,
1845 4037 1990 4093 alios
2013 4057 2107 4094 su-

457 4146 560 4201 per
581 4133 882 4192 centenos,
907 4125 1053 4182 alios
1077 4141 1254 4197 super
1279 4125 1739 4195 quinquagenos,
1763 4127 1908 4182 alios
1931 4144 2107 4199 super

457 4220 658 4273 denos.
690 4217 783 4272 Sic
813 4221 868 4271 et
899 4215 970 4270 ab
1004 4215 1131 4285 ipso
1154 4219 1345 4286 Moyse
1377 4215 1621 4268 removit
1651 4231 1854 4285 graves
1877 4224 1932 4270 et
1957 4217 2104 4287 peri-

455 4306 690 4362 culosas
706 4304 1136 4375 occupationes,
1154 4319 1258 4356 nec
1285 4303 1424 4358 istos
1437 4303 1714 4372 gravavit.
1732 4305 2012 4376 Quandoq
2024 4305 2105 4360 ui-

454 4397 586 4451 dem
621 4393 734 4466 ipsi
767 4392 925 4446 mille
948 4391 1231 4446 haberent
1260 4407 1442 4445 unum
1467 4408 1644 4460 super
1674 4408 1754 4458 se,
1779 4397 1834 4447 et
1865 4395 1972 4449 sub
2004 4395 2102 4452 illo

452 4485 735 4539 haberent
758 4480 904 4536 alios
933 4481 1222 4544 decem,et
1253 4479 1362 4534 sub
1385 4480 1468 4533 eis
1491 4479 1635 4534 alios
1666 4481 1890 4551 viginti,
1915 4488 1970 4537 et
1991 4485 2102 4539 sub

449 4574 541 4630 his
561 4572 707 4628 alios
730 4576 988 4636 centum,
1005 4573 1069 4624 ut
1092 4569 1185 4623 vix
1216 4567 1432 4640 aliquid
1458 4569 1524 4622 ad
1552 4568 1816 4639 singulos
1839 4588 2102 4644 quosque

446 4662 791 4736 praepositos
824 4660 1170 4733 perveniret,
1196 4658 1349 4730 quod
1375 4657 1643 4726 judicare
1675 4676 1904 4715 necesse
1927 4660 2098 4718 habe-

447 4759 593 4808 rent.
629 4753 970 4807 Insinuatur
1011 4750 1102 4804 hic
1155 4747 1329 4803 etiam
1364 4747 1715 4802 humilitatis
1745 4749 2095 4823 exemplum,

448 4842 602 4912 quod
636 4841 881 4911 Moyses,
906 4857 1038 4894 eum
1073 4855 1187 4909 quo
1212 4838 1562 4909 loquebatur
1593 4836 1766 4903 Deus,
1797 4855 1908 4893 non
1935 4840 2099 4895 fasti-

448 4930 609 4994 divit,
637 4943 824 4998 neque
846 4928 1197 4998 contempsit
1220 4926 1562 4997 alienigenae
1593 4927 1773 4980 soceri
1797 4928 1888 4982 sui
1915 4931 2098 4984 consi-

445 5018 615 5072 lium.
648 5017 992 5085 Quanquam
1025 5024 1082 5070 et
1116 5018 1238 5086 ipse
1268 5016 1492 5085 Jothor,
1518 5033 1652 5070 cum
1687 5015 1949 5072 Israelita
1981 5036 2093 5073 non

444 5105 676 5171 fuisset,
701 5108 897 5158 utrum
924 5104 1072 5158 inter
1093 5105 1243 5158 viros
1258 5104 1435 5158 Deum
1456 5120 1655 5159 verum
1687 5105 1938 5161 colentes
1957 5106 2093 5160 reli-

443 5196 724 5267 gioseque
745 5194 1035 5264 sapientes
1060 5193 1365 5247 habendus
1395 5193 1490 5259 sit,
1515 5196 2014 5264 quemadmodum
2038 5203 2094 5251 et

439 5283 568 5353 Job,
602 5300 736 5340 cum
769 5299 835 5338 cx
868 5282 993 5352 ipso
1021 5280 1233 5352 populo
1259 5297 1372 5333 non
1403 5281 1626 5348 fuisset,
1657 5283 1864 5337 merito
1887 5284 2093 5355 quieri-

438 5377 534 5426 tur
567 5389 580 5427 :
616 5373 733 5429 imo
767 5369 1104 5427 credibilius
1138 5369 1402 5423 habetur.
1428 5370 1710 5440 Ambigua
1743 5372 1958 5445 quippe
1990 5390 2090 5443 po-

435 5461 550 5517 sita
581 5467 722 5516 sunt
743 5460 937 5527 verba,
964 5457 1051 5513 vel
1082 5462 1279 5512 utrum
1300 5456 1710 5514 sacrificaverit
1730 5460 1845 5516 Deo
1877 5478 2008 5517 vero
2030 5461 2088 5517 in

433 5549 647 5621 pepulo
670 5552 818 5622 ejus,
835 5549 1071 5619 quando
1096 5546 1238 5602 vidit
1259 5562 1538 5617 generum
1563 5564 1757 5615 suum,
1779 5549 1865 5604 vel
1889 5555 2087 5606 utrum

433 5657 569 5696 eum
603 5641 930 5697 adoraverit
961 5639 1087 5711 ipse
1117 5638 1381 5709 Moyses:
1409 5653 1748 5708 quanquam
1782 5639 1852 5695 de
1876 5641 2085 5697 adora-

433 5731 589 5790 tione
619 5730 796 5788 etiam
835 5732 886 5787 si
917 5744 1188 5803 expresse
1220 5725 1478 5800 positum
1509 5732 1686 5799 esset,
1718 5727 1904 5788 honor
1930 5730 2084 5790 vide-

1177 337 1712 408 QUIESTIONUM
1765 341 1825 398 S.
1870 337 2292 398 AUGUS'I‘INI
2340 337 2416 396 IN
2464 339 3108 403 HEPTA'I‘EUCHUM
3203 367 3210 372 ·

3709 348 3816 406 6ἳο

2196 475 2360 524 retur
2389 488 2588 526 socero
2611 473 2893 541 redditus,
2909 491 2974 529 eo
2998 475 3170 530 modo
3193 492 3306 547 quo
3338 475 3484 532 solet
3500 476 3818 535 hominibus

2196 557 2649 616 honorificentia:
2689 579 2868 618 causa
2896 563 3155 618 exhiberi
3187 581 3222 619 a
3253 564 3556 634 Patribus;
3586 567 3733 622 sicut
3758 569 3820 623 de

2195 647 2488 704 Abraham
2520 650 2803 722 scriptum
2837 657 2949 723 est,
2979 653 3131 722 quod
3165 654 3491 710 adoraverit
3522 654 3666 712 ﬁlios
3695 657 3824 712 Chet

2196 740 2350 804 (Gen.
2385 741 2633 810 XXII',7).
2651 742 2805 804 Quos
2832 748 3026 797 autem
3051 743 3206 798 dicat
3236 751 3824 818 χραμματοεισαγωγεῐς

2199 831 2329 897 post
2346 828 2710 899 decuriones,
2731 848 2846 885 non
2873 830 3035 886 facile
3048 832 3182 887 sciri
3204 835 3707 906 potest;quoniam
3729 836 3825 891 hoc

2201 932 2410 971 nomen
2434 917 2492 971 in
2519 917 2679 973 nullo
2700 937 2811 975 usu
2836 921 3236 989 habemus,vel
3261 923 3695 990 0fﬁciorum,vel
3716 942 3824 981 ma-

2196 1005 2593 1075 gisteriorum.
2618 1008 2761 1065 Nam
2783 1009 3019 1080 quidam
3042 1011 3279 1067 doctores
3303 1012 3661 1084 interpretati
3683 1023 3825 1082 sunt,

2202 1099 2263 1147 ut
2283 1094 2686 1167 intelligantur
2704 1098 2904 1169 utique
2919 1099 3378 1173 litterarum,qui
3401 1101 3762 1158 introducant
3777 1105 3828 1158 in

2199 1183 2442 1254 litteras,
2472 1184 2625 1240 sicut
2657 1192 2888 1244 resonat
2907 1205 3161 1260 grmcum
3190 1191 3562 1247 vocabulum.
3584 1193 3684 1248 Hic
3705 1209 3831 1249 sane

2199 1272 2569 1343 signiﬁcatur
2600 1277 2754 1346 quod
2780 1281 2912 1333 ante
2938 1282 3146 1349 Legem
3178 1280 3374 1336 datam
3407 1280 3716 1337 habuerint
3733 1283 3831 1339 Ile-

2202 1361 2338 1415 brzni
2388 1361 2656 1420 litteras:
2691 1383 2820 1436 qua:
2865 1368 3098 1438 quando
3145 1369 3429 1440 coeperint
3473 1385 3622 1438 esse,
3653 1371 3833 1427 nescio

2201 1456 2401 1506 utrum
2433 1453 2622 1508 valeat
2670 1455 2958 1527 indagari.
2992 1456 3303 1513 Nonnullis
3352 1458 3509 1514 enim
3558 1459 3778 1516 videtur
3803 1477 3834 1516 ο.

2201 1540 2406 1611 primis
2438 1541 2779 1598 hominibus
2800 1561 2898 1600 eas
2929 1547 3196 1617 coepisse,
3213 1552 3270 1602 et
3293 1549 3606 1619 perductas
3626 1564 3748 1605 esse
3767 1551 3832 1605 ad

2201 1629 2338 1694 Noe,
2365 1635 2541 1700 atque
2571 1631 2705 1687 inde
2735 1634 2805 1688 ad
2838 1641 3106 1705 parentes
3126 1636 3468 1706 Abrahze,et
3498 1637 3633 1694 inde
3653 1639 3720 1694 ad
3744 1656 3833 1710 po-

2203 1717 2408 1789 pulum
2439 1720 2616 1775 Israel
2642 1737 2654 1775 :
2681 1723 2782 1784 sed
2816 1724 2971 1778 unde
3001 1724 3108 1780 hoc
3130 1725 3364 1796 probari
3394 1727 3603 1798 possit,
3625 1727 3833 1799 ignoro.

2272 1806 2425 1860 LXX.
2460 1809 2566 1875 [Ib.
2600 1825 2713 1877 xxx,
2750 1812 2918 1882 1-11.]
2949 1813 3147 1868 Mensis
3176 1818 3368 1870 autem
3399 1817 3554 1871 tertii
3579 1818 3753 1872 exitus
3776 1817 3833 1886 ﬁ-

2206 1893 2411 1950 liorum
2430 1898 2602 1952 Israel
2621 1898 2685 1954 de
2699 1908 2851 1954 terra
2874 1903 3106 1972 zEgypti
3124 1901 3234 1958 hac
3251 1903 3342 1960 die
3361 1911 3632 1960 venerunt
3652 1907 3709 1960 in
3729 1921 3837 1960 ere-

2201 2000 2355 2038 mum
2379 1985 2533 2056 Sina,
2561 1995 2611 2041 et
2623 1989 2859 2060 profecti
2872 1998 3001 2044 sunt
3015 2008 3087 2045 ex
3105 1992 3412 2063 Raphidin,
3436 2003 3487 2048 et
3506 2002 3767 2050 venerunt
3785 1995 3837 2049 in

2203 2089 2448 2128 eremum
2479 2075 2632 2142 Sina,
2653 2080 2704 2130 et
2733 2079 3003 2148 applicuit
3022 2080 3186 2135 Israel
3209 2081 3288 2135 ibi
3313 2085 3510 2138 contra
3529 2088 3777 2151 montem,
3794 2087 3840 2139 et

2204 2161 2404 2232 Mog/sis
2433 2165 2675 2218 ascendit
2705 2167 2764 2219 in
2794 2172 3033 2222 montem
3062 2170 3178 2234 Dei,
3201 2173 3255 2223 et
3274 2173 3491 2226 vocavit
3521 2189 3644 2227 eum
3668 2175 3837 2228 Domi-

2205 2267 2308 2304 nus
2335 2252 2404 2305 de
2431 2257 2611 2308 monte
2639 2253 2846 2324 dice-ns,
2884 2258 3002 2312 Hzec
3032 2257 3176 2313 dices
3204 2258 3395 2315 domui
3420 2262 3603 2330 Iacob,
3627 2267 3676 2317 et
3705 2279 3838 2316 nun-

2206 2341 2373 2395 tiubis
2405 2341 2546 2410 ﬁliis
2577 2345 2763 2411 Israel,
2790 2350 2845 2400 et
2875 2351 3097 2402 caetera.
3118 2347 3337 2403 Deinde
3360 2350 3539 2420 paulo
3566 2356 3728 2422 post:
3752 2352 3840 2406 De-

2203 2427 2418 2495 scende,
2445 2434 2494 2484 et
2513 2435 2709 2486 testare
2727 2434 3018 2504 pepulo,et
3044 2437 3282 2504 puriﬁed
3303 2437 3431 2492 illos
3461 2438 3623 2493 hodie
3639 2448 3690 2494 et
3709 2456 3840 2506 cras,

2205 2526 2256 2572 et
2285 2518 2465 2572 lavent
2494 2522 2839 2592 vestimenta,
2881 2531 2931 2577 et
2959 2525 3073 2577 sint
3099 2527 3294 2595 parati
3322 2527 3383 2580 in
3417 2527 3568 2582 diem
3610 2530 3840 2583 tertium.

2210 2607 2389 2661 Tertia
2417 2611 2564 2662 enim
2597 2611 2693 2664 die
2736 2610 3018 2668 descendet
3062 2616 3332 2670 Dominus
3362 2617 3428 2670 i-n
3457 2620 3690 2672 montem
3715 2621 3840 2675 Sina

2205 2711 2387 2750 coram
2418 2700 2575 2752 omni
2593 2699 2813 2770 papulo.
2838 2701 2956 2755 Hoc
2985 2701 3078 2756 die
3099 2703 3389 2773 reperitur
3420 2705 3556 2761 data
3583 2711 3707 2775 Lex,
3727 2723 3840 2778 quis

2208 2784 2264 2838 in
2286 2785 2500 2840 tabulis
2523 2785 2769 2858 lapideis
2796 2789 3013 2860 scripta
3031 2795 3119 2845 est
3135 2791 3319 2862 digito
3341 2792 3468 2862 Dei,
3485 2793 3636 2849 sicut
3660 2811 3842 2850 conse-

2209 2874 2446 2944 quentia
2477 2876 2686 2931 docent
2715 2877 2907 2946 (Exod.
2936 2895 3086 2945 xxxx,
3113 2881 3201 2950 18)
3245 2881 3376 2937 Dies
3397 2888 3594 2938 autem
3622 2884 3726 2938 iste
3744 2889 3841 2938 ter-

2209 2961 2326 3017 tius
2358 2966 2770 3034 apparettertii
2789 2969 3011 3023 mensis
3035 2970 3106 3024 ab
3123 2970 3279 3024 exitu
3307 2971 3489 3027 Israel
3512 2989 3579 3027 ex
3595 2973 3839 3045 lEgypto.

2208 3051 2288 3104 Ex
2321 3052 2412 3107 die
2433 3069 2569 3124 ergo
2593 3069 2708 3124 quo
2730 3056 2952 3112 Pascha
2975 3058 3255 3125 fecerunt,
3279 3059 3335 3114 id
3369 3065 3482 3132 est,
3507 3078 3716 3130 agnum
3743 3063 3841 3116 im-

2211 3139 2576 3197 molaverunt
2612 3149 2668 3198 et
2714 3144 2981 3211 ederunt,
3014 3147 3112 3217 qui
3159 3147 3272 3202 fuit
3301 3154 3552 3220 quartus
3597 3151 3844 3206 decimus

2211 3229 2383 3300 primi
2418 3231 2638 3288 mensis
2670 3234 2780 3302 (Id.
2813 3251 2913 3302 xu,
2939 3235 3040 3306 6.),
3075 3252 3262 3307 usque
3293 3238 3364 3292 ad
3399 3239 3581 3295 istum
3606 3257 3717 3311 quo
3747 3245 3843 3295 Lex

2211 3319 2400 3386 datur,
2421 3320 2546 3376 dies
2569 3321 3000 3394 quinquaginta
3021 3330 3414 3382 numerantur
3439 3345 3450 3384 :
3477 3333 3533 3384 et
3549 3333 3740 3385 decem
3762 3345 3842 3384 se-

2212 3412 2367 3476 ptem
2383 3408 2604 3464 scilicet
2617 3411 2790 3480 primi
2817 3413 3054 3480 mensis,
3070 3413 3278 3485 reliqui
3301 3415 3371 3470 ah
3386 3416 3400 3468 i
3410 3434 3515 3488 ps0
3539 3424 3739 3488 quarto
3755 3418 3843 3472 de-

2211 3496 2400 3563 cimo;
2435 3498 2642 3554 deinde
2673 3515 2876 3556 omnes
2902 3502 3157 3573 ,triginta
3205 3505 3449 3559 secundi
3483 3507 3721 3577 mensis,
3753 3505 3842 3578 qui

2214 3585 2362 3639 ﬁunt
2393 3588 2784 3660 quadraginta
2811 3594 3032 3661 septem
3061 3609 3074 3659 ;
3108 3596 3164 3647 et
3191 3593 3399 3649 tertius
3430 3595 3584 3650 tertii
3617 3595 3842 3660 mensis,

2214 3675 2312 3744 qui
2328 3680 2416 3729 est
2431 3693 2461 3730 a
2484 3675 2852 3734 solemnitate
2867 3678 3040 3735 occisi
3065 3681 3200 3752 agni
3225 3681 3444 3754 quinqu
3456 3685 3766 3757 agesimus.
3779 3686 3849 3738 Ae

2214 3779 2316 3834 per
2329 3763 2507 3818 hocin
2523 3765 2636 3820 ista
2649 3766 2860 3822 umbra
2873 3767 3408 3838 futuri,secundum
3428 3774 3564 3845 agni
3579 3771 3847 3828 immolati

2215 3852 2368 3907 diem
2402 3853 2638 3922 festum,
2663 3855 2816 3910 sicut
2835 3856 3327 3928 quinquagesimo
3352 3861 3447 3916 die
3472 3867 3583 3917 Lex
3606 3863 3736 3918 data
3751 3864 3847 3929 est,

2215 3958 2342 4011 quae
2375 3944 2707 4016 conscripta
2737 3949 2828 3999 est
2874 3945 3055 4016 digito
3087 3946 3188 4001 Dei
3224 3962 3238 4003 :
3271 3947 3353 4004 ita
3377 3948 3441 4005 in
3473 3951 3600 4023 ipsa
3629 3951 3848 4006 veritate

2212 4030 2353 4084 Novi
2377 4032 2734 4087 Testamenti
2757 4033 3847 4108 afestivitateagniimmaculatiChristi

2211 4119 2349 4174 Jesu
2375 4120 2793 4192 quinquaginta
2817 4121 2939 4177 dies
2963 4129 3365 4193 numerantur,
3384 4128 3706 4200 utSpiritus
3726 4143 3845 4183 san-

2213 4214 2340 4262 ctus
2367 4212 2379 4244 ¹
2416 4210 2486 4263 de
2517 4209 2822 4265 altissimis
2853 4211 3024 4267 datus
3047 4217 3136 4268 est
3165 4215 3298 4280 (Act.
3331 4232 3394 4284 II,
3424 4217 3479 4284 2,
3504 4219 3578 4289 li).
3603 4218 3844 4290 Digitum

2215 4297 2314 4352 Dei
2347 4304 2542 4354 autem
2594 4316 2722 4354 esse
2769 4299 3048 4372 Spiritum
3097 4307 3392 4375 sanctum,
3425 4311 3481 4360 et
3528 4323 3704 4378 supra
3729 4307 3844 4376 jam

2213 4386 2470 4442 diximus
2504 4392 2652 4444 teste
2683 4388 2990 4459 Evangelio
3021 4389 3241 4460 (Supra,
3261 4402 3449 4462 quast.
3479 4395 3593 4464 25.)

2289 4476 2470 4531 LXXI.
2505 4478 2607 4548 [1b.
2643 4494 2735 4543 xx,
2771 4479 2944 4548 1-17.]
2993 4479 3302 4549 Quaeritur,
3335 4481 3539 4538 decem
3577 4485 3846 4555 praecepta

2214 4566 2376 4635 Legis
2400 4567 2898 4636 quemadmodum
2920 4566 3231 4624 dividenda
3250 4568 3595 4628 sintzutrum
3611 4575 3844 4644 quatuor

2211 4653 2331 4708 sint
2356 4671 2540 4724 usque
2564 4655 2633 4708 ad
2658 4659 3009 4726 praeceptum
3033 4655 3104 4711 de
3126 4658 3394 4726 sabbato,
3418 4677 3546 4732 quas
3568 4663 3635 4718 ad
3662 4662 3839 4732 ipsum

2211 4745 2392 4799 Deum
2411 4743 2700 4814 pertinent
2715 4761 2728 4811 ;
2745 4761 2845 4798 sex
2857 4748 3053 4799 autem
3073 4745 3580 4820 reliqua,quorum
3600 4752 3836 4822 primum

2210 4839 2318 4898 est,
2343 4838 2566 4888 Honora
2584 4840 2802 4903 patrem
2819 4839 2870 4888 et
2889 4844 3146 4902 matrem,
3163 4851 3289 4907 quas
3314 4838 3384 4893 ad
3405 4837 3695 4895 hominem
3718 4853 3836 4909 par-

2211 4924 2396 4977 tinent
2430 4939 2441 4975 :
2477 4939 2549 4976 an
2582 4922 2777 4992 potius
2810 4921 2910 4976 illa
2942 4923 3053 4978 tria
3082 4924 3223 4990 sint,
3253 4930 3312 4980 et
3343 4925 3457 4983 ista
3483 4933 3716 5000 septem.
3740 4923 3834 4990 Qui

2207 5012 2361 5066 enim
2387 5011 2587 5065 dicunt
2607 5009 2709 5066 illa
2731 5016 2982 5081 quatuor
3003 5027 3150 5080 esse,
3167 5019 3443 5085 separant
3458 5018 3609 5087 quod
3631 5016 3832 5071 dictum

2207 5109 2316 5168 est,
2343 5105 2465 5157 Non
2497 5106 2657 5155 erunt
2689 5102 2794 5155 tibi
2810 5102 2892 5156 dii
2921 5103 3026 5156 alii
3050 5109 3249 5174 praeter
3275 5121 3364 5161 me
3382 5123 3402 5167 ;
3436 5113 3500 5162 ut
3529 5107 3682 5163 aliud
3708 5119 3833 5177 prea-

2205 5196 2435 5261 ceptum
2471 5190 2565 5259 sit,
2597 5191 2713 5245 Non
2743 5191 2913 5260 [acies
2942 5191 3045 5246 tibi
3071 5191 3300 5261 idolum,
3323 5199 3433 5250 etc.
3461 5196 3557 5251 ubi
3576 5196 3832 5268 ﬁgmenta

2204 5279 2446 5335 colenda
2469 5277 2878 5350 prohibentur.
2907 5277 3098 5335 Unum
3118 5286 3315 5337 autem
3337 5282 3538 5340 volunt
3561 5300 3700 5348 esse,
3721 5285 3828 5339 Non

2201 5371 2549 5440 concupisces
2581 5384 2808 5424 uxorem
2831 5371 3080 5440 proximi
3111 5373 3216 5440 tui,
3247 5371 3363 5430 Non
3393 5375 3724 5446 concupisces
3749 5369 3828 5424 de-

2266 5550 2282 5582 ι
2311 5545 2463 5607 Apud
2506 5546 2588 5594 Er.
2639 5547 2763 5594 Lov.
2816 5545 3058 5609 habetur,

3127 5547 3298 5614 eundo
3347 5551 3572 5614 Spiritus
3615 5549 3815 5600 sanctus.

2199 5611 2384 5659 Nonne
2416 5608 2604 5672 melius
2636 5609 2920 5672 legeretur,
2953 5608 3040 5658 et?

3113 5611 3304 5661 ulcitur
3346 5611 3461 5664 haec
3505 5617 3678 5664 nostra
3702 5624 3817 5660 con-

2193 5673 2399 5740 jectura
2430 5671 2595 5740 altero
2630 5671 2993 5740 St’Augustini
3021 5673 3153 5734 loco,
3190 5688 3386 5740 nempe
3417 5678 3580 5730 Serm.
3609 5678 3650 5739 8,
3677 5687 3725 5724 n.
3749 5675 3814 5734 13,

2201 5734 2278 5800 14,
2310 5736 2363 5785 iu
2389 5748 2496 5800 quo
2527 5734 2643 5786 haec
2669 5734 2786 5799 ipsa
2812 5739 3150 5799 repetuntur.
3213 5739 3284 5790 Μ.
