  <div class='ocr_page' id='page_1' title='image "/cluster/home/n/w/nwhite01/storage/ocr_20150623/34/hvd.32044096580576/324.png"; bbox 0 0 4098 6184; ppageno 0'>
   <div class='ocr_carea' id='block_1_1' title="bbox 233 300 353 363">
    <p class='ocr_par' dir='ltr' id='par_1_1' title="bbox 233 300 353 363">
     <span class='ocr_line' id='line_1_1' title="bbox 233 300 353 363; baseline -0.067 0"><span class='ocrx_word' id='word_1_1' title='bbox 233 300 353 363; x_wconf 86' lang='grc'>637</span> 
     </span>
    </p>
   </div>
   <div class='ocr_carea' id='block_1_2' title="bbox 234 433 1892 511">
    <p class='ocr_par' dir='ltr' id='par_1_2' title="bbox 234 433 1892 511">
     <span class='ocr_line' id='line_1_2' title="bbox 234 433 1892 511; baseline 0.001 -20"><span class='ocrx_word' id='word_1_2' title='bbox 234 436 513 504; x_wconf 81' lang='lat' dir='ltr'>chinos,et</span> <span class='ocrx_word' id='word_1_3' title='bbox 532 433 754 507; x_wconf 85' lang='lat' dir='ltr'>sculpes</span> <span class='ocrx_word' id='word_1_4' title='bbox 774 438 833 491; x_wconf 88' lang='lat' dir='ltr'>in</span> <span class='ocrx_word' id='word_1_5' title='bbox 844 439 924 493; x_wconf 85' lang='lat' dir='ltr'>eis</span> <span class='ocrx_word' id='word_1_6' title='bbox 944 440 1171 496; x_wconf 84' lang='lat' dir='ltr'>nomina</span> <span class='ocrx_word' id='word_1_7' title='bbox 1190 442 1628 511; x_wconf 85' lang='lat' dir='ltr'>ﬁliorum&#39;lsraet</span> <span class='ocrx_word' id='word_1_8' title='bbox 1639 457 1659 503; x_wconf 83' lang='lat'><strong><em>;</em></strong></span> <span class='ocrx_word' id='word_1_9' title='bbox 1681 455 1780 495; x_wconf 76' lang='lat' dir='ltr'>sex</span> <span class='ocrx_word' id='word_1_10' title='bbox 1799 454 1892 494; x_wconf 91' lang='lat' dir='ltr'>no-</span> 
     </span>
    </p>
   </div>
   <div class='ocr_carea' id='block_1_3' title="bbox 236 525 1893 601">
    <p class='ocr_par' dir='ltr' id='par_1_3' title="bbox 236 525 1893 601">
     <span class='ocr_line' id='line_1_3' title="bbox 236 525 1893 601; baseline 0.005 -23"><span class='ocrx_word' id='word_1_11' title='bbox 236 526 397 580; x_wconf 87' lang='lat' dir='ltr'>mina</span> <span class='ocrx_word' id='word_1_12' title='bbox 418 527 479 579; x_wconf 87' lang='lat' dir='ltr'>in</span> <span class='ocrx_word' id='word_1_13' title='bbox 504 525 689 596; x_wconf 78' lang='lat' dir='ltr'>lapide</span> <span class='ocrx_word' id='word_1_14' title='bbox 706 532 894 598; x_wconf 88' lang='lat' dir='ltr'>uno,et</span> <span class='ocrx_word' id='word_1_15' title='bbox 911 544 1006 583; x_wconf 73' lang='lat' dir='ltr'>sex</span> <span class='ocrx_word' id='word_1_16' title='bbox 1028 529 1257 601; x_wconf 89' lang='lat' dir='ltr'>reliqua</span> <span class='ocrx_word' id='word_1_17' title='bbox 1279 533 1338 587; x_wconf 88' lang='lat' dir='ltr'>in</span> <span class='ocrx_word' id='word_1_18' title='bbox 1360 532 1552 598; x_wconf 87' lang='lat' dir='ltr'>altero,</span> <span class='ocrx_word' id='word_1_19' title='bbox 1566 532 1735 601; x_wconf 72' lang='lat' dir='ltr'>juxta</span> <span class='ocrx_word' id='word_1_20' title='bbox 1746 529 1893 586; x_wconf 86' lang='lat' dir='ltr'>ordi-</span> 
     </span>
    </p>
   </div>
   <div class='ocr_carea' id='block_1_4' title="bbox 234 616 1892 692">
    <p class='ocr_par' dir='ltr' id='par_1_4' title="bbox 234 616 1892 692">
     <span class='ocr_line' id='line_1_4' title="bbox 234 616 1892 692; baseline 0.004 -24"><span class='ocrx_word' id='word_1_21' title='bbox 234 630 361 669; x_wconf 84' lang='lat' dir='ltr'>nem</span> <span class='ocrx_word' id='word_1_22' title='bbox 384 616 709 671; x_wconf 74' lang='lat' dir='ltr'>nativitatis</span> <span class='ocrx_word' id='word_1_23' title='bbox 727 631 934 684; x_wconf 89' lang='lat' dir='ltr'>eorum,</span> <span class='ocrx_word' id='word_1_24' title='bbox 961 635 1031 672; x_wconf 91' lang='lat' dir='ltr'>an</span> <span class='ocrx_word' id='word_1_25' title='bbox 1056 618 1523 692; x_wconf 84' lang='lat' dir='ltr'>intelligendum,</span> <span class='ocrx_word' id='word_1_26' title='bbox 1548 622 1643 673; x_wconf 68' lang='lat' dir='ltr'>ut1</span> <span class='ocrx_word' id='word_1_27' title='bbox 1670 619 1892 692; x_wconf 82' lang='lat' dir='ltr'>lapides</span> 
     </span>
    </p>
   </div>
   <div class='ocr_carea' id='block_1_5' title="bbox 234 704 1889 765">
    <p class='ocr_par' dir='ltr' id='par_1_5' title="bbox 234 704 1889 765">
     <span class='ocr_line' id='line_1_5' title="bbox 234 704 1889 765; baseline 0.001 -5"><span class='ocrx_word' id='word_1_28' title='bbox 234 704 359 760; x_wconf 89' lang='lat' dir='ltr'>sint</span> <span class='ocrx_word' id='word_1_29' title='bbox 381 704 452 758; x_wconf 92' lang='lat' dir='ltr'>de</span> <span class='ocrx_word' id='word_1_30' title='bbox 477 704 822 762; x_wconf 82' lang='lat' dir='ltr'>nominibus</span> <span class='ocrx_word' id='word_1_31' title='bbox 845 705 1098 763; x_wconf 82' lang='lat' dir='ltr'>ﬁliorum</span> <span class='ocrx_word' id='word_1_32' title='bbox 1127 709 1301 765; x_wconf 80' lang='lat' dir='ltr'>Israel</span> <span class='ocrx_word' id='word_1_33' title='bbox 1333 710 1659 765; x_wconf 89' lang='lat' dir='ltr'>secundum</span> <span class='ocrx_word' id='word_1_34' title='bbox 1682 709 1889 764; x_wconf 90' lang='lat' dir='ltr'>nativi-</span> 
     </span>
    </p>
   </div>
   <div class='ocr_carea' id='block_1_6' title="bbox 230 794 1894 869">
    <p class='ocr_par' dir='ltr' id='par_1_6' title="bbox 230 794 1894 869">
     <span class='ocr_line' id='line_1_6' title="bbox 230 794 1894 869; baseline 0.003 -23"><span class='ocrx_word' id='word_1_35' title='bbox 230 796 386 849; x_wconf 83' lang='lat' dir='ltr'>tates</span> <span class='ocrx_word' id='word_1_36' title='bbox 407 794 702 858; x_wconf 88' lang='lat' dir='ltr'>eorum,id</span> <span class='ocrx_word' id='word_1_37' title='bbox 725 798 814 849; x_wconf 90' lang='lat' dir='ltr'>est</span> <span class='ocrx_word' id='word_1_38' title='bbox 835 797 1158 851; x_wconf 89' lang='lat' dir='ltr'>secundum</span> <span class='ocrx_word' id='word_1_39' title='bbox 1182 797 1444 853; x_wconf 91' lang='lat' dir='ltr'>ordinem</span> <span class='ocrx_word' id='word_1_40' title='bbox 1459 814 1574 869; x_wconf 91' lang='lat' dir='ltr'>quo</span> <span class='ocrx_word' id='word_1_41' title='bbox 1588 797 1708 852; x_wconf 90' lang='lat' dir='ltr'>nati</span> <span class='ocrx_word' id='word_1_42' title='bbox 1726 797 1894 852; x_wconf 87' lang='lat' dir='ltr'>sunt?</span> 
     </span>
    </p>
   </div>
   <div class='ocr_carea' id='block_1_7' title="bbox 307 882 1887 959">
    <p class='ocr_par' dir='ltr' id='par_1_7' title="bbox 307 882 1887 959">
     <span class='ocr_line' id='line_1_7' title="bbox 307 882 1887 959; baseline 0.003 -21"><span class='ocrx_word' id='word_1_43' title='bbox 307 882 498 938; x_wconf 82' lang='lat' dir='ltr'><strong>CXVI.</strong></span> <span class='ocrx_word' id='word_1_44' title='bbox 524 883 631 952; x_wconf 89' lang='lat' dir='ltr'>[1b.</span> <span class='ocrx_word' id='word_1_45' title='bbox 654 901 852 951; x_wconf 83' lang='lat' dir='ltr'>xxvm,</span> <span class='ocrx_word' id='word_1_46' title='bbox 874 886 988 952; x_wconf 81' lang='lat'>22.]</span> <span class='ocrx_word' id='word_1_47' title='bbox 1014 887 1076 941; x_wconf 85' lang='lat' dir='ltr'>Et</span> <span class='ocrx_word' id='word_1_48' title='bbox 1095 888 1264 957; x_wconf 78' lang='lat' dir='ltr'>facies</span> <span class='ocrx_word' id='word_1_49' title='bbox 1284 903 1449 959; x_wconf 87' lang='lat' dir='ltr'>super</span> <span class='ocrx_word' id='word_1_50' title='bbox 1468 888 1745 943; x_wconf 76' lang='lat' dir='ltr'>rationale</span> <span class='ocrx_word' id='word_1_51' title='bbox 1765 888 1887 957; x_wconf 79' lang='lat' dir='ltr'>ﬁm-</span> 
     </span>
    </p>
   </div>
   <div class='ocr_carea' id='block_1_8' title="bbox 233 973 1888 1048">
    <p class='ocr_par' dir='ltr' id='par_1_8' title="bbox 233 973 1888 1048">
     <span class='ocr_line' id='line_1_8' title="bbox 233 973 1888 1048; baseline 0.002 -21"><span class='ocrx_word' id='word_1_52' title='bbox 233 973 386 1027; x_wconf 81' lang='lat' dir='ltr'>brias</span> <span class='ocrx_word' id='word_1_53' title='bbox 406 974 821 1043; x_wconf 85' lang='lat' dir='ltr'>complectentes</span> <span class='ocrx_word' id='word_1_54' title='bbox 832 990 966 1043; x_wconf 88' lang='lat' dir='ltr'>opus</span> <span class='ocrx_word' id='word_1_55' title='bbox 980 980 1293 1031; x_wconf 88' lang='lat' dir='ltr'>catenatum</span> <span class='ocrx_word' id='word_1_56' title='bbox 1315 976 1380 1031; x_wconf 87' lang='lat' dir='ltr'>de</span> <span class='ocrx_word' id='word_1_57' title='bbox 1397 993 1533 1032; x_wconf 88' lang='lat' dir='ltr'>auro</span> <span class='ocrx_word' id='word_1_58' title='bbox 1550 992 1709 1048; x_wconf 88' lang='lat' dir='ltr'>puro.</span> <span class='ocrx_word' id='word_1_59' title='bbox 1726 976 1888 1039; x_wconf 91' lang='lat' dir='ltr'>Quod</span> 
     </span>
    </p>
   </div>
   <div class='ocr_carea' id='block_1_9' title="bbox 229 1061 1887 1137">
    <p class='ocr_par' dir='ltr' id='par_1_9' title="bbox 229 1061 1887 1137">
     <span class='ocr_line' id='line_1_9' title="bbox 229 1061 1887 1137; baseline 0.001 -20"><span class='ocrx_word' id='word_1_60' title='bbox 229 1061 403 1117; x_wconf 88' lang='lat' dir='ltr'>latini</span> <span class='ocrx_word' id='word_1_61' title='bbox 423 1064 707 1118; x_wconf 78' lang='lat' dir='ltr'>rationale</span> <span class='ocrx_word' id='word_1_62' title='bbox 728 1064 1090 1135; x_wconf 77' lang='lat' dir='ltr'>interpretati</span> <span class='ocrx_word' id='word_1_63' title='bbox 1106 1065 1471 1137; x_wconf 89' lang='lat' dir='ltr'>sunt,inopia</span> <span class='ocrx_word' id='word_1_64' title='bbox 1491 1065 1707 1136; x_wconf 71' lang='lat' dir='ltr'>linguze</span> <span class='ocrx_word' id='word_1_65' title='bbox 1733 1064 1887 1121; x_wconf 81' lang='lat' dir='ltr'>fecit.</span> 
     </span>
    </p>
   </div>
   <div class='ocr_carea' id='block_1_10' title="bbox 230 1150 1887 1229">
    <p class='ocr_par' dir='ltr' id='par_1_10' title="bbox 230 1150 1887 1229">
     <span class='ocr_line' id='line_1_10' title="bbox 230 1150 1887 1229; baseline 0.001 -22"><span class='ocrx_word' id='word_1_66' title='bbox 230 1152 473 1208; x_wconf 63' lang='lat' dir='ltr'>Gracus</span> <span class='ocrx_word' id='word_1_67' title='bbox 486 1154 644 1208; x_wconf 90' lang='lat' dir='ltr'>enim</span> <span class='ocrx_word' id='word_1_68' title='bbox 664 1154 841 1209; x_wconf 81' lang='lat' dir='ltr'>habet</span> <span class='ocrx_word' id='word_1_69' title='bbox 856 1151 1067 1227; x_wconf 75' lang='grc' dir='ltr'>λόγιον,</span> <span class='ocrx_word' id='word_1_70' title='bbox 1084 1172 1198 1210; x_wconf 91' lang='lat' dir='ltr'>non</span> <span class='ocrx_word' id='word_1_71' title='bbox 1214 1150 1767 1229; x_wconf 53' lang='lat' dir='ltr'>loytxémRationale</span> <span class='ocrx_word' id='word_1_72' title='bbox 1784 1171 1887 1209; x_wconf 87' lang='lat' dir='ltr'>au-</span> 
     </span>
    </p>
   </div>
   <div class='ocr_carea' id='block_1_11' title="bbox 229 1241 1886 1317">
    <p class='ocr_par' dir='ltr' id='par_1_11' title="bbox 229 1241 1886 1317">
     <span class='ocr_line' id='line_1_11' title="bbox 229 1241 1886 1317; baseline -0.001 -18"><span class='ocrx_word' id='word_1_73' title='bbox 229 1250 355 1299; x_wconf 87' lang='lat' dir='ltr'>tem</span> <span class='ocrx_word' id='word_1_74' title='bbox 388 1244 535 1299; x_wconf 91' lang='lat' dir='ltr'>illud</span> <span class='ocrx_word' id='word_1_75' title='bbox 563 1244 822 1302; x_wconf 86' lang='lat' dir='ltr'>solemus</span> <span class='ocrx_word' id='word_1_76' title='bbox 843 1246 1328 1317; x_wconf 88' lang='lat' dir='ltr'>appellare,quod</span> <span class='ocrx_word' id='word_1_77' title='bbox 1363 1246 1542 1301; x_wconf 77' lang='lat' dir='ltr'>Graeci</span> <span class='ocrx_word' id='word_1_78' title='bbox 1565 1245 1768 1300; x_wconf 90' lang='lat' dir='ltr'>dicunt</span> <span class='ocrx_word' id='word_1_79' title='bbox 1790 1241 1886 1297; x_wconf 89' lang='grc' dir='ltr'>λο-</span> 
     </span>
    </p>
   </div>
   <div class='ocr_carea' id='block_1_12' title="bbox 226 1333 1887 1409">
    <p class='ocr_par' dir='ltr' id='par_1_12' title="bbox 226 1333 1887 1409">
     <span class='ocr_line' id='line_1_12' title="bbox 226 1333 1887 1409; baseline 0.001 -23"><span class='ocrx_word' id='word_1_80' title='bbox 226 1334 405 1407; x_wconf 80' lang='grc' dir='ltr'>γικόν.</span> <span class='ocrx_word' id='word_1_81' title='bbox 422 1335 534 1389; x_wconf 85' lang='lat' dir='ltr'>Sed</span> <span class='ocrx_word' id='word_1_82' title='bbox 553 1335 835 1407; x_wconf 90' lang='lat' dir='ltr'>quoniam</span> <span class='ocrx_word' id='word_1_83' title='bbox 851 1333 1017 1409; x_wconf 80' lang='grc' dir='ltr'>λόγος</span> <span class='ocrx_word' id='word_1_84' title='bbox 1040 1335 1097 1391; x_wconf 93' lang='lat' dir='ltr'>in</span> <span class='ocrx_word' id='word_1_85' title='bbox 1120 1352 1307 1408; x_wconf 70' lang='lat' dir='ltr'>graeca</span> <span class='ocrx_word' id='word_1_86' title='bbox 1321 1335 1523 1407; x_wconf 81' lang='lat' dir='ltr'>lingua</span> <span class='ocrx_word' id='word_1_87' title='bbox 1544 1334 1887 1406; x_wconf 87' lang='lat' dir='ltr'>ambiguum</span> 
     </span>
    </p>
   </div>
   <div class='ocr_carea' id='block_1_13' title="bbox 227 1423 1887 1496">
    <p class='ocr_par' dir='ltr' id='par_1_13' title="bbox 227 1423 1887 1496">
     <span class='ocr_line' id='line_1_13' title="bbox 227 1423 1887 1496; baseline -0.001 -17"><span class='ocrx_word' id='word_1_88' title='bbox 227 1428 341 1494; x_wconf 90' lang='lat' dir='ltr'>est,</span> <span class='ocrx_word' id='word_1_89' title='bbox 369 1427 571 1480; x_wconf 89' lang='lat' dir='ltr'>utrum</span> <span class='ocrx_word' id='word_1_90' title='bbox 585 1425 828 1479; x_wconf 90' lang='lat' dir='ltr'>verbum</span> <span class='ocrx_word' id='word_1_91' title='bbox 851 1424 1247 1496; x_wconf 83' lang='lat' dir='ltr'>signiﬁcet,an</span> <span class='ocrx_word' id='word_1_92' title='bbox 1269 1423 1887 1494; x_wconf 87' lang='lat' dir='ltr'>rationem,quiautri-</span> 
     </span>
    </p>
   </div>
   <div class='ocr_carea' id='block_1_14' title="bbox 227 1512 1885 1586">
    <p class='ocr_par' dir='ltr' id='par_1_14' title="bbox 227 1512 1885 1586">
     <span class='ocr_line' id='line_1_14' title="bbox 227 1512 1885 1586; baseline -0.001 -16"><span class='ocrx_word' id='word_1_93' title='bbox 227 1530 424 1586; x_wconf 90' lang='lat' dir='ltr'>usque</span> <span class='ocrx_word' id='word_1_94' title='bbox 442 1514 527 1568; x_wconf 86' lang='lat' dir='ltr'>rei</span> <span class='ocrx_word' id='word_1_95' title='bbox 545 1530 755 1570; x_wconf 89' lang='lat' dir='ltr'>nomen</span> <span class='ocrx_word' id='word_1_96' title='bbox 770 1519 888 1581; x_wconf 91' lang='lat' dir='ltr'>est;</span> <span class='ocrx_word' id='word_1_97' title='bbox 915 1514 1013 1569; x_wconf 90' lang='lat' dir='ltr'>ubi</span> <span class='ocrx_word' id='word_1_98' title='bbox 1029 1518 1297 1585; x_wconf 87' lang='lat' dir='ltr'>putatum</span> <span class='ocrx_word' id='word_1_99' title='bbox 1326 1514 1645 1569; x_wconf 88' lang='lat' dir='ltr'>estaverbo</span> <span class='ocrx_word' id='word_1_100' title='bbox 1663 1512 1885 1569; x_wconf 89' lang='lat' dir='ltr'>dictum</span> 
     </span>
    </p>
   </div>
   <div class='ocr_carea' id='block_1_15' title="bbox 224 1602 1886 1681">
    <p class='ocr_par' dir='ltr' id='par_1_15' title="bbox 224 1602 1886 1681">
     <span class='ocr_line' id='line_1_15' title="bbox 224 1602 1886 1681; baseline 0.001 -22"><span class='ocrx_word' id='word_1_101' title='bbox 224 1602 445 1681; x_wconf 79' lang='grc' dir='ltr'>λόγων,</span> <span class='ocrx_word' id='word_1_102' title='bbox 471 1604 773 1677; x_wconf 87' lang='lat' dir='ltr'>eloquium</span> <span class='ocrx_word' id='word_1_103' title='bbox 788 1605 971 1660; x_wconf 82' lang='lat' dir='ltr'>nostri</span> <span class='ocrx_word' id='word_1_104' title='bbox 996 1605 1359 1677; x_wconf 74' lang='lat' dir='ltr'>interpretati</span> <span class='ocrx_word' id='word_1_105' title='bbox 1376 1608 1516 1659; x_wconf 90' lang='lat' dir='ltr'>sunt</span> <span class='ocrx_word' id='word_1_106' title='bbox 1542 1622 1554 1661; x_wconf 89' lang='lat'><strong>:</strong></span> <span class='ocrx_word' id='word_1_107' title='bbox 1580 1621 1717 1659; x_wconf 91' lang='lat' dir='ltr'>nam</span> <span class='ocrx_word' id='word_1_108' title='bbox 1734 1605 1886 1674; x_wconf 87' lang='lat' dir='ltr'>quod</span> 
     </span>
    </p>
   </div>
   <div class='ocr_carea' id='block_1_16' title="bbox 222 1694 1883 1766">
    <p class='ocr_par' dir='ltr' id='par_1_16' title="bbox 222 1694 1883 1766">
     <span class='ocr_line' id='line_1_16' title="bbox 222 1694 1883 1766; baseline -0.003 -14"><span class='ocrx_word' id='word_1_109' title='bbox 222 1695 799 1766; x_wconf 87' lang='lat' dir='ltr'>habemus,Eloquia</span> <span class='ocrx_word' id='word_1_110' title='bbox 822 1696 1061 1761; x_wconf 83' lang='lat' dir='ltr'>Domini,</span> <span class='ocrx_word' id='word_1_111' title='bbox 1089 1695 1307 1765; x_wconf 89' lang='lat' dir='ltr'>eloquia</span> <span class='ocrx_word' id='word_1_112' title='bbox 1335 1702 1481 1749; x_wconf 87' lang='lat' dir='ltr'>casta</span> <span class='ocrx_word' id='word_1_113' title='bbox 1510 1694 1678 1762; x_wconf 83' lang='lat' dir='ltr'>(Psat.</span> <span class='ocrx_word' id='word_1_114' title='bbox 1702 1711 1780 1761; x_wconf 82' lang='lat' dir='ltr'>x1,</span> <span class='ocrx_word' id='word_1_115' title='bbox 1806 1696 1883 1764; x_wconf 87' lang='lat'>7),</span> 
     </span>
    </p>
   </div>
   <div class='ocr_carea' id='block_1_17' title="bbox 222 1780 1884 1858">
    <p class='ocr_par' dir='ltr' id='par_1_17' title="bbox 222 1780 1884 1858">
     <span class='ocr_line' id='line_1_17' title="bbox 222 1780 1884 1858; baseline -0.002 -18"><span class='ocrx_word' id='word_1_116' title='bbox 222 1785 413 1842; x_wconf 75' lang='lat' dir='ltr'>Graaci</span> <span class='ocrx_word' id='word_1_117' title='bbox 446 1784 670 1839; x_wconf 83' lang='lat' dir='ltr'>habent</span> <span class='ocrx_word' id='word_1_118' title='bbox 699 1780 859 1858; x_wconf 85' lang='grc' dir='ltr'>λόγια</span> <span class='ocrx_word' id='word_1_119' title='bbox 890 1800 904 1838; x_wconf 87' lang='lat'><strong>:</strong></span> <span class='ocrx_word' id='word_1_120' title='bbox 938 1782 1034 1837; x_wconf 91' lang='lat' dir='ltr'>hic</span> <span class='ocrx_word' id='word_1_121' title='bbox 1063 1799 1197 1839; x_wconf 91' lang='lat' dir='ltr'>vero</span> <span class='ocrx_word' id='word_1_122' title='bbox 1231 1783 1287 1837; x_wconf 92' lang='lat' dir='ltr'>in</span> <span class='ocrx_word' id='word_1_123' title='bbox 1327 1786 1485 1838; x_wconf 87' lang='lat' dir='ltr'>veste</span> <span class='ocrx_word' id='word_1_124' title='bbox 1516 1781 1884 1851; x_wconf 84' lang='lat' dir='ltr'>sacerdotali,</span> 
     </span>
    </p>
   </div>
   <div class='ocr_carea' id='block_1_18' title="bbox 220 1871 1883 1946">
    <p class='ocr_par' dir='ltr' id='par_1_18' title="bbox 220 1871 1883 1946">
     <span class='ocr_line' id='line_1_18' title="bbox 220 1871 1883 1946; baseline -0.001 -17"><span class='ocrx_word' id='word_1_125' title='bbox 220 1874 387 1946; x_wconf 89' lang='lat' dir='ltr'>quod</span> <span class='ocrx_word' id='word_1_126' title='bbox 416 1889 490 1928; x_wconf 81' lang='lat' dir='ltr'>ex</span> <span class='ocrx_word' id='word_1_127' title='bbox 519 1888 662 1928; x_wconf 88' lang='lat' dir='ltr'>auro</span> <span class='ocrx_word' id='word_1_128' title='bbox 692 1875 749 1926; x_wconf 90' lang='lat' dir='ltr'>et</span> <span class='ocrx_word' id='word_1_129' title='bbox 780 1871 1094 1944; x_wconf 83' lang='lat' dir='ltr'>hyacintho</span> <span class='ocrx_word' id='word_1_130' title='bbox 1125 1875 1183 1927; x_wconf 90' lang='lat' dir='ltr'>et</span> <span class='ocrx_word' id='word_1_131' title='bbox 1212 1888 1471 1944; x_wconf 85' lang='lat' dir='ltr'>purpura</span> <span class='ocrx_word' id='word_1_132' title='bbox 1492 1875 1547 1927; x_wconf 89' lang='lat' dir='ltr'>et</span> <span class='ocrx_word' id='word_1_133' title='bbox 1575 1887 1746 1927; x_wconf 92' lang='lat' dir='ltr'>cocco</span> <span class='ocrx_word' id='word_1_134' title='bbox 1777 1872 1883 1927; x_wconf 91' lang='lat' dir='ltr'>du-</span> 
     </span>
    </p>
   </div>
   <div class='ocr_carea' id='block_1_19' title="bbox 224 1960 1887 2036">
    <p class='ocr_par' dir='ltr' id='par_1_19' title="bbox 224 1960 1887 2036">
     <span class='ocr_line' id='line_1_19' title="bbox 224 1960 1887 2036; baseline -0.001 -18"><span class='ocrx_word' id='word_1_135' title='bbox 224 1962 368 2036; x_wconf 90' lang='lat' dir='ltr'>plici</span> <span class='ocrx_word' id='word_1_136' title='bbox 400 1965 560 2018; x_wconf 87' lang='lat' dir='ltr'>torto</span> <span class='ocrx_word' id='word_1_137' title='bbox 580 1963 637 2016; x_wconf 90' lang='lat' dir='ltr'>et</span> <span class='ocrx_word' id='word_1_138' title='bbox 652 1960 825 2033; x_wconf 80' lang='lat' dir='ltr'>bysso</span> <span class='ocrx_word' id='word_1_139' title='bbox 844 1960 1062 2033; x_wconf 89' lang='lat' dir='ltr'>duplici</span> <span class='ocrx_word' id='word_1_140' title='bbox 1092 1964 1245 2016; x_wconf 89' lang='lat' dir='ltr'>torta</span> <span class='ocrx_word' id='word_1_141' title='bbox 1274 1960 1398 2015; x_wconf 77' lang='lat' dir='ltr'>ﬁeri</span> <span class='ocrx_word' id='word_1_142' title='bbox 1421 1964 1772 2032; x_wconf 84' lang='lat' dir='ltr'>praeceptum</span> <span class='ocrx_word' id='word_1_143' title='bbox 1795 1964 1887 2017; x_wconf 90' lang='lat' dir='ltr'>est</span> 
     </span>
    </p>
   </div>
   <div class='ocr_carea' id='block_1_20' title="bbox 216 2049 1882 2124">
    <p class='ocr_par' dir='ltr' id='par_1_20' title="bbox 216 2049 1882 2124">
     <span class='ocr_line' id='line_1_20' title="bbox 216 2049 1882 2124; baseline -0.001 -17"><span class='ocrx_word' id='word_1_144' title='bbox 216 2052 587 2124; x_wconf 89' lang='lat' dir='ltr'>quadratum</span> <span class='ocrx_word' id='word_1_145' title='bbox 618 2049 851 2120; x_wconf 85' lang='lat' dir='ltr'>duplex,</span> <span class='ocrx_word' id='word_1_146' title='bbox 866 2050 1022 2120; x_wconf 89' lang='lat' dir='ltr'>quod</span> <span class='ocrx_word' id='word_1_147' title='bbox 1040 2049 1267 2105; x_wconf 89' lang='lat' dir='ltr'>essetin</span> <span class='ocrx_word' id='word_1_148' title='bbox 1291 2053 1521 2121; x_wconf 87' lang='lat' dir='ltr'>pectore</span> <span class='ocrx_word' id='word_1_149' title='bbox 1541 2050 1882 2120; x_wconf 87' lang='lat' dir='ltr'>sacerdotis,</span> 
     </span>
    </p>
   </div>
   <div class='ocr_carea' id='block_1_21' title="bbox 214 2138 1884 2214">
    <p class='ocr_par' dir='ltr' id='par_1_21' title="bbox 214 2138 1884 2214">
     <span class='ocr_line' id='line_1_21' title="bbox 214 2138 1884 2214; baseline -0.002 -17"><span class='ocrx_word' id='word_1_150' title='bbox 214 2145 275 2197; x_wconf 79' lang='lat' dir='ltr'>et</span> <span class='ocrx_word' id='word_1_151' title='bbox 310 2139 505 2214; x_wconf 82' lang='grc' dir='ltr'>λόγιον</span> <span class='ocrx_word' id='word_1_152' title='bbox 540 2142 866 2205; x_wconf 90' lang='lat' dir='ltr'>vocaretur,</span> <span class='ocrx_word' id='word_1_153' title='bbox 897 2138 1185 2194; x_wconf 88' lang='lat' dir='ltr'>incertum</span> <span class='ocrx_word' id='word_1_154' title='bbox 1216 2142 1413 2193; x_wconf 89' lang='lat' dir='ltr'>utrum</span> <span class='ocrx_word' id='word_1_155' title='bbox 1441 2156 1474 2193; x_wconf 90' lang='lat' dir='ltr'>a</span> <span class='ocrx_word' id='word_1_156' title='bbox 1503 2139 1727 2194; x_wconf 84' lang='lat' dir='ltr'>ratione</span> <span class='ocrx_word' id='word_1_157' title='bbox 1757 2156 1829 2194; x_wconf 92' lang='lat' dir='ltr'>an</span> <span class='ocrx_word' id='word_1_158' title='bbox 1852 2157 1884 2194; x_wconf 89' lang='lat' dir='ltr'>a</span> 
     </span>
    </p>
   </div>
   <div class='ocr_carea' id='block_1_22' title="bbox 211 2227 1884 2300">
    <p class='ocr_par' dir='ltr' id='par_1_22' title="bbox 211 2227 1884 2300">
     <span class='ocr_line' id='line_1_22' title="bbox 211 2227 1884 2300; baseline -0.001 -15"><span class='ocrx_word' id='word_1_159' title='bbox 211 2231 399 2287; x_wconf 90' lang='lat' dir='ltr'>verbo</span> <span class='ocrx_word' id='word_1_160' title='bbox 429 2231 675 2285; x_wconf 90' lang='lat' dir='ltr'>ductum</span> <span class='ocrx_word' id='word_1_161' title='bbox 709 2227 903 2294; x_wconf 81' lang='lat' dir='ltr'>fuerit,</span> <span class='ocrx_word' id='word_1_162' title='bbox 935 2227 1281 2298; x_wconf 86' lang='lat' dir='ltr'>interpretes</span> <span class='ocrx_word' id='word_1_163' title='bbox 1310 2227 1494 2284; x_wconf 88' lang='lat' dir='ltr'>nostri</span> <span class='ocrx_word' id='word_1_164' title='bbox 1527 2228 1719 2300; x_wconf 84' lang='lat' dir='ltr'>magis</span> <span class='ocrx_word' id='word_1_165' title='bbox 1742 2246 1775 2283; x_wconf 90' lang='lat' dir='ltr'>a</span> <span class='ocrx_word' id='word_1_166' title='bbox 1795 2246 1884 2284; x_wconf 85' lang='lat' dir='ltr'>ra-</span> 
     </span>
    </p>
   </div>
   <div class='ocr_carea' id='block_1_23' title="bbox 208 2315 1736 2390">
    <p class='ocr_par' dir='ltr' id='par_1_23' title="bbox 208 2315 1736 2390">
     <span class='ocr_line' id='line_1_23' title="bbox 208 2315 1736 2390; baseline -0.003 -13"><span class='ocrx_word' id='word_1_167' title='bbox 208 2321 376 2377; x_wconf 89' lang='lat' dir='ltr'>tione</span> <span class='ocrx_word' id='word_1_168' title='bbox 410 2320 637 2376; x_wconf 89' lang='lat' dir='ltr'>dictum</span> <span class='ocrx_word' id='word_1_169' title='bbox 670 2320 945 2390; x_wconf 82' lang='lat' dir='ltr'>putantes</span> <span class='ocrx_word' id='word_1_170' title='bbox 975 2318 1250 2372; x_wconf 77' lang='lat' dir='ltr'>rationale</span> <span class='ocrx_word' id='word_1_171' title='bbox 1278 2315 1736 2388; x_wconf 90' lang='lat' dir='ltr'>appellaverunt.</span> 
     </span>
    </p>
   </div>
   <div class='ocr_carea' id='block_1_24' title="bbox 277 2406 1883 2479">
    <p class='ocr_par' dir='ltr' id='par_1_24' title="bbox 277 2406 1883 2479">
     <span class='ocr_line' id='line_1_24' title="bbox 277 2406 1883 2479; baseline -0.002 -14"><span class='ocrx_word' id='word_1_172' title='bbox 277 2410 499 2465; x_wconf 84' lang='lat' dir='ltr'>CXVII.</span> <span class='ocrx_word' id='word_1_173' title='bbox 535 2408 641 2479; x_wconf 86' lang='lat' dir='ltr'>[1b.</span> <span class='ocrx_word' id='word_1_174' title='bbox 673 2424 873 2471; x_wconf 84' lang='lat' dir='ltr'>xxvm,</span> <span class='ocrx_word' id='word_1_175' title='bbox 896 2406 1009 2476; x_wconf 81' lang='lat'>30.]</span> <span class='ocrx_word' id='word_1_176' title='bbox 1044 2408 1118 2459; x_wconf 87' lang='lat' dir='ltr'>Et</span> <span class='ocrx_word' id='word_1_177' title='bbox 1151 2407 1396 2477; x_wconf 90' lang='lat' dir='ltr'>impones</span> <span class='ocrx_word' id='word_1_178' title='bbox 1424 2421 1590 2477; x_wconf 85' lang='lat' dir='ltr'>super</span> <span class='ocrx_word' id='word_1_179' title='bbox 1613 2406 1883 2462; x_wconf 75' lang='lat' dir='ltr'>rationale</span> 
     </span>
    </p>
   </div>
   <div class='ocr_carea' id='block_1_25' title="bbox 192 2494 1878 2572">
    <p class='ocr_par' dir='ltr' id='par_1_25' title="bbox 192 2494 1878 2572">
     <span class='ocr_line' id='line_1_25' title="bbox 192 2494 1878 2572; baseline -0.002 -17"><span class='ocrx_word' id='word_1_180' title='bbox 192 2499 413 2572; x_wconf 85' lang='lat' dir='ltr'>judicii</span> <span class='ocrx_word' id='word_1_181' title='bbox 423 2498 954 2554; x_wconf 76' lang='lat' dir='ltr'>demonstrationem</span> <span class='ocrx_word' id='word_1_182' title='bbox 971 2499 1023 2551; x_wconf 87' lang='lat' dir='ltr'>et</span> <span class='ocrx_word' id='word_1_183' title='bbox 1039 2497 1347 2550; x_wconf 83' lang='lat' dir='ltr'>veritatem.</span> <span class='ocrx_word' id='word_1_184' title='bbox 1362 2495 1509 2560; x_wconf 88' lang='lat' dir='ltr'>Quid</span> <span class='ocrx_word' id='word_1_185' title='bbox 1525 2494 1635 2550; x_wconf 91' lang='lat' dir='ltr'>sibi</span> <span class='ocrx_word' id='word_1_186' title='bbox 1660 2495 1765 2551; x_wconf 85' lang='lat' dir='ltr'>hoc</span> <span class='ocrx_word' id='word_1_187' title='bbox 1785 2512 1878 2551; x_wconf 91' lang='lat' dir='ltr'>ve-</span> 
     </span>
    </p>
   </div>
   <div class='ocr_carea' id='block_1_26' title="bbox 202 2583 1878 2657">
    <p class='ocr_par' dir='ltr' id='par_1_26' title="bbox 202 2583 1878 2657">
     <span class='ocr_line' id='line_1_26' title="bbox 202 2583 1878 2657; baseline -0.002 -14"><span class='ocrx_word' id='word_1_188' title='bbox 202 2587 411 2653; x_wconf 83' lang='lat' dir='ltr'>lit,vel</span> <span class='ocrx_word' id='word_1_189' title='bbox 441 2586 501 2641; x_wconf 88' lang='lat' dir='ltr'>in</span> <span class='ocrx_word' id='word_1_190' title='bbox 533 2585 690 2657; x_wconf 87' lang='lat' dir='ltr'>quali</span> <span class='ocrx_word' id='word_1_191' title='bbox 716 2601 775 2640; x_wconf 90' lang='lat' dir='ltr'>re</span> <span class='ocrx_word' id='word_1_192' title='bbox 797 2584 884 2640; x_wconf 90' lang='lat' dir='ltr'>vel</span> <span class='ocrx_word' id='word_1_193' title='bbox 908 2583 1145 2640; x_wconf 89' lang='lat' dir='ltr'>metallo</span> <span class='ocrx_word' id='word_1_194' title='bbox 1171 2587 1482 2656; x_wconf 88' lang='lat' dir='ltr'>poneretur</span> <span class='ocrx_word' id='word_1_195' title='bbox 1506 2600 1685 2656; x_wconf 89' lang='lat' dir='ltr'>super</span> <span class='ocrx_word' id='word_1_196' title='bbox 1705 2586 1878 2640; x_wconf 89' lang='lat' dir='ltr'>ratio-</span> 
     </span>
    </p>
   </div>
   <div class='ocr_carea' id='block_1_27' title="bbox 202 2672 1876 2746">
    <p class='ocr_par' dir='ltr' id='par_1_27' title="bbox 202 2672 1876 2746">
     <span class='ocr_line' id='line_1_27' title="bbox 202 2672 1876 2746; baseline -0.004 -13"><span class='ocrx_word' id='word_1_197' title='bbox 202 2677 343 2733; x_wconf 87' lang='lat' dir='ltr'>nale</span> <span class='ocrx_word' id='word_1_198' title='bbox 358 2674 788 2732; x_wconf 88' lang='lat' dir='ltr'>demonstratio</span> <span class='ocrx_word' id='word_1_199' title='bbox 803 2674 1107 2741; x_wconf 87' lang='lat' dir='ltr'>etveritas,</span> <span class='ocrx_word' id='word_1_200' title='bbox 1130 2673 1408 2746; x_wconf 90' lang='lat' dir='ltr'>quoniam</span> <span class='ocrx_word' id='word_1_201' title='bbox 1429 2672 1572 2728; x_wconf 90' lang='lat' dir='ltr'>talia</span> <span class='ocrx_word' id='word_1_202' title='bbox 1592 2672 1733 2728; x_wconf 90' lang='lat' dir='ltr'>dicit</span> <span class='ocrx_word' id='word_1_203' title='bbox 1754 2674 1876 2729; x_wconf 83' lang='lat' dir='ltr'>fieri</span> 
     </span>
    </p>
   </div>
   <div class='ocr_carea' id='block_1_28' title="bbox 204 2761 1877 2835">
    <p class='ocr_par' dir='ltr' id='par_1_28' title="bbox 204 2761 1877 2835">
     <span class='ocr_line' id='line_1_28' title="bbox 204 2761 1877 2835; baseline -0.003 -13"><span class='ocrx_word' id='word_1_204' title='bbox 204 2766 264 2822; x_wconf 92' lang='lat' dir='ltr'>in</span> <span class='ocrx_word' id='word_1_205' title='bbox 290 2769 459 2821; x_wconf 85' lang='lat' dir='ltr'>veste</span> <span class='ocrx_word' id='word_1_206' title='bbox 480 2763 824 2829; x_wconf 87' lang='lat' dir='ltr'>sacerdotis,</span> <span class='ocrx_word' id='word_1_207' title='bbox 848 2781 972 2835; x_wconf 61' lang='lat' dir='ltr'>qua</span> <span class='ocrx_word' id='word_1_208' title='bbox 995 2761 1374 2835; x_wconf 89' lang='lat' dir='ltr'>corporaliter</span> <span class='ocrx_word' id='word_1_209' title='bbox 1393 2762 1594 2831; x_wconf 73' lang='lat' dir='ltr'>ﬁunt’,</span> <span class='ocrx_word' id='word_1_210' title='bbox 1618 2762 1877 2817; x_wconf 91' lang='lat' dir='ltr'>invenire</span> 
     </span>
    </p>
   </div>
   <div class='ocr_carea' id='block_1_29' title="bbox 205 2849 1875 2923">
    <p class='ocr_par' dir='ltr' id='par_1_29' title="bbox 205 2849 1875 2923">
     <span class='ocr_line' id='line_1_29' title="bbox 205 2849 1875 2923; baseline -0.002 -14"><span class='ocrx_word' id='word_1_211' title='bbox 205 2853 457 2909; x_wconf 82' lang='lat' dir='ltr'>difﬁcile</span> <span class='ocrx_word' id='word_1_212' title='bbox 516 2856 622 2909; x_wconf 89' lang='lat' dir='ltr'>est.</span> <span class='ocrx_word' id='word_1_213' title='bbox 678 2851 1037 2907; x_wconf 83' lang='lat' dir='ltr'>Fabulantur</span> <span class='ocrx_word' id='word_1_214' title='bbox 1084 2855 1282 2906; x_wconf 88' lang='lat' dir='ltr'>tamen</span> <span class='ocrx_word' id='word_1_215' title='bbox 1333 2849 1575 2921; x_wconf 90' lang='lat' dir='ltr'>quidam</span> <span class='ocrx_word' id='word_1_216' title='bbox 1620 2849 1875 2923; x_wconf 91' lang='lat' dir='ltr'>lapidem</span> 
     </span>
    </p>
   </div>
   <div class='ocr_carea' id='block_1_30' title="bbox 206 2939 1878 3012">
    <p class='ocr_par' dir='ltr' id='par_1_30' title="bbox 206 2939 1878 3012">
     <span class='ocr_line' id='line_1_30' title="bbox 206 2939 1878 3012; baseline -0.002 -13"><span class='ocrx_word' id='word_1_217' title='bbox 206 2944 423 3012; x_wconf 81' lang='lat' dir='ltr'>fuisse,</span> <span class='ocrx_word' id='word_1_218' title='bbox 441 2942 617 3012; x_wconf 83' lang='lat' dir='ltr'>cujus</span> <span class='ocrx_word' id='word_1_219' title='bbox 643 2940 820 3009; x_wconf 90' lang='lat' dir='ltr'>color,</span> <span class='ocrx_word' id='word_1_220' title='bbox 837 2940 956 2996; x_wconf 88' lang='lat' dir='ltr'>sive</span> <span class='ocrx_word' id='word_1_221' title='bbox 979 2941 1050 2996; x_wconf 87' lang='lat' dir='ltr'>ad</span> <span class='ocrx_word' id='word_1_222' title='bbox 1082 2941 1344 3007; x_wconf 88' lang='lat' dir='ltr'>adversa,</span> <span class='ocrx_word' id='word_1_223' title='bbox 1362 2939 1482 2995; x_wconf 91' lang='lat' dir='ltr'>sive</span> <span class='ocrx_word' id='word_1_224' title='bbox 1502 2939 1574 2995; x_wconf 88' lang='lat' dir='ltr'>ad</span> <span class='ocrx_word' id='word_1_225' title='bbox 1599 2954 1878 3011; x_wconf 88' lang='lat' dir='ltr'>prospera</span> 
     </span>
    </p>
   </div>
   <div class='ocr_carea' id='block_1_31' title="bbox 204 3028 1877 3101">
    <p class='ocr_par' dir='ltr' id='par_1_31' title="bbox 204 3028 1877 3101">
     <span class='ocr_line' id='line_1_31' title="bbox 204 3028 1877 3101; baseline -0.001 -15"><span class='ocrx_word' id='word_1_226' title='bbox 204 3034 551 3086; x_wconf 86' lang='lat' dir='ltr'>mutaretur</span> <span class='ocrx_word' id='word_1_227' title='bbox 579 3029 815 3101; x_wconf 85' lang='lat' dir='ltr'>quando</span> <span class='ocrx_word' id='word_1_228' title='bbox 848 3029 1120 3085; x_wconf 87' lang='lat' dir='ltr'>sacerdos</span> <span class='ocrx_word' id='word_1_229' title='bbox 1160 3028 1419 3084; x_wconf 83' lang='lat' dir='ltr'>intrabat</span> <span class='ocrx_word' id='word_1_230' title='bbox 1446 3028 1505 3083; x_wconf 89' lang='lat' dir='ltr'>in</span> <span class='ocrx_word' id='word_1_231' title='bbox 1538 3032 1742 3083; x_wconf 87' lang='lat' dir='ltr'>sancta</span> <span class='ocrx_word' id='word_1_232' title='bbox 1774 3046 1787 3083; x_wconf 93' lang='lat'><strong>:</strong></span> <span class='ocrx_word' id='word_1_233' title='bbox 1819 3032 1877 3084; x_wconf 86' lang='lat' dir='ltr'>et</span> 
     </span>
    </p>
   </div>
   <div class='ocr_carea' id='block_1_32' title="bbox 203 3116 1876 3191">
    <p class='ocr_par' dir='ltr' id='par_1_32' title="bbox 203 3116 1876 3191">
     <span class='ocr_line' id='line_1_32' title="bbox 203 3116 1876 3191; baseline -0.002 -14"><span class='ocrx_word' id='word_1_234' title='bbox 203 3121 322 3177; x_wconf 87' lang='lat' dir='ltr'>hoc</span> <span class='ocrx_word' id='word_1_235' title='bbox 351 3136 485 3176; x_wconf 89' lang='lat' dir='ltr'>esse</span> <span class='ocrx_word' id='word_1_236' title='bbox 516 3120 673 3190; x_wconf 91' lang='lat' dir='ltr'>quod</span> <span class='ocrx_word' id='word_1_237' title='bbox 709 3120 808 3181; x_wconf 86' lang='lat' dir='ltr'>ait,</span> <span class='ocrx_word' id='word_1_238' title='bbox 857 3120 920 3172; x_wconf 86' lang='lat' dir='ltr'>Et</span> <span class='ocrx_word' id='word_1_239' title='bbox 947 3117 1150 3191; x_wconf 82' lang='lat' dir='ltr'>afferet</span> <span class='ocrx_word' id='word_1_240' title='bbox 1178 3120 1362 3173; x_wconf 81' lang='lat' dir='ltr'>Aaron</span> <span class='ocrx_word' id='word_1_241' title='bbox 1380 3116 1599 3189; x_wconf 89' lang='lat' dir='ltr'>judicia</span> <span class='ocrx_word' id='word_1_242' title='bbox 1628 3116 1876 3187; x_wconf 83' lang='lat' dir='ltr'>ﬁliorum</span> 
     </span>
    </p>
   </div>
   <div class='ocr_carea' id='block_1_33' title="bbox 208 3205 1873 3279">
    <p class='ocr_par' dir='ltr' id='par_1_33' title="bbox 208 3205 1873 3279">
     <span class='ocr_line' id='line_1_33' title="bbox 208 3205 1873 3279; baseline -0.002 -13"><span class='ocrx_word' id='word_1_243' title='bbox 208 3211 390 3267; x_wconf 78' lang='lat' dir='ltr'>Israel</span> <span class='ocrx_word' id='word_1_244' title='bbox 420 3225 585 3279; x_wconf 87' lang='lat' dir='ltr'>super</span> <span class='ocrx_word' id='word_1_245' title='bbox 626 3216 808 3279; x_wconf 83' lang='lat' dir='ltr'>pectus</span> <span class='ocrx_word' id='word_1_246' title='bbox 838 3225 857 3262; x_wconf 93' lang='grc'><strong>.·</strong></span> <span class='ocrx_word' id='word_1_247' title='bbox 889 3208 1208 3264; x_wconf 90' lang='lat' dir='ltr'>ostendens</span> <span class='ocrx_word' id='word_1_248' title='bbox 1253 3205 1523 3263; x_wconf 89' lang='lat' dir='ltr'>videlicet</span> <span class='ocrx_word' id='word_1_249' title='bbox 1554 3207 1614 3261; x_wconf 90' lang='lat' dir='ltr'>in</span> <span class='ocrx_word' id='word_1_250' title='bbox 1645 3206 1746 3262; x_wconf 89' lang='lat' dir='ltr'>illa</span> <span class='ocrx_word' id='word_1_251' title='bbox 1774 3208 1873 3262; x_wconf 89' lang='lat' dir='ltr'>de-</span> 
     </span>
    </p>
   </div>
   <div class='ocr_carea' id='block_1_34' title="bbox 204 3294 1875 3368">
    <p class='ocr_par' dir='ltr' id='par_1_34' title="bbox 204 3294 1875 3368">
     <span class='ocr_line' id='line_1_34' title="bbox 204 3294 1875 3368; baseline -0.002 -14"><span class='ocrx_word' id='word_1_252' title='bbox 204 3297 646 3354; x_wconf 86' lang='lat' dir='ltr'>monstratione</span> <span class='ocrx_word' id='word_1_253' title='bbox 690 3301 750 3351; x_wconf 91' lang='lat' dir='ltr'>et</span> <span class='ocrx_word' id='word_1_254' title='bbox 795 3296 1055 3367; x_wconf 88' lang='lat' dir='ltr'>veritate,</span> <span class='ocrx_word' id='word_1_255' title='bbox 1090 3296 1229 3368; x_wconf 90' lang='lat' dir='ltr'>quid</span> <span class='ocrx_word' id='word_1_256' title='bbox 1261 3296 1331 3350; x_wconf 90' lang='lat' dir='ltr'>de</span> <span class='ocrx_word' id='word_1_257' title='bbox 1379 3294 1496 3350; x_wconf 88' lang='lat' dir='ltr'>illis</span> <span class='ocrx_word' id='word_1_258' title='bbox 1522 3295 1875 3366; x_wconf 88' lang='lat' dir='ltr'>judicaverit</span> 
     </span>
    </p>
   </div>
   <div class='ocr_carea' id='block_1_35' title="bbox 203 3383 1875 3457">
    <p class='ocr_par' dir='ltr' id='par_1_35' title="bbox 203 3383 1875 3457">
     <span class='ocr_line' id='line_1_35' title="bbox 203 3383 1875 3457; baseline -0.003 -13"><span class='ocrx_word' id='word_1_259' title='bbox 203 3387 523 3444; x_wconf 87' lang='lat' dir='ltr'>Dominus.</span> <span class='ocrx_word' id='word_1_260' title='bbox 556 3386 903 3457; x_wconf 86' lang='lat' dir='ltr'>Quanquam</span> <span class='ocrx_word' id='word_1_261' title='bbox 929 3385 1118 3457; x_wconf 87' lang='lat' dir='ltr'>possit</span> <span class='ocrx_word' id='word_1_262' title='bbox 1147 3383 1396 3457; x_wconf 86' lang='lat' dir='ltr'>intelligi</span> <span class='ocrx_word' id='word_1_263' title='bbox 1428 3385 1875 3441; x_wconf 80' lang='lat' dir='ltr'>demonstratio-</span> 
     </span>
    </p>
   </div>
   <div class='ocr_carea' id='block_1_36' title="bbox 202 3470 1869 3547">
    <p class='ocr_par' dir='ltr' id='par_1_36' title="bbox 202 3470 1869 3547">
     <span class='ocr_line' id='line_1_36' title="bbox 202 3470 1869 3547; baseline -0.006 -13"><span class='ocrx_word' id='word_1_264' title='bbox 202 3494 339 3534; x_wconf 91' lang='lat' dir='ltr'>nem</span> <span class='ocrx_word' id='word_1_265' title='bbox 373 3480 431 3532; x_wconf 90' lang='lat' dir='ltr'>et</span> <span class='ocrx_word' id='word_1_266' title='bbox 464 3474 767 3532; x_wconf 87' lang='lat' dir='ltr'>veritatem</span> <span class='ocrx_word' id='word_1_267' title='bbox 818 3472 1030 3529; x_wconf 84' lang='lat' dir='ltr'>litteris</span> <span class='ocrx_word' id='word_1_268' title='bbox 1076 3473 1412 3545; x_wconf 86' lang='lat' dir='ltr'>impositam</span> <span class='ocrx_word' id='word_1_269' title='bbox 1447 3490 1624 3545; x_wconf 89' lang='lat' dir='ltr'>super</span> <span class='ocrx_word' id='word_1_270' title='bbox 1655 3470 1869 3547; x_wconf 81' lang='grc' dir='ltr'>λόγιον,</span> 
     </span>
    </p>
   </div>
   <div class='ocr_carea' id='block_1_37' title="bbox 264 3563 1874 3634">
    <p class='ocr_par' dir='ltr' id='par_1_37' title="bbox 264 3563 1874 3634">
     <span class='ocr_line' id='line_1_37' title="bbox 264 3563 1874 3634; baseline -0.002 -13"><span class='ocrx_word' id='word_1_271' title='bbox 264 3564 516 3621; x_wconf 83' lang='lat' dir='ltr'>CXVIII.</span> <span class='ocrx_word' id='word_1_272' title='bbox 550 3565 661 3633; x_wconf 80' lang='lat' dir='ltr'>[1b.</span> <span class='ocrx_word' id='word_1_273' title='bbox 698 3579 898 3631; x_wconf 86' lang='lat' dir='ltr'>xxvm,</span> <span class='ocrx_word' id='word_1_274' title='bbox 930 3563 1045 3634; x_wconf 78' lang='lat'>31.]</span> <span class='ocrx_word' id='word_1_275' title='bbox 1079 3564 1142 3616; x_wconf 88' lang='lat' dir='ltr'>Et</span> <span class='ocrx_word' id='word_1_276' title='bbox 1170 3564 1343 3633; x_wconf 80' lang='lat' dir='ltr'>facies</span> <span class='ocrx_word' id='word_1_277' title='bbox 1364 3564 1611 3617; x_wconf 82' lang='lat' dir='ltr'>tunicam</span> <span class='ocrx_word' id='word_1_278' title='bbox 1641 3564 1874 3618; x_wconf 85' lang='lat' dir='ltr'>talarem</span> 
     </span>
    </p>
   </div>
   <div class='ocr_carea' id='block_1_38' title="bbox 202 3650 1870 3729">
    <p class='ocr_par' dir='ltr' id='par_1_38' title="bbox 202 3650 1870 3729">
     <span class='ocr_line' id='line_1_38' title="bbox 202 3650 1870 3729; baseline -0.001 -18"><span class='ocrx_word' id='word_1_279' title='bbox 202 3654 673 3729; x_wconf 83' lang='lat' dir='ltr'>hyacinthinam;</span> <span class='ocrx_word' id='word_1_280' title='bbox 704 3653 764 3707; x_wconf 91' lang='lat' dir='ltr'>id</span> <span class='ocrx_word' id='word_1_281' title='bbox 796 3656 905 3722; x_wconf 91' lang='lat' dir='ltr'>est,</span> <span class='ocrx_word' id='word_1_282' title='bbox 940 3667 1128 3723; x_wconf 91' lang='lat' dir='ltr'>usque</span> <span class='ocrx_word' id='word_1_283' title='bbox 1154 3651 1225 3705; x_wconf 89' lang='lat' dir='ltr'>ad</span> <span class='ocrx_word' id='word_1_284' title='bbox 1249 3650 1400 3707; x_wconf 86' lang='lat' dir='ltr'>talos</span> <span class='ocrx_word' id='word_1_285' title='bbox 1422 3652 1870 3722; x_wconf 90' lang='lat' dir='ltr'>dependentem.</span> 
     </span>
    </p>
   </div>
   <div class='ocr_carea' id='block_1_39' title="bbox 204 3738 1877 3815">
    <p class='ocr_par' dir='ltr' id='par_1_39' title="bbox 204 3738 1877 3815">
     <span class='ocr_line' id='line_1_39' title="bbox 204 3738 1877 3815; baseline -0.002 -14"><span class='ocrx_word' id='word_1_286' title='bbox 204 3749 265 3801; x_wconf 84' lang='lat' dir='ltr'>Et</span> <span class='ocrx_word' id='word_1_287' title='bbox 297 3747 408 3802; x_wconf 87' lang='lat' dir='ltr'>erit</span> <span class='ocrx_word' id='word_1_288' title='bbox 440 3744 826 3815; x_wconf 85' lang='lat' dir='ltr'>peristomium</span> <span class='ocrx_word' id='word_1_289' title='bbox 856 3757 926 3797; x_wconf 71' lang='lat' dir='ltr'>em</span> <span class='ocrx_word' id='word_1_290' title='bbox 955 3757 1018 3796; x_wconf 90' lang='lat' dir='ltr'>ea</span> <span class='ocrx_word' id='word_1_291' title='bbox 1044 3738 1308 3807; x_wconf 87' lang='lat' dir='ltr'>medium,</span> <span class='ocrx_word' id='word_1_292' title='bbox 1336 3739 1392 3794; x_wconf 92' lang='lat' dir='ltr'>id</span> <span class='ocrx_word' id='word_1_293' title='bbox 1427 3744 1535 3808; x_wconf 92' lang='lat' dir='ltr'>est,</span> <span class='ocrx_word' id='word_1_294' title='bbox 1560 3758 1674 3813; x_wconf 92' lang='lat' dir='ltr'>qua</span> <span class='ocrx_word' id='word_1_295' title='bbox 1698 3746 1877 3813; x_wconf 85' lang='lat' dir='ltr'>caput</span> 
     </span>
    </p>
   </div>
   <div class='ocr_carea' id='block_1_40' title="bbox 202 3828 1868 3905">
    <p class='ocr_par' dir='ltr' id='par_1_40' title="bbox 202 3828 1868 3905">
     <span class='ocr_line' id='line_1_40' title="bbox 202 3828 1868 3905; baseline -0.004 -14"><span class='ocrx_word' id='word_1_296' title='bbox 202 3832 616 3905; x_wconf 77' lang='lat' dir='ltr'>ejiciaturzhoc</span> <span class='ocrx_word' id='word_1_297' title='bbox 630 3836 721 3888; x_wconf 90' lang='lat' dir='ltr'>est</span> <span class='ocrx_word' id='word_1_298' title='bbox 735 3831 890 3886; x_wconf 90' lang='lat' dir='ltr'>enim</span> <span class='ocrx_word' id='word_1_299' title='bbox 907 3830 1060 3903; x_wconf 87' lang='lat' dir='ltr'>quod</span> <span class='ocrx_word' id='word_1_300' title='bbox 1075 3829 1251 3885; x_wconf 63' lang='grc' dir='ltr'>(ἓνωοὶ</span> <span class='ocrx_word' id='word_1_301' title='bbox 1271 3829 1475 3885; x_wconf 89' lang='lat' dir='ltr'>dicunt</span> <span class='ocrx_word' id='word_1_302' title='bbox 1495 3828 1868 3903; x_wconf 75' lang='grc' dir='ltr'>περιστόμιον.</span> 
     </span>
    </p>
   </div>
   <div class='ocr_carea' id='block_1_41' title="bbox 208 3920 1873 3992">
    <p class='ocr_par' dir='ltr' id='par_1_41' title="bbox 208 3920 1873 3992">
     <span class='ocr_line' id='line_1_41' title="bbox 208 3920 1873 3992; baseline -0.004 -12"><span class='ocrx_word' id='word_1_303' title='bbox 208 3927 377 3981; x_wconf 88' lang='lat' dir='ltr'>Oram</span> <span class='ocrx_word' id='word_1_304' title='bbox 392 3925 601 3978; x_wconf 79' lang='lat' dir='ltr'>habens</span> <span class='ocrx_word' id='word_1_305' title='bbox 624 3924 685 3977; x_wconf 89' lang='lat' dir='ltr'>in</span> <span class='ocrx_word' id='word_1_306' title='bbox 703 3921 944 3977; x_wconf 79' lang='lat' dir='ltr'>circuitu</span> <span class='ocrx_word' id='word_1_307' title='bbox 963 3920 1289 3992; x_wconf 88' lang='lat' dir='ltr'>peristomii,</span> <span class='ocrx_word' id='word_1_308' title='bbox 1302 3935 1440 3991; x_wconf 90' lang='lat' dir='ltr'>opus</span> <span class='ocrx_word' id='word_1_309' title='bbox 1459 3922 1710 3989; x_wconf 76' lang='lat' dir='ltr'>textoris,</span> <span class='ocrx_word' id='word_1_310' title='bbox 1733 3936 1873 3975; x_wconf 89' lang='lat' dir='ltr'>com-</span> 
     </span>
    </p>
   </div>
   <div class='ocr_carea' id='block_1_42' title="bbox 201 4008 1872 4081">
    <p class='ocr_par' dir='ltr' id='par_1_42' title="bbox 201 4008 1872 4081">
     <span class='ocr_line' id='line_1_42' title="bbox 201 4008 1872 4081; baseline -0.001 -14"><span class='ocrx_word' id='word_1_311' title='bbox 201 4016 509 4069; x_wconf 87' lang='lat' dir='ltr'>missuram</span> <span class='ocrx_word' id='word_1_312' title='bbox 538 4013 849 4067; x_wconf 71' lang='lat' dir='ltr'>contextam</span> <span class='ocrx_word' id='word_1_313' title='bbox 872 4026 892 4071; x_wconf 80' lang='lat'>,&#39;</span> <span class='ocrx_word' id='word_1_314' title='bbox 924 4009 981 4064; x_wconf 92' lang='lat' dir='ltr'>id</span> <span class='ocrx_word' id='word_1_315' title='bbox 1012 4012 1122 4078; x_wconf 90' lang='lat' dir='ltr'>est,</span> <span class='ocrx_word' id='word_1_316' title='bbox 1146 4025 1216 4064; x_wconf 89' lang='lat' dir='ltr'>ne</span> <span class='ocrx_word' id='word_1_317' title='bbox 1239 4008 1367 4081; x_wconf 86' lang='lat' dir='ltr'>ipsa</span> <span class='ocrx_word' id='word_1_318' title='bbox 1388 4025 1490 4063; x_wconf 90' lang='lat' dir='ltr'>ora</span> <span class='ocrx_word' id='word_1_319' title='bbox 1510 4008 1872 4065; x_wconf 86' lang='lat' dir='ltr'>extrinsecus</span> 
     </span>
    </p>
   </div>
   <div class='ocr_carea' id='block_1_43' title="bbox 203 4099 1870 4168">
    <p class='ocr_par' dir='ltr' id='par_1_43' title="bbox 203 4099 1870 4168">
     <span class='ocr_line' id='line_1_43' title="bbox 203 4099 1870 4168; baseline -0.002 -10"><span class='ocrx_word' id='word_1_320' title='bbox 203 4119 341 4158; x_wconf 86' lang='lat' dir='ltr'>assu</span> <span class='ocrx_word' id='word_1_321' title='bbox 352 4107 451 4156; x_wconf 90' lang='lat' dir='ltr'>atu</span> <span class='ocrx_word' id='word_1_322' title='bbox 462 4100 626 4155; x_wconf 89' lang='lat' dir='ltr'>r:hoc</span> <span class='ocrx_word' id='word_1_323' title='bbox 638 4100 869 4154; x_wconf 88' lang='lat' dir='ltr'>videtnr</span> <span class='ocrx_word' id='word_1_324' title='bbox 880 4099 1515 4168; x_wconf 87' lang='lat' dir='ltr'>dicere,commissuram</span> <span class='ocrx_word' id='word_1_325' title='bbox 1531 4103 1870 4156; x_wconf 75' lang='lat' dir='ltr'>contextam.</span> 
     </span>
    </p>
   </div>
   <div class='ocr_carea' id='block_1_44' title="bbox 205 4187 1869 4260">
    <p class='ocr_par' dir='ltr' id='par_1_44' title="bbox 205 4187 1869 4260">
     <span class='ocr_line' id='line_1_44' title="bbox 205 4187 1869 4260; baseline -0.001 -14"><span class='ocrx_word' id='word_1_326' title='bbox 205 4190 371 4246; x_wconf 88' lang='lat' dir='ltr'>Unde</span> <span class='ocrx_word' id='word_1_327' title='bbox 402 4189 583 4245; x_wconf 86' lang='lat' dir='ltr'>etiam</span> <span class='ocrx_word' id='word_1_328' title='bbox 614 4187 861 4256; x_wconf 86' lang='lat' dir='ltr'>addidit,</span> <span class='ocrx_word' id='word_1_329' title='bbox 886 4203 956 4242; x_wconf 76' lang='lat' dir='ltr'>ea:</span> <span class='ocrx_word' id='word_1_330' title='bbox 984 4189 1124 4259; x_wconf 89' lang='lat' dir='ltr'>ipsa,</span> <span class='ocrx_word' id='word_1_331' title='bbox 1143 4191 1202 4242; x_wconf 88' lang='lat' dir='ltr'>ut</span> <span class='ocrx_word' id='word_1_332' title='bbox 1231 4202 1300 4241; x_wconf 90' lang='lat' dir='ltr'>ne</span> <span class='ocrx_word' id='word_1_333' title='bbox 1331 4190 1652 4258; x_wconf 88' lang='lat' dir='ltr'>rumpatur;</span> <span class='ocrx_word' id='word_1_334' title='bbox 1680 4188 1737 4242; x_wconf 91' lang='lat' dir='ltr'>id</span> <span class='ocrx_word' id='word_1_335' title='bbox 1760 4192 1869 4260; x_wconf 88' lang='lat' dir='ltr'>est,</span> 
     </span>
    </p>
   </div>
   <div class='ocr_carea' id='block_1_45' title="bbox 207 4276 1699 4349">
    <p class='ocr_par' dir='ltr' id='par_1_45' title="bbox 207 4276 1699 4349">
     <span class='ocr_line' id='line_1_45' title="bbox 207 4276 1699 4349; baseline -0.002 -14"><span class='ocrx_word' id='word_1_336' title='bbox 207 4287 268 4335; x_wconf 84' lang='lat' dir='ltr'>ut</span> <span class='ocrx_word' id='word_1_337' title='bbox 299 4295 371 4334; x_wconf 82' lang='lat' dir='ltr'>ex</span> <span class='ocrx_word' id='word_1_338' title='bbox 399 4294 467 4333; x_wconf 86' lang='lat' dir='ltr'>se</span> <span class='ocrx_word' id='word_1_339' title='bbox 498 4278 629 4349; x_wconf 90' lang='lat' dir='ltr'>ipsa</span> <span class='ocrx_word' id='word_1_340' title='bbox 659 4276 738 4332; x_wconf 87' lang='lat' dir='ltr'>sit</span> <span class='ocrx_word' id='word_1_341' title='bbox 768 4276 898 4348; x_wconf 89' lang='lat' dir='ltr'>ipsa</span> <span class='ocrx_word' id='word_1_342' title='bbox 928 4293 1029 4332; x_wconf 86' lang='lat' dir='ltr'>ora</span> <span class='ocrx_word' id='word_1_343' title='bbox 1059 4279 1326 4331; x_wconf 86' lang='lat' dir='ltr'>contexta</span> <span class='ocrx_word' id='word_1_344' title='bbox 1356 4292 1489 4330; x_wconf 91' lang='lat' dir='ltr'>cum</span> <span class='ocrx_word' id='word_1_345' title='bbox 1521 4282 1699 4332; x_wconf 90' lang='lat' dir='ltr'>veste.</span> 
     </span>
    </p>
   </div>
   <div class='ocr_carea' id='block_1_46' title="bbox 276 4364 1872 4439">
    <p class='ocr_par' dir='ltr' id='par_1_46' title="bbox 276 4364 1872 4439">
     <span class='ocr_line' id='line_1_46' title="bbox 276 4364 1872 4439; baseline -0.001 -15"><span class='ocrx_word' id='word_1_346' title='bbox 276 4368 473 4424; x_wconf 85' lang='lat' dir='ltr'>CXIX.</span> <span class='ocrx_word' id='word_1_347' title='bbox 506 4367 613 4438; x_wconf 89' lang='lat' dir='ltr'>[1b.</span> <span class='ocrx_word' id='word_1_348' title='bbox 644 4382 841 4432; x_wconf 85' lang='lat' dir='ltr'>xxvm,</span> <span class='ocrx_word' id='word_1_349' title='bbox 870 4364 986 4439; x_wconf 89' lang='lat'>35.]</span> <span class='ocrx_word' id='word_1_350' title='bbox 1034 4367 1109 4421; x_wconf 92' lang='lat' dir='ltr'>Et</span> <span class='ocrx_word' id='word_1_351' title='bbox 1134 4366 1241 4421; x_wconf 87' lang='lat' dir='ltr'>erit</span> <span class='ocrx_word' id='word_1_352' title='bbox 1287 4367 1470 4421; x_wconf 87' lang='lat' dir='ltr'>Auron</span> <span class='ocrx_word' id='word_1_353' title='bbox 1498 4382 1623 4420; x_wconf 90' lang='lat' dir='ltr'>cum</span> <span class='ocrx_word' id='word_1_354' title='bbox 1653 4369 1872 4437; x_wconf 67' lang='lat' dir='ltr'>coeperit</span> 
     </span>
    </p>
   </div>
   <div class='ocr_carea' id='block_1_47' title="bbox 202 4453 1871 4530">
    <p class='ocr_par' dir='ltr' id='par_1_47' title="bbox 202 4453 1871 4530">
     <span class='ocr_line' id='line_1_47' title="bbox 202 4453 1871 4530; baseline -0.002 -16"><span class='ocrx_word' id='word_1_355' title='bbox 202 4461 368 4530; x_wconf 84' lang='lat' dir='ltr'>fungi</span> <span class='ocrx_word' id='word_1_356' title='bbox 390 4456 713 4523; x_wconf 87' lang='lat' dir='ltr'>sacerdotio,</span> <span class='ocrx_word' id='word_1_357' title='bbox 735 4454 995 4510; x_wconf 82' lang='lat' dir='ltr'>audietur</span> <span class='ocrx_word' id='word_1_358' title='bbox 1010 4469 1119 4510; x_wconf 72' lang='lat' dir='ltr'>vox</span> <span class='ocrx_word' id='word_1_359' title='bbox 1132 4453 1250 4524; x_wconf 76' lang='lat' dir='ltr'>ejus</span> <span class='ocrx_word' id='word_1_360' title='bbox 1278 4454 1515 4509; x_wconf 86' lang='lat' dir='ltr'>intranti</span> <span class='ocrx_word' id='word_1_361' title='bbox 1544 4456 1604 4508; x_wconf 90' lang='lat' dir='ltr'>in</span> <span class='ocrx_word' id='word_1_362' title='bbox 1622 4462 1871 4510; x_wconf 85' lang='lat' dir='ltr'>sanctum</span> 
     </span>
    </p>
   </div>
   <div class='ocr_carea' id='block_1_48' title="bbox 205 4545 1868 4617">
    <p class='ocr_par' dir='ltr' id='par_1_48' title="bbox 205 4545 1868 4617">
     <span class='ocr_line' id='line_1_48' title="bbox 205 4545 1868 4617; baseline -0.002 -14"><span class='ocrx_word' id='word_1_363' title='bbox 205 4550 267 4603; x_wconf 88' lang='lat' dir='ltr'>in</span> <span class='ocrx_word' id='word_1_364' title='bbox 299 4549 595 4617; x_wconf 83' lang='lat' dir='ltr'>conspectu</span> <span class='ocrx_word' id='word_1_365' title='bbox 620 4545 847 4600; x_wconf 83' lang='lat' dir='ltr'>Domini</span> <span class='ocrx_word' id='word_1_366' title='bbox 864 4549 916 4599; x_wconf 88' lang='lat' dir='ltr'>et</span> <span class='ocrx_word' id='word_1_367' title='bbox 938 4546 1189 4611; x_wconf 72' lang='lat' dir='ltr'>exeunti,</span> <span class='ocrx_word' id='word_1_368' title='bbox 1214 4552 1275 4599; x_wconf 89' lang='lat' dir='ltr'>ut</span> <span class='ocrx_word' id='word_1_369' title='bbox 1302 4559 1414 4598; x_wconf 89' lang='lat' dir='ltr'>non</span> <span class='ocrx_word' id='word_1_370' title='bbox 1433 4545 1716 4599; x_wconf 87' lang='lat' dir='ltr'>moriatur</span> <span class='ocrx_word' id='word_1_371' title='bbox 1736 4562 1756 4598; x_wconf 85' lang='lat'><em>:</em></span> <span class='ocrx_word' id='word_1_372' title='bbox 1781 4545 1868 4599; x_wconf 90' lang='lat' dir='ltr'>in-</span> 
     </span>
    </p>
   </div>
   <div class='ocr_carea' id='block_1_49' title="bbox 204 4631 1871 4692">
    <p class='ocr_par' dir='ltr' id='par_1_49' title="bbox 204 4631 1871 4692">
     <span class='ocr_line' id='line_1_49' title="bbox 204 4631 1871 4692; baseline -0.002 0"><span class='ocrx_word' id='word_1_373' title='bbox 204 4635 422 4692; x_wconf 87' lang='lat' dir='ltr'>trantis</span> <span class='ocrx_word' id='word_1_374' title='bbox 454 4639 509 4690; x_wconf 90' lang='lat' dir='ltr'>et</span> <span class='ocrx_word' id='word_1_375' title='bbox 540 4633 806 4690; x_wconf 86' lang='lat' dir='ltr'>exeuntis</span> <span class='ocrx_word' id='word_1_376' title='bbox 830 4650 1029 4689; x_wconf 86' lang='lat' dir='ltr'>vocem</span> <span class='ocrx_word' id='word_1_377' title='bbox 1062 4633 1134 4688; x_wconf 88' lang='lat' dir='ltr'>de</span> <span class='ocrx_word' id='word_1_378' title='bbox 1165 4631 1581 4688; x_wconf 89' lang='lat' dir='ltr'>tintinnabulis</span> <span class='ocrx_word' id='word_1_379' title='bbox 1604 4633 1871 4689; x_wconf 78' lang='lat' dir='ltr'>dixitau-</span> 
     </span>
    </p>
   </div>
   <div class='ocr_carea' id='block_1_50' title="bbox 214 4721 1873 4795">
    <p class='ocr_par' dir='ltr' id='par_1_50' title="bbox 214 4721 1873 4795">
     <span class='ocr_line' id='line_1_50' title="bbox 214 4721 1873 4795; baseline -0.001 -15"><span class='ocrx_word' id='word_1_380' title='bbox 214 4725 351 4791; x_wconf 76' lang='lat' dir='ltr'>diri,</span> <span class='ocrx_word' id='word_1_381' title='bbox 383 4728 735 4795; x_wconf 87' lang='lat' dir='ltr'>tantumque</span> <span class='ocrx_word' id='word_1_382' title='bbox 758 4722 837 4777; x_wconf 92' lang='lat' dir='ltr'>ibi</span> <span class='ocrx_word' id='word_1_383' title='bbox 863 4723 1092 4794; x_wconf 91' lang='lat' dir='ltr'>pondus</span> <span class='ocrx_word' id='word_1_384' title='bbox 1114 4721 1536 4777; x_wconf 83' lang='lat' dir='ltr'>observationis</span> <span class='ocrx_word' id='word_1_385' title='bbox 1567 4722 1782 4794; x_wconf 88' lang='lat' dir='ltr'>posuit,</span> <span class='ocrx_word' id='word_1_386' title='bbox 1808 4727 1873 4778; x_wconf 90' lang='lat' dir='ltr'>ut</span> 
     </span>
    </p>
   </div>
   <div class='ocr_carea' id='block_1_51' title="bbox 207 4810 1871 4885">
    <p class='ocr_par' dir='ltr' id='par_1_51' title="bbox 207 4810 1871 4885">
     <span class='ocr_line' id='line_1_51' title="bbox 207 4810 1871 4885; baseline -0.002 -15"><span class='ocrx_word' id='word_1_387' title='bbox 207 4816 450 4879; x_wconf 88' lang='lat' dir='ltr'>diceret,</span> <span class='ocrx_word' id='word_1_388' title='bbox 466 4829 535 4869; x_wconf 91' lang='lat' dir='ltr'>ne</span> <span class='ocrx_word' id='word_1_389' title='bbox 551 4814 842 4869; x_wconf 86' lang='lat' dir='ltr'>moriatur.</span> <span class='ocrx_word' id='word_1_390' title='bbox 860 4810 1223 4867; x_wconf 88' lang='lat' dir='ltr'>Testimonia</span> <span class='ocrx_word' id='word_1_391' title='bbox 1243 4827 1379 4883; x_wconf 85' lang='lat' dir='ltr'>ergo</span> <span class='ocrx_word' id='word_1_392' title='bbox 1402 4812 1665 4883; x_wconf 70' lang='lat' dir='ltr'>quaedam</span> <span class='ocrx_word' id='word_1_393' title='bbox 1691 4812 1871 4885; x_wconf 85' lang='lat' dir='ltr'>signi-</span> 
     </span>
    </p>
   </div>
   <div class='ocr_carea' id='block_1_52' title="bbox 206 4898 1870 4973">
    <p class='ocr_par' dir='ltr' id='par_1_52' title="bbox 206 4898 1870 4973">
     <span class='ocr_line' id='line_1_52' title="bbox 206 4898 1870 4973; baseline -0.002 -14"><span class='ocrx_word' id='word_1_394' title='bbox 206 4904 373 4961; x_wconf 83' lang='lat' dir='ltr'>ﬁcari</span> <span class='ocrx_word' id='word_1_395' title='bbox 387 4903 570 4959; x_wconf 90' lang='lat' dir='ltr'>voluit</span> <span class='ocrx_word' id='word_1_396' title='bbox 594 4902 651 4957; x_wconf 91' lang='lat' dir='ltr'>in</span> <span class='ocrx_word' id='word_1_397' title='bbox 675 4907 831 4958; x_wconf 87' lang='lat' dir='ltr'>veste</span> <span class='ocrx_word' id='word_1_398' title='bbox 854 4898 1559 4971; x_wconf 89' lang='lat' dir='ltr'>sacerdotali,quautique</span> <span class='ocrx_word' id='word_1_399' title='bbox 1580 4900 1870 4973; x_wconf 79' lang='lat' dir='ltr'>significa-</span> 
     </span>
    </p>
   </div>
   <div class='ocr_carea' id='block_1_53' title="bbox 206 4988 1868 5063">
    <p class='ocr_par' dir='ltr' id='par_1_53' title="bbox 206 4988 1868 5063">
     <span class='ocr_line' id='line_1_53' title="bbox 206 4988 1868 5063; baseline -0.002 -14"><span class='ocrx_word' id='word_1_400' title='bbox 206 4998 307 5049; x_wconf 87' lang='lat' dir='ltr'>tur</span> <span class='ocrx_word' id='word_1_401' title='bbox 351 4991 628 5060; x_wconf 89' lang='lat' dir='ltr'>Ecclesia,</span> <span class='ocrx_word' id='word_1_402' title='bbox 655 5008 756 5063; x_wconf 90' lang='lat' dir='ltr'>per</span> <span class='ocrx_word' id='word_1_403' title='bbox 785 4990 903 5046; x_wconf 65' lang='lat' dir='ltr'>haec</span> <span class='ocrx_word' id='word_1_404' title='bbox 932 4988 1350 5057; x_wconf 82' lang='lat' dir='ltr'>tintinnabula,</span> <span class='ocrx_word' id='word_1_405' title='bbox 1380 4992 1445 5044; x_wconf 89' lang='lat' dir='ltr'>ut</span> <span class='ocrx_word' id='word_1_406' title='bbox 1475 4992 1612 5045; x_wconf 85' lang='lat' dir='ltr'>nota</span> <span class='ocrx_word' id='word_1_407' title='bbox 1633 4990 1710 5045; x_wconf 88' lang='lat' dir='ltr'>sit</span> <span class='ocrx_word' id='word_1_408' title='bbox 1740 5007 1868 5046; x_wconf 87' lang='lat' dir='ltr'>con-</span> 
     </span>
    </p>
   </div>
   <div class='ocr_carea' id='block_1_54' title="bbox 206 5077 1869 5151">
    <p class='ocr_par' dir='ltr' id='par_1_54' title="bbox 206 5077 1869 5151">
     <span class='ocr_line' id='line_1_54' title="bbox 206 5077 1869 5151; baseline 0 -16"><span class='ocrx_word' id='word_1_409' title='bbox 206 5080 463 5137; x_wconf 86' lang='lat' dir='ltr'>versatio</span> <span class='ocrx_word' id='word_1_410' title='bbox 484 5079 805 5135; x_wconf 89' lang='lat' dir='ltr'>sacerdotis</span> <span class='ocrx_word' id='word_1_411' title='bbox 830 5096 842 5133; x_wconf 92' lang='lat'>:</span> <span class='ocrx_word' id='word_1_412' title='bbox 869 5079 1022 5134; x_wconf 89' lang='lat' dir='ltr'>sicut</span> <span class='ocrx_word' id='word_1_413' title='bbox 1044 5077 1359 5151; x_wconf 85' lang='lat' dir='ltr'>Apostolus</span> <span class='ocrx_word' id='word_1_414' title='bbox 1382 5077 1542 5145; x_wconf 87' lang='lat' dir='ltr'>dicit,</span> <span class='ocrx_word' id='word_1_415' title='bbox 1566 5080 1733 5134; x_wconf 85' lang='lat' dir='ltr'>Circa</span> <span class='ocrx_word' id='word_1_416' title='bbox 1756 5095 1869 5135; x_wconf 88' lang='lat' dir='ltr'>om-</span> 
     </span>
    </p>
   </div>
   <div class='ocr_carea' id='block_1_55' title="bbox 209 5168 1865 5241">
    <p class='ocr_par' dir='ltr' id='par_1_55' title="bbox 209 5168 1865 5241">
     <span class='ocr_line' id='line_1_55' title="bbox 209 5168 1865 5241; baseline -0.002 -14"><span class='ocrx_word' id='word_1_417' title='bbox 209 5188 306 5227; x_wconf 90' lang='lat' dir='ltr'>nes</span> <span class='ocrx_word' id='word_1_418' title='bbox 335 5172 575 5241; x_wconf 87' lang='lat' dir='ltr'>teipsum</span> <span class='ocrx_word' id='word_1_419' title='bbox 603 5171 868 5225; x_wconf 85' lang='lat' dir='ltr'>bonorum</span> <span class='ocrx_word' id='word_1_420' title='bbox 894 5185 1122 5241; x_wconf 86' lang='lat' dir='ltr'>operum</span> <span class='ocrx_word' id='word_1_421' title='bbox 1140 5168 1390 5240; x_wconf 75' lang='lat' dir='ltr'>praebens</span> <span class='ocrx_word' id='word_1_422' title='bbox 1411 5170 1723 5239; x_wconf 68' lang='lat' dir='ltr'>exemplum</span> <span class='ocrx_word' id='word_1_423' title='bbox 1745 5169 1865 5239; x_wconf 86' lang='lat' dir='ltr'>(Tit.</span> 
     </span>
    </p>
   </div>
   <div class='ocr_carea' id='block_1_56' title="bbox 211 5257 1865 5331">
    <p class='ocr_par' dir='ltr' id='par_1_56' title="bbox 211 5257 1865 5331">
     <span class='ocr_line' id='line_1_56' title="bbox 211 5257 1865 5331; baseline -0.001 -16"><span class='ocrx_word' id='word_1_424' title='bbox 211 5278 273 5325; x_wconf 85' lang='grc' dir='ltr'>ιι,</span> <span class='ocrx_word' id='word_1_425' title='bbox 304 5261 360 5331; x_wconf 92' lang='grc'>7)</span> <span class='ocrx_word' id='word_1_426' title='bbox 389 5285 403 5328; x_wconf 90' lang='grc'>;</span> <span class='ocrx_word' id='word_1_427' title='bbox 438 5263 539 5314; x_wconf 91' lang='lat' dir='ltr'>aut</span> <span class='ocrx_word' id='word_1_428' title='bbox 569 5257 739 5325; x_wconf 91' lang='lat' dir='ltr'>illud,</span> <span class='ocrx_word' id='word_1_429' title='bbox 775 5260 902 5328; x_wconf 71' lang='lat' dir='ltr'>Quae</span> <span class='ocrx_word' id='word_1_430' title='bbox 933 5258 1143 5314; x_wconf 88' lang='lat' dir='ltr'>audisti</span> <span class='ocrx_word' id='word_1_431' title='bbox 1172 5276 1312 5314; x_wconf 88' lang='lat' dir='ltr'>ame</span> <span class='ocrx_word' id='word_1_432' title='bbox 1341 5275 1439 5330; x_wconf 89' lang='lat' dir='ltr'>per</span> <span class='ocrx_word' id='word_1_433' title='bbox 1464 5260 1665 5313; x_wconf 88' lang='lat' dir='ltr'>multos</span> <span class='ocrx_word' id='word_1_434' title='bbox 1684 5263 1865 5329; x_wconf 85' lang='lat' dir='ltr'>testes,</span> 
     </span>
    </p>
   </div>
   <div class='ocr_carea' id='block_1_57' title="bbox 275 5382 1865 5446">
    <p class='ocr_par' dir='ltr' id='par_1_57' title="bbox 275 5382 1865 5446">
     <span class='ocr_line' id='line_1_57' title="bbox 275 5382 1865 5446; baseline 0.001 -14"><span class='ocrx_word' id='word_1_435' title='bbox 275 5387 290 5419; x_wconf 76' lang='grc' dir='ltr'>ι</span> <span class='ocrx_word' id='word_1_436' title='bbox 325 5385 385 5432; x_wconf 87' lang='lat' dir='ltr'>In</span> <span class='ocrx_word' id='word_1_437' title='bbox 420 5385 543 5432; x_wconf 81' lang='lat' dir='ltr'>Mss.</span> <span class='ocrx_word' id='word_1_438' title='bbox 579 5386 703 5446; x_wconf 86' lang='lat' dir='ltr'>post</span> <span class='ocrx_word' id='word_1_439' title='bbox 719 5395 943 5446; x_wconf 65' lang='lat' dir='ltr'>vocem,</span> <span class='ocrx_word' id='word_1_440' title='bbox 966 5382 1187 5446; x_wconf 84' lang='lat' dir='ltr'>minimi,</span> <span class='ocrx_word' id='word_1_441' title='bbox 1218 5383 1460 5446; x_wconf 86' lang='lat' dir='ltr'>proxime</span> <span class='ocrx_word' id='word_1_442' title='bbox 1482 5382 1865 5446; x_wconf 85' lang='lat' dir='ltr'>subsequitur:</span> 
     </span>
    </p>
   </div>
   <div class='ocr_carea' id='block_1_58' title="bbox 213 5443 1866 5521">
    <p class='ocr_par' dir='ltr' id='par_1_58' title="bbox 213 5443 1866 5521">
     <span class='ocr_line' id='line_1_58' title="bbox 213 5443 1866 5521; baseline -0.001 -27"><span class='ocrx_word' id='word_1_443' title='bbox 213 5446 511 5521; x_wconf 44' lang='lat' dir='ltr'>Et‘lapides</span> <span class='ocrx_word' id='word_1_444' title='bbox 540 5443 648 5495; x_wconf 77' lang='lat' dir='ltr'>sint</span> <span class='ocrx_word' id='word_1_445' title='bbox 694 5443 755 5492; x_wconf 88' lang='lat' dir='ltr'>de</span> <span class='ocrx_word' id='word_1_446' title='bbox 788 5445 1099 5521; x_wconf 39' lang='lat' dir='ltr'>ﬂamini-bus</span> <span class='ocrx_word' id='word_1_447' title='bbox 1140 5443 1365 5521; x_wconf 65' lang='lat' dir='ltr'>filiorum</span> <span class='ocrx_word' id='word_1_448' title='bbox 1402 5444 1564 5521; x_wconf 51' lang='lat' dir='ltr'>Israel</span> <span class='ocrx_word' id='word_1_449' title='bbox 1589 5443 1866 5521; x_wconf 44' lang='lat' dir='ltr'>secundum</span> 
     </span>
    </p>
   </div>
   <div class='ocr_carea' id='block_1_59' title="bbox 213 5508 1863 5571">
    <p class='ocr_par' dir='ltr' id='par_1_59' title="bbox 213 5508 1863 5571">
     <span class='ocr_line' id='line_1_59' title="bbox 213 5508 1863 5571; baseline 0.004 -18"><span class='ocrx_word' id='word_1_450' title='bbox 213 5508 509 5559; x_wconf 79' lang='lat' dir='ltr'>nativitates</span> <span class='ocrx_word' id='word_1_451' title='bbox 539 5522 733 5556; x_wconf 88' lang='lat' dir='ltr'>eorum.</span> <span class='ocrx_word' id='word_1_452' title='bbox 785 5508 885 5571; x_wconf 80' lang='lat' dir='ltr'>Qui</span> <span class='ocrx_word' id='word_1_453' title='bbox 939 5512 1019 5557; x_wconf 89' lang='lat' dir='ltr'>est</span> <span class='ocrx_word' id='word_1_454' title='bbox 1064 5509 1250 5570; x_wconf 84' lang='lat' dir='ltr'>Exod.,</span> <span class='ocrx_word' id='word_1_455' title='bbox 1287 5524 1403 5571; x_wconf 90' lang='lat' dir='ltr'>cap.</span> <span class='ocrx_word' id='word_1_456' title='bbox 1440 5511 1515 5569; x_wconf 85' lang='lat'>28,</span> <span class='ocrx_word' id='word_1_457' title='bbox 1548 5522 1593 5568; x_wconf 87' lang='lat' dir='ltr'>v,</span> <span class='ocrx_word' id='word_1_458' title='bbox 1629 5512 1681 5557; x_wconf 76' lang='lat'>21</span> <span class='ocrx_word' id='word_1_459' title='bbox 1715 5523 1727 5556; x_wconf 89' lang='lat'>:</span> <span class='ocrx_word' id='word_1_460' title='bbox 1765 5510 1863 5559; x_wconf 89' lang='lat' dir='ltr'>nisi</span> 
     </span>
    </p>
   </div>
   <div class='ocr_carea' id='block_1_60' title="bbox 214 5569 1861 5635">
    <p class='ocr_par' dir='ltr' id='par_1_60' title="bbox 214 5569 1861 5635">
     <span class='ocr_line' id='line_1_60' title="bbox 214 5569 1861 5635; baseline 0.001 -14"><span class='ocrx_word' id='word_1_461' title='bbox 214 5574 354 5634; x_wconf 82' lang='lat' dir='ltr'>quod</span> <span class='ocrx_word' id='word_1_462' title='bbox 384 5572 509 5623; x_wconf 83' lang='lat' dir='ltr'>LXX</span> <span class='ocrx_word' id='word_1_463' title='bbox 543 5572 745 5635; x_wconf 77' lang='lat' dir='ltr'>habent</span> <span class='ocrx_word' id='word_1_464' title='bbox 785 5569 910 5619; x_wconf 84' lang='lat' dir='ltr'>kata</span> <span class='ocrx_word' id='word_1_465' title='bbox 938 5575 1197 5633; x_wconf 86' lang='lat' dir='ltr'>onomata,</span> <span class='ocrx_word' id='word_1_466' title='bbox 1230 5569 1321 5623; x_wconf 88' lang='lat' dir='ltr'>ubi</span> <span class='ocrx_word' id='word_1_467' title='bbox 1350 5569 1683 5635; x_wconf 66' lang='lat' dir='ltr'>Augustinus</span> <span class='ocrx_word' id='word_1_468' title='bbox 1714 5573 1861 5623; x_wconf 86' lang='lat' dir='ltr'>vide-</span> 
     </span>
    </p>
   </div>
   <div class='ocr_carea' id='block_1_61' title="bbox 216 5632 1034 5700">
    <p class='ocr_par' dir='ltr' id='par_1_61' title="bbox 216 5632 1034 5700">
     <span class='ocr_line' id='line_1_61' title="bbox 216 5632 1034 5700; baseline -0.002 -16"><span class='ocrx_word' id='word_1_469' title='bbox 216 5632 298 5684; x_wconf 76' lang='lat' dir='ltr'>tur</span> <span class='ocrx_word' id='word_1_470' title='bbox 328 5635 521 5700; x_wconf 75' lang='lat' dir='ltr'>legisse</span> <span class='ocrx_word' id='word_1_471' title='bbox 554 5632 686 5700; x_wconf 60' lang='grc' dir='ltr'>ΙειξιαΔ</span> <span class='ocrx_word' id='word_1_472' title='bbox 707 5635 1034 5700; x_wconf 77' lang='lat' dir='ltr'>gennemata.</span> 
     </span>
    </p>
   </div>
   <div class='ocr_carea' id='block_1_62' title="bbox 284 5696 1177 5761">
    <p class='ocr_par' dir='ltr' id='par_1_62' title="bbox 284 5696 1177 5761">
     <span class='ocr_line' id='line_1_62' title="bbox 284 5696 1177 5761; baseline -0.004 -12"><span class='ocrx_word' id='word_1_473' title='bbox 284 5700 305 5734; x_wconf 82' lang='grc'>²</span> <span class='ocrx_word' id='word_1_474' title='bbox 334 5696 487 5749; x_wconf 67' lang='lat' dir='ltr'>una.</span> <span class='ocrx_word' id='word_1_475' title='bbox 513 5711 542 5747; x_wconf 90' lang='lat' dir='ltr'>e</span> <span class='ocrx_word' id='word_1_476' title='bbox 571 5696 738 5750; x_wconf 73' lang='lat' dir='ltr'>Vatia.</span> <span class='ocrx_word' id='word_1_477' title='bbox 772 5697 999 5761; x_wconf 62' lang='lat' dir='ltr'>Mss.,{ut</span> <span class='ocrx_word' id='word_1_478' title='bbox 1024 5697 1177 5760; x_wconf 82' lang='lat' dir='ltr'>fiunt.</span> 
     </span>
    </p>
   </div>
   <div class='ocr_carea' id='block_1_63' title="bbox 1601 302 2304 366">
    <p class='ocr_par' dir='ltr' id='par_1_63' title="bbox 1601 302 2304 366">
     <span class='ocr_line' id='line_1_63' title="bbox 1601 302 2304 366; baseline 0.001 -4"><span class='ocrx_word' id='word_1_479' title='bbox 1601 303 1829 364; x_wconf 82' lang='lat' dir='ltr'>LIBER</span> <span class='ocrx_word' id='word_1_480' title='bbox 1873 302 2304 366; x_wconf 82' lang='lat' dir='ltr'>SECUNDUS.</span> 
     </span>
    </p>
   </div>
   <div class='ocr_carea' id='block_1_64' title="bbox 3530 304 3650 367">
    <p class='ocr_par' dir='ltr' id='par_1_64' title="bbox 3530 304 3650 367">
     <span class='ocr_line' id='line_1_64' title="bbox 3530 304 3650 367; baseline -0.008 -1"><span class='ocrx_word' id='word_1_481' title='bbox 3530 304 3650 367; x_wconf 86' lang='lat'>638</span> 
     </span>
    </p>
   </div>
   <div class='ocr_carea' id='block_1_65' title="bbox 1999 438 3647 511">
    <p class='ocr_par' dir='ltr' id='par_1_65' title="bbox 1999 438 3647 511">
     <span class='ocr_line' id='line_1_65' title="bbox 1999 438 3647 511; baseline 0.001 -18"><span class='ocrx_word' id='word_1_482' title='bbox 1999 438 2119 496; x_wconf 69' lang='lat' dir='ltr'>haec</span> <span class='ocrx_word' id='word_1_483' title='bbox 2147 440 2337 495; x_wconf 89' lang='lat' dir='ltr'>eadem</span> <span class='ocrx_word' id='word_1_484' title='bbox 2368 441 2689 497; x_wconf 87' lang='lat' dir='ltr'>commenda</span> <span class='ocrx_word' id='word_1_485' title='bbox 2714 440 2989 511; x_wconf 77' lang='lat' dir='ltr'>ﬁdelibus,</span> <span class='ocrx_word' id='word_1_486' title='bbox 3009 446 3060 495; x_wconf 83' lang='lat' dir='ltr'>et</span> <span class='ocrx_word' id='word_1_487' title='bbox 3090 441 3158 495; x_wconf 89' lang='lat' dir='ltr'>iis</span> <span class='ocrx_word' id='word_1_488' title='bbox 3186 441 3283 511; x_wconf 86' lang='lat' dir='ltr'>qui</span> <span class='ocrx_word' id='word_1_489' title='bbox 3310 441 3492 496; x_wconf 82' lang='lat' dir='ltr'>idonei</span> <span class='ocrx_word' id='word_1_490' title='bbox 3518 445 3647 495; x_wconf 86' lang='lat' dir='ltr'>sunt</span> 
     </span>
    </p>
   </div>
   <div class='ocr_carea' id='block_1_66' title="bbox 1998 527 3642 601">
    <p class='ocr_par' dir='ltr' id='par_1_66' title="bbox 1998 527 3642 601">
     <span class='ocr_line' id='line_1_66' title="bbox 1998 527 3642 601; baseline -0.001 -17"><span class='ocrx_word' id='word_1_491' title='bbox 1998 537 2049 584; x_wconf 88' lang='lat' dir='ltr'>et</span> <span class='ocrx_word' id='word_1_492' title='bbox 2071 529 2211 584; x_wconf 90' lang='lat' dir='ltr'>alios</span> <span class='ocrx_word' id='word_1_493' title='bbox 2230 529 2417 585; x_wconf 69' lang='lat' dir='ltr'>(locere</span> <span class='ocrx_word' id='word_1_494' title='bbox 2438 530 2510 597; x_wconf 91' lang='lat' dir='ltr'>(II</span> <span class='ocrx_word' id='word_1_495' title='bbox 2538 532 2670 585; x_wconf 87' lang='lat' dir='ltr'>Tim.</span> <span class='ocrx_word' id='word_1_496' title='bbox 2696 549 2758 597; x_wconf 77' lang='grc' dir='ltr'>ιι,</span> <span class='ocrx_word' id='word_1_497' title='bbox 2783 530 2861 601; x_wconf 82' lang='lat'>2.)</span> <span class='ocrx_word' id='word_1_498' title='bbox 2884 535 2969 585; x_wconf 82' lang='lat' dir='ltr'>An</span> <span class='ocrx_word' id='word_1_499' title='bbox 2992 529 3127 600; x_wconf 87' lang='lat' dir='ltr'>quid</span> <span class='ocrx_word' id='word_1_500' title='bbox 3152 528 3305 583; x_wconf 85' lang='lat' dir='ltr'>aliud</span> <span class='ocrx_word' id='word_1_501' title='bbox 3325 527 3347 583; x_wconf 88' lang='lat'><strong><em>?</em></strong></span> <span class='ocrx_word' id='word_1_502' title='bbox 3365 545 3642 600; x_wconf 83' lang='lat' dir='ltr'>magnum</span> 
     </span>
    </p>
   </div>
   <div class='ocr_carea' id='block_1_67' title="bbox 1997 619 3644 689">
    <p class='ocr_par' dir='ltr' id='par_1_67' title="bbox 1997 619 3644 689">
     <span class='ocr_line' id='line_1_67' title="bbox 1997 619 3644 689; baseline 0.001 -20"><span class='ocrx_word' id='word_1_503' title='bbox 1997 620 2191 671; x_wconf 88' lang='lat' dir='ltr'>tamen</span> <span class='ocrx_word' id='word_1_504' title='bbox 2209 619 2612 689; x_wconf 88' lang='lat' dir='ltr'>est,quidquid</span> <span class='ocrx_word' id='word_1_505' title='bbox 2633 619 2774 673; x_wconf 88' lang='lat' dir='ltr'>illud</span> <span class='ocrx_word' id='word_1_506' title='bbox 2790 621 3147 673; x_wconf 80' lang='lat' dir='ltr'>estJntra-nti</span> <span class='ocrx_word' id='word_1_507' title='bbox 3167 626 3358 672; x_wconf 78' lang='lat' dir='ltr'>autem</span> <span class='ocrx_word' id='word_1_508' title='bbox 3382 626 3644 673; x_wconf 69' lang='lat' dir='ltr'>eterecun-</span> 
     </span>
    </p>
   </div>
   <div class='ocr_carea' id='block_1_68' title="bbox 1998 705 3645 778">
    <p class='ocr_par' dir='ltr' id='par_1_68' title="bbox 1998 705 3645 778">
     <span class='ocr_line' id='line_1_68' title="bbox 1998 705 3645 778; baseline 0.002 -21"><span class='ocrx_word' id='word_1_509' title='bbox 1998 705 2177 773; x_wconf 86' lang='lat' dir='ltr'>ti,pro</span> <span class='ocrx_word' id='word_1_510' title='bbox 2202 706 2471 761; x_wconf 74' lang='lat' dir='ltr'>intrantis</span> <span class='ocrx_word' id='word_1_511' title='bbox 2489 712 2545 761; x_wconf 88' lang='lat' dir='ltr'>et</span> <span class='ocrx_word' id='word_1_512' title='bbox 2562 708 2856 773; x_wconf 81' lang='lat' dir='ltr'>exeuntis;</span> <span class='ocrx_word' id='word_1_513' title='bbox 2879 707 3092 763; x_wconf 87' lang='lat' dir='ltr'>locutio</span> <span class='ocrx_word' id='word_1_514' title='bbox 3114 711 3221 761; x_wconf 90' lang='lat' dir='ltr'>est.</span> <span class='ocrx_word' id='word_1_515' title='bbox 3238 708 3347 763; x_wconf 73' lang='lat' dir='ltr'>V0.1:</span> <span class='ocrx_word' id='word_1_516' title='bbox 3368 723 3469 778; x_wconf 87' lang='lat' dir='ltr'>pro</span> <span class='ocrx_word' id='word_1_517' title='bbox 3483 707 3645 761; x_wconf 90' lang='lat' dir='ltr'>soni-</span> 
     </span>
    </p>
   </div>
   <div class='ocr_carea' id='block_1_69' title="bbox 1999 795 3639 867">
    <p class='ocr_par' dir='ltr' id='par_1_69' title="bbox 1999 795 3639 867">
     <span class='ocr_line' id='line_1_69' title="bbox 1999 795 3639 867; baseline 0.002 -20"><span class='ocrx_word' id='word_1_518' title='bbox 1999 797 2062 848; x_wconf 90' lang='lat' dir='ltr'>tu</span> <span class='ocrx_word' id='word_1_519' title='bbox 2082 812 2094 860; x_wconf 93' lang='lat'><strong>;</strong></span> <span class='ocrx_word' id='word_1_520' title='bbox 2116 810 2249 849; x_wconf 89' lang='lat' dir='ltr'>nam</span> <span class='ocrx_word' id='word_1_521' title='bbox 2269 795 2797 851; x_wconf 86' lang='lat' dir='ltr'>tintinnabulorum</span> <span class='ocrx_word' id='word_1_522' title='bbox 2816 797 3003 867; x_wconf 80' lang='lat' dir='ltr'>magis</span> <span class='ocrx_word' id='word_1_523' title='bbox 3026 814 3204 851; x_wconf 90' lang='lat' dir='ltr'>sonus</span> <span class='ocrx_word' id='word_1_524' title='bbox 3220 813 3395 867; x_wconf 86' lang='lat' dir='ltr'>quam</span> <span class='ocrx_word' id='word_1_525' title='bbox 3408 812 3513 851; x_wconf 83' lang='lat' dir='ltr'>vox</span> <span class='ocrx_word' id='word_1_526' title='bbox 3534 799 3639 851; x_wconf 89' lang='lat' dir='ltr'>est.</span> 
     </span>
    </p>
   </div>
   <div class='ocr_carea' id='block_1_70' title="bbox 2068 883 3645 957">
    <p class='ocr_par' dir='ltr' id='par_1_70' title="bbox 2068 883 3645 957">
     <span class='ocr_line' id='line_1_70' title="bbox 2068 883 3645 957; baseline 0.003 -20"><span class='ocrx_word' id='word_1_527' title='bbox 2068 883 2227 939; x_wconf 83' lang='lat' dir='ltr'><strong>CXX.</strong></span> <span class='ocrx_word' id='word_1_528' title='bbox 2262 886 2368 955; x_wconf 84' lang='lat' dir='ltr'>[Ib.</span> <span class='ocrx_word' id='word_1_529' title='bbox 2392 902 2589 951; x_wconf 81' lang='lat' dir='ltr'>xxvm,</span> <span class='ocrx_word' id='word_1_530' title='bbox 2613 886 2828 955; x_wconf 86' lang='lat'>36-38.]</span> <span class='ocrx_word' id='word_1_531' title='bbox 2853 888 2914 941; x_wconf 88' lang='lat' dir='ltr'>Et</span> <span class='ocrx_word' id='word_1_532' title='bbox 2936 885 3107 957; x_wconf 79' lang='lat' dir='ltr'>facies</span> <span class='ocrx_word' id='word_1_533' title='bbox 3128 887 3394 941; x_wconf 88' lang='lat' dir='ltr'>laminam</span> <span class='ocrx_word' id='word_1_534' title='bbox 3415 902 3645 941; x_wconf 82' lang='lat' dir='ltr'>auream</span> 
     </span>
    </p>
   </div>
   <div class='ocr_carea' id='block_1_71' title="bbox 1994 974 3644 1045">
    <p class='ocr_par' dir='ltr' id='par_1_71' title="bbox 1994 974 3644 1045">
     <span class='ocr_line' id='line_1_71' title="bbox 1994 974 3644 1045; baseline 0.002 -19"><span class='ocrx_word' id='word_1_535' title='bbox 1994 989 2212 1038; x_wconf 82' lang='lat' dir='ltr'>puram,</span> <span class='ocrx_word' id='word_1_536' title='bbox 2230 977 2278 1027; x_wconf 90' lang='lat' dir='ltr'>et</span> <span class='ocrx_word' id='word_1_537' title='bbox 2302 976 2567 1044; x_wconf 78' lang='lat' dir='ltr'>formabis</span> <span class='ocrx_word' id='word_1_538' title='bbox 2591 977 2650 1029; x_wconf 89' lang='lat' dir='ltr'>in</span> <span class='ocrx_word' id='word_1_539' title='bbox 2670 974 2855 1029; x_wconf 87' lang='lat' dir='ltr'>eadem</span> <span class='ocrx_word' id='word_1_540' title='bbox 2871 976 3257 1045; x_wconf 75' lang='lat' dir='ltr'>formationem</span> <span class='ocrx_word' id='word_1_541' title='bbox 3276 975 3644 1045; x_wconf 85' lang='lat' dir='ltr'>signi,sancti-</span> 
     </span>
    </p>
   </div>
   <div class='ocr_carea' id='block_1_72' title="bbox 1995 1063 3639 1134">
    <p class='ocr_par' dir='ltr' id='par_1_72' title="bbox 1995 1063 3639 1134">
     <span class='ocr_line' id='line_1_72' title="bbox 1995 1063 3639 1134; baseline 0.001 -17"><span class='ocrx_word' id='word_1_542' title='bbox 1995 1066 2165 1117; x_wconf 87' lang='lat' dir='ltr'>tatem</span> <span class='ocrx_word' id='word_1_543' title='bbox 2188 1065 2434 1117; x_wconf 76' lang='lat' dir='ltr'>Dominil</span> <span class='ocrx_word' id='word_1_544' title='bbox 2456 1081 2469 1130; x_wconf 90' lang='lat'><strong>;</strong></span> <span class='ocrx_word' id='word_1_545' title='bbox 2494 1074 2545 1119; x_wconf 89' lang='lat' dir='ltr'>et</span> <span class='ocrx_word' id='word_1_546' title='bbox 2566 1065 2805 1133; x_wconf 78' lang='lat' dir='ltr'>imponas</span> <span class='ocrx_word' id='word_1_547' title='bbox 2827 1063 3141 1133; x_wconf 82' lang='lat' dir='ltr'>illudsuper</span> <span class='ocrx_word' id='word_1_548' title='bbox 3160 1064 3515 1134; x_wconf 85' lang='lat' dir='ltr'>hyacinthum</span> <span class='ocrx_word' id='word_1_549' title='bbox 3534 1065 3639 1118; x_wconf 83' lang='lat' dir='ltr'>du-</span> 
     </span>
    </p>
   </div>
   <div class='ocr_carea' id='block_1_73' title="bbox 1992 1152 3637 1224">
    <p class='ocr_par' dir='ltr' id='par_1_73' title="bbox 1992 1152 3637 1224">
     <span class='ocr_line' id='line_1_73' title="bbox 1992 1152 3637 1224; baseline 0.001 -19"><span class='ocrx_word' id='word_1_550' title='bbox 1992 1152 2192 1221; x_wconf 87' lang='lat' dir='ltr'>plicem</span> <span class='ocrx_word' id='word_1_551' title='bbox 2219 1154 2420 1207; x_wconf 86' lang='lat' dir='ltr'>tortam</span> <span class='ocrx_word' id='word_1_552' title='bbox 2438 1174 2456 1214; x_wconf 84' lang='lat'><strong><em>:</em></strong></span> <span class='ocrx_word' id='word_1_553' title='bbox 2486 1156 2535 1207; x_wconf 87' lang='lat' dir='ltr'>et</span> <span class='ocrx_word' id='word_1_554' title='bbox 2556 1155 2661 1208; x_wconf 86' lang='lat' dir='ltr'>erit</span> <span class='ocrx_word' id='word_1_555' title='bbox 2680 1170 2843 1224; x_wconf 83' lang='lat' dir='ltr'>super</span> <span class='ocrx_word' id='word_1_556' title='bbox 2862 1155 3087 1207; x_wconf 87' lang='lat' dir='ltr'>mitram</span> <span class='ocrx_word' id='word_1_557' title='bbox 3110 1172 3125 1206; x_wconf 90' lang='lat'><strong><em>:</em></strong></span> <span class='ocrx_word' id='word_1_558' title='bbox 3146 1152 3438 1208; x_wconf 84' lang='lat' dir='ltr'>secundum</span> <span class='ocrx_word' id='word_1_559' title='bbox 3458 1155 3637 1222; x_wconf 85' lang='lat' dir='ltr'>inspe-</span> 
     </span>
    </p>
   </div>
   <div class='ocr_carea' id='block_1_74' title="bbox 1993 1241 3634 1312">
    <p class='ocr_par' dir='ltr' id='par_1_74' title="bbox 1993 1241 3634 1312">
     <span class='ocr_line' id='line_1_74' title="bbox 1993 1241 3634 1312; baseline 0.001 -17"><span class='ocrx_word' id='word_1_560' title='bbox 1993 1248 2144 1295; x_wconf 89' lang='lat' dir='ltr'>ctum</span> <span class='ocrx_word' id='word_1_561' title='bbox 2174 1243 2361 1298; x_wconf 72' lang='lat' dir='ltr'>mitra}</span> <span class='ocrx_word' id='word_1_562' title='bbox 2387 1244 2494 1297; x_wconf 87' lang='lat' dir='ltr'>erit</span> <span class='ocrx_word' id='word_1_563' title='bbox 2514 1262 2535 1307; x_wconf 85' lang='lat'><em>;</em></span> <span class='ocrx_word' id='word_1_564' title='bbox 2565 1250 2617 1297; x_wconf 86' lang='lat' dir='ltr'>et</span> <span class='ocrx_word' id='word_1_565' title='bbox 2636 1244 2741 1297; x_wconf 89' lang='lat' dir='ltr'>erit</span> <span class='ocrx_word' id='word_1_566' title='bbox 2769 1258 2941 1312; x_wconf 83' lang='lat' dir='ltr'>supra</span> <span class='ocrx_word' id='word_1_567' title='bbox 2959 1245 3195 1312; x_wconf 79' lang='lat' dir='ltr'>frontem</span> <span class='ocrx_word' id='word_1_568' title='bbox 3218 1241 3415 1297; x_wconf 85' lang='lat' dir='ltr'>Aaron.</span> <span class='ocrx_word' id='word_1_569' title='bbox 3453 1247 3517 1298; x_wconf 84' lang='lat' dir='ltr'>Et</span> <span class='ocrx_word' id='word_1_570' title='bbox 3536 1260 3634 1297; x_wconf 76' lang='grc' dir='ltr'>(ιιι-</span> 
     </span>
    </p>
   </div>
   <div class='ocr_carea' id='block_1_75' title="bbox 1991 1329 3637 1403">
    <p class='ocr_par' dir='ltr' id='par_1_75' title="bbox 1991 1329 3637 1403">
     <span class='ocr_line' id='line_1_75' title="bbox 1991 1329 3637 1403; baseline 0 -18"><span class='ocrx_word' id='word_1_571' title='bbox 1991 1332 2130 1400; x_wconf 88' lang='lat' dir='ltr'>feret</span> <span class='ocrx_word' id='word_1_572' title='bbox 2147 1331 2168 1363; x_wconf 85' lang='grc'>²</span> <span class='ocrx_word' id='word_1_573' title='bbox 2188 1329 2368 1386; x_wconf 82' lang='lat' dir='ltr'>Aaron</span> <span class='ocrx_word' id='word_1_574' title='bbox 2387 1336 2606 1402; x_wconf 85' lang='lat' dir='ltr'>peccata</span> <span class='ocrx_word' id='word_1_575' title='bbox 2626 1336 2941 1387; x_wconf 88' lang='lat' dir='ltr'>sanctorum</span> <span class='ocrx_word' id='word_1_576' title='bbox 2955 1346 3310 1403; x_wconf 67' lang='lat' dir='ltr'>quaecumque</span> <span class='ocrx_word' id='word_1_577' title='bbox 3323 1332 3637 1401; x_wconf 78' lang='lat' dir='ltr'>sanctifica—</span> 
     </span>
    </p>
   </div>
   <div class='ocr_carea' id='block_1_76' title="bbox 1994 1420 3638 1492">
    <p class='ocr_par' dir='ltr' id='par_1_76' title="bbox 1994 1420 3638 1492">
     <span class='ocr_line' id='line_1_76' title="bbox 1994 1420 3638 1492; baseline -0.001 -17"><span class='ocrx_word' id='word_1_578' title='bbox 1994 1422 2127 1476; x_wconf 89' lang='lat' dir='ltr'>bunt</span> <span class='ocrx_word' id='word_1_579' title='bbox 2137 1422 2634 1492; x_wconf 83' lang='lat' dir='ltr'>ﬁliilsrael,omnis</span> <span class='ocrx_word' id='word_1_580' title='bbox 2646 1424 2770 1478; x_wconf 88' lang='lat' dir='ltr'>dati</span> <span class='ocrx_word' id='word_1_581' title='bbox 2788 1429 3103 1477; x_wconf 86' lang='lat' dir='ltr'>sanctorum</span> <span class='ocrx_word' id='word_1_582' title='bbox 3126 1420 3638 1486; x_wconf 90' lang='lat' dir='ltr'>eorum.Quomodo</span> 
     </span>
    </p>
   </div>
   <div class='ocr_carea' id='block_1_77' title="bbox 1993 1508 3638 1581">
    <p class='ocr_par' dir='ltr' id='par_1_77' title="bbox 1993 1508 3638 1581">
     <span class='ocr_line' id='line_1_77' title="bbox 1993 1508 3638 1581; baseline -0.001 -17"><span class='ocrx_word' id='word_1_583' title='bbox 1993 1510 2278 1566; x_wconf 83' lang='lat' dir='ltr'>formetur</span> <span class='ocrx_word' id='word_1_584' title='bbox 2299 1511 2355 1565; x_wconf 89' lang='lat' dir='ltr'>in</span> <span class='ocrx_word' id='word_1_585' title='bbox 2379 1511 2599 1567; x_wconf 90' lang='lat' dir='ltr'>lamina</span> <span class='ocrx_word' id='word_1_586' title='bbox 2622 1512 2902 1567; x_wconf 83' lang='lat' dir='ltr'>sanctitas</span> <span class='ocrx_word' id='word_1_587' title='bbox 2923 1510 3169 1581; x_wconf 84' lang='lat' dir='ltr'>Domini,</span> <span class='ocrx_word' id='word_1_588' title='bbox 3185 1527 3297 1565; x_wconf 90' lang='lat' dir='ltr'>non</span> <span class='ocrx_word' id='word_1_589' title='bbox 3322 1508 3638 1576; x_wconf 89' lang='lat' dir='ltr'>video,nisi</span> 
     </span>
    </p>
   </div>
   <div class='ocr_carea' id='block_1_78' title="bbox 1992 1598 3639 1672">
    <p class='ocr_par' dir='ltr' id='par_1_78' title="bbox 1992 1598 3639 1672">
     <span class='ocr_line' id='line_1_78' title="bbox 1992 1598 3639 1672; baseline -0.001 -19"><span class='ocrx_word' id='word_1_590' title='bbox 1992 1598 2289 1670; x_wconf 87' lang='lat' dir='ltr'>aliquibus</span> <span class='ocrx_word' id='word_1_591' title='bbox 2309 1599 2541 1670; x_wconf 89' lang='lat' dir='ltr'>litteris,</span> <span class='ocrx_word' id='word_1_592' title='bbox 2562 1617 2708 1672; x_wconf 93' lang='lat' dir='ltr'>quas</span> <span class='ocrx_word' id='word_1_593' title='bbox 2740 1601 2974 1672; x_wconf 88' lang='lat' dir='ltr'>quidam</span> <span class='ocrx_word' id='word_1_594' title='bbox 3001 1604 3254 1671; x_wconf 89' lang='lat' dir='ltr'>quatuor</span> <span class='ocrx_word' id='word_1_595' title='bbox 3277 1615 3405 1655; x_wconf 89' lang='lat' dir='ltr'>esse</span> <span class='ocrx_word' id='word_1_596' title='bbox 3434 1598 3639 1653; x_wconf 86' lang='lat' dir='ltr'>dicunt</span> 
     </span>
    </p>
   </div>
   <div class='ocr_carea' id='block_1_79' title="bbox 1991 1687 3631 1763">
    <p class='ocr_par' dir='ltr' id='par_1_79' title="bbox 1991 1687 3631 1763">
     <span class='ocr_line' id='line_1_79' title="bbox 1991 1687 3631 1763; baseline -0.002 -21"><span class='ocrx_word' id='word_1_597' title='bbox 1991 1687 2271 1756; x_wconf 72' lang='lat' dir='ltr'>hebraeas,</span> <span class='ocrx_word' id='word_1_598' title='bbox 2304 1690 2481 1760; x_wconf 89' lang='lat' dir='ltr'>quod,</span> <span class='ocrx_word' id='word_1_599' title='bbox 2507 1694 2570 1743; x_wconf 90' lang='lat' dir='ltr'>ut</span> <span class='ocrx_word' id='word_1_600' title='bbox 2598 1688 2781 1746; x_wconf 64' lang='lat' dir='ltr'>Graeci</span> <span class='ocrx_word' id='word_1_601' title='bbox 2812 1688 3123 1761; x_wconf 85' lang='lat' dir='ltr'>appellant,</span> <span class='ocrx_word' id='word_1_602' title='bbox 3151 1688 3631 1763; x_wconf 69' lang='grc' dir='ltr'>τετραγράμματον</span> 
     </span>
    </p>
   </div>
   <div class='ocr_carea' id='block_1_80' title="bbox 1992 1776 3634 1844">
    <p class='ocr_par' dir='ltr' id='par_1_80' title="bbox 1992 1776 3634 1844">
     <span class='ocr_line' id='line_1_80' title="bbox 1992 1776 3634 1844; baseline 0.001 -14"><span class='ocrx_word' id='word_1_603' title='bbox 1992 1792 2204 1833; x_wconf 90' lang='lat' dir='ltr'>nomen</span> <span class='ocrx_word' id='word_1_604' title='bbox 2240 1778 2335 1833; x_wconf 91' lang='lat' dir='ltr'>Dei</span> <span class='ocrx_word' id='word_1_605' title='bbox 2366 1777 2658 1833; x_wconf 74' lang='lat' dir='ltr'>ineffabile</span> <span class='ocrx_word' id='word_1_606' title='bbox 2679 1780 2920 1833; x_wconf 81' lang='lat' dir='ltr'>credunt</span> <span class='ocrx_word' id='word_1_607' title='bbox 2950 1776 3252 1844; x_wconf 79' lang='lat' dir='ltr'>fuisse,vel</span> <span class='ocrx_word' id='word_1_608' title='bbox 3286 1792 3413 1833; x_wconf 83' lang='lat' dir='ltr'>esse</span> <span class='ocrx_word' id='word_1_609' title='bbox 3444 1778 3634 1832; x_wconf 90' lang='lat' dir='ltr'>adhuc</span> 
     </span>
    </p>
   </div>
   <div class='ocr_carea' id='block_1_81' title="bbox 1990 1864 3635 1938">
    <p class='ocr_par' dir='ltr' id='par_1_81' title="bbox 1990 1864 3635 1938">
     <span class='ocr_line' id='line_1_81' title="bbox 1990 1864 3635 1938; baseline 0 -18"><span class='ocrx_word' id='word_1_610' title='bbox 1990 1881 2192 1936; x_wconf 88' lang='lat' dir='ltr'>usque.</span> <span class='ocrx_word' id='word_1_611' title='bbox 2225 1866 2334 1921; x_wconf 85' lang='lat' dir='ltr'>Sed</span> <span class='ocrx_word' id='word_1_612' title='bbox 2368 1865 2640 1938; x_wconf 80' lang='lat' dir='ltr'>quaelibet</span> <span class='ocrx_word' id='word_1_613' title='bbox 2688 1866 2828 1937; x_wconf 89' lang='lat' dir='ltr'>sint,</span> <span class='ocrx_word' id='word_1_614' title='bbox 2860 1866 2947 1921; x_wconf 89' lang='lat' dir='ltr'>vel</span> <span class='ocrx_word' id='word_1_615' title='bbox 2979 1864 3415 1937; x_wconf 89' lang='lat' dir='ltr'>quomodolibet</span> <span class='ocrx_word' id='word_1_616' title='bbox 3442 1881 3502 1921; x_wconf 89' lang='lat' dir='ltr'>se</span> <span class='ocrx_word' id='word_1_617' title='bbox 3532 1866 3635 1920; x_wconf 90' lang='lat' dir='ltr'>ha-</span> 
     </span>
    </p>
   </div>
   <div class='ocr_carea' id='block_1_82' title="bbox 1988 1953 3635 2021">
    <p class='ocr_par' dir='ltr' id='par_1_82' title="bbox 1988 1953 3635 2021">
     <span class='ocr_line' id='line_1_82' title="bbox 1988 1953 3635 2021; baseline 0.001 -12"><span class='ocrx_word' id='word_1_618' title='bbox 1988 1953 2164 2009; x_wconf 90' lang='lat' dir='ltr'>beant</span> <span class='ocrx_word' id='word_1_619' title='bbox 2189 1954 2305 2010; x_wconf 72' lang='lat' dir='ltr'>illaa</span> <span class='ocrx_word' id='word_1_620' title='bbox 2332 1954 2560 2021; x_wconf 66' lang='lat' dir='ltr'>litterae,</span> <span class='ocrx_word' id='word_1_621' title='bbox 2594 1959 2659 2010; x_wconf 92' lang='lat' dir='ltr'>ut</span> <span class='ocrx_word' id='word_1_622' title='bbox 2687 1956 2825 2021; x_wconf 90' lang='lat' dir='ltr'>dixi,</span> <span class='ocrx_word' id='word_1_623' title='bbox 2858 1956 3227 2010; x_wconf 88' lang='lat' dir='ltr'>sanctitatem</span> <span class='ocrx_word' id='word_1_624' title='bbox 3266 1955 3513 2021; x_wconf 90' lang='lat' dir='ltr'>Domini,</span> <span class='ocrx_word' id='word_1_625' title='bbox 3548 1955 3635 2011; x_wconf 90' lang='lat' dir='ltr'>vel</span> 
     </span>
    </p>
   </div>
   <div class='ocr_carea' id='block_1_83' title="bbox 1988 2043 3635 2116">
    <p class='ocr_par' dir='ltr' id='par_1_83' title="bbox 1988 2043 3635 2116">
     <span class='ocr_line' id='line_1_83' title="bbox 1988 2043 3635 2116; baseline 0 -16"><span class='ocrx_word' id='word_1_626' title='bbox 1988 2043 2530 2114; x_wconf 85' lang='lat' dir='ltr'>sanctificationem,</span> <span class='ocrx_word' id='word_1_627' title='bbox 2554 2044 2603 2099; x_wconf 91' lang='lat' dir='ltr'>si</span> <span class='ocrx_word' id='word_1_628' title='bbox 2638 2044 2745 2100; x_wconf 91' lang='lat' dir='ltr'>hoc</span> <span class='ocrx_word' id='word_1_629' title='bbox 2778 2045 2964 2116; x_wconf 80' lang='lat' dir='ltr'>magis</span> <span class='ocrx_word' id='word_1_630' title='bbox 2995 2043 3309 2099; x_wconf 82' lang='lat' dir='ltr'>dicendum</span> <span class='ocrx_word' id='word_1_631' title='bbox 3340 2048 3446 2111; x_wconf 90' lang='lat' dir='ltr'>est,</span> <span class='ocrx_word' id='word_1_632' title='bbox 3480 2044 3635 2116; x_wconf 91' lang='lat' dir='ltr'>quod</span> 
     </span>
    </p>
   </div>
   <div class='ocr_carea' id='block_1_84' title="bbox 1986 2131 3630 2206">
    <p class='ocr_par' dir='ltr' id='par_1_84' title="bbox 1986 2131 3630 2206">
     <span class='ocr_line' id='line_1_84' title="bbox 1986 2131 3630 2206; baseline 0.001 -20"><span class='ocrx_word' id='word_1_633' title='bbox 1986 2132 2915 2206; x_wconf 58' lang='lat' dir='ltr'>graecushabetayiaepamonnisi</span> <span class='ocrx_word' id='word_1_634' title='bbox 2936 2132 3147 2188; x_wconf 90' lang='lat' dir='ltr'>litteris</span> <span class='ocrx_word' id='word_1_635' title='bbox 3166 2133 3222 2187; x_wconf 89' lang='lat' dir='ltr'>in</span> <span class='ocrx_word' id='word_1_636' title='bbox 3238 2149 3378 2188; x_wconf 92' lang='lat' dir='ltr'>auro</span> <span class='ocrx_word' id='word_1_637' title='bbox 3393 2131 3630 2188; x_wconf 89' lang='lat' dir='ltr'>formari</span> 
     </span>
    </p>
   </div>
   <div class='ocr_carea' id='block_1_85' title="bbox 1985 2221 3628 2293">
    <p class='ocr_par' dir='ltr' id='par_1_85' title="bbox 1985 2221 3628 2293">
     <span class='ocr_line' id='line_1_85' title="bbox 1985 2221 3628 2293; baseline 0 -16"><span class='ocrx_word' id='word_1_638' title='bbox 1985 2221 2248 2293; x_wconf 86' lang='lat' dir='ltr'>potuisse</span> <span class='ocrx_word' id='word_1_639' title='bbox 2262 2222 2629 2278; x_wconf 90' lang='lat' dir='ltr'>crediderim.</span> <span class='ocrx_word' id='word_1_640' title='bbox 2652 2222 2733 2277; x_wconf 90' lang='lat' dir='ltr'>Ibi</span> <span class='ocrx_word' id='word_1_641' title='bbox 2747 2226 2943 2277; x_wconf 88' lang='lat' dir='ltr'>autem</span> <span class='ocrx_word' id='word_1_642' title='bbox 2958 2221 3099 2277; x_wconf 90' lang='lat' dir='ltr'>dicit</span> <span class='ocrx_word' id='word_1_643' title='bbox 3111 2222 3471 2278; x_wconf 88' lang='lat' dir='ltr'>sacerdotem</span> <span class='ocrx_word' id='word_1_644' title='bbox 3494 2239 3628 2278; x_wconf 90' lang='lat' dir='ltr'>san-</span> 
     </span>
    </p>
   </div>
   <div class='ocr_carea' id='block_1_86' title="bbox 1984 2311 3625 2383">
    <p class='ocr_par' dir='ltr' id='par_1_86' title="bbox 1984 2311 3625 2383">
     <span class='ocr_line' id='line_1_86' title="bbox 1984 2311 3625 2383; baseline 0.002 -19"><span class='ocrx_word' id='word_1_645' title='bbox 1984 2314 2212 2365; x_wconf 90' lang='lat' dir='ltr'>ctorum</span> <span class='ocrx_word' id='word_1_646' title='bbox 2246 2311 2473 2366; x_wconf 82' lang='lat' dir='ltr'>auferre</span> <span class='ocrx_word' id='word_1_647' title='bbox 2503 2315 2758 2382; x_wconf 89' lang='lat' dir='ltr'>peccata,</span> <span class='ocrx_word' id='word_1_648' title='bbox 2793 2312 3164 2383; x_wconf 48' lang='lat' dir='ltr'>Quacumque</span> <span class='ocrx_word' id='word_1_649' title='bbox 3190 2311 3625 2382; x_wconf 79' lang='lat' dir='ltr'>sanctiﬁcabunt,</span> 
     </span>
    </p>
   </div>
   <div class='ocr_carea' id='block_1_87' title="bbox 1983 2398 3626 2472">
    <p class='ocr_par' dir='ltr' id='par_1_87' title="bbox 1983 2398 3626 2472">
     <span class='ocr_line' id='line_1_87' title="bbox 1983 2398 3626 2472; baseline 0.002 -19"><span class='ocrx_word' id='word_1_650' title='bbox 1983 2398 2197 2469; x_wconf 83' lang='lat' dir='ltr'>inquit,</span> <span class='ocrx_word' id='word_1_651' title='bbox 2220 2400 2331 2469; x_wconf 83' lang='lat' dir='ltr'>ﬁlii</span> <span class='ocrx_word' id='word_1_652' title='bbox 2350 2400 2513 2455; x_wconf 87' lang='lat' dir='ltr'>Israel</span> <span class='ocrx_word' id='word_1_653' title='bbox 2534 2401 2709 2455; x_wconf 80' lang='lat' dir='ltr'>omnis</span> <span class='ocrx_word' id='word_1_654' title='bbox 2730 2400 2852 2455; x_wconf 85' lang='lat' dir='ltr'>dati</span> <span class='ocrx_word' id='word_1_655' title='bbox 2872 2406 3195 2455; x_wconf 84' lang='lat' dir='ltr'>sanctorum</span> <span class='ocrx_word' id='word_1_656' title='bbox 3222 2417 3407 2457; x_wconf 84' lang='lat' dir='ltr'>eorum</span> <span class='ocrx_word' id='word_1_657' title='bbox 3430 2420 3446 2455; x_wconf 82' lang='lat'><strong><em>:</em></strong></span> <span class='ocrx_word' id='word_1_658' title='bbox 3471 2402 3626 2472; x_wconf 94' lang='lat' dir='ltr'>quod</span> 
     </span>
    </p>
   </div>
   <div class='ocr_carea' id='block_1_88' title="bbox 1983 2488 3628 2562">
    <p class='ocr_par' dir='ltr' id='par_1_88' title="bbox 1983 2488 3628 2562">
     <span class='ocr_line' id='line_1_88' title="bbox 1983 2488 3628 2562; baseline 0.003 -21"><span class='ocrx_word' id='word_1_659' title='bbox 1983 2488 2229 2544; x_wconf 87' lang='lat' dir='ltr'>arbitror</span> <span class='ocrx_word' id='word_1_660' title='bbox 2245 2488 2466 2544; x_wconf 90' lang='lat' dir='ltr'>dictum</span> <span class='ocrx_word' id='word_1_661' title='bbox 2481 2489 2538 2543; x_wconf 90' lang='lat' dir='ltr'>in</span> <span class='ocrx_word' id='word_1_662' title='bbox 2553 2488 2634 2545; x_wconf 89' lang='lat' dir='ltr'>eis</span> <span class='ocrx_word' id='word_1_663' title='bbox 2656 2489 2956 2545; x_wconf 78' lang='lat' dir='ltr'>sacrificiis</span> <span class='ocrx_word' id='word_1_664' title='bbox 2969 2506 3092 2560; x_wconf 82' lang='lat' dir='ltr'>quae</span> <span class='ocrx_word' id='word_1_665' title='bbox 3110 2490 3361 2546; x_wconf 77' lang='lat' dir='ltr'>offerunt</span> <span class='ocrx_word' id='word_1_666' title='bbox 3379 2508 3479 2562; x_wconf 91' lang='lat' dir='ltr'>pro</span> <span class='ocrx_word' id='word_1_667' title='bbox 3497 2507 3628 2562; x_wconf 89' lang='lat' dir='ltr'>pec-</span> 
     </span>
    </p>
   </div>
   <div class='ocr_carea' id='block_1_89' title="bbox 1981 2576 3625 2650">
    <p class='ocr_par' dir='ltr' id='par_1_89' title="bbox 1981 2576 3625 2650">
     <span class='ocr_line' id='line_1_89' title="bbox 1981 2576 3625 2650; baseline 0.002 -19"><span class='ocrx_word' id='word_1_668' title='bbox 1981 2576 2127 2632; x_wconf 90' lang='lat' dir='ltr'>catis</span> <span class='ocrx_word' id='word_1_669' title='bbox 2145 2576 2269 2633; x_wconf 87' lang='lat' dir='ltr'>suis</span> <span class='ocrx_word' id='word_1_670' title='bbox 2285 2601 2299 2645; x_wconf 87' lang='lat'><strong>;</strong></span> <span class='ocrx_word' id='word_1_671' title='bbox 2315 2581 2507 2633; x_wconf 88' lang='lat' dir='ltr'>utnon</span> <span class='ocrx_word' id='word_1_672' title='bbox 2523 2583 2860 2633; x_wconf 86' lang='lat' dir='ltr'>sanctorum</span> <span class='ocrx_word' id='word_1_673' title='bbox 2882 2578 3186 2634; x_wconf 86' lang='lat' dir='ltr'>hominum</span> <span class='ocrx_word' id='word_1_674' title='bbox 3205 2577 3625 2650; x_wconf 87' lang='lat' dir='ltr'>intelligamus,</span> 
     </span>
    </p>
   </div>
   <div class='ocr_carea' id='block_1_90' title="bbox 1981 2666 3628 2739">
    <p class='ocr_par' dir='ltr' id='par_1_90' title="bbox 1981 2666 3628 2739">
     <span class='ocr_line' id='line_1_90' title="bbox 1981 2666 3628 2739; baseline 0.001 -19"><span class='ocrx_word' id='word_1_675' title='bbox 1981 2666 2082 2720; x_wconf 91' lang='lat' dir='ltr'>sed</span> <span class='ocrx_word' id='word_1_676' title='bbox 2115 2669 2452 2721; x_wconf 85' lang='lat' dir='ltr'>sanctorum</span> <span class='ocrx_word' id='word_1_677' title='bbox 2476 2666 2546 2721; x_wconf 88' lang='lat' dir='ltr'>ah</span> <span class='ocrx_word' id='word_1_678' title='bbox 2574 2682 2639 2721; x_wconf 88' lang='lat' dir='ltr'>eo</span> <span class='ocrx_word' id='word_1_679' title='bbox 2663 2667 2815 2736; x_wconf 90' lang='lat' dir='ltr'>quod</span> <span class='ocrx_word' id='word_1_680' title='bbox 2841 2671 2978 2721; x_wconf 89' lang='lat' dir='ltr'>sunt</span> <span class='ocrx_word' id='word_1_681' title='bbox 2998 2673 3203 2722; x_wconf 87' lang='lat' dir='ltr'>sancta</span> <span class='ocrx_word' id='word_1_682' title='bbox 3224 2685 3349 2739; x_wconf 66' lang='lat' dir='ltr'>quae</span> <span class='ocrx_word' id='word_1_683' title='bbox 3372 2668 3628 2723; x_wconf 72' lang='lat' dir='ltr'>offerun-</span> 
     </span>
    </p>
   </div>
   <div class='ocr_carea' id='block_1_91' title="bbox 1979 2754 3630 2827">
    <p class='ocr_par' dir='ltr' id='par_1_91' title="bbox 1979 2754 3630 2827">
     <span class='ocr_line' id='line_1_91' title="bbox 1979 2754 3630 2827; baseline 0.001 -18"><span class='ocrx_word' id='word_1_684' title='bbox 1979 2757 2077 2809; x_wconf 88' lang='lat' dir='ltr'>tur</span> <span class='ocrx_word' id='word_1_685' title='bbox 2103 2770 2204 2825; x_wconf 91' lang='lat' dir='ltr'>pro</span> <span class='ocrx_word' id='word_1_686' title='bbox 2235 2754 2506 2825; x_wconf 89' lang='lat' dir='ltr'>peccatis.</span> <span class='ocrx_word' id='word_1_687' title='bbox 2541 2760 2680 2809; x_wconf 89' lang='lat' dir='ltr'>Cum</span> <span class='ocrx_word' id='word_1_688' title='bbox 2713 2772 2848 2827; x_wconf 84' lang='lat' dir='ltr'>ergo</span> <span class='ocrx_word' id='word_1_689' title='bbox 2879 2757 2949 2809; x_wconf 85' lang='lat' dir='ltr'>de</span> <span class='ocrx_word' id='word_1_690' title='bbox 2978 2755 3195 2810; x_wconf 86' lang='lat' dir='ltr'>lamina</span> <span class='ocrx_word' id='word_1_691' title='bbox 3228 2757 3489 2822; x_wconf 87' lang='lat' dir='ltr'>dixisset,</span> <span class='ocrx_word' id='word_1_692' title='bbox 3523 2756 3630 2810; x_wconf 84' lang='lat' dir='ltr'>ad-</span> 
     </span>
    </p>
   </div>
   <div class='ocr_carea' id='block_1_92' title="bbox 1973 2842 3629 2915">
    <p class='ocr_par' dir='ltr' id='par_1_92' title="bbox 1973 2842 3629 2915">
     <span class='ocr_line' id='line_1_92' title="bbox 1973 2842 3629 2915; baseline 0.001 -19"><span class='ocrx_word' id='word_1_693' title='bbox 1973 2842 2169 2913; x_wconf 89' lang='lat' dir='ltr'>junxit</span> <span class='ocrx_word' id='word_1_694' title='bbox 2199 2848 2371 2914; x_wconf 90' lang='lat' dir='ltr'>atque</span> <span class='ocrx_word' id='word_1_695' title='bbox 2404 2843 2505 2908; x_wconf 88' lang='lat' dir='ltr'>ait,</span> <span class='ocrx_word' id='word_1_696' title='bbox 2526 2846 2590 2899; x_wconf 88' lang='lat' dir='ltr'>Et</span> <span class='ocrx_word' id='word_1_697' title='bbox 2616 2846 2830 2913; x_wconf 90' lang='lat' dir='ltr'>auferet</span> <span class='ocrx_word' id='word_1_698' title='bbox 2850 2846 3037 2899; x_wconf 84' lang='lat' dir='ltr'>Aaron</span> <span class='ocrx_word' id='word_1_699' title='bbox 3056 2852 3278 2915; x_wconf 88' lang='lat' dir='ltr'>peccata</span> <span class='ocrx_word' id='word_1_700' title='bbox 3296 2848 3629 2915; x_wconf 82' lang='lat' dir='ltr'>sanctorum,</span> 
     </span>
    </p>
   </div>
   <div class='ocr_carea' id='block_1_93' title="bbox 1978 2934 3632 3004">
    <p class='ocr_par' dir='ltr' id='par_1_93' title="bbox 1978 2934 3632 3004">
     <span class='ocr_line' id='line_1_93' title="bbox 1978 2934 3632 3004; baseline 0.002 -18"><span class='ocrx_word' id='word_1_701' title='bbox 1978 2948 2333 3004; x_wconf 62' lang='lat' dir='ltr'>quaecumque</span> <span class='ocrx_word' id='word_1_702' title='bbox 2345 2934 2765 3004; x_wconf 86' lang='lat' dir='ltr'>sanctiﬁcabunt</span> <span class='ocrx_word' id='word_1_703' title='bbox 2783 2934 2890 3003; x_wconf 82' lang='lat' dir='ltr'>filii</span> <span class='ocrx_word' id='word_1_704' title='bbox 2905 2935 3072 2989; x_wconf 88' lang='lat' dir='ltr'>Israel</span> <span class='ocrx_word' id='word_1_705' title='bbox 3090 2937 3267 2991; x_wconf 85' lang='lat' dir='ltr'>omnis</span> <span class='ocrx_word' id='word_1_706' title='bbox 3288 2936 3404 2990; x_wconf 85' lang='lat' dir='ltr'>dati</span> <span class='ocrx_word' id='word_1_707' title='bbox 3423 2938 3632 2990; x_wconf 87' lang='lat' dir='ltr'>sancto-</span> 
     </span>
    </p>
   </div>
   <div class='ocr_carea' id='block_1_94' title="bbox 1978 3021 3629 3096">
    <p class='ocr_par' dir='ltr' id='par_1_94' title="bbox 1978 3021 3629 3096">
     <span class='ocr_line' id='line_1_94' title="bbox 1978 3021 3629 3096; baseline 0.002 -21"><span class='ocrx_word' id='word_1_708' title='bbox 1978 3038 2103 3076; x_wconf 85' lang='lat' dir='ltr'>rum</span> <span class='ocrx_word' id='word_1_709' title='bbox 2132 3038 2350 3077; x_wconf 87' lang='lat' dir='ltr'>eorum:</span> <span class='ocrx_word' id='word_1_710' title='bbox 2379 3021 2433 3076; x_wconf 88' lang='lat' dir='ltr'>id</span> <span class='ocrx_word' id='word_1_711' title='bbox 2470 3024 2866 3090; x_wconf 84' lang='lat' dir='ltr'>est,sacerdos</span> <span class='ocrx_word' id='word_1_712' title='bbox 2898 3024 3119 3079; x_wconf 89' lang='lat' dir='ltr'>auferet</span> <span class='ocrx_word' id='word_1_713' title='bbox 3139 3040 3520 3096; x_wconf 78' lang='lat' dir='ltr'>quaecumque</span> <span class='ocrx_word' id='word_1_714' title='bbox 3545 3024 3629 3079; x_wconf 90' lang='lat' dir='ltr'>of-</span> 
     </span>
    </p>
   </div>
   <div class='ocr_carea' id='block_1_95' title="bbox 1980 3110 3633 3183">
    <p class='ocr_par' dir='ltr' id='par_1_95' title="bbox 1980 3110 3633 3183">
     <span class='ocr_line' id='line_1_95' title="bbox 1980 3110 3633 3183; baseline 0.002 -19"><span class='ocrx_word' id='word_1_715' title='bbox 1980 3110 2176 3165; x_wconf 83' lang='lat' dir='ltr'>ferunt</span> <span class='ocrx_word' id='word_1_716' title='bbox 2193 3127 2294 3182; x_wconf 92' lang='lat' dir='ltr'>pro</span> <span class='ocrx_word' id='word_1_717' title='bbox 2314 3112 2568 3183; x_wconf 89' lang='lat' dir='ltr'>peccatis</span> <span class='ocrx_word' id='word_1_718' title='bbox 2591 3112 2871 3183; x_wconf 69' lang='lat' dir='ltr'>suis,quaa</span> <span class='ocrx_word' id='word_1_719' title='bbox 2890 3112 3168 3167; x_wconf 90' lang='lat' dir='ltr'>dicuntur</span> <span class='ocrx_word' id='word_1_720' title='bbox 3187 3118 3239 3168; x_wconf 86' lang='lat' dir='ltr'>et</span> <span class='ocrx_word' id='word_1_721' title='bbox 3262 3112 3633 3183; x_wconf 83' lang='lat' dir='ltr'>sancta,quia</span> 
     </span>
    </p>
   </div>
   <div class='ocr_carea' id='block_1_96' title="bbox 1980 3200 3633 3274">
    <p class='ocr_par' dir='ltr' id='par_1_96' title="bbox 1980 3200 3633 3274">
     <span class='ocr_line' id='line_1_96' title="bbox 1980 3200 3633 3274; baseline 0 -19"><span class='ocrx_word' id='word_1_722' title='bbox 1980 3200 2443 3269; x_wconf 82' lang='lat' dir='ltr'>sanctiﬁcantur,</span> <span class='ocrx_word' id='word_1_723' title='bbox 2459 3206 2516 3256; x_wconf 90' lang='lat' dir='ltr'>et</span> <span class='ocrx_word' id='word_1_724' title='bbox 2539 3206 2795 3272; x_wconf 88' lang='lat' dir='ltr'>peccata,</span> <span class='ocrx_word' id='word_1_725' title='bbox 2815 3202 2952 3272; x_wconf 91' lang='lat' dir='ltr'>quia</span> <span class='ocrx_word' id='word_1_726' title='bbox 2982 3218 3084 3273; x_wconf 91' lang='lat' dir='ltr'>pro</span> <span class='ocrx_word' id='word_1_727' title='bbox 3107 3202 3357 3274; x_wconf 88' lang='lat' dir='ltr'>peccatis</span> <span class='ocrx_word' id='word_1_728' title='bbox 3380 3202 3633 3257; x_wconf 76' lang='lat' dir='ltr'>olferun-</span> 
     </span>
    </p>
   </div>
   <div class='ocr_carea' id='block_1_97' title="bbox 1978 3287 3636 3362">
    <p class='ocr_par' dir='ltr' id='par_1_97' title="bbox 1978 3287 3636 3362">
     <span class='ocr_line' id='line_1_97' title="bbox 1978 3287 3636 3362; baseline 0.001 -20"><span class='ocrx_word' id='word_1_729' title='bbox 1978 3290 2075 3343; x_wconf 89' lang='lat' dir='ltr'>tur</span> <span class='ocrx_word' id='word_1_730' title='bbox 2090 3306 2103 3355; x_wconf 88' lang='lat'><strong>;</strong></span> <span class='ocrx_word' id='word_1_731' title='bbox 2128 3287 2281 3344; x_wconf 90' lang='lat' dir='ltr'>sicut</span> <span class='ocrx_word' id='word_1_732' title='bbox 2296 3288 2499 3344; x_wconf 90' lang='lat' dir='ltr'>multis</span> <span class='ocrx_word' id='word_1_733' title='bbox 2526 3288 2668 3345; x_wconf 90' lang='lat' dir='ltr'>locis</span> <span class='ocrx_word' id='word_1_734' title='bbox 2691 3290 2799 3345; x_wconf 90' lang='lat' dir='ltr'>hoc</span> <span class='ocrx_word' id='word_1_735' title='bbox 2820 3289 3013 3362; x_wconf 89' lang='lat' dir='ltr'>ipsum</span> <span class='ocrx_word' id='word_1_736' title='bbox 3028 3289 3323 3345; x_wconf 89' lang='lat' dir='ltr'>evidenter</span> <span class='ocrx_word' id='word_1_737' title='bbox 3338 3290 3636 3361; x_wconf 88' lang='lat' dir='ltr'>Scriptura</span> 
     </span>
    </p>
   </div>
   <div class='ocr_carea' id='block_1_98' title="bbox 1978 3379 3636 3452">
    <p class='ocr_par' dir='ltr' id='par_1_98' title="bbox 1978 3379 3636 3452">
     <span class='ocr_line' id='line_1_98' title="bbox 1978 3379 3636 3452; baseline 0.002 -21"><span class='ocrx_word' id='word_1_738' title='bbox 1978 3383 2419 3434; x_wconf 89' lang='lat' dir='ltr'>commemorat.</span> <span class='ocrx_word' id='word_1_739' title='bbox 2456 3379 2617 3444; x_wconf 89' lang='lat' dir='ltr'>Quod</span> <span class='ocrx_word' id='word_1_740' title='bbox 2650 3382 2845 3434; x_wconf 89' lang='lat' dir='ltr'>autem</span> <span class='ocrx_word' id='word_1_741' title='bbox 2880 3379 3149 3452; x_wconf 86' lang='lat' dir='ltr'>adjungit</span> <span class='ocrx_word' id='word_1_742' title='bbox 3169 3384 3226 3434; x_wconf 91' lang='lat' dir='ltr'>et</span> <span class='ocrx_word' id='word_1_743' title='bbox 3256 3380 3417 3446; x_wconf 89' lang='lat' dir='ltr'>dicit,</span> <span class='ocrx_word' id='word_1_744' title='bbox 3444 3381 3507 3434; x_wconf 85' lang='lat' dir='ltr'>Et</span> <span class='ocrx_word' id='word_1_745' title='bbox 3528 3382 3636 3434; x_wconf 87' lang='lat' dir='ltr'>erit</span> 
     </span>
    </p>
   </div>
   <div class='ocr_carea' id='block_1_99' title="bbox 1977 3468 3636 3541">
    <p class='ocr_par' dir='ltr' id='par_1_99' title="bbox 1977 3468 3636 3541">
     <span class='ocr_line' id='line_1_99' title="bbox 1977 3468 3636 3541; baseline 0.001 -20"><span class='ocrx_word' id='word_1_746' title='bbox 1977 3483 2143 3538; x_wconf 85' lang='lat' dir='ltr'>super</span> <span class='ocrx_word' id='word_1_747' title='bbox 2151 3469 2282 3537; x_wconf 79' lang='lat' dir='ltr'>fron</span> <span class='ocrx_word' id='word_1_748' title='bbox 2292 3476 2397 3523; x_wconf 91' lang='lat' dir='ltr'>tem</span> <span class='ocrx_word' id='word_1_749' title='bbox 2418 3468 2603 3522; x_wconf 86' lang='lat' dir='ltr'>Aaron</span> <span class='ocrx_word' id='word_1_750' title='bbox 2615 3484 2830 3537; x_wconf 86' lang='lat' dir='ltr'>semper</span> <span class='ocrx_word' id='word_1_751' title='bbox 2851 3477 3126 3541; x_wconf 87' lang='lat' dir='ltr'>acceptum</span> <span class='ocrx_word' id='word_1_752' title='bbox 3141 3469 3255 3524; x_wconf 87' lang='lat' dir='ltr'>illis</span> <span class='ocrx_word' id='word_1_753' title='bbox 3267 3470 3328 3523; x_wconf 89' lang='lat' dir='ltr'>in</span> <span class='ocrx_word' id='word_1_754' title='bbox 3348 3476 3636 3539; x_wconf 85' lang='lat' dir='ltr'>conspectu</span> 
     </span>
    </p>
   </div>
   <div class='ocr_carea' id='block_1_100' title="bbox 1979 3556 3637 3629">
    <p class='ocr_par' dir='ltr' id='par_1_100' title="bbox 1979 3556 3637 3629">
     <span class='ocr_line' id='line_1_100' title="bbox 1979 3556 3637 3629; baseline -0.001 -17"><span class='ocrx_word' id='word_1_755' title='bbox 1979 3558 2223 3624; x_wconf 90' lang='lat' dir='ltr'>Domini,</span> <span class='ocrx_word' id='word_1_756' title='bbox 2251 3557 2321 3611; x_wconf 92' lang='lat' dir='ltr'>ad</span> <span class='ocrx_word' id='word_1_757' title='bbox 2355 3556 2638 3611; x_wconf 88' lang='lat' dir='ltr'>laminam</span> <span class='ocrx_word' id='word_1_758' title='bbox 2662 3556 2823 3612; x_wconf 89' lang='lat' dir='ltr'>illam</span> <span class='ocrx_word' id='word_1_759' title='bbox 2847 3559 3184 3625; x_wconf 83' lang='lat' dir='ltr'>revortitur;</span> <span class='ocrx_word' id='word_1_760' title='bbox 3209 3558 3266 3613; x_wconf 90' lang='lat' dir='ltr'>in</span> <span class='ocrx_word' id='word_1_761' title='bbox 3291 3574 3406 3629; x_wconf 92' lang='lat' dir='ltr'>qua</span> <span class='ocrx_word' id='word_1_762' title='bbox 3426 3556 3637 3612; x_wconf 85' lang='lat' dir='ltr'>intelli-</span> 
     </span>
    </p>
   </div>
   <div class='ocr_carea' id='block_1_101' title="bbox 1976 3644 3629 3718">
    <p class='ocr_par' dir='ltr' id='par_1_101' title="bbox 1976 3644 3629 3718">
     <span class='ocr_line' id='line_1_101' title="bbox 1976 3644 3629 3718; baseline 0.001 -18"><span class='ocrx_word' id='word_1_763' title='bbox 1976 3644 2354 3718; x_wconf 83' lang='lat' dir='ltr'>giturfrontis</span> <span class='ocrx_word' id='word_1_764' title='bbox 2371 3651 2781 3701; x_wconf 86' lang='lat' dir='ltr'>ornamentum</span> <span class='ocrx_word' id='word_1_765' title='bbox 2806 3647 2846 3715; x_wconf 84' lang='grc'>³,</span> <span class='ocrx_word' id='word_1_766' title='bbox 2870 3646 3083 3702; x_wconf 82' lang='lat' dir='ltr'>ﬁducia</span> <span class='ocrx_word' id='word_1_767' title='bbox 3101 3648 3263 3703; x_wconf 69' lang='lat' dir='ltr'>bonis</span> <span class='ocrx_word' id='word_1_768' title='bbox 3286 3647 3434 3717; x_wconf 83' lang='lat' dir='ltr'>vitae,</span> <span class='ocrx_word' id='word_1_769' title='bbox 3451 3663 3629 3718; x_wconf 88' lang='lat' dir='ltr'>quam</span> 
     </span>
    </p>
   </div>
   <div class='ocr_carea' id='block_1_102' title="bbox 1977 3735 3632 3806">
    <p class='ocr_par' dir='ltr' id='par_1_102' title="bbox 1977 3735 3632 3806">
     <span class='ocr_line' id='line_1_102' title="bbox 1977 3735 3632 3806; baseline 0.002 -18"><span class='ocrx_word' id='word_1_770' title='bbox 1977 3735 2075 3805; x_wconf 92' lang='lat' dir='ltr'>qui</span> <span class='ocrx_word' id='word_1_771' title='bbox 2097 3750 2224 3790; x_wconf 90' lang='lat' dir='ltr'>vere</span> <span class='ocrx_word' id='word_1_772' title='bbox 2244 3735 2633 3805; x_wconf 82' lang='lat' dir='ltr'>perfectoque,</span> <span class='ocrx_word' id='word_1_773' title='bbox 2663 3752 2775 3790; x_wconf 92' lang='lat' dir='ltr'>non</span> <span class='ocrx_word' id='word_1_774' title='bbox 2801 3736 3249 3806; x_wconf 83' lang='lat' dir='ltr'>signiﬁcatione,</span> <span class='ocrx_word' id='word_1_775' title='bbox 3266 3736 3365 3791; x_wconf 88' lang='lat' dir='ltr'>sed</span> <span class='ocrx_word' id='word_1_776' title='bbox 3389 3736 3632 3791; x_wconf 87' lang='lat' dir='ltr'>veritate</span> 
     </span>
    </p>
   </div>
   <div class='ocr_carea' id='block_1_103' title="bbox 1977 3822 3629 3896">
    <p class='ocr_par' dir='ltr' id='par_1_103' title="bbox 1977 3822 3629 3896">
     <span class='ocr_line' id='line_1_103' title="bbox 1977 3822 3629 3896; baseline 0 -18"><span class='ocrx_word' id='word_1_777' title='bbox 1977 3823 2249 3878; x_wconf 80' lang='lat' dir='ltr'>sacerdos</span> <span class='ocrx_word' id='word_1_778' title='bbox 2268 3822 2463 3890; x_wconf 90' lang='lat' dir='ltr'>habet,</span> <span class='ocrx_word' id='word_1_779' title='bbox 2483 3822 2645 3879; x_wconf 90' lang='lat' dir='ltr'>solus</span> <span class='ocrx_word' id='word_1_780' title='bbox 2664 3829 2851 3895; x_wconf 86' lang='lat' dir='ltr'>potest</span> <span class='ocrx_word' id='word_1_781' title='bbox 2873 3825 3100 3879; x_wconf 75' lang='lat' dir='ltr'>auferre</span> <span class='ocrx_word' id='word_1_782' title='bbox 3116 3828 3373 3896; x_wconf 72' lang='lat' dir='ltr'>peccata,</span> <span class='ocrx_word' id='word_1_783' title='bbox 3399 3841 3502 3880; x_wconf 90' lang='lat' dir='ltr'>nec</span> <span class='ocrx_word' id='word_1_784' title='bbox 3528 3824 3629 3879; x_wconf 81' lang='lat' dir='ltr'>ha~</span> 
     </span>
    </p>
   </div>
   <div class='ocr_carea' id='block_1_104' title="bbox 1978 3912 3064 3983">
    <p class='ocr_par' dir='ltr' id='par_1_104' title="bbox 1978 3912 3064 3983">
     <span class='ocr_line' id='line_1_104' title="bbox 1978 3912 3064 3983; baseline -0.001 -15"><span class='ocrx_word' id='word_1_785' title='bbox 1978 3913 2075 3968; x_wconf 89' lang='lat' dir='ltr'>bet</span> <span class='ocrx_word' id='word_1_786' title='bbox 2108 3912 2515 3967; x_wconf 85' lang='lat' dir='ltr'>necessitatem</span> <span class='ocrx_word' id='word_1_787' title='bbox 2549 3913 2754 3967; x_wconf 73' lang='lat' dir='ltr'>offerre</span> <span class='ocrx_word' id='word_1_788' title='bbox 2785 3930 2888 3983; x_wconf 88' lang='lat' dir='ltr'>pro</span> <span class='ocrx_word' id='word_1_789' title='bbox 2920 3912 3064 3967; x_wconf 89' lang='lat' dir='ltr'>suis.</span> 
     </span>
    </p>
   </div>
   <div class='ocr_carea' id='block_1_105' title="bbox 2047 4000 3624 4074">
    <p class='ocr_par' dir='ltr' id='par_1_105' title="bbox 2047 4000 3624 4074">
     <span class='ocr_line' id='line_1_105' title="bbox 2047 4000 3624 4074; baseline 0 -19"><span class='ocrx_word' id='word_1_790' title='bbox 2047 4001 2230 4057; x_wconf 83' lang='lat' dir='ltr'><strong>CXXI.</strong></span> <span class='ocrx_word' id='word_1_791' title='bbox 2265 4001 2370 4071; x_wconf 83' lang='lat' dir='ltr'>[1b.</span> <span class='ocrx_word' id='word_1_792' title='bbox 2406 4018 2603 4070; x_wconf 78' lang='lat' dir='ltr'>XXVIII,</span> <span class='ocrx_word' id='word_1_793' title='bbox 2648 4000 2761 4074; x_wconf 86' lang='grc'><strong>41.]</strong></span> <span class='ocrx_word' id='word_1_794' title='bbox 2815 4003 2889 4057; x_wconf 91' lang='lat' dir='ltr'>De</span> <span class='ocrx_word' id='word_1_795' title='bbox 2920 4004 3108 4057; x_wconf 86' lang='lat' dir='ltr'>Aaron</span> <span class='ocrx_word' id='word_1_796' title='bbox 3157 4007 3214 4057; x_wconf 92' lang='lat' dir='ltr'>et</span> <span class='ocrx_word' id='word_1_797' title='bbox 3262 4001 3399 4055; x_wconf 80' lang='lat' dir='ltr'>ﬁliis</span> <span class='ocrx_word' id='word_1_798' title='bbox 3436 4004 3624 4057; x_wconf 85' lang='lat' dir='ltr'>Aaron</span> 
     </span>
    </p>
   </div>
   <div class='ocr_carea' id='block_1_106' title="bbox 1975 4090 3626 4163">
    <p class='ocr_par' dir='ltr' id='par_1_106' title="bbox 1975 4090 3626 4163">
     <span class='ocr_line' id='line_1_106' title="bbox 1975 4090 3626 4163; baseline 0 -17"><span class='ocrx_word' id='word_1_799' title='bbox 1975 4107 2109 4146; x_wconf 90' lang='lat' dir='ltr'>cum</span> <span class='ocrx_word' id='word_1_800' title='bbox 2145 4090 2500 4161; x_wconf 68' lang='lat' dir='ltr'>praeciperet,</span> <span class='ocrx_word' id='word_1_801' title='bbox 2532 4090 2779 4162; x_wconf 90' lang='lat' dir='ltr'>loquens</span> <span class='ocrx_word' id='word_1_802' title='bbox 2807 4091 2878 4146; x_wconf 89' lang='lat' dir='ltr'>ad</span> <span class='ocrx_word' id='word_1_803' title='bbox 2910 4095 3164 4163; x_wconf 84' lang='lat' dir='ltr'>Moysen,</span> <span class='ocrx_word' id='word_1_804' title='bbox 3188 4091 3480 4162; x_wconf 91' lang='lat' dir='ltr'>quomodo</span> <span class='ocrx_word' id='word_1_805' title='bbox 3503 4106 3626 4146; x_wconf 91' lang='lat' dir='ltr'>ves-</span> 
     </span>
    </p>
   </div>
   <div class='ocr_carea' id='block_1_107' title="bbox 1975 4179 3629 4252">
    <p class='ocr_par' dir='ltr' id='par_1_107' title="bbox 1975 4179 3629 4252">
     <span class='ocr_line' id='line_1_107' title="bbox 1975 4179 3629 4252; baseline 0.001 -18"><span class='ocrx_word' id='word_1_806' title='bbox 1975 4179 2246 4245; x_wconf 88' lang='lat' dir='ltr'>tirentur,</span> <span class='ocrx_word' id='word_1_807' title='bbox 2279 4184 2335 4234; x_wconf 85' lang='lat' dir='ltr'>et</span> <span class='ocrx_word' id='word_1_808' title='bbox 2386 4184 2766 4252; x_wconf 86' lang='lat' dir='ltr'>ungerentur,</span> <span class='ocrx_word' id='word_1_809' title='bbox 2800 4179 2939 4251; x_wconf 90' lang='lat' dir='ltr'>quid</span> <span class='ocrx_word' id='word_1_810' title='bbox 2976 4188 3062 4236; x_wconf 89' lang='lat' dir='ltr'>est</span> <span class='ocrx_word' id='word_1_811' title='bbox 3112 4181 3267 4252; x_wconf 91' lang='lat' dir='ltr'>quod</span> <span class='ocrx_word' id='word_1_812' title='bbox 3302 4180 3402 4250; x_wconf 90' lang='lat' dir='ltr'>ait,</span> <span class='ocrx_word' id='word_1_813' title='bbox 3434 4182 3497 4235; x_wconf 86' lang='lat' dir='ltr'>Et</span> <span class='ocrx_word' id='word_1_814' title='bbox 3527 4181 3629 4235; x_wconf 85' lang='lat' dir='ltr'>im-</span> 
     </span>
    </p>
   </div>
   <div class='ocr_carea' id='block_1_108' title="bbox 1973 4269 3628 4342">
    <p class='ocr_par' dir='ltr' id='par_1_108' title="bbox 1973 4269 3628 4342">
     <span class='ocr_line' id='line_1_108' title="bbox 1973 4269 3628 4342; baseline 0.001 -19"><span class='ocrx_word' id='word_1_815' title='bbox 1973 4269 2147 4340; x_wconf 85' lang='lat' dir='ltr'>plebis</span> <span class='ocrx_word' id='word_1_816' title='bbox 2175 4284 2373 4323; x_wconf 90' lang='lat' dir='ltr'>manus</span> <span class='ocrx_word' id='word_1_817' title='bbox 2411 4283 2620 4339; x_wconf 87' lang='lat' dir='ltr'>eorum,</span> <span class='ocrx_word' id='word_1_818' title='bbox 2652 4273 2713 4324; x_wconf 89' lang='lat' dir='ltr'>ut</span> <span class='ocrx_word' id='word_1_819' title='bbox 2759 4269 3066 4326; x_wconf 85' lang='lat' dir='ltr'>sacerdotio</span> <span class='ocrx_word' id='word_1_820' title='bbox 3110 4272 3416 4342; x_wconf 86' lang='lat' dir='ltr'>fungantur</span> <span class='ocrx_word' id='word_1_821' title='bbox 3443 4270 3628 4325; x_wconf 80' lang='lat' dir='ltr'>mihi?</span> 
     </span>
    </p>
   </div>
   <div class='ocr_carea' id='block_1_109' title="bbox 1973 4358 3484 4431">
    <p class='ocr_par' dir='ltr' id='par_1_109' title="bbox 1973 4358 3484 4431">
     <span class='ocr_line' id='line_1_109' title="bbox 1973 4358 3484 4431; baseline 0 -17"><span class='ocrx_word' id='word_1_822' title='bbox 1973 4360 2059 4414; x_wconf 91' lang='lat' dir='ltr'>An</span> <span class='ocrx_word' id='word_1_823' title='bbox 2094 4359 2237 4413; x_wconf 82' lang='lat' dir='ltr'>torte</span> <span class='ocrx_word' id='word_1_824' title='bbox 2270 4358 2630 4430; x_wconf 89' lang='lat' dir='ltr'>muneribus,</span> <span class='ocrx_word' id='word_1_825' title='bbox 2665 4376 2791 4431; x_wconf 69' lang='lat' dir='ltr'>quae</span> <span class='ocrx_word' id='word_1_826' title='bbox 2823 4359 3118 4415; x_wconf 72' lang='lat' dir='ltr'>offerenda</span> <span class='ocrx_word' id='word_1_827' title='bbox 3147 4365 3287 4416; x_wconf 88' lang='lat' dir='ltr'>sunt</span> <span class='ocrx_word' id='word_1_828' title='bbox 3318 4360 3431 4415; x_wconf 88' lang='lat' dir='ltr'>Deo</span> <span class='ocrx_word' id='word_1_829' title='bbox 3456 4360 3484 4414; x_wconf 78' lang='lat' dir='ltr'>‘t</span> 
     </span>
    </p>
   </div>
   <div class='ocr_carea' id='block_1_110' title="bbox 2046 4449 3627 4524">
    <p class='ocr_par' dir='ltr' id='par_1_110' title="bbox 2046 4449 3627 4524">
     <span class='ocr_line' id='line_1_110' title="bbox 2046 4449 3627 4524; baseline 0.001 -20"><span class='ocrx_word' id='word_1_830' title='bbox 2046 4449 2257 4505; x_wconf 82' lang='lat' dir='ltr'>CXXII.</span> <span class='ocrx_word' id='word_1_831' title='bbox 2286 4450 2401 4521; x_wconf 85' lang='lat' dir='ltr'>[1b.</span> <span class='ocrx_word' id='word_1_832' title='bbox 2432 4467 2629 4520; x_wconf 80' lang='lat' dir='ltr'>xxvur,</span> <span class='ocrx_word' id='word_1_833' title='bbox 2654 4452 2766 4522; x_wconf 80' lang='grc'>42.]</span> <span class='ocrx_word' id='word_1_834' title='bbox 2798 4452 2860 4506; x_wconf 84' lang='lat' dir='ltr'>Et</span> <span class='ocrx_word' id='word_1_835' title='bbox 2888 4451 3063 4524; x_wconf 80' lang='lat' dir='ltr'>facies</span> <span class='ocrx_word' id='word_1_836' title='bbox 3083 4453 3135 4507; x_wconf 90' lang='lat' dir='ltr'>ei</span> <span class='ocrx_word' id='word_1_837' title='bbox 3162 4451 3455 4521; x_wconf 86' lang='lat' dir='ltr'>femoralia</span> <span class='ocrx_word' id='word_1_838' title='bbox 3476 4452 3627 4505; x_wconf 88' lang='lat' dir='ltr'>tinea</span> 
     </span>
    </p>
   </div>
   <div class='ocr_carea' id='block_1_111' title="bbox 1973 4539 3628 4611">
    <p class='ocr_par' dir='ltr' id='par_1_111' title="bbox 1973 4539 3628 4611">
     <span class='ocr_line' id='line_1_111' title="bbox 1973 4539 3628 4611; baseline -0.001 -17"><span class='ocrx_word' id='word_1_839' title='bbox 1973 4544 2156 4608; x_wconf 87' lang='lat' dir='ltr'>tegere</span> <span class='ocrx_word' id='word_1_840' title='bbox 2172 4539 2574 4611; x_wconf 85' lang='lat' dir='ltr'>turpitudinem</span> <span class='ocrx_word' id='word_1_841' title='bbox 2596 4541 2841 4611; x_wconf 83' lang='lat' dir='ltr'>corporis</span> <span class='ocrx_word' id='word_1_842' title='bbox 2862 4541 2882 4573; x_wconf 78' lang='grc'><strong>⁴</strong></span> <span class='ocrx_word' id='word_1_843' title='bbox 2910 4557 3106 4595; x_wconf 87' lang='lat' dir='ltr'>eorum</span> <span class='ocrx_word' id='word_1_844' title='bbox 3124 4557 3144 4601; x_wconf 84' lang='lat'><em>;</em></span> <span class='ocrx_word' id='word_1_845' title='bbox 3177 4558 3209 4595; x_wconf 88' lang='lat' dir='ltr'>a</span> <span class='ocrx_word' id='word_1_846' title='bbox 3232 4540 3429 4595; x_wconf 87' lang='lat' dir='ltr'>lumbis</span> <span class='ocrx_word' id='word_1_847' title='bbox 3458 4555 3628 4610; x_wconf 86' lang='lat' dir='ltr'>usque</span> 
     </span>
    </p>
   </div>
   <div class='ocr_carea' id='block_1_112' title="bbox 2038 4696 3625 4760">
    <p class='ocr_par' dir='ltr' id='par_1_112' title="bbox 2038 4696 3625 4760">
     <span class='ocr_line' id='line_1_112' title="bbox 2038 4696 3625 4760; baseline -0.001 -13"><span class='ocrx_word' id='word_1_848' title='bbox 2038 4703 2053 4735; x_wconf 78' lang='grc' dir='ltr'>ι</span> <span class='ocrx_word' id='word_1_849' title='bbox 2087 4699 2200 4748; x_wconf 80' lang='lat' dir='ltr'>Am.</span> <span class='ocrx_word' id='word_1_850' title='bbox 2234 4700 2315 4747; x_wconf 89' lang='lat' dir='ltr'>Er.</span> <span class='ocrx_word' id='word_1_851' title='bbox 2352 4703 2403 4747; x_wconf 87' lang='lat' dir='ltr'>et</span> <span class='ocrx_word' id='word_1_852' title='bbox 2432 4701 2559 4748; x_wconf 84' lang='lat' dir='ltr'>Lov.</span> <span class='ocrx_word' id='word_1_853' title='bbox 2597 4712 2608 4747; x_wconf 87' lang='lat'>:</span> <span class='ocrx_word' id='word_1_854' title='bbox 2640 4696 2705 4745; x_wconf 84' lang='lat' dir='ltr'>Et</span> <span class='ocrx_word' id='word_1_855' title='bbox 2734 4698 2985 4760; x_wconf 82' lang='lat' dir='ltr'>formabis</span> <span class='ocrx_word' id='word_1_856' title='bbox 3032 4701 3083 4747; x_wconf 86' lang='lat' dir='ltr'>in</span> <span class='ocrx_word' id='word_1_857' title='bbox 3114 4700 3286 4748; x_wconf 78' lang='lat' dir='ltr'>eadem</span> <span class='ocrx_word' id='word_1_858' title='bbox 3317 4698 3625 4759; x_wconf 86' lang='lat' dir='ltr'>formatione</span> 
     </span>
    </p>
   </div>
   <div class='ocr_carea' id='block_1_113' title="bbox 1971 4761 3622 4823">
    <p class='ocr_par' dir='ltr' id='par_1_113' title="bbox 1971 4761 3622 4823">
     <span class='ocr_line' id='line_1_113' title="bbox 1971 4761 3622 4823; baseline -0.002 -13"><span class='ocrx_word' id='word_1_859' title='bbox 1971 4764 2293 4811; x_wconf 81' lang='lat' dir='ltr'>sanctitatem</span> <span class='ocrx_word' id='word_1_860' title='bbox 2330 4762 2551 4810; x_wconf 87' lang='lat' dir='ltr'>Domini.</span> <span class='ocrx_word' id='word_1_861' title='bbox 2584 4761 2707 4808; x_wconf 88' lang='lat' dir='ltr'>Mss.</span> <span class='ocrx_word' id='word_1_862' title='bbox 2740 4762 2997 4823; x_wconf 87' lang='lat' dir='ltr'>quinque,</span> <span class='ocrx_word' id='word_1_863' title='bbox 3026 4762 3080 4809; x_wconf 90' lang='lat' dir='ltr'>in</span> <span class='ocrx_word' id='word_1_864' title='bbox 3110 4776 3167 4808; x_wconf 86' lang='lat' dir='ltr'>ea</span> <span class='ocrx_word' id='word_1_865' title='bbox 3198 4761 3622 4823; x_wconf 84' lang='lat' dir='ltr'>deformationem</span> 
     </span>
    </p>
   </div>
   <div class='ocr_carea' id='block_1_114' title="bbox 1970 4822 3622 4887">
    <p class='ocr_par' dir='ltr' id='par_1_114' title="bbox 1970 4822 3622 4887">
     <span class='ocr_line' id='line_1_114' title="bbox 1970 4822 3622 4887; baseline 0.001 -16"><span class='ocrx_word' id='word_1_866' title='bbox 1970 4825 2124 4887; x_wconf 84' lang='lat' dir='ltr'>signi,</span> <span class='ocrx_word' id='word_1_867' title='bbox 2165 4828 2491 4873; x_wconf 79' lang='lat' dir='ltr'>sanctitatem</span> <span class='ocrx_word' id='word_1_868' title='bbox 2523 4828 2624 4871; x_wconf 86' lang='lat' dir='ltr'>etc.</span> <span class='ocrx_word' id='word_1_869' title='bbox 2679 4823 2779 4871; x_wconf 79' lang='lat' dir='ltr'>Alii</span> <span class='ocrx_word' id='word_1_870' title='bbox 2812 4822 2918 4871; x_wconf 83' lang='lat' dir='ltr'>duo</span> <span class='ocrx_word' id='word_1_871' title='bbox 2950 4828 3001 4871; x_wconf 91' lang='lat' dir='ltr'>et</span> <span class='ocrx_word' id='word_1_872' title='bbox 3032 4825 3163 4887; x_wconf 73' lang='lat' dir='ltr'>llat.,</span> <span class='ocrx_word' id='word_1_873' title='bbox 3197 4822 3336 4872; x_wconf 83' lang='lat' dir='ltr'>inea</span> <span class='ocrx_word' id='word_1_874' title='bbox 3364 4822 3622 4887; x_wconf 64' lang='lat' dir='ltr'>tle/orma-</span> 
     </span>
    </p>
   </div>
   <div class='ocr_carea' id='block_1_115' title="bbox 1972 4885 3622 4949">
    <p class='ocr_par' dir='ltr' id='par_1_115' title="bbox 1972 4885 3622 4949">
     <span class='ocr_line' id='line_1_115' title="bbox 1972 4885 3622 4949; baseline -0.002 -13"><span class='ocrx_word' id='word_1_875' title='bbox 1972 4885 2155 4936; x_wconf 83' lang='lat' dir='ltr'>tionem</span> <span class='ocrx_word' id='word_1_876' title='bbox 2186 4886 2367 4949; x_wconf 87' lang='lat' dir='ltr'>signis,</span> <span class='ocrx_word' id='word_1_877' title='bbox 2398 4887 2741 4941; x_wconf 73' lang='lat' dir='ltr'>sanctitatem,</span> <span class='ocrx_word' id='word_1_878' title='bbox 2774 4890 2873 4949; x_wconf 85' lang='lat' dir='ltr'>etc.</span> <span class='ocrx_word' id='word_1_879' title='bbox 2916 4886 3182 4943; x_wconf 81' lang='lat' dir='ltr'>Nonnulli,</span> <span class='ocrx_word' id='word_1_880' title='bbox 3216 4887 3266 4933; x_wconf 82' lang='lat' dir='ltr'>in</span> <span class='ocrx_word' id='word_1_881' title='bbox 3298 4885 3478 4949; x_wconf 71' lang='lat' dir='ltr'>eadem</span> <span class='ocrx_word' id='word_1_882' title='bbox 3508 4886 3622 4946; x_wconf 87' lang='lat' dir='ltr'>for-</span> 
     </span>
    </p>
   </div>
   <div class='ocr_carea' id='block_1_116' title="bbox 1973 4946 3619 5028">
    <p class='ocr_par' dir='ltr' id='par_1_116' title="bbox 1973 4946 3619 5028">
     <span class='ocr_line' id='line_1_116' title="bbox 1973 4946 3619 5028; baseline 0 -32"><span class='ocrx_word' id='word_1_883' title='bbox 1973 4946 2249 5028; x_wconf 62' lang='lat' dir='ltr'>mationem</span> <span class='ocrx_word' id='word_1_884' title='bbox 2272 4949 2753 5028; x_wconf 46' lang='lat' dir='ltr'>siqni,&#39;etc.‘l’orrlo</span> <span class='ocrx_word' id='word_1_885' title='bbox 2784 4946 2977 5028; x_wconf 54' lang='lat' dir='ltr'>lggitur</span> <span class='ocrx_word' id='word_1_886' title='bbox 3004 4949 3146 5028; x_wconf 72' lang='lat' dir='ltr'>apud</span> <span class='ocrx_word' id='word_1_887' title='bbox 3180 4949 3302 4998; x_wconf 81' lang='lat' dir='ltr'>LXX</span> <span class='ocrx_word' id='word_1_888' title='bbox 3326 4964 3337 4997; x_wconf 90' lang='lat'><strong>:</strong></span> <span class='ocrx_word' id='word_1_889' title='bbox 3363 4947 3449 4996; x_wconf 80' lang='lat' dir='ltr'>kai</span> <span class='ocrx_word' id='word_1_890' title='bbox 3476 4948 3619 4997; x_wconf 84' lang='lat' dir='ltr'>ektu-</span> 
     </span>
    </p>
   </div>
   <div class='ocr_carea' id='block_1_117' title="bbox 1967 5009 3624 5136">
    <p class='ocr_par' dir='ltr' id='par_1_117' title="bbox 1967 5009 3624 5136">
     <span class='ocr_line' id='line_1_117' title="bbox 1967 5009 3219 5120; baseline 0 -61"><span class='ocrx_word' id='word_1_891' title='bbox 1967 5012 2138 5075; x_wconf 72' lang='lat' dir='ltr'>pascis</span> <span class='ocrx_word' id='word_1_892' title='bbox 2167 5027 2231 5061; x_wconf 84' lang='lat' dir='ltr'>en</span> <span class='ocrx_word' id='word_1_893' title='bbox 2261 5009 2380 5060; x_wconf 65' lang='lat' dir='ltr'>mito</span> <span class='ocrx_word' id='word_1_894' title='bbox 2404 5010 2673 5071; x_wconf 77' lang='lat' dir='ltr'>ektupoma</span> <span class='ocrx_word' id='word_1_895' title='bbox 2702 5009 2975 5120; x_wconf 58' lang='lat' dir='ltr'>hafqiasma</span> <span class='ocrx_word' id='word_1_896' title='bbox 3005 5011 3219 5060; x_wconf 86' lang='lat' dir='ltr'>Kuriou.</span> 
     </span>
     <span class='ocr_line' id='line_1_118' title="bbox 2034 5072 3624 5136; baseline -0.002 -14"><span class='ocrx_word' id='word_1_897' title='bbox 2034 5076 2055 5109; x_wconf 83' lang='grc'>²</span> <span class='ocrx_word' id='word_1_898' title='bbox 2084 5074 2237 5129; x_wconf 84' lang='lat' dir='ltr'>Editi,</span> <span class='ocrx_word' id='word_1_899' title='bbox 2274 5076 2333 5122; x_wconf 90' lang='lat' dir='ltr'>Ut</span> <span class='ocrx_word' id='word_1_900' title='bbox 2364 5074 2574 5134; x_wconf 82' lang='lat' dir='ltr'>auferat</span> <span class='ocrx_word' id='word_1_901' title='bbox 2603 5087 2620 5119; x_wconf 90' lang='lat'><em>:</em></span> <span class='ocrx_word' id='word_1_902' title='bbox 2651 5085 2755 5136; x_wconf 89' lang='lat' dir='ltr'>pau</span> <span class='ocrx_word' id='word_1_903' title='bbox 2783 5087 2920 5136; x_wconf 88' lang='lat' dir='ltr'>oque</span> <span class='ocrx_word' id='word_1_904' title='bbox 2955 5079 3091 5133; x_wconf 83' lang='lat' dir='ltr'>post,</span> <span class='ocrx_word' id='word_1_905' title='bbox 3122 5075 3287 5122; x_wconf 88' lang='lat' dir='ltr'>omnis</span> <span class='ocrx_word' id='word_1_906' title='bbox 3318 5072 3470 5120; x_wconf 81' lang='lat' dir='ltr'>datus</span> <span class='ocrx_word' id='word_1_907' title='bbox 3499 5086 3624 5120; x_wconf 81' lang='lat' dir='ltr'>san-</span> 
     </span>
    </p>
   </div>
   <div class='ocr_carea' id='block_1_118' title="bbox 1970 5134 3628 5195">
    <p class='ocr_par' dir='ltr' id='par_1_118' title="bbox 1970 5134 3628 5195">
     <span class='ocr_line' id='line_1_119' title="bbox 1970 5134 3628 5195; baseline -0.004 -9"><span class='ocrx_word' id='word_1_908' title='bbox 1970 5139 2165 5186; x_wconf 86' lang='lat' dir='ltr'>ctorum</span> <span class='ocrx_word' id='word_1_909' title='bbox 2196 5150 2384 5184; x_wconf 87' lang='lat' dir='ltr'>eorum.</span> <span class='ocrx_word' id='word_1_910' title='bbox 2430 5134 2785 5195; x_wconf 71' lang='lat' dir='ltr'>Reposuimus</span> <span class='ocrx_word' id='word_1_911' title='bbox 2833 5134 2897 5184; x_wconf 78' lang='lat' dir='ltr'>ad</span> <span class='ocrx_word' id='word_1_912' title='bbox 2930 5136 3052 5184; x_wconf 80' lang='lat' dir='ltr'>Mss.</span> <span class='ocrx_word' id='word_1_913' title='bbox 3087 5138 3263 5191; x_wconf 83' lang='lat' dir='ltr'>ﬁdem,</span> <span class='ocrx_word' id='word_1_914' title='bbox 3295 5140 3342 5184; x_wconf 84' lang='lat' dir='ltr'>et</span> <span class='ocrx_word' id='word_1_915' title='bbox 3386 5136 3628 5195; x_wconf 86' lang='lat' dir='ltr'>auferet;</span> 
     </span>
    </p>
   </div>
   <div class='ocr_carea' id='block_1_119' title="bbox 1971 5197 3403 5261">
    <p class='ocr_par' dir='ltr' id='par_1_119' title="bbox 1971 5197 3403 5261">
     <span class='ocr_line' id='line_1_120' title="bbox 1971 5197 3403 5261; baseline -0.003 -12"><span class='ocrx_word' id='word_1_916' title='bbox 1971 5204 2210 5261; x_wconf 85' lang='lat' dir='ltr'>tumque,</span> <span class='ocrx_word' id='word_1_917' title='bbox 2242 5199 2402 5247; x_wconf 87' lang='lat' dir='ltr'>omnis</span> <span class='ocrx_word' id='word_1_918' title='bbox 2434 5197 2548 5261; x_wconf 81' lang='lat' dir='ltr'>dati</span> <span class='ocrx_word' id='word_1_919' title='bbox 2575 5212 2593 5245; x_wconf 88' lang='lat'><strong><em>:</em></strong></span> <span class='ocrx_word' id='word_1_920' title='bbox 2622 5211 2743 5261; x_wconf 72' lang='lat' dir='ltr'>qua:</span> <span class='ocrx_word' id='word_1_921' title='bbox 2773 5200 2931 5247; x_wconf 87' lang='lat' dir='ltr'>etiam</span> <span class='ocrx_word' id='word_1_922' title='bbox 2965 5200 3119 5249; x_wconf 88' lang='lat' dir='ltr'>lectio</span> <span class='ocrx_word' id='word_1_923' title='bbox 3150 5204 3230 5248; x_wconf 85' lang='lat' dir='ltr'>est</span> <span class='ocrx_word' id='word_1_924' title='bbox 3262 5199 3403 5247; x_wconf 76' lang='lat' dir='ltr'>LXX.</span> 
     </span>
    </p>
   </div>
   <div class='ocr_carea' id='block_1_120' title="bbox 2035 5259 3621 5323">
    <p class='ocr_par' dir='ltr' id='par_1_120' title="bbox 2035 5259 3621 5323">
     <span class='ocr_line' id='line_1_121' title="bbox 2035 5259 3621 5323; baseline -0.003 -14"><span class='ocrx_word' id='word_1_925' title='bbox 2035 5263 2055 5296; x_wconf 85' lang='grc'>³</span> <span class='ocrx_word' id='word_1_926' title='bbox 2083 5259 2426 5310; x_wconf 68' lang='lat' dir='ltr'>llemovimus</span> <span class='ocrx_word' id='word_1_927' title='bbox 2465 5260 2591 5323; x_wconf 81' lang='lat' dir='ltr'>hinc</span> <span class='ocrx_word' id='word_1_928' title='bbox 2622 5259 2784 5309; x_wconf 88' lang='lat' dir='ltr'>verba</span> <span class='ocrx_word' id='word_1_929' title='bbox 2812 5262 3058 5323; x_wconf 65' lang='lat' dir='ltr'>quaedam</span> <span class='ocrx_word' id='word_1_930' title='bbox 3110 5264 3162 5311; x_wconf 90' lang='lat' dir='ltr'>in</span> <span class='ocrx_word' id='word_1_931' title='bbox 3217 5260 3449 5310; x_wconf 85' lang='lat' dir='ltr'>melioris</span> <span class='ocrx_word' id='word_1_932' title='bbox 3481 5261 3621 5323; x_wconf 57' lang='lat' dir='ltr'>notae</span> 
     </span>
    </p>
   </div>
   <div class='ocr_carea' id='block_1_121' title="bbox 1972 5318 3628 5391">
    <p class='ocr_par' dir='ltr' id='par_1_121' title="bbox 1972 5318 3628 5391">
     <span class='ocr_line' id='line_1_122' title="bbox 1972 5318 3628 5391; baseline -0.004 -19"><span class='ocrx_word' id='word_1_933' title='bbox 1972 5325 2097 5391; x_wconf 64' lang='lat' dir='ltr'>Msst</span> <span class='ocrx_word' id='word_1_934' title='bbox 2130 5338 2234 5373; x_wconf 86' lang='lat' dir='ltr'>non</span> <span class='ocrx_word' id='word_1_935' title='bbox 2261 5325 2491 5391; x_wconf 73' lang='lat' dir='ltr'>reperta.</span> <span class='ocrx_word' id='word_1_936' title='bbox 2525 5322 2722 5391; x_wconf 70' lang='lat' dir='ltr'>Nempe</span> <span class='ocrx_word' id='word_1_937' title='bbox 2760 5318 2849 5391; x_wconf 56' lang='lat' dir='ltr'>sic</span> <span class='ocrx_word' id='word_1_938' title='bbox 2896 5326 2948 5373; x_wconf 88' lang='lat' dir='ltr'>iu</span> <span class='ocrx_word' id='word_1_939' title='bbox 2982 5327 3136 5391; x_wconf 77' lang='lat' dir='ltr'>editis</span> <span class='ocrx_word' id='word_1_940' title='bbox 3168 5324 3463 5391; x_wconf 75' lang='lat' dir='ltr'>habebatur</span> <span class='ocrx_word' id='word_1_941' title='bbox 3488 5335 3505 5389; x_wconf 85' lang='lat'>_:</span> <span class='ocrx_word' id='word_1_942' title='bbox 3544 5318 3628 5367; x_wconf 82' lang='lat' dir='ltr'>Ad</span> 
     </span>
    </p>
   </div>
   <div class='ocr_carea' id='block_1_122' title="bbox 1969 5386 3618 5450">
    <p class='ocr_par' dir='ltr' id='par_1_122' title="bbox 1969 5386 3618 5450">
     <span class='ocr_line' id='line_1_123' title="bbox 1969 5386 3618 5450; baseline -0.003 -16"><span class='ocrx_word' id='word_1_943' title='bbox 1969 5386 2217 5450; x_wconf 80' lang='lat' dir='ltr'>laminam</span> <span class='ocrx_word' id='word_1_944' title='bbox 2248 5386 2387 5434; x_wconf 83' lang='lat' dir='ltr'>illam</span> <span class='ocrx_word' id='word_1_945' title='bbox 2418 5386 2714 5450; x_wconf 80' lang='lat' dir='ltr'>revertitur.</span> <span class='ocrx_word' id='word_1_946' title='bbox 2751 5386 2807 5435; x_wconf 90' lang='lat' dir='ltr'>In</span> <span class='ocrx_word' id='word_1_947' title='bbox 2840 5402 2940 5450; x_wconf 90' lang='lat' dir='ltr'>quo</span> <span class='ocrx_word' id='word_1_948' title='bbox 2984 5387 3377 5450; x_wconf 64' lang='lat' dir='ltr'>nituerteﬂduni</span> <span class='ocrx_word' id='word_1_949' title='bbox 3402 5386 3450 5432; x_wconf 80' lang='lat' dir='ltr'>si</span> <span class='ocrx_word' id='word_1_950' title='bbox 3476 5386 3618 5450; x_wconf 54' lang='lat' dir='ltr'>{nve-</span> 
     </span>
    </p>
   </div>
   <div class='ocr_carea' id='block_1_123' title="bbox 1970 5446 3621 5513">
    <p class='ocr_par' dir='ltr' id='par_1_123' title="bbox 1970 5446 3621 5513">
     <span class='ocr_line' id='line_1_124' title="bbox 1970 5446 3621 5513; baseline -0.004 -14"><span class='ocrx_word' id='word_1_951' title='bbox 1970 5448 2077 5500; x_wconf 82' lang='lat' dir='ltr'>niri</span> <span class='ocrx_word' id='word_1_952' title='bbox 2104 5452 2285 5510; x_wconf 85' lang='lat' dir='ltr'>potest,</span> <span class='ocrx_word' id='word_1_953' title='bbox 2315 5450 2405 5513; x_wconf 85' lang='lat' dir='ltr'>qui</span> <span class='ocrx_word' id='word_1_954' title='bbox 2432 5462 2539 5513; x_wconf 82' lang='lat' dir='ltr'>non</span> <span class='ocrx_word' id='word_1_955' title='bbox 2567 5446 2753 5497; x_wconf 80' lang='lat' dir='ltr'>habeat</span> <span class='ocrx_word' id='word_1_956' title='bbox 2798 5446 3147 5513; x_wconf 77' lang='lat' dir='ltr'>necessitatem</span> <span class='ocrx_word' id='word_1_957' title='bbox 3176 5464 3268 5512; x_wconf 83' lang='lat' dir='ltr'>pro</span> <span class='ocrx_word' id='word_1_958' title='bbox 3297 5448 3401 5513; x_wconf 82' lang='lat' dir='ltr'>suis</span> <span class='ocrx_word' id='word_1_959' title='bbox 3433 5446 3621 5513; x_wconf 69' lang='lat' dir='ltr'>offerre</span> 
     </span>
    </p>
   </div>
   <div class='ocr_carea' id='block_1_124' title="bbox 1965 5509 3619 5577">
    <p class='ocr_par' dir='ltr' id='par_1_124' title="bbox 1965 5509 3619 5577">
     <span class='ocr_line' id='line_1_125' title="bbox 1965 5509 3619 5577; baseline -0.004 -16"><span class='ocrx_word' id='word_1_960' title='bbox 1965 5509 2188 5577; x_wconf 85' lang='lat' dir='ltr'>peccatis</span> <span class='ocrx_word' id='word_1_961' title='bbox 2216 5509 2690 5577; x_wconf 55' lang='lat' dir='ltr'>preterrbristum,</span> <span class='ocrx_word' id='word_1_962' title='bbox 2715 5513 2802 5577; x_wconf 81' lang='lat' dir='ltr'>qui</span> <span class='ocrx_word' id='word_1_963' title='bbox 2827 5512 2962 5561; x_wconf 74' lang='lat' dir='ltr'>solus-</span> <span class='ocrx_word' id='word_1_964' title='bbox 2989 5517 3149 5575; x_wconf 80' lang='lat' dir='ltr'>potest</span> <span class='ocrx_word' id='word_1_965' title='bbox 3170 5509 3391 5560; x_wconf 79' lang='lat' dir='ltr'>omnium</span> <span class='ocrx_word' id='word_1_966' title='bbox 3411 5509 3619 5570; x_wconf 81' lang='lat' dir='ltr'>auferre</span> 
     </span>
    </p>
   </div>
   <div class='ocr_carea' id='block_1_125' title="bbox 1965 5574 3180 5640">
    <p class='ocr_par' dir='ltr' id='par_1_125' title="bbox 1965 5574 3180 5640">
     <span class='ocr_line' id='line_1_126' title="bbox 1965 5574 3180 5640; baseline -0.001 -16"><span class='ocrx_word' id='word_1_967' title='bbox 1965 5574 2175 5640; x_wconf 70' lang='lat' dir='ltr'>peccata</span> <span class='ocrx_word' id='word_1_968' title='bbox 2204 5591 2222 5623; x_wconf 82' lang='lat'>.&#39;</span> <span class='ocrx_word' id='word_1_969' title='bbox 2254 5574 2564 5640; x_wconf 81' lang='lat' dir='ltr'>intelligitur</span> <span class='ocrx_word' id='word_1_970' title='bbox 2588 5574 2782 5636; x_wconf 84' lang='lat' dir='ltr'>frontis</span> <span class='ocrx_word' id='word_1_971' title='bbox 2810 5574 3180 5640; x_wconf 74' lang='lat' dir='ltr'>ornumentum.</span> 
     </span>
    </p>
   </div>
   <div class='ocr_carea' id='block_1_126' title="bbox 1997 5632 3611 5752">
    <p class='ocr_par' dir='ltr' id='par_1_126' title="bbox 1997 5632 3611 5752">
     <span class='ocr_line' id='line_1_127' title="bbox 1997 5632 3611 5752; baseline -0.003 -64"><span class='ocrx_word' id='word_1_972' title='bbox 1997 5639 2202 5752; x_wconf 57' lang='lat' dir='ltr'>h‘dtttss.</span> <span class='ocrx_word' id='word_1_973' title='bbox 2255 5632 2439 5689; x_wconf 68' lang='lat' dir='ltr'>nostri</span> <span class='ocrx_word' id='word_1_974' title='bbox 2461 5632 2789 5698; x_wconf 78' lang='lat' dir='ltr'>constanter,</span> <span class='ocrx_word' id='word_1_975' title='bbox 2838 5638 3035 5689; x_wconf 81' lang='lat' dir='ltr'>coloris.</span> <span class='ocrx_word' id='word_1_976' title='bbox 3058 5640 3234 5688; x_wconf 56' lang='lat' dir='ltr'>Graeca</span> <span class='ocrx_word' id='word_1_977' title='bbox 3262 5634 3435 5685; x_wconf 85' lang='lat' dir='ltr'>versio</span> <span class='ocrx_word' id='word_1_978' title='bbox 3470 5632 3611 5692; x_wconf 84' lang='lat' dir='ltr'>LXX,</span> 
     </span>
     <span class='ocr_line' id='line_1_128' title="bbox 2031 5715 2187 5752; baseline 0.019 -3"><span class='ocrx_word' id='word_1_979' title='bbox 2031 5716 2059 5749; x_wconf 89' lang='lat' dir='ltr'>r</span> <span class='ocrx_word' id='word_1_980' title='bbox 2115 5715 2187 5752; x_wconf 76' lang='lat' dir='ltr'>os.</span> 
     </span>
    </p>
   </div>
   <div class='ocr_carea' id='block_1_127' title="bbox 1968 5715 2187 5752">
    <p class='ocr_par' dir='ltr' id='par_1_127' title="bbox 1968 5715 2187 5752">
     <span class='ocr_line' id='line_1_129' title="bbox 1968 5715 2187 5752; baseline 0.014 -4"><span class='ocrx_word' id='word_1_981' title='bbox 1968 5715 2187 5752; x_wconf 70' lang='grc' dir='ltr'>θην-στω.</span> 
     </span>
    </p>
   </div>
  </div>
