4098 6184
470 348 586 411 639

471 484 551 537 ad
579 486 786 552 femora
813 489 997 540 erunt.
1029 488 1170 540 Cum
1203 486 1382 541 vestis
1411 491 1576 541 tanta
1603 487 1895 558 cooperiat
1923 491 2112 542 totum

473 589 707 644 corpus,
739 575 876 644 quid
911 580 997 629 est
1028 576 1177 646 quod
1213 575 1312 642 ait,
1336 577 1639 631 Femoralia
1659 579 1828 648 facies
1857 578 2007 632 linea
2037 586 2114 633 te-

473 677 602 732 gere
629 663 1036 733 turpitudinem
1083 667 1325 736 corporis
1376 682 1583 733 eorum,
1620 667 1783 736 quasi
1837 682 2116 738 apparere

479 756 674 822 posset
697 756 858 806 tanta
896 753 1146 823 desuper
1174 759 1329 808 veste
1372 753 1682 809 adhibita?
1712 755 1834 809 Nisi
1869 754 2006 826 quia
2036 755 2113 809 si-

475 858 653 912 gnum
685 857 811 895 esse
841 841 1094 896 voluitin
1132 843 1235 896 hoc
1268 845 1554 898 castitatis
1582 845 1671 897 vel
1704 844 2111 898 continentiae:

476 946 600 999 quas
643 929 771 983 ideo
819 947 920 1000 per
960 929 1370 986 indumentum
1424 933 1805 1004 signiﬁcatur,
1850 937 1911 986 ut
1940 949 2052 987 non
2084 948 2116 985 a

475 1018 666 1088 scipso
700 1018 919 1081 habita,
952 1021 1049 1073 sed
1085 1022 1224 1074 data
1251 1021 1633 1092 intelligatur.

545 1106 780 1162 CXXIII.
805 1108 910 1177 [lb.
936 1126 1088 1178 xxix,
1113 1112 1163 1170 8,
1187 1110 1264 1179 9.]
1287 1115 1428 1164 Cum
1455 1112 1523 1164 de
1548 1111 1681 1165 {iliis
1705 1117 1892 1165 Aaron
1917 1109 2115 1180 loque-

477 1200 636 1250 retur
667 1213 679 1250 :
718 1198 780 1250 Et
810 1198 1001 1251 indues
1020 1214 1124 1260 eos,
1147 1199 1357 1268 inquit,
1384 1203 1614 1265 tunicas,
1640 1205 1691 1255 et
1719 1204 1896 1270 cinges
1917 1215 2006 1253 eos
2026 1215 2116 1253 2.0-

474 1287 1026 1352 nis,etcircumdabis
1043 1289 1118 1341 eis
1136 1288 1368 1341 ridaras.
1387 1291 1566 1354 Quam
1592 1289 1749 1344 dicat
1763 1289 2004 1343 cidarim
2029 1288 2111 1341 vel

475 1375 724 1444 cidaras,
753 1375 1026 1445 quoniam
1053 1393 1161 1430 non
1191 1382 1278 1431 est
1301 1377 1768 1448 interpretatum,
1794 1395 1898 1431 nec
1923 1377 1978 1431 in
2009 1393 2115 1430 usu

480 1465 651 1519 modo
684 1469 790 1530 est,
823 1465 1125 1535 ignoratur
1158 1484 1170 1521 :
1209 1472 1347 1536 puto
1379 1471 1574 1522 tamen
1605 1484 1717 1522 non
1753 1483 1879 1522 esse
1911 1466 2118 1538 capitis

476 1560 772 1626 tegumen,
809 1559 870 1607 ut
901 1554 1165 1608 nonnulli
1200 1560 1573 1626 putaverunt.
1606 1557 1802 1626 Neque
1832 1555 1986 1609 enim
2030 1555 2116 1609 di-

478 1647 651 1708 ceret,
679 1643 1041 1698 circumdabis
1069 1647 1167 1714 eis,
1200 1644 1312 1699 nisi
1345 1644 1454 1699 tale
1503 1644 1722 1716 aliquid
1756 1650 1929 1709 esset,
1962 1644 2114 1714 quod

477 1749 592 1788 non
625 1732 824 1803 capiti,
857 1734 951 1788 sed
989 1734 1212 1804 corpori
1246 1734 1377 1788 usui
1410 1740 1583 1789 esset.

547 1821 780 1878 CXXIV.
809 1823 920 1894 [lb.
947 1840 1097 1888 xxxx,
1119 1823 1199 1893 9.]
1224 1825 1284 1878 Et
1315 1824 1420 1878 erit
1452 1825 1571 1878 illis
1589 1824 1952 1878 sacerdotium
1979 1821 2122 1876 mihi

477 1914 538 1967 in
566 1912 977 1982 sempiternum.
1004 1913 1301 1977 Quomodo
1332 1913 1488 1968 dicat
1516 1915 1578 1966 in
1605 1915 2016 1979 sempiternum,
2050 1913 2121 1965 de

478 2001 570 2057 his
589 2000 992 2072 signiﬁcativis
1011 2001 1205 2064 rebus,
1226 2002 1497 2073 superius
1515 2019 1663 2072 saepe
1684 2001 2118 2056 diximus.Nam

479 2089 683 2160 utique
713 2093 1002 2144 mutatum
1027 2096 1116 2144 est
1147 2090 1252 2144 hoc
1284 2091 1696 2157 sacerdotium,
1723 2097 1789 2145 ut
1810 2089 1951 2144 illud
1969 2093 2125 2144 esset

480 2180 541 2234 in
563 2183 842 2234 aeternum
865 2180 1189 2233 secundum
1205 2180 1469 2235 ordinem
1485 2180 2007 2249 Melchisedec,non
2031 2193 2120 2234 se-

481 2268 740 2324 cundum
759 2266 1019 2322 ordinem
1040 2273 1252 2323 Aaron.
1282 2269 1360 2323 lbi
1377 2269 1530 2324 enim
1553 2269 1859 2341 etjuratio,
1884 2274 1940 2324 et
1962 2267 2124 2323 nulla

483 2356 582 2413 Dei
601 2355 920 2427 ptnnitudo,
936 2372 1048 2422 qua
1070 2357 1435 2429 signiﬁcetur
1451 2359 1717 2414 mutatio.
1736 2359 1949 2414 Juravit
1967 2356 2120 2413 enim

481 2446 833 2513 Dominus,et
850 2460 958 2499 non
985 2447 1263 2516 pomitebit
1283 2463 1424 2514 eum,
1454 2449 1526 2502 Tu
1547 2464 1622 2513 es,
1644 2447 1856 2518 inquit,
1881 2446 2128 2502 sacerdos

483 2537 543 2589 in
559 2534 1138 2590 aeternumsecundmn
1159 2535 1408 2591 ordinem
1427 2537 1774 2593 Mclchisedec
1795 2538 1906 2608 (Ps.
1922 2552 2032 2600 c1x,
2049 2536 2122 2602 4).

488 2625 562 2679 De
588 2623 792 2678 ordine
808 2627 1003 2678 autem
1021 2625 1207 2677 Aaron
1231 2625 1453 2680 dictum
1473 2629 1561 2680 est
1582 2626 1818 2696 quidem
1844 2627 1906 2681 in
1925 2626 2125 2696 sempi-

479 2711 810 2781 tcrnum,vel
825 2716 1184 2782 proptertem
1197 2729 1303 2785 pus
1320 2730 1430 2768 non
1458 2719 1807 2786 prznceptum
1823 2729 2126 2786 quousque

483 2803 904 2868 observaretur,
918 2800 1004 2854 vel
1025 2801 1177 2872 quod
1202 2819 1291 2858 res
1314 2802 1670 2872 signiﬁcaret
1689 2809 1965 2860 internas:
1987 2820 2125 2860 nus-

484 2908 657 2960 quam
691 2895 781 2944 est
810 2895 1002 2944 tamen
1032 2891 1250 2945 dictum
1285 2893 1356 2945 de
1385 2893 1710 2948 sacerdotio
1741 2897 1952 2960 Aaron,
1989 2893 2127 2966 quia

476 2979 696 3047 juravit
725 2978 1007 3034 Dominus
1037 2984 1093 3034 et
1124 2996 1237 3034 non
1273 2982 1571 3050 pmnitebit
1602 2997 1756 3037 eum.
1789 2985 1858 3038 Et
1888 2983 2017 3039 ideo
2040 2985 2125 3036 di-

485 3075 639 3122 ctum
655 3067 812 3122 estin
830 3067 929 3122 illo
945 3069 1266 3124 sacerdotio
1281 3071 1494 3125 secund
1507 3087 1604 3125 um
1623 3072 1882 3127 ordinem
1893 3071 2129 3127 Melchi-

487 3157 674 3223 sedec,
706 3156 825 3212 Non
849 3157 1131 3225 pamitebit
1157 3173 1301 3226 eum,
1336 3163 1399 3214 ut
1429 3160 1878 3232 signiﬁcaretur,
1901 3160 2039 3231 quia
2059 3161 2130 3216 de

487 3245 810 3301 sacerdotio
834 3251 1022 3301 Aaron
1045 3247 1482 3317 pcenituiteum,
1499 3249 1553 3303 id
1578 3250 1940 3314 est,mutavit
1961 3249 2126 3304 illud.

557 3334 759 3390 CXXV.
794 3335 901 3406 [lb.
935 3351 1090 3398 xxix,
1143 3337 1222 3407 9.]
1271 3337 1417 3402 Quid
1464 3342 1573 3402 est,
1619 3340 1684 3393 Et
1733 3340 2132 3394 consummabis

488 3440 686 3479 manus
716 3423 914 3490 Aaron,
937 3426 986 3478 et
1010 3441 1205 3479 manus
1223 3427 1471 3494 ﬁliorum
1500 3428 1614 3496 ejus
1641 3431 1664 3480 .9
1692 3430 1775 3482 An
1801 3444 1902 3498 per
1923 3445 2134 3482 manus

489 3515 833 3582 potestatem
860 3511 1305 3582 signiﬁcavit,ut
1335 3514 1555 3585 aliquid
1579 3515 1754 3571 etiam
1785 3516 1896 3588 ipsi
1931 3531 2134 3572 conse-

491 3615 653 3654 crare
685 3605 924 3670 possent
956 3617 968 3654 ε
1005 3606 1260 3670 potestas
1293 3608 1485 3658 autem
1516 3605 1643 3676 ipsa
1673 3605 2136 3660 sanctiﬁcatione

492 3689 1033 3757 consummabatur,
1069 3707 1182 3760 qua
1231 3693 1500 3764 praecepti
1533 3699 1673 3749 sunt
1720 3694 2073 3750 sanctiﬁcari
2105 3711 2137 3750 a

499 3781 686 3847 Moyse
705 3777 732 3832 ?

565 3867 794 3922 CXXVI.
813 3867 918 3937 [lb.
936 3885 1087 3931 xxxx,
1105 3871 1216 3941 10.]
1243 3871 1305 3926 Et
1326 3872 1558 3928 adduces
1579 3875 1817 3929 vitulum
1840 3873 1910 3929 ad
1939 3875 2140 3928 ostium

495 3957 845 4013 tabernaculi
864 3960 1187 4024 testimonii,
1213 3968 1263 4016 et
1279 3965 1735 4035 superimponent
1760 3965 1940 4020 Aaron
1959 3972 2012 4019 et
2037 3964 2143 4018 lilii

496 4048 613 4119 ejus
641 4063 839 4102 manus
868 4064 995 4102 suas
1023 4066 1187 4120 super
1233 4061 1398 4120 caput
1427 4054 1592 4106 vituli
1622 4055 1680 4108 in
1709 4059 1996 4125 conspectu
2031 4058 2136 4108 Do.

497 4136 658 4191 mini.
692 4137 834 4190 Ecce
865 4137 1020 4192 unde
1050 4155 1223 4210 supra
1254 4140 1475 4196 dictum
1507 4146 1614 4202 est.
1649 4143 2143 4198 consummandas

497 4241 625 4280 esse
657 4241 868 4279 manus
890 4242 1114 4295 eorum,
1133 4227 1188 4281 id
1217 4237 1322 4296 est,
1343 4232 1752 4298 perﬁciendam
1778 4236 2141 4303 potestatem,

503 4316 567 4367 ut
596 4312 770 4367 etiam
814 4312 924 4384 ipsi
976 4315 1428 4383 sanctiﬁcarent,
1463 4321 1614 4388 quod
1672 4321 1840 4375 modo
1889 4321 1973 4386 ﬁt,
2009 4336 2142 4374 cum

435 4454 444 4463 ,
502 4406 728 4473 ponunt
758 4419 968 4457 manus
1007 4420 1146 4459 suas
1196 4423 1371 4478 super
1411 4409 1661 4462 vitulum
1695 4408 2140 4464 immolandum.

570 4490 950 4563 CXXVII.(Ib.
969 4509 1120 4562 xxxx,
1139 4495 1250 4565 18.]
1283 4497 1438 4560 Quod
1460 4497 1591 4553 odor
1604 4499 1891 4553 suavitatis
1915 4499 2144 4553 Domino

499 4581 1240 4654 swpedicitursacriﬁcium
1262 4585 1332 4639 de
1351 4584 1599 4640 victimis
1623 4603 1890 4658 pecorum
1913 4588 1964 4640 in
1988 4587 2142 4643 Scri-

500 4672 688 4744 pturis
711 4672 954 4735 sanctis,
971 4690 1081 4727 non
1104 4674 1306 4743 utique
1324 4674 1477 4729 Deus
1499 4675 1672 4731 odore
1694 4677 1749 4730 fu
1763 4676 1837 4730 mi
1861 4675 2021 4732 illius
2043 4677 2140 4730 de-

502 4762 783 4827 lectatur;
818 4762 918 4816 sed
969 4765 1197 4817 tantum
1250 4763 1392 4817 illud
1444 4765 1597 4835 quod
1641 4765 1733 4820 his
1780 4766 2146 4838 signiﬁcatur

499 4849 883 4918 spiritualiter
914 4850 1092 4906 Deum
1134 4851 1378 4907 delectat
1408 4871 1540 4908 cum
1574 4853 1955 4925 spiritualiter
1984 4855 2143 4910 exhi-

500 4938 688 5002 betur,
721 4939 996 5008 quoniam
1025 4941 1147 5012 ipse
1167 4943 1310 4997 odor
1335 4943 1831 5015 Deispiritualiter
1861 4943 2144 5014 intelligi-

499 5033 613 5082 tur.
648 5027 768 5081 Non
798 5028 963 5096 (enim
999 5030 1149 5084 sicut
1183 5049 1288 5087 nos
1320 5033 1551 5088 odorem
1587 5035 1876 5105 corporeis
1905 5035 2146 5089 naribus

499 5115 679 5170 ducit.
707 5115 868 5170 Sicut
897 5132 1033 5186 ergo
1063 5117 1160 5174 ille
1191 5121 1440 5187 olel'acit,
1465 5122 1547 5177 sic
1581 5122 1690 5178 ista
1720 5123 2070 5194 signiﬁcant.

571 5205 832 5261 CXXVII.
879 5206 980 5272 [lb.
1015 5225 1165 5275 χχιχ,
1196 5211 1310 5278 26.]
1344 5215 1408 5265 Et
1437 5228 1619 5266 sumes
1666 5215 2033 5282 pectusculum
2081 5213 2145 5269 de

499 5298 672 5351 ariete
697 5298 1202 5366 consummationis,
1226 5300 1366 5370 quod
1397 5305 1474 5355 est
1507 5303 1725 5367 Aaron;
1755 5303 1807 5357 id
1833 5307 1940 5373 est,
1965 5303 2146 5372 hujus

501 5393 687 5439 Aaron
719 5387 754 5439 ¹.
793 5385 1083 5440 Hoc'enim
1111 5389 1398 5457 pertinere
1415 5391 1595 5444 voluit
1625 5392 1691 5443 ad
1729 5409 2025 5446 summum
2052 5409 2142 5448 sa-

500 5476 814 5529 cerdotem.

567 5631 578 5661 ¹
614 5628 975 5696 Edititidest,
1007 5631 1164 5696 ipsius
1195 5634 1389 5681 Aaron.
1421 5633 1490 5682 At
1517 5633 1660 5690 Mss.,
1694 5631 1845 5696 liuius
1876 5649 1894 5682 :
1924 5647 2029 5696 quo
2061 5649 2144 5684 ar-

500 5691 663 5741 ticulu
693 5692 892 5742 indicat
919 5691 1247 5755 Augustinus
1267 5709 1460 5745 nomen
1501 5698 1670 5745 Aaron
1703 5691 1803 5745 hec
1833 5691 1992 5747 Exodi
2026 5698 2145 5748 loco

501 5755 630 5819 poni
663 5755 715 5804 in
746 5756 1000 5820 gignendi
1035 5771 1178 5808 casu.

1203 351 1733 423 QUAESTIONUM
1783 357 1846 414 s.
1894 354 2128 417 AUGU:

2247 355 2322 415 NI
2367 356 2445 416 IN
2493 354 3140 418 HEPTATEUCBUM

3741 351 3850 411 640

2293 487 2529 545 CXXIX.
2567 489 2670 556 [1b.
2697 487 3067 557 xxxx,28-30.]
3090 491 3152 543 Et
3181 489 3284 541 erit
3311 487 3485 541 Aaron
3507 493 3561 540 et
3591 485 3720 555 ﬁliis
3735 485 3847 556 ejus

2222 579 2533 646 legitimum
2555 586 2822 634 aeternum
2843 595 2876 631 a
2897 578 3035 647 [iliis
3055 577 3224 631 Israel
3243 593 3262 631 .·
3289 592 3420 630 cum
3451 575 3668 629 diceret
3685 575 3749 627 de
3768 589 3851 644 pe-

2222 667 2487 722 ctusculo
2544 673 2602 722 et
2656 666 2890 722 brachio
2942 667 3340 720 victimarum.
3389 669 3539 719 More
3589 662 3686 717 illo
3732 678 3850 734 ergo

2221 760 2492 809 aeternum
2513 754 2680 822 dixit,
2699 770 2871 824 quem
2892 768 3042 824 saepe
3060 769 3238 824 supra
3260 751 3850 806 commemoravimus.

2294 845 2356 898 Et
2368 846 2509 898 stola
2526 846 2857 914 suncti,quae
2875 851 2956 898 est
2971 843 3282 911 Aaron,erit
3304 843 3339 911 ﬁ
3352 841 3445 895 liis
3461 842 3578 911 ejus
3594 845 3710 911 post
3723 858 3854 907 eum,

2223 948 2435 1004 ungere
2463 949 2552 987 eos
2575 935 2632 986 in
2661 934 2814 1002 ipsis,
2843 941 2894 986 et
2923 947 3311 987 consummare
3333 947 3531 984 manus
3550 946 3751 985 eorum.
3771 931 3853 986 Se-

2221 1030 2366 1092 ptem
2385 1023 2574 1077 dicbus
2595 1024 2778 1078 vestiet
2794 1037 2850 1077 se
2865 1038 2928 1077 ea
2948 1021 3195 1077 sacerdos
3215 1024 3310 1092 qui
3327 1021 3642 1075 successerit
3663 1021 3711 1075 ei
3727 1019 3785 1076 de
3799 1021 3852 1090 ﬁ-

2225 1111 2318 1166 liis
2335 1112 2475 1181 cjus,
2491 1113 2586 1182 qui
2602 1112 2833 1166 intrabit
2851 1112 2909 1165 in
2922 1110 3350 1165 tabernaculum
3377 1110 3680 1163 testimonii
3692 1109 3857 1163 deser-

2223 1200 2337 1256 vire
2364 1202 2419 1254 in
2439 1203 2662 1256 sanctis.
2679 1201 2808 1254 Haec
2826 1200 3001 1254 verba
3019 1197 3238 1254 multas
3261 1198 3619 1269 quaestiones
3641 1197 3855 1253 habent.

2225 1289 2369 1344 Nam
2387 1289 2642 1360 primum
2660 1289 2755 1344 hic
2768 1288 3094 1344 notandum
3109 1288 3664 1359 est,quomodocum
3679 1289 3856 1342 stolam

2225 1377 2434 1433 dixerit
2461 1379 2662 1447 sancti,
2699 1383 2902 1450 postea
2948 1376 3250 1448 pluraliter
3298 1375 3445 1432 dicit
3475 1391 3677 1444 ungere
3703 1391 3785 1430 eos
3810 1377 3861 1429 in

2224 1469 2384 1536 ipsis,
2408 1472 2688 1539 tanquam
2705 1467 2765 1521 in
2789 1465 2977 1522 stolis.
3001 1467 3146 1521 Nam
3169 1471 3227 1520 et
3246 1482 3431 1537 supra
3458 1464 3670 1519 multas
3695 1464 3858 1519 stolas

2225 1574 2324 1613 eas
2346 1557 2589 1624 dixerat,
2606 1555 2820 1628 quibus
2840 1572 2956 1610 una
2975 1559 3288 1611 constaret.
3317 1557 3667 1624 Quanquam
3692 1553 3860 1608 ambi-

2226 1662 2408 1718 guum
2435 1646 2512 1701 sit
2529 1649 2724 1701 utrum
2745 1649 2803 1699 in
2833 1645 2966 1715 ipsis
2986 1644 3056 1698 ab
3083 1659 3149 1700 eo
3180 1645 3332 1715 quod
3361 1647 3505 1698 sunt
3525 1642 3653 1714 ipsa
3674 1658 3860 1714 genere

2228 1739 2849 1804 neutro,qutecumque
2863 1737 3003 1788 sunt
3016 1732 3232 1804 quibus
3248 1731 3349 1787 illa
3371 1731 3520 1786 stola
3535 1730 3859 1801 completur,

2227 1823 2283 1878 id
2303 1828 2391 1879 est
2407 1823 2585 1879 vestis
2597 1821 2975 1878 sacerdotalis
2996 1840 3007 1877 :
3027 1821 3179 1892 quod
3205 1821 3398 1892 magis
3422 1821 3744 1892 putandum
3765 1823 3859 1884 est,

2229 1928 2297 1967 ex
2320 1928 2386 1968 eo
2409 1912 2563 1982 quod
2581 1912 2634 1965 in
2660 1911 3158 1983 consequentibus
3181 1909 3574 1981 dicit,Septem
3593 1909 3772 1964 diebus
3791 1923 3862 1963 ve-

2228 2003 2355 2057 stiet
2372 2018 2430 2056 se
2448 2018 2514 2057 ea
2529 2001 2775 2056 sacerdos
2791 2003 2889 2073 qui
2910 2001 3226 2055 successerit
3238 2002 3291 2054 ei
3304 2016 3325 2062 ;
3358 2016 3426 2054 ea
3448 1998 3669 2054 scilicet
3687 1996 3863 2053 omnia

2231 2106 2357 2162 quae
2390 2089 2886 2156 commemoravit,
2917 2105 3050 2142 eum
3073 2093 3293 2143 vestem
3327 2085 3748 2142 sacerdotalem
3776 2086 3861 2140 de-

2231 2179 2531 2234 scriberet.
2565 2178 2850 2250 Repetivit
2898 2193 3038 2233 sane
3082 2177 3235 2248 quod
3269 2194 3455 2248 supra
3485 2176 3727 2242 dixerat,
3757 2189 3863 2231 con-

2230 2283 2922 2323 summaremanuseorum
2938 2284 2955 2320 :
2971 2267 3124 2322 unde
3147 2266 3290 2336 quid
3315 2265 3759 2320 mihivideretur
3777 2279 3864 2318 ex-

2233 2357 2396 2428 posui
2429 2357 2648 2427 (Supra,
2697 2361 2892 2427 quaest.
2947 2357 3090 2422 125).
3147 2354 3307 2419 Quod
3362 2370 3499 2408 vero
3543 2354 3644 2420 ait,
3673 2356 3865 2423 Septem

2233 2445 2420 2502 diebus
2449 2448 2644 2502 vestiet
2671 2462 2727 2500 se
2745 2462 2809 2500 ea
2838 2445 3107 2509 sacerdos,
3127 2442 3420 2514 numquid
3445 2441 3577 2497 aliis
3601 2441 3794 2496 diebus
3815 2455 3865 2494 se

2236 2553 2351 2590 non
2383 2534 2639 2590 vestiet?
2669 2535 2774 2589 Sed
2803 2533 2922 2588 illis
2945 2537 3166 2603 septem
3187 2532 3489 2587 continuis
3520 2529 3759 2601 intelligi
3779 2544 3865 2582 vo-

2236 2625 2363 2690 luit,
2384 2624 2596 2695 quibus
2627 2624 2754 2694 ejus
2777 2622 3168 2679 sacerdotium
3190 2621 3625 2692 quodammodo
3657 2618 3862 2673 dedica-

2236 2717 2352 2780 tur,
2385 2718 2559 2784 atque
2586 2711 2971 2768 hebdomadis
2989 2711 3148 2766 estin
3181 2711 3310 2780 ejus
3342 2709 3710 2764 inchoatione
3728 2705 3865 2762 festi-

2234 2802 2403 2858 vitas.
2435 2806 2851 2857 Successorum
2884 2803 3079 2854 autem
3107 2802 3292 2854 Aaron
3325 2813 3465 2852 eum
3498 2796 3653 2863 dicit,
3685 2797 3865 2866 quiin-

2235 2896 2343 2948 trat
2374 2893 2433 2946 in
2463 2891 2882 2946 tabernaculum
2902 2890 3236 2949 testimonii,
3259 2887 3551 2942 deservire
3575 2888 3630 2940 in
3651 2885 3866 2940 sanctis:

2237 2996 2370 3036 eum
2404 2979 2629 3036 scilicet
2667 2978 3029 3050 signiﬁcans,
3064 2976 3165 3048 qui
3215 2992 3329 3031 non
3367 2980 3593 3048 poterat
3622 2990 3744 3030 esse
3772 2970 3865 3026 nisi

2239 3085 2413 3133 unus,
2441 3085 2556 3123 non
2580 3067 2782 3140 quales
2813 3069 2982 3122 erant
3003 3070 3058 3121 et
3079 3065 3184 3120 ﬁlii
3215 3066 3410 3120 Aaron
3430 3081 3562 3119 cum
3585 3063 3706 3117 vivo
3728 3064 3868 3133 patre

2239 3175 2366 3225 suo,
2403 3157 2504 3214 sed
2536 3157 2729 3228 qualis
2777 3173 3084 3212 successor
3123 3153 3312 3227 ipsius
3341 3156 3560 3210 Aaron.
3595 3149 3866 3216 Quomodo

2239 3266 2373 3322 ergo
2392 3248 2693 3321 proprium
2713 3247 2854 3303 dicit
2877 3247 3056 3316 hujus
3070 3245 3245 3301 unius
3257 3242 3866 3313 esse,intrare{intaber-

2240 3339 2500 3394 naculum
2511 3337 3112 3402 testimonii,deservire
3124 3337 3181 3390 in
3195 3336 3496 3398 sanctis,cu
3508 3351 3562 3388 m
3583 3337 3637 3388 et
3653 3331 3748 3386 illa
3759 3345 3868 3401 qua:

2241 3432 2380 3483 sunt
2411 3431 2572 3482 extra
2603 3425 2816 3492 velum,
2852 3442 2967 3497 quo
2999 3424 3268 3480 velantur
3293 3428 3503 3479 sancta
3533 3426 3864 3479 sanctorum,

2241 3521 2444 3572 sancta
2460 3514 2906 3587 appellentur,et
2926 3513 3366 3570 tabernaculum
3384 3509 3700 3568 testimonii
3714 3508 3865 3564 etiam

2242 3606 2386 3661 illud
2412 3613 2662 3672 vocetur,
2697 3604 2796 3659 ubi
2823 3607 2962 3659 sunt
2991 3606 3212 3670 sancta,
3237 3602 3295 3656 id
3327 3608 3421 3658 est
3449 3618 3651 3658 mensa
3678 3604 3730 3653 et
3749 3613 3863 3652 cano

2245 3694 2548 3750 delabrum
2569 3711 2581 3748 :
2603 3693 2700 3749 ubi
2716 3709 2850 3748 cum
2875 3691 3208 3748 deserviant
3224 3697 3281 3746 et
3303 3696 3618 3763 sequentes
3630 3685 3870 3744 sacerdo-

2243 3789 2333 3839 tes
2350 3785 2419 3839 ad
2444 3798 2708 3838 mensam
2732 3786 2790 3838 et
2810 3780 3226 3837 candelabrum
3245 3786 3301 3835 et
3319 3780 3517 3852 ipsum
3536 3779 3729 3842 altare,
3744 3789 3867 3846 quo-

2249 3873 2421 3927 modo
2445 3888 2626 3926 unum
2643 3871 2781 3926 dicit
2802 3886 3200 3926 successorem
3217 3869 3537 3939 Aaron,qui
3553 3867 3782 3923 intretin
3799 3868 3869 3916 ta-

2250 3961 2604 4018 bernaculum
2619 3962 2925 4016 testimonii
2941 3959 3214 4014 deservire
3230 3961 3291 4013 in
3312 3961 3517 4014 sanctis
3531 3958 3616 4012 .9Si
3641 3955 3784 4011 enim
3798 3950 3870 4005 di—

2250 4051 2452 4116 xisset,
2485 4050 2783 4106 Deservire
2807 4050 2863 4104 in
2899 4049 3121 4104 sanctis
3144 4060 3508 4114 sanctorum,
3533 4044 3691 4102 nulla
3717 4044 3868 4098 esset.

2251 4141 2514 4213 quaestio.
2543 4141 2622 4193 Ad
2647 4139 2769 4194 haec
2790 4138 2970 4218 enim,
2995 4137 3095 4192 ubi
3114 4142 3204 4192 est
3221 4152 3355 4192 arca
3379 4129 3871 4218 testimonii,solus

2252 4247 2407 4285 unus
2430 4229 2687 4284 intrabat
2703 4217 2974 4283 summus
2994 4228 3266 4282 sacerdos
3285 4245 3297 4284 :
3319 4228 3472 4297 quod
3495 4226 3666 4280 etiam
3684 4222 3737 4276 in
3758 4217 3872 4288 Epi-

2251 4318 2400 4376 stola
2427 4319 2498 4374 ad
2530 4317 2798 4373 Hebraeos
2821 4315 3266 4386 diligentissime
3287 4315 3742 4372 commendatur.
3767 4303 3872 4363 Nisi

2251 4409 2396 4465 forte
2407 4408 2611 4479 eoipso
2626 4407 2777 4478 quod
2797 4421 2978 4461 unum
2999 4406 3144 4460 dicit
3161 4407 3379 4462 intrare
3398 4408 3460 4461 in
3482 4397 3873 4461 tabernaculum

2252 4496 2846 4561 testimonii,deservire
2859 4499 2917 4550 in
2928 4497 3271 4560 sanctis,non
3285 4494 3406 4550 vult
3422 4482 3871 4564 utiqueintelligi,

2254 4587 2364 4642 nisi
2388 4587 2444 4641 in
2471 4586 2691 4641 sanctis
2713 4589 3049 4640 sanctorum
3074 4585 3241 4655 ;quia
3256 4588 3314 4638 et
3331 4584 3462 4656 ipsa
3483 4583 3675 4652 utique
3694 4578 3872 4633 sancta

2252 4673 2774 4748 appellantur.Non
2787 4673 2944 4728 enim
2960 4672 3158 4728 omnia
3181 4689 3307 4744 qua:
3332 4675 3535 4728 sancta
3555 4662 3869 4733 sunt,etiam

2252 4768 2458 4820 sancta
2483 4767 2819 4819 sanctorum
2854 4762 2964 4818 dici
3001 4767 3250 4834 possunt
3283 4779 3295 4816 :
3330 4761 3425 4816 illa
3464 4776 3594 4816 vero
3614 4771 3730 4828 quae
3750 4749 3870 4807 sunt

2253 4858 2456 4909 sancta
2477 4857 2836 4918 sanctorum,
2863 4850 3061 4922 procul
3086 4851 3265 4906 dubio
3293 4850 3497 4922 utique
3523 4850 3714 4904 sancta
3729 4841 3865 4896 sunt.

2254 4944 2414 4999 Unus
2429 4941 2744 4998 aulemiste
2767 4940 2863 5012 qui
2890 4939 3069 4996 semel
3094 4940 3152 4993 in
3177 4957 3331 4995 anno
3353 4935 3668 4995 intrabatin
3690 4930 3868 4987 sancta
3909 4934 3911 4936 ’

2253 5018 3866 5103 sanctorum,quoniamDominumChrislumsigniﬁcabat,

2255 5121 2621 5194 apertissime
2637 5121 2977 5192 supradicta
2989 5117 3868 5190 adllebrazosEpistolacommen-

2254 5212 2428 5266 datur
2473 5211 2659 5281 (Hebr.
2693 5227 2771 5276 1x,
2799 5210 2978 5281 7-11).
3030 5209 3190 5274 Quod
3238 5213 3434 5264 autem
3468 5201 3862 5279 ptzeﬁguratum

2253 5305 2341 5357 est
2358 5299 2414 5354 in
2436 5303 2637 5355 sancto
2661 5305 3018 5362 sanctorum,
3048 5301 3110 5352 ut
3131 5313 3308 5370 super
3330 5313 3523 5352 arcam
3543 5308 3662 5366 quaa
3683 5293 3863 5379 Legati)

2254 5389 2529 5456 habebat,
2553 5392 2705 5444 esset
2738 5385 3233 5459 propitiatorium,
3260 5385 3358 5441 ubi
3385 5385 3482 5442 Dei
3506 5371 3865 5439 misericordia

2255 5476 2570 5550 signiﬁcari
2602 5476 2981 5550 intelligenda
3011 5483 3120 5540 est,
3144 5476 3282 5546 quia
3305 5475 3587 5547 prepitius
3609 5470 3668 5524 ﬁt
3687 5475 3861 5521 eorum

2256 5567 2508 5640 Ρθοοαιὶε
2533 5570 2549 5603 ¹
2584 5566 2685 5639 qui
2710 5571 2914 5639 Legem
2940 5582 3056 5622 non
3078 5564 3355 5638 implent;
3379 5565 3486 5620 hoc
3509 5559 3640 5617 mihi
3663 5553 3863 5610 videtur

2327 5759 2339 5792 ¹
2362 5755 2626 5809 Am.Er.et
2642 5756 2787 5806 Lov.:
2801 5755 3154 5806 Misericordia
3169 5737 3855 5819 signiﬁcatur,intettigmd“"'
