  <div class='ocr_page' id='page_1' title='image "/cluster/home/n/w/nwhite01/storage/ocr_20150623/34/hvd.32044096580576/336.png"; bbox 0 0 4098 6184; ppageno 0'>
   <div class='ocr_carea' id='block_1_1' title="bbox 274 326 385 385">
    <p class='ocr_par' dir='ltr' id='par_1_1' title="bbox 274 326 385 385">
     <span class='ocr_line' id='line_1_1' title="bbox 274 326 385 385; baseline -0.018 0"><span class='ocrx_word' id='word_1_1' title='bbox 274 326 385 385; x_wconf 77' lang='grc'>661</span> 
     </span>
    </p>
   </div>
   <div class='ocr_carea' id='block_1_2' title="bbox 278 452 1925 530">
    <p class='ocr_par' dir='ltr' id='par_1_2' title="bbox 278 452 1925 530">
     <span class='ocr_line' id='line_1_2' title="bbox 278 452 1925 530; baseline -0.007 -16"><span class='ocrx_word' id='word_1_2' title='bbox 278 458 570 530; x_wconf 81' lang='lat' dir='ltr'>rigeretur</span> <span class='ocrx_word' id='word_1_3' title='bbox 599 474 632 512; x_wconf 89' lang='lat' dir='ltr'>a</span> <span class='ocrx_word' id='word_1_4' title='bbox 658 455 839 512; x_wconf 86' lang='lat' dir='ltr'>latere</span> <span class='ocrx_word' id='word_1_5' title='bbox 872 456 1047 512; x_wconf 85' lang='lat' dir='ltr'>unius</span> <span class='ocrx_word' id='word_1_6' title='bbox 1079 473 1264 529; x_wconf 89' lang='lat' dir='ltr'>usque</span> <span class='ocrx_word' id='word_1_7' title='bbox 1293 457 1353 511; x_wconf 92' lang='lat' dir='ltr'>in</span> <span class='ocrx_word' id='word_1_8' title='bbox 1378 456 1533 511; x_wconf 88' lang='lat' dir='ltr'>latus</span> <span class='ocrx_word' id='word_1_9' title='bbox 1557 452 1826 510; x_wconf 79' lang='lat' dir='ltr'>alterius:</span> <span class='ocrx_word' id='word_1_10' title='bbox 1862 462 1925 504; x_wconf 87' lang='lat' dir='ltr'>ac</span> 
     </span>
    </p>
   </div>
   <div class='ocr_carea' id='block_1_3' title="bbox 280 538 1924 619">
    <p class='ocr_par' dir='ltr' id='par_1_3' title="bbox 280 538 1924 619">
     <span class='ocr_line' id='line_1_3' title="bbox 280 538 1924 619; baseline -0.007 -16"><span class='ocrx_word' id='word_1_11' title='bbox 280 564 386 619; x_wconf 89' lang='lat' dir='ltr'>per</span> <span class='ocrx_word' id='word_1_12' title='bbox 409 547 519 603; x_wconf 88' lang='lat' dir='ltr'>hoc</span> <span class='ocrx_word' id='word_1_13' title='bbox 539 564 657 602; x_wconf 87' lang='lat' dir='ltr'>una</span> <span class='ocrx_word' id='word_1_14' title='bbox 687 562 755 602; x_wconf 83' lang='lat' dir='ltr'>ex</span> <span class='ocrx_word' id='word_1_15' title='bbox 784 546 877 603; x_wconf 87' lang='lat' dir='ltr'>his</span> <span class='ocrx_word' id='word_1_16' title='bbox 891 546 1167 603; x_wconf 88' lang='lat' dir='ltr'>omnibus</span> <span class='ocrx_word' id='word_1_17' title='bbox 1198 547 1598 603; x_wconf 89' lang='lat' dir='ltr'>columnanon</span> <span class='ocrx_word' id='word_1_18' title='bbox 1620 538 1924 599; x_wconf 87' lang='lat' dir='ltr'>erathabi-</span> 
     </span>
    </p>
   </div>
   <div class='ocr_carea' id='block_1_4' title="bbox 282 636 1926 710">
    <p class='ocr_par' dir='ltr' id='par_1_4' title="bbox 282 636 1926 710">
     <span class='ocr_line' id='line_1_4' title="bbox 282 636 1926 710; baseline -0.007 -16"><span class='ocrx_word' id='word_1_19' title='bbox 282 642 420 694; x_wconf 87' lang='lat' dir='ltr'>tura</span> <span class='ocrx_word' id='word_1_20' title='bbox 452 637 720 709; x_wconf 89' lang='lat' dir='ltr'>proprias</span> <span class='ocrx_word' id='word_1_21' title='bbox 747 636 1009 710; x_wconf 89' lang='lat' dir='ltr'>quinque</span> <span class='ocrx_word' id='word_1_22' title='bbox 1040 655 1221 709; x_wconf 90' lang='lat' dir='ltr'>seras,</span> <span class='ocrx_word' id='word_1_23' title='bbox 1246 639 1313 693; x_wconf 89' lang='lat' dir='ltr'>ad</span> <span class='ocrx_word' id='word_1_24' title='bbox 1375 653 1551 709; x_wconf 89' lang='lat' dir='ltr'>quam</span> <span class='ocrx_word' id='word_1_25' title='bbox 1608 637 1926 689; x_wconf 83' lang='lat' dir='ltr'>extremam</span> 
     </span>
    </p>
   </div>
   <div class='ocr_carea' id='block_1_5' title="bbox 281 723 1924 800">
    <p class='ocr_par' dir='ltr' id='par_1_5' title="bbox 281 723 1924 800">
     <span class='ocr_line' id='line_1_5' title="bbox 281 723 1924 800; baseline -0.004 -19"><span class='ocrx_word' id='word_1_26' title='bbox 281 727 545 799; x_wconf 91' lang='lat' dir='ltr'>quinque</span> <span class='ocrx_word' id='word_1_27' title='bbox 578 727 994 800; x_wconf 78' lang='lat' dir='ltr'>perveniebant</span> <span class='ocrx_word' id='word_1_28' title='bbox 1026 745 1057 783; x_wconf 91' lang='lat' dir='ltr'>a</span> <span class='ocrx_word' id='word_1_29' title='bbox 1091 728 1365 785; x_wconf 80' lang='lat' dir='ltr'>columna</span> <span class='ocrx_word' id='word_1_30' title='bbox 1394 726 1501 783; x_wconf 86' lang='lat' dir='ltr'>sibi</span> <span class='ocrx_word' id='word_1_31' title='bbox 1537 723 1799 798; x_wconf 86' lang='lat' dir='ltr'>proxima</span> <span class='ocrx_word' id='word_1_32' title='bbox 1830 736 1924 775; x_wconf 92' lang='lat' dir='ltr'>ve-</span> 
     </span>
    </p>
   </div>
   <div class='ocr_carea' id='block_1_6' title="bbox 279 815 1924 890">
    <p class='ocr_par' dir='ltr' id='par_1_6' title="bbox 279 815 1924 890">
     <span class='ocr_line' id='line_1_6' title="bbox 279 815 1924 890; baseline -0.004 -18"><span class='ocrx_word' id='word_1_33' title='bbox 279 818 532 873; x_wconf 89' lang='lat' dir='ltr'>nientes.</span> <span class='ocrx_word' id='word_1_34' title='bbox 575 822 639 874; x_wconf 84' lang='lat' dir='ltr'>Et</span> <span class='ocrx_word' id='word_1_35' title='bbox 657 817 966 887; x_wconf 86' lang='lat' dir='ltr'>columnas,</span> <span class='ocrx_word' id='word_1_36' title='bbox 997 818 1211 890; x_wconf 86' lang='lat' dir='ltr'>inquit,</span> <span class='ocrx_word' id='word_1_37' title='bbox 1243 819 1534 874; x_wconf 86' lang='lat' dir='ltr'>inaurabis</span> <span class='ocrx_word' id='word_1_38' title='bbox 1561 830 1718 883; x_wconf 89' lang='lat' dir='ltr'>auro,</span> <span class='ocrx_word' id='word_1_39' title='bbox 1747 815 1796 868; x_wconf 87' lang='lat' dir='ltr'>et</span> <span class='ocrx_word' id='word_1_40' title='bbox 1824 828 1924 867; x_wconf 88' lang='lat' dir='ltr'>an-</span> 
     </span>
    </p>
   </div>
   <div class='ocr_carea' id='block_1_7' title="bbox 275 902 1928 981">
    <p class='ocr_par' dir='ltr' id='par_1_7' title="bbox 275 902 1928 981">
     <span class='ocr_line' id='line_1_7' title="bbox 275 902 1928 981; baseline -0.004 -19"><span class='ocrx_word' id='word_1_41' title='bbox 275 908 441 963; x_wconf 90' lang='lat' dir='ltr'>nulos</span> <span class='ocrx_word' id='word_1_42' title='bbox 469 910 643 979; x_wconf 80' lang='lat' dir='ltr'>facies</span> <span class='ocrx_word' id='word_1_43' title='bbox 671 922 863 979; x_wconf 66' lang='lat' dir='ltr'>arcos,</span> <span class='ocrx_word' id='word_1_44' title='bbox 887 909 947 963; x_wconf 91' lang='lat' dir='ltr'>in</span> <span class='ocrx_word' id='word_1_45' title='bbox 974 924 1105 981; x_wconf 90' lang='lat' dir='ltr'>quos</span> <span class='ocrx_word' id='word_1_46' title='bbox 1138 908 1357 965; x_wconf 87' lang='lat' dir='ltr'>induces</span> <span class='ocrx_word' id='word_1_47' title='bbox 1375 924 1542 979; x_wconf 87' lang='lat' dir='ltr'>seras,</span> <span class='ocrx_word' id='word_1_48' title='bbox 1565 911 1618 962; x_wconf 88' lang='lat' dir='ltr'>et</span> <span class='ocrx_word' id='word_1_49' title='bbox 1639 902 1928 961; x_wconf 89' lang='lat' dir='ltr'>inaurabis</span> 
     </span>
    </p>
   </div>
   <div class='ocr_carea' id='block_1_8' title="bbox 277 998 1928 1055">
    <p class='ocr_par' dir='ltr' id='par_1_8' title="bbox 277 998 1928 1055">
     <span class='ocr_line' id='line_1_8' title="bbox 277 998 1928 1055; baseline -0.004 -1"><span class='ocrx_word' id='word_1_50' title='bbox 277 1014 422 1054; x_wconf 88' lang='lat' dir='ltr'>auro</span> <span class='ocrx_word' id='word_1_51' title='bbox 478 1013 644 1053; x_wconf 87' lang='lat' dir='ltr'>seras.</span> <span class='ocrx_word' id='word_1_52' title='bbox 677 998 759 1054; x_wconf 94' lang='lat' dir='ltr'>Ne</span> <span class='ocrx_word' id='word_1_53' title='bbox 789 998 1072 1054; x_wconf 90' lang='lat' dir='ltr'>columna</span> <span class='ocrx_word' id='word_1_54' title='bbox 1104 998 1493 1055; x_wconf 80' lang='lat' dir='ltr'>foraminibus</span> <span class='ocrx_word' id='word_1_55' title='bbox 1542 1009 1928 1053; x_wconf 89' lang='lat' dir='ltr'>cavernaren-</span> 
     </span>
    </p>
   </div>
   <div class='ocr_carea' id='block_1_9' title="bbox 279 1082 1927 1159">
    <p class='ocr_par' dir='ltr' id='par_1_9' title="bbox 279 1082 1927 1159">
     <span class='ocr_line' id='line_1_9' title="bbox 279 1082 1927 1159; baseline -0.004 -17"><span class='ocrx_word' id='word_1_56' title='bbox 279 1091 527 1159; x_wconf 89' lang='lat' dir='ltr'>tur,quo</span> <span class='ocrx_word' id='word_1_57' title='bbox 559 1087 843 1143; x_wconf 82' lang='lat' dir='ltr'>intrarent</span> <span class='ocrx_word' id='word_1_58' title='bbox 872 1104 1033 1155; x_wconf 88' lang='lat' dir='ltr'>sera,</span> <span class='ocrx_word' id='word_1_59' title='bbox 1055 1088 1306 1145; x_wconf 88' lang='lat' dir='ltr'>annulos</span> <span class='ocrx_word' id='word_1_60' title='bbox 1327 1087 1449 1144; x_wconf 88' lang='lat' dir='ltr'>ﬁeri</span> <span class='ocrx_word' id='word_1_61' title='bbox 1477 1087 1676 1159; x_wconf 84' lang='lat' dir='ltr'>jussit,</span> <span class='ocrx_word' id='word_1_62' title='bbox 1712 1082 1927 1156; x_wconf 89' lang='lat' dir='ltr'>quibus</span> 
     </span>
    </p>
   </div>
   <div class='ocr_carea' id='block_1_10' title="bbox 280 1176 1926 1248">
    <p class='ocr_par' dir='ltr' id='par_1_10' title="bbox 280 1176 1926 1248">
     <span class='ocr_line' id='line_1_10' title="bbox 280 1176 1926 1248; baseline -0.005 -15"><span class='ocrx_word' id='word_1_63' title='bbox 280 1194 353 1233; x_wconf 87' lang='lat' dir='ltr'>ex</span> <span class='ocrx_word' id='word_1_64' title='bbox 413 1180 664 1248; x_wconf 82' lang='lat' dir='ltr'>utraque</span> <span class='ocrx_word' id='word_1_65' title='bbox 721 1180 884 1247; x_wconf 88' lang='lat' dir='ltr'>parte</span> <span class='ocrx_word' id='word_1_66' title='bbox 935 1176 1373 1234; x_wconf 80' lang='lat' dir='ltr'>continerentur</span> <span class='ocrx_word' id='word_1_67' title='bbox 1428 1178 1572 1232; x_wconf 91' lang='lat' dir='ltr'>ﬁnes</span> <span class='ocrx_word' id='word_1_68' title='bbox 1639 1188 1926 1230; x_wconf 87' lang='lat' dir='ltr'>serarum.</span> 
     </span>
    </p>
   </div>
   <div class='ocr_carea' id='block_1_11' title="bbox 282 1264 1932 1337">
    <p class='ocr_par' dir='ltr' id='par_1_11' title="bbox 282 1264 1932 1337">
     <span class='ocr_line' id='line_1_11' title="bbox 282 1264 1932 1337; baseline -0.003 -17"><span class='ocrx_word' id='word_1_69' title='bbox 282 1266 538 1322; x_wconf 88' lang='lat' dir='ltr'>Proinde</span> <span class='ocrx_word' id='word_1_70' title='bbox 561 1265 971 1337; x_wconf 85' lang='lat' dir='ltr'>intelliguntur</span> <span class='ocrx_word' id='word_1_71' title='bbox 990 1265 1294 1322; x_wconf 91' lang='lat' dir='ltr'>hiannulli</span> <span class='ocrx_word' id='word_1_72' title='bbox 1327 1267 1457 1322; x_wconf 87' lang='lat' dir='ltr'>ﬁxis</span> <span class='ocrx_word' id='word_1_73' title='bbox 1482 1265 1541 1319; x_wconf 91' lang='lat' dir='ltr'>in</span> <span class='ocrx_word' id='word_1_74' title='bbox 1571 1264 1730 1337; x_wconf 85' lang='lat' dir='ltr'>ligno</span> <span class='ocrx_word' id='word_1_75' title='bbox 1754 1277 1932 1317; x_wconf 88' lang='lat' dir='ltr'>ansu-</span> 
     </span>
    </p>
   </div>
   <div class='ocr_carea' id='block_1_12' title="bbox 278 1352 1932 1429">
    <p class='ocr_par' dir='ltr' id='par_1_12' title="bbox 278 1352 1932 1429">
     <span class='ocr_line' id='line_1_12' title="bbox 278 1352 1932 1429; baseline -0.004 -20"><span class='ocrx_word' id='word_1_76' title='bbox 278 1354 356 1409; x_wconf 88' lang='lat' dir='ltr'>lis</span> <span class='ocrx_word' id='word_1_77' title='bbox 381 1353 752 1426; x_wconf 86' lang='lat' dir='ltr'>pependisse,</span> <span class='ocrx_word' id='word_1_78' title='bbox 786 1358 850 1410; x_wconf 89' lang='lat' dir='ltr'>ut</span> <span class='ocrx_word' id='word_1_79' title='bbox 879 1359 1167 1412; x_wconf 88' lang='lat' dir='ltr'>extremas</span> <span class='ocrx_word' id='word_1_80' title='bbox 1188 1360 1382 1429; x_wconf 90' lang='lat' dir='ltr'>partes</span> <span class='ocrx_word' id='word_1_81' title='bbox 1405 1370 1664 1412; x_wconf 90' lang='lat' dir='ltr'>serarum</span> <span class='ocrx_word' id='word_1_82' title='bbox 1692 1352 1932 1425; x_wconf 84' lang='lat' dir='ltr'>possent</span> 
     </span>
    </p>
   </div>
   <div class='ocr_carea' id='block_1_13' title="bbox 283 1444 922 1515">
    <p class='ocr_par' dir='ltr' id='par_1_13' title="bbox 283 1444 922 1515">
     <span class='ocr_line' id='line_1_13' title="bbox 283 1444 922 1515; baseline -0.002 -15"><span class='ocrx_word' id='word_1_83' title='bbox 283 1460 496 1515; x_wconf 79' lang='lat' dir='ltr'>capere</span> <span class='ocrx_word' id='word_1_84' title='bbox 520 1448 577 1499; x_wconf 89' lang='lat' dir='ltr'>et</span> <span class='ocrx_word' id='word_1_85' title='bbox 607 1444 922 1500; x_wconf 90' lang='lat' dir='ltr'>continere.</span> 
     </span>
    </p>
   </div>
   <div class='ocr_carea' id='block_1_14' title="bbox 356 1532 1935 1607">
    <p class='ocr_par' dir='ltr' id='par_1_14' title="bbox 356 1532 1935 1607">
     <span class='ocr_line' id='line_1_14' title="bbox 356 1532 1935 1607; baseline -0.002 -21"><span class='ocrx_word' id='word_1_86' title='bbox 356 1534 413 1587; x_wconf 93' lang='lat'>8.</span> <span class='ocrx_word' id='word_1_87' title='bbox 450 1533 553 1599; x_wconf 84' lang='lat' dir='ltr'>[1b.</span> <span class='ocrx_word' id='word_1_88' title='bbox 586 1532 803 1605; x_wconf 85' lang='lat'>30-39.]</span> <span class='ocrx_word' id='word_1_89' title='bbox 836 1534 899 1589; x_wconf 88' lang='lat' dir='ltr'>Et</span> <span class='ocrx_word' id='word_1_90' title='bbox 925 1535 1123 1605; x_wconf 92' lang='lat' dir='ltr'>eriges,</span> <span class='ocrx_word' id='word_1_91' title='bbox 1154 1534 1367 1607; x_wconf 87' lang='lat' dir='ltr'>inquit,</span> <span class='ocrx_word' id='word_1_92' title='bbox 1399 1532 1816 1590; x_wconf 82' lang='lat' dir='ltr'>tabernaculum</span> <span class='ocrx_word' id='word_1_93' title='bbox 1848 1544 1935 1584; x_wconf 77' lang='lat' dir='ltr'>se-</span> 
     </span>
    </p>
   </div>
   <div class='ocr_carea' id='block_1_15' title="bbox 285 1620 1933 1695">
    <p class='ocr_par' dir='ltr' id='par_1_15' title="bbox 285 1620 1933 1695">
     <span class='ocr_line' id='line_1_15' title="bbox 285 1620 1933 1695; baseline -0.003 -16"><span class='ocrx_word' id='word_1_94' title='bbox 285 1622 532 1679; x_wconf 87' lang='lat' dir='ltr'>cundum</span> <span class='ocrx_word' id='word_1_95' title='bbox 555 1626 786 1694; x_wconf 88' lang='lat' dir='ltr'>speciem</span> <span class='ocrx_word' id='word_1_96' title='bbox 796 1638 921 1695; x_wconf 70' lang='lat' dir='ltr'>quae</span> <span class='ocrx_word' id='word_1_97' title='bbox 935 1628 1249 1679; x_wconf 87' lang='lat' dir='ltr'>monstrata</span> <span class='ocrx_word' id='word_1_98' title='bbox 1267 1633 1345 1679; x_wconf 84' lang='lat' dir='ltr'>est</span> <span class='ocrx_word' id='word_1_99' title='bbox 1367 1625 1471 1680; x_wconf 90' lang='lat' dir='ltr'>tibi</span> <span class='ocrx_word' id='word_1_100' title='bbox 1485 1625 1546 1678; x_wconf 89' lang='lat' dir='ltr'>in</span> <span class='ocrx_word' id='word_1_101' title='bbox 1561 1622 1832 1677; x_wconf 85' lang='lat' dir='ltr'>monte.Et</span> <span class='ocrx_word' id='word_1_102' title='bbox 1846 1620 1933 1689; x_wconf 79' lang='lat' dir='ltr'>fa-</span> 
     </span>
    </p>
   </div>
   <div class='ocr_carea' id='block_1_16' title="bbox 282 1712 1937 1784">
    <p class='ocr_par' dir='ltr' id='par_1_16' title="bbox 282 1712 1937 1784">
     <span class='ocr_line' id='line_1_16' title="bbox 282 1712 1937 1784; baseline -0.005 -15"><span class='ocrx_word' id='word_1_103' title='bbox 282 1716 394 1769; x_wconf 89' lang='lat' dir='ltr'>cies</span> <span class='ocrx_word' id='word_1_104' title='bbox 424 1713 667 1768; x_wconf 81' lang='lat' dir='ltr'>velamen</span> <span class='ocrx_word' id='word_1_105' title='bbox 699 1713 764 1768; x_wconf 89' lang='lat' dir='ltr'>de</span> <span class='ocrx_word' id='word_1_106' title='bbox 776 1712 1075 1784; x_wconf 80' lang='lat' dir='ltr'>hyacintho</span> <span class='ocrx_word' id='word_1_107' title='bbox 1105 1716 1154 1769; x_wconf 89' lang='lat' dir='ltr'>et</span> <span class='ocrx_word' id='word_1_108' title='bbox 1173 1730 1422 1784; x_wconf 83' lang='lat' dir='ltr'>purpura</span> <span class='ocrx_word' id='word_1_109' title='bbox 1450 1721 1502 1768; x_wconf 86' lang='lat' dir='ltr'>et</span> <span class='ocrx_word' id='word_1_110' title='bbox 1522 1727 1671 1768; x_wconf 90' lang='lat' dir='ltr'>cocco</span> <span class='ocrx_word' id='word_1_111' title='bbox 1699 1715 1837 1765; x_wconf 87' lang='lat' dir='ltr'>torto</span> <span class='ocrx_word' id='word_1_112' title='bbox 1887 1712 1937 1762; x_wconf 88' lang='lat' dir='ltr'>et</span> 
     </span>
    </p>
   </div>
   <div class='ocr_carea' id='block_1_17' title="bbox 290 1801 1935 1873">
    <p class='ocr_par' dir='ltr' id='par_1_17' title="bbox 290 1801 1935 1873">
     <span class='ocr_line' id='line_1_17' title="bbox 290 1801 1935 1873; baseline -0.004 -16"><span class='ocrx_word' id='word_1_113' title='bbox 290 1803 450 1873; x_wconf 86' lang='lat' dir='ltr'>bysso</span> <span class='ocrx_word' id='word_1_114' title='bbox 480 1807 644 1864; x_wconf 88' lang='lat' dir='ltr'>neta;</span> <span class='ocrx_word' id='word_1_115' title='bbox 674 1816 812 1872; x_wconf 89' lang='lat' dir='ltr'>opus</span> <span class='ocrx_word' id='word_1_116' title='bbox 831 1804 1003 1857; x_wconf 74' lang='lat' dir='ltr'>texite</span> <span class='ocrx_word' id='word_1_117' title='bbox 1030 1804 1206 1872; x_wconf 81' lang='lat' dir='ltr'>facies</span> <span class='ocrx_word' id='word_1_118' title='bbox 1227 1802 1372 1857; x_wconf 88' lang='lat' dir='ltr'>illud</span> <span class='ocrx_word' id='word_1_119' title='bbox 1392 1801 1935 1857; x_wconf 67' lang='lat' dir='ltr'>Cherubim1.Etsu—</span> 
     </span>
    </p>
   </div>
   <div class='ocr_carea' id='block_1_18' title="bbox 284 1886 1939 1964">
    <p class='ocr_par' dir='ltr' id='par_1_18' title="bbox 284 1886 1939 1964">
     <span class='ocr_line' id='line_1_18' title="bbox 284 1886 1939 1964; baseline -0.005 -18"><span class='ocrx_word' id='word_1_120' title='bbox 284 1893 637 1964; x_wconf 72' lang='lat' dir='ltr'>per-imponas</span> <span class='ocrx_word' id='word_1_121' title='bbox 662 1889 811 1945; x_wconf 87' lang='lat' dir='ltr'>illud</span> <span class='ocrx_word' id='word_1_122' title='bbox 830 1907 999 1963; x_wconf 90' lang='lat' dir='ltr'>super</span> <span class='ocrx_word' id='word_1_123' title='bbox 1018 1896 1251 1963; x_wconf 76' lang='lat' dir='ltr'>quatuor</span> <span class='ocrx_word' id='word_1_124' title='bbox 1271 1892 1555 1947; x_wconf 83' lang='lat' dir='ltr'>columnas</span> <span class='ocrx_word' id='word_1_125' title='bbox 1572 1886 1939 1961; x_wconf 85' lang='lat' dir='ltr'>imputribiles</span> 
     </span>
    </p>
   </div>
   <div class='ocr_carea' id='block_1_19' title="bbox 286 1980 1939 2052">
    <p class='ocr_par' dir='ltr' id='par_1_19' title="bbox 286 1980 1939 2052">
     <span class='ocr_line' id='line_1_19' title="bbox 286 1980 1939 2052; baseline -0.005 -16"><span class='ocrx_word' id='word_1_126' title='bbox 286 1983 587 2036; x_wconf 87' lang='lat' dir='ltr'>inauratas</span> <span class='ocrx_word' id='word_1_127' title='bbox 614 1995 773 2050; x_wconf 87' lang='lat' dir='ltr'>auro,</span> <span class='ocrx_word' id='word_1_128' title='bbox 794 1988 846 2036; x_wconf 88' lang='lat' dir='ltr'>et</span> <span class='ocrx_word' id='word_1_129' title='bbox 873 1981 1071 2052; x_wconf 86' lang='lat' dir='ltr'>capita</span> <span class='ocrx_word' id='word_1_130' title='bbox 1092 1996 1290 2037; x_wconf 85' lang='lat' dir='ltr'>earum</span> <span class='ocrx_word' id='word_1_131' title='bbox 1306 1996 1495 2050; x_wconf 86' lang='lat' dir='ltr'>aurea,</span> <span class='ocrx_word' id='word_1_132' title='bbox 1518 1984 1569 2035; x_wconf 86' lang='lat' dir='ltr'>et</span> <span class='ocrx_word' id='word_1_133' title='bbox 1591 1980 1736 2034; x_wconf 85' lang='lat' dir='ltr'>bases</span> <span class='ocrx_word' id='word_1_134' title='bbox 1747 1992 1939 2033; x_wconf 87' lang='lat' dir='ltr'>earum</span> 
     </span>
    </p>
   </div>
   <div class='ocr_carea' id='block_1_20' title="bbox 283 2067 1945 2143">
    <p class='ocr_par' dir='ltr' id='par_1_20' title="bbox 283 2067 1945 2143">
     <span class='ocr_line' id='line_1_20' title="bbox 283 2067 1945 2143; baseline -0.004 -18"><span class='ocrx_word' id='word_1_135' title='bbox 283 2078 529 2143; x_wconf 72' lang='lat' dir='ltr'>quatuor</span> <span class='ocrx_word' id='word_1_136' title='bbox 546 2077 837 2140; x_wconf 72' lang='lat' dir='ltr'>argentea.</span> <span class='ocrx_word' id='word_1_137' title='bbox 862 2071 929 2123; x_wconf 84' lang='lat' dir='ltr'>Et</span> <span class='ocrx_word' id='word_1_138' title='bbox 947 2085 1114 2139; x_wconf 88' lang='lat' dir='ltr'>pones</span> <span class='ocrx_word' id='word_1_139' title='bbox 1139 2070 1383 2125; x_wconf 86' lang='lat' dir='ltr'>velamen</span> <span class='ocrx_word' id='word_1_140' title='bbox 1395 2086 1558 2141; x_wconf 87' lang='lat' dir='ltr'>super</span> <span class='ocrx_word' id='word_1_141' title='bbox 1577 2069 1876 2135; x_wconf 85' lang='lat' dir='ltr'>columnas,</span> <span class='ocrx_word' id='word_1_142' title='bbox 1890 2067 1945 2120; x_wconf 86' lang='lat' dir='ltr'>et</span> 
     </span>
    </p>
   </div>
   <div class='ocr_carea' id='block_1_21' title="bbox 278 2158 1948 2231">
    <p class='ocr_par' dir='ltr' id='par_1_21' title="bbox 278 2158 1948 2231">
     <span class='ocr_line' id='line_1_21' title="bbox 278 2158 1948 2231; baseline -0.003 -16"><span class='ocrx_word' id='word_1_143' title='bbox 278 2160 514 2215; x_wconf 79' lang='lat' dir='ltr'>induces</span> <span class='ocrx_word' id='word_1_144' title='bbox 527 2160 922 2225; x_wconf 86' lang='lat' dir='ltr'>illuc,interius</span> <span class='ocrx_word' id='word_1_145' title='bbox 935 2176 1097 2231; x_wconf 87' lang='lat' dir='ltr'>quam</span> <span class='ocrx_word' id='word_1_146' title='bbox 1112 2161 1357 2215; x_wconf 83' lang='lat' dir='ltr'>velamen</span> <span class='ocrx_word' id='word_1_147' title='bbox 1369 2169 1447 2215; x_wconf 90' lang='lat' dir='ltr'>est</span> <span class='ocrx_word' id='word_1_148' title='bbox 1460 2160 1697 2229; x_wconf 65' lang='lat' dir='ltr'>2,arcam</span> <span class='ocrx_word' id='word_1_149' title='bbox 1709 2158 1948 2211; x_wconf 87' lang='lat' dir='ltr'>testimo-</span> 
     </span>
    </p>
   </div>
   <div class='ocr_carea' id='block_1_22' title="bbox 278 2246 1943 2304">
    <p class='ocr_par' dir='ltr' id='par_1_22' title="bbox 278 2246 1943 2304">
     <span class='ocr_line' id='line_1_22' title="bbox 278 2246 1943 2304; baseline -0.002 -1"><span class='ocrx_word' id='word_1_150' title='bbox 278 2250 377 2304; x_wconf 87' lang='lat' dir='ltr'>nii</span> <span class='ocrx_word' id='word_1_151' title='bbox 388 2268 407 2304; x_wconf 89' lang='lat'><strong><em>:</em></strong></span> <span class='ocrx_word' id='word_1_152' title='bbox 432 2258 483 2304; x_wconf 89' lang='lat' dir='ltr'>et</span> <span class='ocrx_word' id='word_1_153' title='bbox 502 2248 707 2304; x_wconf 87' lang='lat' dir='ltr'>dividet</span> <span class='ocrx_word' id='word_1_154' title='bbox 734 2248 884 2304; x_wconf 80' lang='lat' dir='ltr'>vobis</span> <span class='ocrx_word' id='word_1_155' title='bbox 902 2249 1148 2304; x_wconf 84' lang='lat' dir='ltr'>velamen</span> <span class='ocrx_word' id='word_1_156' title='bbox 1163 2250 1311 2304; x_wconf 89' lang='lat' dir='ltr'>inter</span> <span class='ocrx_word' id='word_1_157' title='bbox 1331 2247 1571 2304; x_wconf 87' lang='lat' dir='ltr'>medium</span> <span class='ocrx_word' id='word_1_158' title='bbox 1587 2248 1767 2303; x_wconf 80' lang='lat' dir='ltr'>sancti</span> <span class='ocrx_word' id='word_1_159' title='bbox 1786 2253 1835 2301; x_wconf 90' lang='lat' dir='ltr'>et</span> <span class='ocrx_word' id='word_1_160' title='bbox 1855 2246 1943 2299; x_wconf 85' lang='lat' dir='ltr'>in-</span> 
     </span>
    </p>
   </div>
   <div class='ocr_carea' id='block_1_23' title="bbox 275 2336 1948 2409">
    <p class='ocr_par' dir='ltr' id='par_1_23' title="bbox 275 2336 1948 2409">
     <span class='ocr_line' id='line_1_23' title="bbox 275 2336 1948 2409; baseline -0.005 -14"><span class='ocrx_word' id='word_1_161' title='bbox 275 2347 367 2395; x_wconf 84' lang='lat' dir='ltr'>ter</span> <span class='ocrx_word' id='word_1_162' title='bbox 395 2338 645 2393; x_wconf 86' lang='lat' dir='ltr'>medium</span> <span class='ocrx_word' id='word_1_163' title='bbox 660 2340 842 2394; x_wconf 87' lang='lat' dir='ltr'>sancti</span> <span class='ocrx_word' id='word_1_164' title='bbox 858 2347 1195 2393; x_wconf 87' lang='lat' dir='ltr'>sanctorum.</span> <span class='ocrx_word' id='word_1_165' title='bbox 1209 2339 1275 2392; x_wconf 80' lang='lat' dir='ltr'>Et</span> <span class='ocrx_word' id='word_1_166' title='bbox 1295 2338 1563 2409; x_wconf 82' lang='lat' dir='ltr'>coeperies</span> <span class='ocrx_word' id='word_1_167' title='bbox 1585 2337 1654 2392; x_wconf 91' lang='lat' dir='ltr'>de</span> <span class='ocrx_word' id='word_1_168' title='bbox 1674 2336 1948 2392; x_wconf 84' lang='lat' dir='ltr'>velamine</span> 
     </span>
    </p>
   </div>
   <div class='ocr_carea' id='block_1_24' title="bbox 279 2425 1947 2483">
    <p class='ocr_par' dir='ltr' id='par_1_24' title="bbox 279 2425 1947 2483">
     <span class='ocr_line' id='line_1_24' title="bbox 279 2425 1947 2483; baseline -0.004 0"><span class='ocrx_word' id='word_1_169' title='bbox 279 2444 479 2483; x_wconf 86' lang='lat' dir='ltr'>arcam</span> <span class='ocrx_word' id='word_1_170' title='bbox 492 2426 799 2482; x_wconf 72' lang='lat' dir='ltr'>testimonii</span> <span class='ocrx_word' id='word_1_171' title='bbox 811 2428 871 2480; x_wconf 89' lang='lat' dir='ltr'>in</span> <span class='ocrx_word' id='word_1_172' title='bbox 886 2430 1075 2481; x_wconf 85' lang='lat' dir='ltr'>sancto</span> <span class='ocrx_word' id='word_1_173' title='bbox 1092 2431 1407 2482; x_wconf 86' lang='lat' dir='ltr'>sanctorum</span> <span class='ocrx_word' id='word_1_174' title='bbox 1423 2427 1602 2482; x_wconf 75' lang='lat' dir='ltr'>3.Hac</span> <span class='ocrx_word' id='word_1_175' title='bbox 1616 2425 1816 2482; x_wconf 88' lang='lat' dir='ltr'>omnia</span> <span class='ocrx_word' id='word_1_176' title='bbox 1828 2439 1947 2478; x_wconf 84' lang='lat' dir='ltr'>ma-</span> 
     </span>
    </p>
   </div>
   <div class='ocr_carea' id='block_1_25' title="bbox 284 2514 1945 2586">
    <p class='ocr_par' dir='ltr' id='par_1_25' title="bbox 284 2514 1945 2586">
     <span class='ocr_line' id='line_1_25' title="bbox 284 2514 1945 2586; baseline -0.002 -15"><span class='ocrx_word' id='word_1_177' title='bbox 284 2516 512 2571; x_wconf 82' lang='lat' dir='ltr'>nifesta</span> <span class='ocrx_word' id='word_1_178' title='bbox 541 2520 702 2586; x_wconf 92' lang='lat' dir='ltr'>sunt,</span> <span class='ocrx_word' id='word_1_179' title='bbox 725 2514 974 2570; x_wconf 88' lang='lat' dir='ltr'>interius</span> <span class='ocrx_word' id='word_1_180' title='bbox 1005 2515 1161 2570; x_wconf 88' lang='lat' dir='ltr'>intra</span> <span class='ocrx_word' id='word_1_181' title='bbox 1187 2515 1451 2571; x_wconf 89' lang='lat' dir='ltr'>velamen</span> <span class='ocrx_word' id='word_1_182' title='bbox 1465 2516 1574 2572; x_wconf 91' lang='lat' dir='ltr'>hoc</span> <span class='ocrx_word' id='word_1_183' title='bbox 1590 2518 1945 2586; x_wconf 88' lang='lat' dir='ltr'>quatuorco-</span> 
     </span>
    </p>
   </div>
   <div class='ocr_carea' id='block_1_26' title="bbox 281 2603 1948 2676">
    <p class='ocr_par' dir='ltr' id='par_1_26' title="bbox 281 2603 1948 2676">
     <span class='ocr_line' id='line_1_26' title="bbox 281 2603 1948 2676; baseline -0.002 -16"><span class='ocrx_word' id='word_1_184' title='bbox 281 2603 866 2676; x_wconf 88' lang='lat' dir='ltr'>lumnisimpositam</span> <span class='ocrx_word' id='word_1_185' title='bbox 883 2603 1064 2659; x_wconf 87' lang='lat' dir='ltr'>fuisse</span> <span class='ocrx_word' id='word_1_186' title='bbox 1077 2620 1272 2659; x_wconf 87' lang='lat' dir='ltr'>arcam</span> <span class='ocrx_word' id='word_1_187' title='bbox 1288 2604 1621 2660; x_wconf 87' lang='lat' dir='ltr'>testimonii:</span> <span class='ocrx_word' id='word_1_188' title='bbox 1640 2619 1816 2675; x_wconf 91' lang='lat' dir='ltr'>quam</span> <span class='ocrx_word' id='word_1_189' title='bbox 1831 2617 1948 2657; x_wconf 92' lang='lat' dir='ltr'>non</span> 
     </span>
    </p>
   </div>
   <div class='ocr_carea' id='block_1_27' title="bbox 288 2691 1951 2766">
    <p class='ocr_par' dir='ltr' id='par_1_27' title="bbox 288 2691 1951 2766">
     <span class='ocr_line' id='line_1_27' title="bbox 288 2691 1951 2766; baseline -0.003 -16"><span class='ocrx_word' id='word_1_190' title='bbox 288 2695 381 2750; x_wconf 89' lang='lat' dir='ltr'>sic</span> <span class='ocrx_word' id='word_1_191' title='bbox 412 2693 627 2766; x_wconf 86' lang='lat' dir='ltr'>Operiri</span> <span class='ocrx_word' id='word_1_192' title='bbox 646 2691 1156 2764; x_wconf 87' lang='lat' dir='ltr'>jussitvelamine,</span> <span class='ocrx_word' id='word_1_193' title='bbox 1185 2697 1247 2748; x_wconf 89' lang='lat' dir='ltr'>ut</span> <span class='ocrx_word' id='word_1_194' title='bbox 1268 2709 1445 2765; x_wconf 88' lang='lat' dir='ltr'>super</span> <span class='ocrx_word' id='word_1_195' title='bbox 1473 2709 1617 2748; x_wconf 85' lang='lat' dir='ltr'>arca</span> <span class='ocrx_word' id='word_1_196' title='bbox 1643 2707 1951 2764; x_wconf 89' lang='lat' dir='ltr'>coepercu-</span> 
     </span>
    </p>
   </div>
   <div class='ocr_carea' id='block_1_28' title="bbox 288 2778 1947 2855">
    <p class='ocr_par' dir='ltr' id='par_1_28' title="bbox 288 2778 1947 2855">
     <span class='ocr_line' id='line_1_28' title="bbox 288 2778 1947 2855; baseline -0.003 -16"><span class='ocrx_word' id='word_1_197' title='bbox 288 2784 422 2839; x_wconf 85' lang='lat' dir='ltr'>lum</span> <span class='ocrx_word' id='word_1_198' title='bbox 448 2784 676 2855; x_wconf 88' lang='lat' dir='ltr'>jaceret</span> <span class='ocrx_word' id='word_1_199' title='bbox 703 2782 987 2849; x_wconf 87' lang='lat' dir='ltr'>velamen,</span> <span class='ocrx_word' id='word_1_200' title='bbox 1012 2782 1115 2837; x_wconf 90' lang='lat' dir='ltr'>sed</span> <span class='ocrx_word' id='word_1_201' title='bbox 1164 2786 1229 2836; x_wconf 90' lang='lat' dir='ltr'>ut</span> <span class='ocrx_word' id='word_1_202' title='bbox 1277 2787 1481 2837; x_wconf 88' lang='lat' dir='ltr'>contra</span> <span class='ocrx_word' id='word_1_203' title='bbox 1527 2785 1884 2838; x_wconf 88' lang='lat' dir='ltr'>statueretur</span> <span class='ocrx_word' id='word_1_204' title='bbox 1904 2778 1947 2834; x_wconf 77' lang='lat'>‘.</span> 
     </span>
    </p>
   </div>
   <div class='ocr_carea' id='block_1_29' title="bbox 292 2871 1951 2943">
    <p class='ocr_par' dir='ltr' id='par_1_29' title="bbox 292 2871 1951 2943">
     <span class='ocr_line' id='line_1_29' title="bbox 292 2871 1951 2943; baseline -0.002 -13"><span class='ocrx_word' id='word_1_205' title='bbox 292 2873 526 2930; x_wconf 89' lang='lat' dir='ltr'>Deinde</span> <span class='ocrx_word' id='word_1_206' title='bbox 539 2871 706 2927; x_wconf 86' lang='lat' dir='ltr'>dicit:</span> <span class='ocrx_word' id='word_1_207' title='bbox 733 2875 798 2928; x_wconf 86' lang='lat' dir='ltr'>Et</span> <span class='ocrx_word' id='word_1_208' title='bbox 815 2887 980 2943; x_wconf 88' lang='lat' dir='ltr'>pones</span> <span class='ocrx_word' id='word_1_209' title='bbox 1002 2888 1242 2927; x_wconf 86' lang='lat' dir='ltr'>mensam</span> <span class='ocrx_word' id='word_1_210' title='bbox 1258 2873 1397 2943; x_wconf 78' lang='lat' dir='ltr'>foris</span> <span class='ocrx_word' id='word_1_211' title='bbox 1411 2880 1574 2927; x_wconf 75' lang='lat' dir='ltr'>extra</span> <span class='ocrx_word' id='word_1_212' title='bbox 1598 2872 1876 2933; x_wconf 88' lang='lat' dir='ltr'>velamen;</span> <span class='ocrx_word' id='word_1_213' title='bbox 1898 2880 1951 2927; x_wconf 85' lang='lat' dir='ltr'>et</span> 
     </span>
    </p>
   </div>
   <div class='ocr_carea' id='block_1_30' title="bbox 288 2961 1953 3032">
    <p class='ocr_par' dir='ltr' id='par_1_30' title="bbox 288 2961 1953 3032">
     <span class='ocr_line' id='line_1_30' title="bbox 288 2961 1953 3032; baseline -0.001 -13"><span class='ocrx_word' id='word_1_214' title='bbox 288 2962 693 3020; x_wconf 88' lang='lat' dir='ltr'>candelabrum</span> <span class='ocrx_word' id='word_1_215' title='bbox 720 2964 911 3016; x_wconf 85' lang='lat' dir='ltr'>contra</span> <span class='ocrx_word' id='word_1_216' title='bbox 930 2976 1174 3016; x_wconf 83' lang='lat' dir='ltr'>mensam</span> <span class='ocrx_word' id='word_1_217' title='bbox 1196 2963 1253 3015; x_wconf 83' lang='lat' dir='ltr'>in</span> <span class='ocrx_word' id='word_1_218' title='bbox 1274 2964 1429 3032; x_wconf 88' lang='lat' dir='ltr'>parte</span> <span class='ocrx_word' id='word_1_219' title='bbox 1456 2961 1953 3031; x_wconf 47' lang='lat' dir='ltr'>tabernaculaque?</span> 
     </span>
    </p>
   </div>
   <div class='ocr_carea' id='block_1_31' title="bbox 294 3050 1950 3123">
    <p class='ocr_par' dir='ltr' id='par_1_31' title="bbox 294 3050 1950 3123">
     <span class='ocr_line' id='line_1_31' title="bbox 294 3050 1950 3123; baseline -0.002 -15"><span class='ocrx_word' id='word_1_220' title='bbox 294 3053 528 3123; x_wconf 82' lang='lat' dir='ltr'>respicit</span> <span class='ocrx_word' id='word_1_221' title='bbox 542 3050 612 3105; x_wconf 88' lang='lat' dir='ltr'>ad</span> <span class='ocrx_word' id='word_1_222' title='bbox 624 3058 878 3106; x_wconf 86' lang='lat' dir='ltr'>austrum</span> <span class='ocrx_word' id='word_1_223' title='bbox 894 3067 906 3105; x_wconf 88' lang='lat'><strong>:</strong></span> <span class='ocrx_word' id='word_1_224' title='bbox 922 3058 977 3105; x_wconf 87' lang='lat' dir='ltr'>et</span> <span class='ocrx_word' id='word_1_225' title='bbox 996 3066 1245 3104; x_wconf 85' lang='lat' dir='ltr'>mensam</span> <span class='ocrx_word' id='word_1_226' title='bbox 1261 3065 1431 3121; x_wconf 87' lang='lat' dir='ltr'>pones</span> <span class='ocrx_word' id='word_1_227' title='bbox 1448 3052 1508 3104; x_wconf 89' lang='lat' dir='ltr'>in</span> <span class='ocrx_word' id='word_1_228' title='bbox 1520 3051 1950 3121; x_wconf 85' lang='lat' dir='ltr'>partetaberna-</span> 
     </span>
    </p>
   </div>
   <div class='ocr_carea' id='block_1_32' title="bbox 290 3139 1951 3213">
    <p class='ocr_par' dir='ltr' id='par_1_32' title="bbox 290 3139 1951 3213">
     <span class='ocr_line' id='line_1_32' title="bbox 290 3139 1951 3213; baseline -0.002 -16"><span class='ocrx_word' id='word_1_229' title='bbox 290 3143 561 3213; x_wconf 76' lang='lat' dir='ltr'>culi,qua:</span> <span class='ocrx_word' id='word_1_230' title='bbox 582 3141 811 3211; x_wconf 82' lang='lat' dir='ltr'>respicit</span> <span class='ocrx_word' id='word_1_231' title='bbox 829 3139 897 3194; x_wconf 86' lang='lat' dir='ltr'>ad</span> <span class='ocrx_word' id='word_1_232' title='bbox 910 3139 1337 3210; x_wconf 83' lang='lat' dir='ltr'>aquilonem.Eti</span> <span class='ocrx_word' id='word_1_233' title='bbox 1347 3156 1439 3194; x_wconf 88' lang='lat' dir='ltr'>am</span> <span class='ocrx_word' id='word_1_234' title='bbox 1458 3139 1565 3194; x_wconf 91' lang='lat' dir='ltr'>hoc</span> <span class='ocrx_word' id='word_1_235' title='bbox 1579 3139 1819 3210; x_wconf 86' lang='lat' dir='ltr'>planum</span> <span class='ocrx_word' id='word_1_236' title='bbox 1840 3144 1951 3195; x_wconf 90' lang='lat' dir='ltr'>est.</span> 
     </span>
    </p>
   </div>
   <div class='ocr_carea' id='block_1_33' title="bbox 294 3228 1957 3300">
    <p class='ocr_par' dir='ltr' id='par_1_33' title="bbox 294 3228 1957 3300">
     <span class='ocr_line' id='line_1_33' title="bbox 294 3228 1957 3300; baseline 0 -16"><span class='ocrx_word' id='word_1_237' title='bbox 294 3230 465 3296; x_wconf 85' lang='lat' dir='ltr'>Quod</span> <span class='ocrx_word' id='word_1_238' title='bbox 498 3234 694 3285; x_wconf 90' lang='lat' dir='ltr'>autem</span> <span class='ocrx_word' id='word_1_239' title='bbox 718 3228 1004 3300; x_wconf 88' lang='lat' dir='ltr'>sequitur,</span> <span class='ocrx_word' id='word_1_240' title='bbox 1028 3231 1093 3283; x_wconf 87' lang='lat' dir='ltr'>Et</span> <span class='ocrx_word' id='word_1_241' title='bbox 1116 3231 1285 3299; x_wconf 74' lang='lat' dir='ltr'>facies</span> <span class='ocrx_word' id='word_1_242' title='bbox 1314 3229 1705 3285; x_wconf 82' lang='lat' dir='ltr'>adductorium</span> <span class='ocrx_word' id='word_1_243' title='bbox 1728 3229 1792 3284; x_wconf 88' lang='lat' dir='ltr'>de</span> <span class='ocrx_word' id='word_1_244' title='bbox 1822 3228 1957 3300; x_wconf 89' lang='lat' dir='ltr'>hya-</span> 
     </span>
    </p>
   </div>
   <div class='ocr_carea' id='block_1_34' title="bbox 292 3318 1955 3390">
    <p class='ocr_par' dir='ltr' id='par_1_34' title="bbox 292 3318 1955 3390">
     <span class='ocr_line' id='line_1_34' title="bbox 292 3318 1955 3390; baseline -0.001 -16"><span class='ocrx_word' id='word_1_245' title='bbox 292 3319 484 3375; x_wconf 86' lang='lat' dir='ltr'>cintho</span> <span class='ocrx_word' id='word_1_246' title='bbox 513 3323 569 3374; x_wconf 88' lang='lat' dir='ltr'>et</span> <span class='ocrx_word' id='word_1_247' title='bbox 594 3334 844 3390; x_wconf 84' lang='lat' dir='ltr'>purpura</span> <span class='ocrx_word' id='word_1_248' title='bbox 872 3326 925 3372; x_wconf 90' lang='lat' dir='ltr'>et</span> <span class='ocrx_word' id='word_1_249' title='bbox 943 3333 1093 3374; x_wconf 91' lang='lat' dir='ltr'>cocco</span> <span class='ocrx_word' id='word_1_250' title='bbox 1110 3321 1252 3373; x_wconf 89' lang='lat' dir='ltr'>torto</span> <span class='ocrx_word' id='word_1_251' title='bbox 1269 3327 1319 3374; x_wconf 87' lang='lat' dir='ltr'>et</span> <span class='ocrx_word' id='word_1_252' title='bbox 1340 3318 1490 3390; x_wconf 86' lang='lat' dir='ltr'>bysso</span> <span class='ocrx_word' id='word_1_253' title='bbox 1512 3324 1677 3387; x_wconf 85' lang='lat' dir='ltr'>torta,</span> <span class='ocrx_word' id='word_1_254' title='bbox 1697 3335 1830 3390; x_wconf 88' lang='lat' dir='ltr'>opus</span> <span class='ocrx_word' id='word_1_255' title='bbox 1860 3334 1955 3373; x_wconf 87' lang='lat' dir='ltr'>va-</span> 
     </span>
    </p>
   </div>
   <div class='ocr_carea' id='block_1_35' title="bbox 292 3406 1955 3479">
    <p class='ocr_par' dir='ltr' id='par_1_35' title="bbox 292 3406 1955 3479">
     <span class='ocr_line' id='line_1_35' title="bbox 292 3406 1955 3479; baseline -0.001 -16"><span class='ocrx_word' id='word_1_256' title='bbox 292 3410 557 3463; x_wconf 85' lang='lat' dir='ltr'>riatoris.</span> <span class='ocrx_word' id='word_1_257' title='bbox 582 3409 645 3462; x_wconf 88' lang='lat' dir='ltr'>Et</span> <span class='ocrx_word' id='word_1_258' title='bbox 659 3408 831 3477; x_wconf 87' lang='lat' dir='ltr'>facies</span> <span class='ocrx_word' id='word_1_259' title='bbox 844 3406 1117 3462; x_wconf 88' lang='lat' dir='ltr'>velumini</span> <span class='ocrx_word' id='word_1_260' title='bbox 1136 3410 1375 3479; x_wconf 81' lang='lat' dir='ltr'>quinque</span> <span class='ocrx_word' id='word_1_261' title='bbox 1394 3412 1696 3475; x_wconf 88' lang='lat' dir='ltr'>columnas,</span> <span class='ocrx_word' id='word_1_262' title='bbox 1720 3417 1772 3463; x_wconf 87' lang='lat' dir='ltr'>et</span> <span class='ocrx_word' id='word_1_263' title='bbox 1792 3410 1955 3462; x_wconf 83' lang='lat' dir='ltr'>inau-</span> 
     </span>
    </p>
   </div>
   <div class='ocr_carea' id='block_1_36' title="bbox 296 3498 1957 3567">
    <p class='ocr_par' dir='ltr' id='par_1_36' title="bbox 296 3498 1957 3567">
     <span class='ocr_line' id='line_1_36' title="bbox 296 3498 1957 3567; baseline -0.001 -14"><span class='ocrx_word' id='word_1_264' title='bbox 296 3498 452 3553; x_wconf 88' lang='lat' dir='ltr'>rabis</span> <span class='ocrx_word' id='word_1_265' title='bbox 473 3498 603 3552; x_wconf 86' lang='lat' dir='ltr'>illas</span> <span class='ocrx_word' id='word_1_266' title='bbox 622 3512 778 3565; x_wconf 89' lang='lat' dir='ltr'>auro,</span> <span class='ocrx_word' id='word_1_267' title='bbox 801 3500 851 3553; x_wconf 89' lang='lat' dir='ltr'>et</span> <span class='ocrx_word' id='word_1_268' title='bbox 870 3498 1057 3567; x_wconf 80' lang='lat' dir='ltr'>capita</span> <span class='ocrx_word' id='word_1_269' title='bbox 1076 3512 1267 3551; x_wconf 89' lang='lat' dir='ltr'>earum</span> <span class='ocrx_word' id='word_1_270' title='bbox 1288 3514 1459 3552; x_wconf 88' lang='lat' dir='ltr'>aurea</span> <span class='ocrx_word' id='word_1_271' title='bbox 1480 3516 1501 3552; x_wconf 92' lang='grc'>.·</span> <span class='ocrx_word' id='word_1_272' title='bbox 1519 3506 1569 3553; x_wconf 89' lang='lat' dir='ltr'>et</span> <span class='ocrx_word' id='word_1_273' title='bbox 1590 3499 1857 3567; x_wconf 83' lang='lat' dir='ltr'>con/labis</span> <span class='ocrx_word' id='word_1_274' title='bbox 1879 3498 1957 3552; x_wconf 88' lang='lat' dir='ltr'>eis</span> 
     </span>
    </p>
   </div>
   <div class='ocr_carea' id='block_1_37' title="bbox 297 3585 1956 3659">
    <p class='ocr_par' dir='ltr' id='par_1_37' title="bbox 297 3585 1956 3659">
     <span class='ocr_line' id='line_1_37' title="bbox 297 3585 1956 3659; baseline -0.001 -18"><span class='ocrx_word' id='word_1_275' title='bbox 297 3585 1015 3659; x_wconf 65' lang='lat' dir='ltr'>quinquebasesareasmui</span> <span class='ocrx_word' id='word_1_276' title='bbox 1030 3585 1163 3641; x_wconf 90' lang='lat' dir='ltr'>usui</span> <span class='ocrx_word' id='word_1_277' title='bbox 1181 3586 1438 3641; x_wconf 85' lang='lat' dir='ltr'>velamen</span> <span class='ocrx_word' id='word_1_278' title='bbox 1458 3587 1563 3643; x_wconf 89' lang='lat' dir='ltr'>hoc</span> <span class='ocrx_word' id='word_1_279' title='bbox 1577 3587 1679 3642; x_wconf 86' lang='lat' dir='ltr'>ﬁat</span> <span class='ocrx_word' id='word_1_280' title='bbox 1693 3586 1956 3659; x_wconf 92' lang='lat' dir='ltr'>quinque</span> 
     </span>
    </p>
   </div>
   <div class='ocr_carea' id='block_1_38' title="bbox 297 3674 1953 3745">
    <p class='ocr_par' dir='ltr' id='par_1_38' title="bbox 297 3674 1953 3745">
     <span class='ocr_line' id='line_1_38' title="bbox 297 3674 1953 3745; baseline -0.001 -14"><span class='ocrx_word' id='word_1_281' title='bbox 297 3675 1077 3745; x_wconf 81' lang='lat' dir='ltr'>columnisextentum,post</span> <span class='ocrx_word' id='word_1_282' title='bbox 1092 3674 1414 3745; x_wconf 79' lang='lat' dir='ltr'>apparebit,</span> <span class='ocrx_word' id='word_1_283' title='bbox 1434 3692 1570 3731; x_wconf 90' lang='lat' dir='ltr'>nam</span> <span class='ocrx_word' id='word_1_284' title='bbox 1602 3676 1696 3730; x_wconf 90' lang='lat' dir='ltr'>hic</span> <span class='ocrx_word' id='word_1_285' title='bbox 1712 3692 1827 3730; x_wconf 91' lang='lat' dir='ltr'>non</span> <span class='ocrx_word' id='word_1_286' title='bbox 1860 3691 1953 3745; x_wconf 85' lang='lat' dir='ltr'>ap-</span> 
     </span>
    </p>
   </div>
   <div class='ocr_carea' id='block_1_39' title="bbox 299 3762 1951 3838">
    <p class='ocr_par' dir='ltr' id='par_1_39' title="bbox 299 3762 1951 3838">
     <span class='ocr_line' id='line_1_39' title="bbox 299 3762 1951 3838; baseline -0.002 -18"><span class='ocrx_word' id='word_1_287' title='bbox 299 3770 491 3838; x_wconf 84' lang='lat' dir='ltr'>paret.</span> <span class='ocrx_word' id='word_1_288' title='bbox 506 3762 645 3819; x_wconf 88' lang='lat' dir='ltr'>Vult</span> <span class='ocrx_word' id='word_1_289' title='bbox 659 3763 815 3819; x_wconf 88' lang='lat' dir='ltr'>enim</span> <span class='ocrx_word' id='word_1_290' title='bbox 831 3762 982 3818; x_wconf 91' lang='lat' dir='ltr'>illud</span> <span class='ocrx_word' id='word_1_291' title='bbox 1001 3779 1128 3819; x_wconf 91' lang='lat' dir='ltr'>esse</span> <span class='ocrx_word' id='word_1_292' title='bbox 1139 3763 1401 3819; x_wconf 82' lang='lat' dir='ltr'>velamen</span> <span class='ocrx_word' id='word_1_293' title='bbox 1421 3762 1951 3830; x_wconf 89' lang='lat' dir='ltr'>ostiitabernaculi,</span> 
     </span>
    </p>
   </div>
   <div class='ocr_carea' id='block_1_40' title="bbox 302 3850 1950 3926">
    <p class='ocr_par' dir='ltr' id='par_1_40' title="bbox 302 3850 1950 3926">
     <span class='ocr_line' id='line_1_40' title="bbox 302 3850 1950 3926; baseline -0.003 -15"><span class='ocrx_word' id='word_1_294' title='bbox 302 3855 487 3926; x_wconf 84' lang='lat' dir='ltr'>hujus</span> <span class='ocrx_word' id='word_1_295' title='bbox 510 3851 778 3908; x_wconf 88' lang='lat' dir='ltr'>videlicet</span> <span class='ocrx_word' id='word_1_296' title='bbox 798 3850 1210 3923; x_wconf 90' lang='lat' dir='ltr'>interioris,cui</span> <span class='ocrx_word' id='word_1_297' title='bbox 1235 3853 1701 3925; x_wconf 89' lang='lat' dir='ltr'>circumponitur</span> <span class='ocrx_word' id='word_1_298' title='bbox 1713 3854 1950 3909; x_wconf 90' lang='lat' dir='ltr'>atrium.</span> 
     </span>
    </p>
   </div>
   <div class='ocr_carea' id='block_1_41' title="bbox 302 3940 1952 4013">
    <p class='ocr_par' dir='ltr' id='par_1_41' title="bbox 302 3940 1952 4013">
     <span class='ocr_line' id='line_1_41' title="bbox 302 3940 1952 4013; baseline -0.002 -12"><span class='ocrx_word' id='word_1_299' title='bbox 302 3944 531 4002; x_wconf 88' lang='lat' dir='ltr'>Deinde</span> <span class='ocrx_word' id='word_1_300' title='bbox 539 3942 710 4013; x_wconf 89' lang='lat' dir='ltr'>jubet</span> <span class='ocrx_word' id='word_1_301' title='bbox 730 3940 913 3996; x_wconf 88' lang='lat' dir='ltr'>altare</span> <span class='ocrx_word' id='word_1_302' title='bbox 927 3940 1052 3996; x_wconf 88' lang='lat' dir='ltr'>ﬁeri</span> <span class='ocrx_word' id='word_1_303' title='bbox 1074 3941 1494 3998; x_wconf 87' lang='lat' dir='ltr'>sacriﬁciorum</span> <span class='ocrx_word' id='word_1_304' title='bbox 1514 3942 1952 3999; x_wconf 83' lang='lat' dir='ltr'>etholocausto-</span> 
     </span>
    </p>
   </div>
   <div class='ocr_carea' id='block_1_42' title="bbox 302 4030 1954 4101">
    <p class='ocr_par' dir='ltr' id='par_1_42' title="bbox 302 4030 1954 4101">
     <span class='ocr_line' id='line_1_42' title="bbox 302 4030 1954 4101; baseline -0.002 -12"><span class='ocrx_word' id='word_1_305' title='bbox 302 4038 536 4089; x_wconf 80' lang='lat' dir='ltr'>rnatum</span> <span class='ocrx_word' id='word_1_306' title='bbox 553 4048 566 4087; x_wconf 87' lang='lat'>:</span> <span class='ocrx_word' id='word_1_307' title='bbox 583 4030 791 4087; x_wconf 88' lang='lat' dir='ltr'>etdicit</span> <span class='ocrx_word' id='word_1_308' title='bbox 814 4030 1312 4101; x_wconf 84' lang='lat' dir='ltr'>quemadmodum</span> <span class='ocrx_word' id='word_1_309' title='bbox 1328 4032 1457 4086; x_wconf 86' lang='lat' dir='ltr'>ﬁat:</span> <span class='ocrx_word' id='word_1_310' title='bbox 1477 4032 1736 4087; x_wconf 91' lang='lat' dir='ltr'>nondum</span> <span class='ocrx_word' id='word_1_311' title='bbox 1757 4035 1954 4086; x_wconf 88' lang='lat' dir='ltr'>autem</span> 
     </span>
    </p>
   </div>
   <div class='ocr_carea' id='block_1_43' title="bbox 301 4118 1952 4193">
    <p class='ocr_par' dir='ltr' id='par_1_43' title="bbox 301 4118 1952 4193">
     <span class='ocr_line' id='line_1_43' title="bbox 301 4118 1952 4193; baseline -0.004 -14"><span class='ocrx_word' id='word_1_312' title='bbox 301 4123 449 4179; x_wconf 87' lang='lat' dir='ltr'>dicit</span> <span class='ocrx_word' id='word_1_313' title='bbox 478 4121 581 4178; x_wconf 90' lang='lat' dir='ltr'>ubi</span> <span class='ocrx_word' id='word_1_314' title='bbox 609 4124 889 4193; x_wconf 89' lang='lat' dir='ltr'>ponatur;</span> <span class='ocrx_word' id='word_1_315' title='bbox 938 4119 1038 4175; x_wconf 89' lang='lat' dir='ltr'>sed</span> <span class='ocrx_word' id='word_1_316' title='bbox 1060 4118 1167 4174; x_wconf 93' lang='lat' dir='ltr'>hoc</span> <span class='ocrx_word' id='word_1_317' title='bbox 1193 4136 1426 4191; x_wconf 89' lang='lat' dir='ltr'>quoque</span> <span class='ocrx_word' id='word_1_318' title='bbox 1466 4125 1598 4192; x_wconf 89' lang='lat' dir='ltr'>post</span> <span class='ocrx_word' id='word_1_319' title='bbox 1628 4120 1952 4192; x_wconf 87' lang='lat' dir='ltr'>apparebit.</span> 
     </span>
    </p>
   </div>
   <div class='ocr_carea' id='block_1_44' title="bbox 376 4207 1957 4282">
    <p class='ocr_par' dir='ltr' id='par_1_44' title="bbox 376 4207 1957 4282">
     <span class='ocr_line' id='line_1_44' title="bbox 376 4207 1957 4282; baseline -0.002 -15"><span class='ocrx_word' id='word_1_320' title='bbox 376 4212 432 4267; x_wconf 85' lang='lat'>9.</span> <span class='ocrx_word' id='word_1_321' title='bbox 466 4212 576 4282; x_wconf 91' lang='lat' dir='ltr'>[1b.</span> <span class='ocrx_word' id='word_1_322' title='bbox 608 4226 784 4280; x_wconf 85' lang='lat' dir='ltr'>xxvu,</span> <span class='ocrx_word' id='word_1_323' title='bbox 814 4208 985 4279; x_wconf 81' lang='lat'>9-13.]</span> <span class='ocrx_word' id='word_1_324' title='bbox 1018 4207 1164 4263; x_wconf 89' lang='lat' dir='ltr'>Hinc</span> <span class='ocrx_word' id='word_1_325' title='bbox 1201 4208 1328 4278; x_wconf 89' lang='lat' dir='ltr'>jam</span> <span class='ocrx_word' id='word_1_326' title='bbox 1389 4209 1459 4264; x_wconf 90' lang='lat' dir='ltr'>de</span> <span class='ocrx_word' id='word_1_327' title='bbox 1498 4209 1647 4264; x_wconf 91' lang='lat' dir='ltr'>atrio</span> <span class='ocrx_word' id='word_1_328' title='bbox 1692 4208 1957 4281; x_wconf 88' lang='lat' dir='ltr'>loquitur</span> 
     </span>
    </p>
   </div>
   <div class='ocr_carea' id='block_1_45' title="bbox 303 4297 1957 4372">
    <p class='ocr_par' dir='ltr' id='par_1_45' title="bbox 303 4297 1957 4372">
     <span class='ocr_line' id='line_1_45' title="bbox 303 4297 1957 4372; baseline -0.002 -14"><span class='ocrx_word' id='word_1_329' title='bbox 303 4316 498 4372; x_wconf 86' lang='lat' dir='ltr'>usque</span> <span class='ocrx_word' id='word_1_330' title='bbox 518 4300 579 4354; x_wconf 93' lang='lat' dir='ltr'>in</span> <span class='ocrx_word' id='word_1_331' title='bbox 602 4299 800 4365; x_wconf 83' lang='lat' dir='ltr'>finem,</span> <span class='ocrx_word' id='word_1_332' title='bbox 821 4298 974 4370; x_wconf 91' lang='lat' dir='ltr'>quod</span> <span class='ocrx_word' id='word_1_333' title='bbox 998 4297 1215 4353; x_wconf 91' lang='lat' dir='ltr'>circum</span> <span class='ocrx_word' id='word_1_334' title='bbox 1225 4298 1561 4368; x_wconf 88' lang='lat' dir='ltr'>ponendum</span> <span class='ocrx_word' id='word_1_335' title='bbox 1581 4305 1666 4354; x_wconf 90' lang='lat' dir='ltr'>est</span> <span class='ocrx_word' id='word_1_336' title='bbox 1686 4298 1957 4354; x_wconf 85' lang='lat' dir='ltr'>taberna-</span> 
     </span>
    </p>
   </div>
   <div class='ocr_carea' id='block_1_46' title="bbox 302 4386 1959 4459">
    <p class='ocr_par' dir='ltr' id='par_1_46' title="bbox 302 4386 1959 4459">
     <span class='ocr_line' id='line_1_46' title="bbox 302 4386 1959 4459; baseline -0.001 -14"><span class='ocrx_word' id='word_1_337' title='bbox 302 4388 441 4445; x_wconf 89' lang='lat' dir='ltr'>culo</span> <span class='ocrx_word' id='word_1_338' title='bbox 460 4388 645 4456; x_wconf 89' lang='lat' dir='ltr'>illi,de</span> <span class='ocrx_word' id='word_1_339' title='bbox 667 4403 780 4459; x_wconf 91' lang='lat' dir='ltr'>quo</span> <span class='ocrx_word' id='word_1_340' title='bbox 798 4386 961 4458; x_wconf 89' lang='lat' dir='ltr'>prius</span> <span class='ocrx_word' id='word_1_341' title='bbox 994 4386 1408 4442; x_wconf 89' lang='lat' dir='ltr'>constituendo</span> <span class='ocrx_word' id='word_1_342' title='bbox 1424 4386 1959 4458; x_wconf 82' lang='lat' dir='ltr'>locutusest.Etfa-</span> 
     </span>
    </p>
   </div>
   <div class='ocr_carea' id='block_1_47' title="bbox 304 4472 1959 4548">
    <p class='ocr_par' dir='ltr' id='par_1_47' title="bbox 304 4472 1959 4548">
     <span class='ocr_line' id='line_1_47' title="bbox 304 4472 1959 4548; baseline -0.001 -14"><span class='ocrx_word' id='word_1_343' title='bbox 304 4480 437 4546; x_wconf 83' lang='lat' dir='ltr'>cies,</span> <span class='ocrx_word' id='word_1_344' title='bbox 469 4477 681 4548; x_wconf 87' lang='lat' dir='ltr'>inquit,</span> <span class='ocrx_word' id='word_1_345' title='bbox 713 4475 957 4541; x_wconf 83' lang='lat' dir='ltr'>atrium;</span> <span class='ocrx_word' id='word_1_346' title='bbox 979 4474 1134 4547; x_wconf 89' lang='lat' dir='ltr'>quod</span> <span class='ocrx_word' id='word_1_347' title='bbox 1167 4475 1383 4531; x_wconf 89' lang='lat' dir='ltr'>dicitur</span> <span class='ocrx_word' id='word_1_348' title='bbox 1400 4493 1581 4547; x_wconf 85' lang='lat' dir='ltr'>grace</span> <span class='ocrx_word' id='word_1_349' title='bbox 1612 4472 1809 4546; x_wconf 77' lang='grc' dir='ltr'>αὐλὴν,</span> <span class='ocrx_word' id='word_1_350' title='bbox 1843 4493 1959 4532; x_wconf 89' lang='lat' dir='ltr'>non</span> 
     </span>
    </p>
   </div>
   <div class='ocr_carea' id='block_1_48' title="bbox 309 4564 1962 4638">
    <p class='ocr_par' dir='ltr' id='par_1_48' title="bbox 309 4564 1962 4638">
     <span class='ocr_line' id='line_1_48' title="bbox 309 4564 1962 4638; baseline 0.001 -17"><span class='ocrx_word' id='word_1_351' title='bbox 309 4564 539 4621; x_wconf 76' lang='grc' dir='ltr'>αὐλαίαν</span> <span class='ocrx_word' id='word_1_352' title='bbox 558 4584 570 4621; x_wconf 89' lang='lat'>:</span> <span class='ocrx_word' id='word_1_353' title='bbox 598 4565 752 4638; x_wconf 92' lang='lat' dir='ltr'>quod</span> <span class='ocrx_word' id='word_1_354' title='bbox 770 4564 1012 4636; x_wconf 82' lang='lat' dir='ltr'>quidam</span> <span class='ocrx_word' id='word_1_355' title='bbox 1036 4564 1383 4636; x_wconf 86' lang='lat' dir='ltr'>interpretes</span> <span class='ocrx_word' id='word_1_356' title='bbox 1400 4566 1585 4621; x_wconf 81' lang='lat' dir='ltr'>nostri</span> <span class='ocrx_word' id='word_1_357' title='bbox 1604 4583 1720 4622; x_wconf 94' lang='lat' dir='ltr'>non</span> <span class='ocrx_word' id='word_1_358' title='bbox 1743 4566 1962 4622; x_wconf 89' lang='lat' dir='ltr'>discer-</span> 
     </span>
    </p>
   </div>
   <div class='ocr_carea' id='block_1_49' title="bbox 310 4650 1959 4725">
    <p class='ocr_par' dir='ltr' id='par_1_49' title="bbox 310 4650 1959 4725">
     <span class='ocr_line' id='line_1_49' title="bbox 310 4650 1959 4725; baseline -0.004 -13"><span class='ocrx_word' id='word_1_359' title='bbox 310 4661 537 4720; x_wconf 88' lang='lat' dir='ltr'>nentes,</span> <span class='ocrx_word' id='word_1_360' title='bbox 573 4660 629 4711; x_wconf 88' lang='lat' dir='ltr'>et</span> <span class='ocrx_word' id='word_1_361' title='bbox 660 4654 770 4710; x_wconf 91' lang='lat' dir='ltr'>hoc</span> <span class='ocrx_word' id='word_1_362' title='bbox 801 4658 858 4710; x_wconf 92' lang='lat' dir='ltr'>et</span> <span class='ocrx_word' id='word_1_363' title='bbox 891 4652 993 4709; x_wconf 89' lang='lat' dir='ltr'>illa</span> <span class='ocrx_word' id='word_1_364' title='bbox 1025 4653 1229 4724; x_wconf 80' lang='lat' dir='ltr'>aulae,</span> <span class='ocrx_word' id='word_1_365' title='bbox 1261 4650 1959 4725; x_wconf 69' lang='grc' dir='ltr'>ᾳααεαῦλαίαςηοῑιαύλάς</span> 
     </span>
    </p>
   </div>
   <div class='ocr_carea' id='block_1_50' title="bbox 311 4742 1963 4816">
    <p class='ocr_par' dir='ltr' id='par_1_50' title="bbox 311 4742 1963 4816">
     <span class='ocr_line' id='line_1_50' title="bbox 311 4742 1963 4816; baseline -0.002 -13"><span class='ocrx_word' id='word_1_366' title='bbox 311 4745 495 4804; x_wconf 87' lang='lat' dir='ltr'>Graci</span> <span class='ocrx_word' id='word_1_367' title='bbox 527 4745 748 4809; x_wconf 85' lang='lat' dir='ltr'>dicunt,</span> <span class='ocrx_word' id='word_1_368' title='bbox 774 4742 925 4798; x_wconf 88' lang='lat' dir='ltr'>atria</span> <span class='ocrx_word' id='word_1_369' title='bbox 948 4743 1309 4815; x_wconf 87' lang='lat' dir='ltr'>interpretati</span> <span class='ocrx_word' id='word_1_370' title='bbox 1332 4747 1471 4799; x_wconf 88' lang='lat' dir='ltr'>sunt</span> <span class='ocrx_word' id='word_1_371' title='bbox 1489 4745 1769 4811; x_wconf 89' lang='lat' dir='ltr'>dicentes,</span> <span class='ocrx_word' id='word_1_372' title='bbox 1796 4746 1856 4799; x_wconf 86' lang='lat' dir='ltr'>Et</span> <span class='ocrx_word' id='word_1_373' title='bbox 1876 4748 1963 4816; x_wconf 82' lang='lat' dir='ltr'>fa-</span> 
     </span>
    </p>
   </div>
   <div class='ocr_carea' id='block_1_51' title="bbox 312 4833 1965 4904">
    <p class='ocr_par' dir='ltr' id='par_1_51' title="bbox 312 4833 1965 4904">
     <span class='ocr_line' id='line_1_51' title="bbox 312 4833 1965 4904; baseline -0.001 -13"><span class='ocrx_word' id='word_1_374' title='bbox 312 4839 420 4892; x_wconf 87' lang='lat' dir='ltr'>cies</span> <span class='ocrx_word' id='word_1_375' title='bbox 435 4834 847 4891; x_wconf 87' lang='lat' dir='ltr'>tabernaculum</span> <span class='ocrx_word' id='word_1_376' title='bbox 856 4833 1038 4889; x_wconf 90' lang='lat' dir='ltr'>decem</span> <span class='ocrx_word' id='word_1_377' title='bbox 1050 4835 1194 4889; x_wconf 90' lang='lat' dir='ltr'>atrio</span> <span class='ocrx_word' id='word_1_378' title='bbox 1201 4849 1345 4904; x_wconf 89' lang='lat' dir='ltr'>rum,</span> <span class='ocrx_word' id='word_1_379' title='bbox 1354 4834 1454 4888; x_wconf 90' lang='lat' dir='ltr'>ubi</span> <span class='ocrx_word' id='word_1_380' title='bbox 1466 4834 1649 4889; x_wconf 88' lang='lat' dir='ltr'>decem</span> <span class='ocrx_word' id='word_1_381' title='bbox 1661 4836 1965 4891; x_wconf 80' lang='lat' dir='ltr'>aulaorum</span> 
     </span>
    </p>
   </div>
   <div class='ocr_carea' id='block_1_52' title="bbox 316 4921 1965 4995">
    <p class='ocr_par' dir='ltr' id='par_1_52' title="bbox 316 4921 1965 4995">
     <span class='ocr_line' id='line_1_52' title="bbox 316 4921 1965 4995; baseline -0.001 -14"><span class='ocrx_word' id='word_1_382' title='bbox 316 4926 510 4982; x_wconf 90' lang='lat' dir='ltr'>dicere</span> <span class='ocrx_word' id='word_1_383' title='bbox 521 4921 1156 4980; x_wconf 86' lang='lat' dir='ltr'>debuerunt.Nonnulli</span> <span class='ocrx_word' id='word_1_384' title='bbox 1170 4926 1365 4978; x_wconf 90' lang='lat' dir='ltr'>autem</span> <span class='ocrx_word' id='word_1_385' title='bbox 1382 4922 1563 4979; x_wconf 90' lang='lat' dir='ltr'>multo</span> <span class='ocrx_word' id='word_1_386' title='bbox 1577 4923 1965 4995; x_wconf 89' lang='lat' dir='ltr'>imperitiores</span> 
     </span>
    </p>
   </div>
   <div class='ocr_carea' id='block_1_53' title="bbox 382 5054 1963 5122">
    <p class='ocr_par' dir='ltr' id='par_1_53' title="bbox 382 5054 1963 5122">
     <span class='ocr_line' id='line_1_53' title="bbox 382 5054 1963 5122; baseline 0.011 -29"><span class='ocrx_word' id='word_1_387' title='bbox 382 5059 399 5093; x_wconf 72' lang='grc' dir='ltr'><strong>ς</strong></span> <span class='ocrx_word' id='word_1_388' title='bbox 428 5058 485 5107; x_wconf 79' lang='grc' dir='ltr'>ιη</span> <span class='ocrx_word' id='word_1_389' title='bbox 516 5056 687 5122; x_wconf 68' lang='lat' dir='ltr'>editis,</span> <span class='ocrx_word' id='word_1_390' title='bbox 717 5068 868 5122; x_wconf 79' lang='lat' dir='ltr'>super</span> <span class='ocrx_word' id='word_1_391' title='bbox 898 5054 1192 5122; x_wconf 67' lang='lat' dir='ltr'>Cherubim.</span> <span class='ocrx_word' id='word_1_392' title='bbox 1230 5056 1295 5122; x_wconf 70' lang='lat' dir='ltr'>At</span> <span class='ocrx_word' id='word_1_393' title='bbox 1325 5056 1380 5122; x_wconf 86' lang='lat' dir='ltr'>in</span> <span class='ocrx_word' id='word_1_394' title='bbox 1411 5058 1544 5122; x_wconf 77' lang='lat' dir='ltr'>Mss._</span> <span class='ocrx_word' id='word_1_395' title='bbox 1568 5062 1620 5122; x_wconf 88' lang='lat' dir='ltr'>et</span> <span class='ocrx_word' id='word_1_396' title='bbox 1648 5059 1787 5122; x_wconf 89' lang='lat' dir='ltr'>apud</span> <span class='ocrx_word' id='word_1_397' title='bbox 1822 5060 1963 5119; x_wconf 88' lang='lat' dir='ltr'><strong>LXX,</strong></span> 
     </span>
    </p>
   </div>
   <div class='ocr_carea' id='block_1_54' title="bbox 316 5118 1965 5184">
    <p class='ocr_par' dir='ltr' id='par_1_54' title="bbox 316 5118 1965 5184">
     <span class='ocr_line' id='line_1_54' title="bbox 316 5118 1965 5184; baseline 0.002 -14"><span class='ocrx_word' id='word_1_398' title='bbox 316 5120 521 5184; x_wconf 81' lang='lat' dir='ltr'>absque</span> <span class='ocrx_word' id='word_1_399' title='bbox 546 5119 998 5182; x_wconf 86' lang='lat' dir='ltr'>particula,super,</span> <span class='ocrx_word' id='word_1_400' title='bbox 1017 5118 1214 5184; x_wconf 78' lang='lat' dir='ltr'>legitur</span> <span class='ocrx_word' id='word_1_401' title='bbox 1232 5120 1392 5184; x_wconf 79' lang='lat' dir='ltr'>facies</span> <span class='ocrx_word' id='word_1_402' title='bbox 1411 5120 1545 5169; x_wconf 80' lang='lat' dir='ltr'>illud</span> <span class='ocrx_word' id='word_1_403' title='bbox 1560 5118 1847 5171; x_wconf 68' lang='lat' dir='ltr'>Cherubim.</span> <span class='ocrx_word' id='word_1_404' title='bbox 1864 5124 1965 5173; x_wconf 87' lang='lat' dir='ltr'>He-</span> 
     </span>
    </p>
   </div>
   <div class='ocr_carea' id='block_1_55' title="bbox 316 5181 1972 5244">
    <p class='ocr_par' dir='ltr' id='par_1_55' title="bbox 316 5181 1972 5244">
     <span class='ocr_line' id='line_1_55' title="bbox 316 5181 1972 5244; baseline 0 -10"><span class='ocrx_word' id='word_1_405' title='bbox 316 5181 590 5234; x_wconf 79' lang='lat' dir='ltr'>braismus</span> <span class='ocrx_word' id='word_1_406' title='bbox 624 5186 719 5241; x_wconf 91' lang='lat' dir='ltr'>est,</span> <span class='ocrx_word' id='word_1_407' title='bbox 741 5195 848 5244; x_wconf 89' lang='lat' dir='ltr'>quo</span> <span class='ocrx_word' id='word_1_408' title='bbox 872 5181 1177 5244; x_wconf 67' lang='lat' dir='ltr'>praecipitur</span> <span class='ocrx_word' id='word_1_409' title='bbox 1205 5183 1452 5231; x_wconf 86' lang='lat' dir='ltr'>velamen</span> <span class='ocrx_word' id='word_1_410' title='bbox 1473 5184 1687 5234; x_wconf 83' lang='lat' dir='ltr'>artiﬁcis</span> <span class='ocrx_word' id='word_1_411' title='bbox 1708 5185 1972 5235; x_wconf 85' lang='lat' dir='ltr'>industria</span> 
     </span>
    </p>
   </div>
   <div class='ocr_carea' id='block_1_56' title="bbox 318 5244 1973 5310">
    <p class='ocr_par' dir='ltr' id='par_1_56' title="bbox 318 5244 1973 5310">
     <span class='ocr_line' id='line_1_56' title="bbox 318 5244 1973 5310; baseline 0.002 -15"><span class='ocrx_word' id='word_1_412' title='bbox 318 5246 690 5310; x_wconf 68' lang='lat' dir='ltr'>spargendum</span> <span class='ocrx_word' id='word_1_413' title='bbox 733 5245 1057 5310; x_wconf 81' lang='lat' dir='ltr'>imaginibus</span> <span class='ocrx_word' id='word_1_414' title='bbox 1086 5244 1258 5310; x_wconf 85' lang='lat' dir='ltr'>alatis,</span> <span class='ocrx_word' id='word_1_415' title='bbox 1307 5246 1416 5294; x_wconf 86' lang='lat' dir='ltr'>sive</span> <span class='ocrx_word' id='word_1_416' title='bbox 1450 5248 1647 5307; x_wconf 86' lang='lat' dir='ltr'>potius,</span> <span class='ocrx_word' id='word_1_417' title='bbox 1692 5250 1770 5297; x_wconf 90' lang='lat' dir='ltr'>uti</span> <span class='ocrx_word' id='word_1_418' title='bbox 1809 5248 1973 5298; x_wconf 90' lang='lat' dir='ltr'>habet</span> 
     </span>
    </p>
   </div>
   <div class='ocr_carea' id='block_1_57' title="bbox 316 5307 1718 5371">
    <p class='ocr_par' dir='ltr' id='par_1_57' title="bbox 316 5307 1718 5371">
     <span class='ocr_line' id='line_1_57' title="bbox 316 5307 1718 5371; baseline 0.002 -14"><span class='ocrx_word' id='word_1_419' title='bbox 316 5307 497 5359; x_wconf 77' lang='lat' dir='ltr'>versio</span> <span class='ocrx_word' id='word_1_420' title='bbox 528 5308 770 5371; x_wconf 76' lang='lat' dir='ltr'>Vulgata,</span> <span class='ocrx_word' id='word_1_421' title='bbox 801 5307 1015 5371; x_wconf 75' lang='lat' dir='ltr'>pulchra</span> <span class='ocrx_word' id='word_1_422' title='bbox 1044 5308 1298 5371; x_wconf 85' lang='lat' dir='ltr'>varietate</span> <span class='ocrx_word' id='word_1_423' title='bbox 1326 5310 1718 5360; x_wconf 70' lang='lat' dir='ltr'>contexendum.</span> 
     </span>
    </p>
   </div>
   <div class='ocr_carea' id='block_1_58' title="bbox 382 5370 1969 5433">
    <p class='ocr_par' dir='ltr' id='par_1_58' title="bbox 382 5370 1969 5433">
     <span class='ocr_line' id='line_1_58' title="bbox 382 5370 1969 5433; baseline 0.001 -11"><span class='ocrx_word' id='word_1_424' title='bbox 382 5375 402 5407; x_wconf 83' lang='grc'><strong>²</strong></span> <span class='ocrx_word' id='word_1_425' title='bbox 429 5373 516 5422; x_wconf 90' lang='lat' dir='ltr'>Sic</span> <span class='ocrx_word' id='word_1_426' title='bbox 547 5371 670 5419; x_wconf 83' lang='lat' dir='ltr'>Mss.</span> <span class='ocrx_word' id='word_1_427' title='bbox 697 5370 853 5432; x_wconf 80' lang='lat' dir='ltr'>juxta</span> <span class='ocrx_word' id='word_1_428' title='bbox 873 5384 1032 5433; x_wconf 80' lang='lat' dir='ltr'>grac.</span> <span class='ocrx_word' id='word_1_429' title='bbox 1062 5371 1213 5420; x_wconf 88' lang='lat' dir='ltr'><strong>LXX:</strong></span> <span class='ocrx_word' id='word_1_430' title='bbox 1247 5370 1334 5419; x_wconf 85' lang='lat' dir='ltr'>kai</span> <span class='ocrx_word' id='word_1_431' title='bbox 1363 5372 1581 5421; x_wconf 84' lang='lat' dir='ltr'>eisoiseis</span> <span class='ocrx_word' id='word_1_432' title='bbox 1601 5373 1710 5422; x_wconf 83' lang='lat' dir='ltr'>ekei</span> <span class='ocrx_word' id='word_1_433' title='bbox 1738 5373 1969 5423; x_wconf 77' lang='lat' dir='ltr'>esdteron</span> 
     </span>
    </p>
   </div>
   <div class='ocr_carea' id='block_1_59' title="bbox 322 5433 1966 5497">
    <p class='ocr_par' dir='ltr' id='par_1_59' title="bbox 322 5433 1966 5497">
     <span class='ocr_line' id='line_1_59' title="bbox 322 5433 1966 5497; baseline 0.001 -14"><span class='ocrx_word' id='word_1_434' title='bbox 322 5438 407 5483; x_wconf 81' lang='lat' dir='ltr'>tau</span> <span class='ocrx_word' id='word_1_435' title='bbox 438 5433 899 5497; x_wconf 72' lang='lat' dir='ltr'>kalapetasnuitos.</span> <span class='ocrx_word' id='word_1_436' title='bbox 919 5434 1171 5497; x_wconf 85' lang='lat' dir='ltr'>Adeoque</span> <span class='ocrx_word' id='word_1_437' title='bbox 1193 5448 1471 5497; x_wconf 81' lang='lat' dir='ltr'>perperam</span> <span class='ocrx_word' id='word_1_438' title='bbox 1495 5436 1548 5484; x_wconf 91' lang='lat' dir='ltr'>in</span> <span class='ocrx_word' id='word_1_439' title='bbox 1572 5441 1732 5486; x_wconf 85' lang='lat' dir='ltr'>antea</span> <span class='ocrx_word' id='word_1_440' title='bbox 1745 5437 1966 5496; x_wconf 85' lang='lat' dir='ltr'>excusis,</span> 
     </span>
    </p>
   </div>
   <div class='ocr_carea' id='block_1_60' title="bbox 319 5494 1503 5548">
    <p class='ocr_par' dir='ltr' id='par_1_60' title="bbox 319 5494 1503 5548">
     <span class='ocr_line' id='line_1_60' title="bbox 319 5494 1503 5548; baseline 0.001 -3"><span class='ocrx_word' id='word_1_441' title='bbox 319 5500 367 5546; x_wconf 87' lang='lat' dir='ltr'>et</span> <span class='ocrx_word' id='word_1_442' title='bbox 399 5494 613 5548; x_wconf 40' lang='lat' dir='ltr'>induc—es</span> <span class='ocrx_word' id='word_1_443' title='bbox 642 5494 780 5546; x_wconf 84' lang='lat' dir='ltr'>illud</span> <span class='ocrx_word' id='word_1_444' title='bbox 802 5497 1020 5545; x_wconf 85' lang='lat' dir='ltr'>interius</span> <span class='ocrx_word' id='word_1_445' title='bbox 1049 5495 1137 5545; x_wconf 85' lang='lat' dir='ltr'>ubi</span> <span class='ocrx_word' id='word_1_446' title='bbox 1156 5494 1384 5545; x_wconf 74' lang='lat' dir='ltr'>velamen</span> <span class='ocrx_word' id='word_1_447' title='bbox 1414 5502 1503 5546; x_wconf 85' lang='lat' dir='ltr'>est.</span> 
     </span>
    </p>
   </div>
   <div class='ocr_carea' id='block_1_61' title="bbox 381 5556 1965 5626">
    <p class='ocr_par' dir='ltr' id='par_1_61' title="bbox 381 5556 1965 5626">
     <span class='ocr_line' id='line_1_61' title="bbox 381 5556 1965 5626; baseline 0 -17"><span class='ocrx_word' id='word_1_448' title='bbox 381 5562 402 5596; x_wconf 83' lang='grc'>³</span> <span class='ocrx_word' id='word_1_449' title='bbox 430 5560 591 5620; x_wconf 88' lang='lat' dir='ltr'>Editi,</span> <span class='ocrx_word' id='word_1_450' title='bbox 616 5559 667 5607; x_wconf 88' lang='lat' dir='ltr'>in</span> <span class='ocrx_word' id='word_1_451' title='bbox 679 5556 873 5626; x_wconf 78' lang='lat' dir='ltr'>sanctis</span> <span class='ocrx_word' id='word_1_452' title='bbox 892 5561 1204 5609; x_wconf 88' lang='lat' dir='ltr'>sanctorum.</span> <span class='ocrx_word' id='word_1_453' title='bbox 1219 5559 1459 5611; x_wconf 83' lang='lat' dir='ltr'>Vaticani</span> <span class='ocrx_word' id='word_1_454' title='bbox 1479 5560 1601 5611; x_wconf 82' lang='lat' dir='ltr'>Mss.</span> <span class='ocrx_word' id='word_1_455' title='bbox 1618 5560 1771 5625; x_wconf 85' lang='lat' dir='ltr'>juxta</span> <span class='ocrx_word' id='word_1_456' title='bbox 1790 5576 1965 5626; x_wconf 82' lang='lat' dir='ltr'>grac.,</span> 
     </span>
    </p>
   </div>
   <div class='ocr_carea' id='block_1_62' title="bbox 318 5623 912 5672">
    <p class='ocr_par' dir='ltr' id='par_1_62' title="bbox 318 5623 912 5672">
     <span class='ocr_line' id='line_1_62' title="bbox 318 5623 912 5672; baseline -0.003 -1"><span class='ocrx_word' id='word_1_457' title='bbox 318 5623 370 5671; x_wconf 87' lang='lat' dir='ltr'>in</span> <span class='ocrx_word' id='word_1_458' title='bbox 398 5626 573 5672; x_wconf 88' lang='lat' dir='ltr'>sancto</span> <span class='ocrx_word' id='word_1_459' title='bbox 601 5624 912 5671; x_wconf 83' lang='lat' dir='ltr'>sanctorum.</span> 
     </span>
    </p>
   </div>
   <div class='ocr_carea' id='block_1_63' title="bbox 323 5685 1965 5798">
    <p class='ocr_par' dir='ltr' id='par_1_63' title="bbox 323 5685 1965 5798">
     <span class='ocr_line' id='line_1_63' title="bbox 323 5685 1965 5798; baseline 0 -62"><span class='ocrx_word' id='word_1_460' title='bbox 323 5687 489 5798; x_wconf 53' lang='lat' dir='ltr'>Mi:aln</span> <span class='ocrx_word' id='word_1_461' title='bbox 520 5685 684 5747; x_wconf 85' lang='lat' dir='ltr'>iditis,</span> <span class='ocrx_word' id='word_1_462' title='bbox 712 5686 896 5735; x_wconf 89' lang='lat' dir='ltr'>contra</span> <span class='ocrx_word' id='word_1_463' title='bbox 919 5698 1145 5736; x_wconf 82' lang='lat' dir='ltr'>mensam</span> <span class='ocrx_word' id='word_1_464' title='bbox 1166 5686 1494 5737; x_wconf 84' lang='lat' dir='ltr'>statueretur.</span> <span class='ocrx_word' id='word_1_465' title='bbox 1516 5686 1696 5751; x_wconf 83' lang='lat' dir='ltr'>Abest,</span> <span class='ocrx_word' id='word_1_466' title='bbox 1717 5700 1965 5748; x_wconf 87' lang='lat' dir='ltr'>mensam,</span> 
     </span>
    </p>
   </div>
   <div class='ocr_carea' id='block_1_64' title="bbox 1628 312 2341 380">
    <p class='ocr_par' dir='ltr' id='par_1_64' title="bbox 1628 312 2341 380">
     <span class='ocr_line' id='line_1_64' title="bbox 1628 312 2341 380; baseline -0.014 1"><span class='ocrx_word' id='word_1_467' title='bbox 1628 317 1860 380; x_wconf 82' lang='lat' dir='ltr'>LIBER</span> <span class='ocrx_word' id='word_1_468' title='bbox 1903 312 2341 375; x_wconf 87' lang='lat' dir='ltr'>SECUNDUS.</span> 
     </span>
    </p>
   </div>
   <div class='ocr_carea' id='block_1_65' title="bbox 3575 328 3691 389">
    <p class='ocr_par' dir='ltr' id='par_1_65' title="bbox 3575 328 3691 389">
     <span class='ocr_line' id='line_1_65' title="bbox 3575 328 3691 389; baseline 0.009 -2"><span class='ocrx_word' id='word_1_469' title='bbox 3575 328 3691 389; x_wconf 75' lang='grc'>662</span> 
     </span>
    </p>
   </div>
   <div class='ocr_carea' id='block_1_66' title="bbox 2029 443 3693 518">
    <p class='ocr_par' dir='ltr' id='par_1_66' title="bbox 2029 443 3693 518">
     <span class='ocr_line' id='line_1_66' title="bbox 2029 443 3693 518; baseline 0.004 -18"><span class='ocrx_word' id='word_1_470' title='bbox 2029 444 2247 516; x_wconf 88' lang='lat' dir='ltr'>januas</span> <span class='ocrx_word' id='word_1_471' title='bbox 2261 445 2625 518; x_wconf 88' lang='lat' dir='ltr'>interpretati</span> <span class='ocrx_word' id='word_1_472' title='bbox 2650 450 2787 504; x_wconf 89' lang='lat' dir='ltr'>sunt</span> <span class='ocrx_word' id='word_1_473' title='bbox 2809 451 2865 504; x_wconf 90' lang='lat' dir='ltr'>et</span> <span class='ocrx_word' id='word_1_474' title='bbox 2880 443 3047 510; x_wconf 71' lang='grc' dir='ltr'>αὗλὰς</span> <span class='ocrx_word' id='word_1_475' title='bbox 3063 452 3117 505; x_wconf 86' lang='lat' dir='ltr'>et</span> <span class='ocrx_word' id='word_1_476' title='bbox 3137 448 3381 515; x_wconf 77' lang='grc' dir='ltr'>αὐλαίας.</span> <span class='ocrx_word' id='word_1_477' title='bbox 3399 455 3555 512; x_wconf 88' lang='lat' dir='ltr'>Sicut</span> <span class='ocrx_word' id='word_1_478' title='bbox 3583 476 3693 516; x_wconf 79' lang='lat' dir='ltr'>au.</span> 
     </span>
    </p>
   </div>
   <div class='ocr_carea' id='block_1_67' title="bbox 2036 533 3689 614">
    <p class='ocr_par' dir='ltr' id='par_1_67' title="bbox 2036 533 3689 614">
     <span class='ocr_line' id='line_1_67' title="bbox 2036 533 3689 614; baseline 0.01 -26"><span class='ocrx_word' id='word_1_479' title='bbox 2036 538 2153 590; x_wconf 90' lang='lat' dir='ltr'>tem</span> <span class='ocrx_word' id='word_1_480' title='bbox 2186 533 2244 590; x_wconf 91' lang='lat' dir='ltr'>in</span> <span class='ocrx_word' id='word_1_481' title='bbox 2278 534 2477 608; x_wconf 87' lang='lat' dir='ltr'>lingua</span> <span class='ocrx_word' id='word_1_482' title='bbox 2506 535 2687 592; x_wconf 84' lang='lat' dir='ltr'>latina</span> <span class='ocrx_word' id='word_1_483' title='bbox 2717 537 3047 597; x_wconf 84' lang='lat' dir='ltr'>invenimus</span> <span class='ocrx_word' id='word_1_484' title='bbox 3083 542 3284 613; x_wconf 85' lang='lat' dir='ltr'>aulae,</span> <span class='ocrx_word' id='word_1_485' title='bbox 3319 560 3464 614; x_wconf 90' lang='lat' dir='ltr'>quas</span> <span class='ocrx_word' id='word_1_486' title='bbox 3502 548 3689 604; x_wconf 81' lang='lat' dir='ltr'>Graeci</span> 
     </span>
    </p>
   </div>
   <div class='ocr_carea' id='block_1_68' title="bbox 2038 622 3687 703">
    <p class='ocr_par' dir='ltr' id='par_1_68' title="bbox 2038 622 3687 703">
     <span class='ocr_line' id='line_1_68' title="bbox 2038 622 3687 703; baseline 0.01 -27"><span class='ocrx_word' id='word_1_487' title='bbox 2038 622 2266 686; x_wconf 69' lang='grc' dir='ltr'>αὐλαίας</span> <span class='ocrx_word' id='word_1_488' title='bbox 2295 630 2531 695; x_wconf 85' lang='lat' dir='ltr'>vocant;</span> <span class='ocrx_word' id='word_1_489' title='bbox 2557 627 2639 683; x_wconf 81' lang='lat' dir='ltr'>ita</span> <span class='ocrx_word' id='word_1_490' title='bbox 2670 645 2842 699; x_wconf 86' lang='lat' dir='ltr'>quam</span> <span class='ocrx_word' id='word_1_491' title='bbox 2870 628 2953 683; x_wconf 90' lang='lat' dir='ltr'>illi</span> <span class='ocrx_word' id='word_1_492' title='bbox 2980 630 3277 701; x_wconf 84' lang='lat' dir='ltr'>appellant</span> <span class='ocrx_word' id='word_1_493' title='bbox 3299 632 3687 703; x_wconf 56' lang='lat' dir='ltr'>ad).i,v,nostri</span> 
     </span>
    </p>
   </div>
   <div class='ocr_carea' id='block_1_69' title="bbox 2040 715 3683 800">
    <p class='ocr_par' dir='ltr' id='par_1_69' title="bbox 2040 715 3683 800">
     <span class='ocr_line' id='line_1_69' title="bbox 2040 715 3683 800; baseline 0.009 -31"><span class='ocrx_word' id='word_1_494' title='bbox 2040 715 2233 770; x_wconf 83' lang='lat' dir='ltr'>aulam</span> <span class='ocrx_word' id='word_1_495' title='bbox 2265 719 2891 789; x_wconf 80' lang='lat' dir='ltr'>voraverunt.Sedjam</span> <span class='ocrx_word' id='word_1_496' title='bbox 2918 738 3029 774; x_wconf 87' lang='lat' dir='ltr'>non</span> <span class='ocrx_word' id='word_1_497' title='bbox 3058 722 3270 778; x_wconf 85' lang='lat' dir='ltr'>atrium</span> <span class='ocrx_word' id='word_1_498' title='bbox 3291 724 3402 780; x_wconf 85' lang='lat' dir='ltr'>isto</span> <span class='ocrx_word' id='word_1_499' title='bbox 3427 727 3683 800; x_wconf 89' lang='lat' dir='ltr'>nomine,</span> 
     </span>
    </p>
   </div>
   <div class='ocr_carea' id='block_1_70' title="bbox 2039 806 3689 890">
    <p class='ocr_par' dir='ltr' id='par_1_70' title="bbox 2039 806 3689 890">
     <span class='ocr_line' id='line_1_70' title="bbox 2039 806 3689 890; baseline 0.007 -28"><span class='ocrx_word' id='word_1_500' title='bbox 2039 806 2137 862; x_wconf 89' lang='lat' dir='ltr'>sed</span> <span class='ocrx_word' id='word_1_501' title='bbox 2172 807 2384 863; x_wconf 87' lang='lat' dir='ltr'>domus</span> <span class='ocrx_word' id='word_1_502' title='bbox 2416 808 2574 880; x_wconf 85' lang='lat' dir='ltr'>regia</span> <span class='ocrx_word' id='word_1_503' title='bbox 2598 808 3043 881; x_wconf 86' lang='lat' dir='ltr'>signiﬁcaturin</span> <span class='ocrx_word' id='word_1_504' title='bbox 3076 811 3502 888; x_wconf 79' lang='lat' dir='ltr'>latinalingua;</span> <span class='ocrx_word' id='word_1_505' title='bbox 3532 818 3689 890; x_wconf 91' lang='lat' dir='ltr'>apud</span> 
     </span>
    </p>
   </div>
   <div class='ocr_carea' id='block_1_71' title="bbox 2041 894 3688 975">
    <p class='ocr_par' dir='ltr' id='par_1_71' title="bbox 2041 894 3688 975">
     <span class='ocr_line' id='line_1_71' title="bbox 2041 894 3688 975; baseline 0.007 -24"><span class='ocrx_word' id='word_1_506' title='bbox 2041 894 2269 951; x_wconf 88' lang='lat' dir='ltr'>Gracos</span> <span class='ocrx_word' id='word_1_507' title='bbox 2286 900 2501 963; x_wconf 79' lang='lat' dir='ltr'>autem,</span> <span class='ocrx_word' id='word_1_508' title='bbox 2526 897 2759 955; x_wconf 85' lang='lat' dir='ltr'>atrium.</span> <span class='ocrx_word' id='word_1_509' title='bbox 2779 898 3013 973; x_wconf 86' lang='lat' dir='ltr'>Ergo,Et</span> <span class='ocrx_word' id='word_1_510' title='bbox 3032 902 3225 972; x_wconf 81' lang='lat' dir='ltr'>facies,</span> <span class='ocrx_word' id='word_1_511' title='bbox 3251 902 3459 975; x_wconf 88' lang='lat' dir='ltr'>inquit,</span> <span class='ocrx_word' id='word_1_512' title='bbox 3483 908 3688 961; x_wconf 87' lang='lat' dir='ltr'>atrium</span> 
     </span>
    </p>
   </div>
   <div class='ocr_carea' id='block_1_72' title="bbox 2040 986 3690 1063">
    <p class='ocr_par' dir='ltr' id='par_1_72' title="bbox 2040 986 3690 1063">
     <span class='ocr_line' id='line_1_72' title="bbox 2040 986 3690 1063; baseline 0.007 -23"><span class='ocrx_word' id='word_1_513' title='bbox 2040 986 2398 1043; x_wconf 86' lang='lat' dir='ltr'>tabernaculo</span> <span class='ocrx_word' id='word_1_514' title='bbox 2411 989 2471 1042; x_wconf 88' lang='lat' dir='ltr'>in</span> <span class='ocrx_word' id='word_1_515' title='bbox 2484 989 2654 1044; x_wconf 88' lang='lat' dir='ltr'>latere</span> <span class='ocrx_word' id='word_1_516' title='bbox 2666 990 2804 1059; x_wconf 85' lang='lat' dir='ltr'>quod</span> <span class='ocrx_word' id='word_1_517' title='bbox 2827 993 3049 1063; x_wconf 80' lang='lat' dir='ltr'>respicit</span> <span class='ocrx_word' id='word_1_518' title='bbox 3067 994 3142 1048; x_wconf 87' lang='lat' dir='ltr'>ad</span> <span class='ocrx_word' id='word_1_519' title='bbox 3152 1002 3437 1057; x_wconf 85' lang='lat' dir='ltr'>austrum;</span> <span class='ocrx_word' id='word_1_520' title='bbox 3455 1002 3508 1050; x_wconf 88' lang='lat' dir='ltr'>et</span> <span class='ocrx_word' id='word_1_521' title='bbox 3520 1000 3690 1052; x_wconf 83' lang='lat' dir='ltr'>tento-</span> 
     </span>
    </p>
   </div>
   <div class='ocr_carea' id='block_1_73' title="bbox 2040 1076 3683 1152">
    <p class='ocr_par' dir='ltr' id='par_1_73' title="bbox 2040 1076 3683 1152">
     <span class='ocr_line' id='line_1_73' title="bbox 2040 1076 3683 1152; baseline 0.008 -23"><span class='ocrx_word' id='word_1_522' title='bbox 2040 1076 2136 1131; x_wconf 88' lang='lat' dir='ltr'>ria</span> <span class='ocrx_word' id='word_1_523' title='bbox 2166 1076 2299 1133; x_wconf 80' lang='lat' dir='ltr'>atrii</span> <span class='ocrx_word' id='word_1_524' title='bbox 2324 1093 2393 1132; x_wconf 76' lang='lat' dir='ltr'>ex</span> <span class='ocrx_word' id='word_1_525' title='bbox 2424 1078 2579 1149; x_wconf 88' lang='lat' dir='ltr'>bysso</span> <span class='ocrx_word' id='word_1_526' title='bbox 2610 1082 2753 1133; x_wconf 88' lang='lat' dir='ltr'>torta</span> <span class='ocrx_word' id='word_1_527' title='bbox 2775 1097 2796 1142; x_wconf 86' lang='lat'><em>;</em></span> <span class='ocrx_word' id='word_1_528' title='bbox 2828 1081 3107 1152; x_wconf 81' lang='lat' dir='ltr'>longitudo</span> <span class='ocrx_word' id='word_1_529' title='bbox 3138 1085 3207 1139; x_wconf 88' lang='lat' dir='ltr'>sit</span> <span class='ocrx_word' id='word_1_530' title='bbox 3234 1089 3453 1140; x_wconf 86' lang='lat' dir='ltr'>centum</span> <span class='ocrx_word' id='word_1_531' title='bbox 3478 1085 3683 1142; x_wconf 86' lang='lat' dir='ltr'>cubito-</span> 
     </span>
    </p>
   </div>
   <div class='ocr_carea' id='block_1_74' title="bbox 2042 1167 3689 1244">
    <p class='ocr_par' dir='ltr' id='par_1_74' title="bbox 2042 1167 3689 1244">
     <span class='ocr_line' id='line_1_74' title="bbox 2042 1167 3689 1244; baseline 0.005 -23"><span class='ocrx_word' id='word_1_532' title='bbox 2042 1183 2167 1222; x_wconf 89' lang='lat' dir='ltr'>rum</span> <span class='ocrx_word' id='word_1_533' title='bbox 2182 1183 2279 1222; x_wconf 80' lang='lat' dir='ltr'>uni</span> <span class='ocrx_word' id='word_1_534' title='bbox 2298 1167 2462 1222; x_wconf 86' lang='lat' dir='ltr'>lateri</span> <span class='ocrx_word' id='word_1_535' title='bbox 2478 1168 2774 1224; x_wconf 80' lang='lat' dir='ltr'>:calumna</span> <span class='ocrx_word' id='word_1_536' title='bbox 2789 1186 2980 1226; x_wconf 88' lang='lat' dir='ltr'>eorum</span> <span class='ocrx_word' id='word_1_537' title='bbox 3004 1173 3311 1244; x_wconf 73' lang='lat' dir='ltr'>1viginti,et</span> <span class='ocrx_word' id='word_1_538' title='bbox 3334 1175 3486 1231; x_wconf 85' lang='lat' dir='ltr'>bases</span> <span class='ocrx_word' id='word_1_539' title='bbox 3497 1191 3689 1231; x_wconf 89' lang='lat' dir='ltr'>earum</span> 
     </span>
    </p>
   </div>
   <div class='ocr_carea' id='block_1_75' title="bbox 2040 1258 3688 1333">
    <p class='ocr_par' dir='ltr' id='par_1_75' title="bbox 2040 1258 3688 1333">
     <span class='ocr_line' id='line_1_75' title="bbox 2040 1258 3688 1333; baseline 0.004 -22"><span class='ocrx_word' id='word_1_540' title='bbox 2040 1272 2201 1313; x_wconf 65' lang='lat' dir='ltr'>areae</span> <span class='ocrx_word' id='word_1_541' title='bbox 2216 1258 2456 1326; x_wconf 87' lang='lat' dir='ltr'>viginti;</span> <span class='ocrx_word' id='word_1_542' title='bbox 2473 1265 2524 1312; x_wconf 91' lang='lat' dir='ltr'>et</span> <span class='ocrx_word' id='word_1_543' title='bbox 2535 1260 2736 1314; x_wconf 86' lang='lat' dir='ltr'>circuli</span> <span class='ocrx_word' id='word_1_544' title='bbox 2745 1276 2955 1328; x_wconf 89' lang='lat' dir='ltr'>earum,</span> <span class='ocrx_word' id='word_1_545' title='bbox 2972 1266 3021 1315; x_wconf 88' lang='lat' dir='ltr'>et</span> <span class='ocrx_word' id='word_1_546' title='bbox 3038 1278 3198 1317; x_wconf 89' lang='lat' dir='ltr'>arcus</span> <span class='ocrx_word' id='word_1_547' title='bbox 3210 1280 3404 1319; x_wconf 89' lang='lat' dir='ltr'>earum</span> <span class='ocrx_word' id='word_1_548' title='bbox 3416 1266 3688 1333; x_wconf 84' lang='lat' dir='ltr'>argentei.</span> 
     </span>
    </p>
   </div>
   <div class='ocr_carea' id='block_1_76' title="bbox 2042 1347 3688 1420">
    <p class='ocr_par' dir='ltr' id='par_1_76' title="bbox 2042 1347 3688 1420">
     <span class='ocr_line' id='line_1_76' title="bbox 2042 1347 3688 1420; baseline 0.005 -21"><span class='ocrx_word' id='word_1_549' title='bbox 2042 1348 2132 1401; x_wconf 79' lang='lat' dir='ltr'>Sic</span> <span class='ocrx_word' id='word_1_550' title='bbox 2142 1350 2193 1401; x_wconf 89' lang='lat' dir='ltr'>et</span> <span class='ocrx_word' id='word_1_551' title='bbox 2206 1347 2374 1402; x_wconf 88' lang='lat' dir='ltr'>lateri</span> <span class='ocrx_word' id='word_1_552' title='bbox 2390 1347 2529 1418; x_wconf 88' lang='lat' dir='ltr'>quod</span> <span class='ocrx_word' id='word_1_553' title='bbox 2558 1352 2638 1403; x_wconf 83' lang='lat' dir='ltr'>est</span> <span class='ocrx_word' id='word_1_554' title='bbox 2658 1348 2727 1403; x_wconf 88' lang='lat' dir='ltr'>ad</span> <span class='ocrx_word' id='word_1_555' title='bbox 2741 1350 3073 1420; x_wconf 85' lang='lat' dir='ltr'>aquilonem,</span> <span class='ocrx_word' id='word_1_556' title='bbox 3097 1354 3331 1408; x_wconf 87' lang='lat' dir='ltr'>tentoria</span> <span class='ocrx_word' id='word_1_557' title='bbox 3361 1358 3574 1409; x_wconf 90' lang='lat' dir='ltr'>centum</span> <span class='ocrx_word' id='word_1_558' title='bbox 3592 1370 3688 1407; x_wconf 85' lang='lat' dir='ltr'>cu-</span> 
     </span>
    </p>
   </div>
   <div class='ocr_carea' id='block_1_77' title="bbox 2044 1436 3691 1515">
    <p class='ocr_par' dir='ltr' id='par_1_77' title="bbox 2044 1436 3691 1515">
     <span class='ocr_line' id='line_1_77' title="bbox 2044 1436 3691 1515; baseline 0.004 -25"><span class='ocrx_word' id='word_1_559' title='bbox 2044 1436 2281 1491; x_wconf 89' lang='lat' dir='ltr'>bitorum</span> <span class='ocrx_word' id='word_1_560' title='bbox 2302 1438 2692 1507; x_wconf 86' lang='lat' dir='ltr'>longitudinis;</span> <span class='ocrx_word' id='word_1_561' title='bbox 2713 1440 3048 1497; x_wconf 72' lang='lat' dir='ltr'>etcolumnaz</span> <span class='ocrx_word' id='word_1_562' title='bbox 3066 1458 3261 1497; x_wconf 86' lang='lat' dir='ltr'>eorum</span> <span class='ocrx_word' id='word_1_563' title='bbox 3292 1444 3576 1515; x_wconf 85' lang='lat' dir='ltr'>viginti,et</span> <span class='ocrx_word' id='word_1_564' title='bbox 3600 1442 3691 1497; x_wconf 90' lang='lat' dir='ltr'>ba-</span> 
     </span>
    </p>
   </div>
   <div class='ocr_carea' id='block_1_78' title="bbox 2041 1530 3727 1600">
    <p class='ocr_par' dir='ltr' id='par_1_78' title="bbox 2041 1530 3727 1600">
     <span class='ocr_line' id='line_1_78' title="bbox 2041 1530 3727 1600; baseline 0.003 -19"><span class='ocrx_word' id='word_1_565' title='bbox 2041 1541 2125 1581; x_wconf 86' lang='lat' dir='ltr'>ses</span> <span class='ocrx_word' id='word_1_566' title='bbox 2140 1536 2343 1582; x_wconf 76' lang='lat' dir='ltr'>earum‘</span> <span class='ocrx_word' id='word_1_567' title='bbox 2359 1542 2527 1584; x_wconf 66' lang='lat' dir='ltr'>aerea?</span> <span class='ocrx_word' id='word_1_568' title='bbox 2548 1530 2824 1597; x_wconf 85' lang='lat' dir='ltr'>viginti,et</span> <span class='ocrx_word' id='word_1_569' title='bbox 2835 1532 3031 1584; x_wconf 82' lang='lat' dir='ltr'>circuli</span> <span class='ocrx_word' id='word_1_570' title='bbox 3043 1533 3693 1600; x_wconf 83' lang='lat' dir='ltr'>earum,etarcuscotum-</span> <span class='ocrx_word' id='word_1_571' title='bbox 3724 1564 3727 1565; x_wconf 53' lang='grc' dir='ltr'><em>ν</em></span> 
     </span>
    </p>
   </div>
   <div class='ocr_carea' id='block_1_79' title="bbox 2042 1617 3694 1687">
    <p class='ocr_par' dir='ltr' id='par_1_79' title="bbox 2042 1617 3694 1687">
     <span class='ocr_line' id='line_1_79' title="bbox 2042 1617 3694 1687; baseline 0.003 -18"><span class='ocrx_word' id='word_1_572' title='bbox 2042 1632 2262 1684; x_wconf 86' lang='lat' dir='ltr'>narum,</span> <span class='ocrx_word' id='word_1_573' title='bbox 2288 1620 2341 1671; x_wconf 90' lang='lat' dir='ltr'>et</span> <span class='ocrx_word' id='word_1_574' title='bbox 2360 1617 2509 1672; x_wconf 85' lang='lat' dir='ltr'>bases</span> <span class='ocrx_word' id='word_1_575' title='bbox 2538 1620 2905 1686; x_wconf 69' lang='lat' dir='ltr'>inargentata</span> <span class='ocrx_word' id='word_1_576' title='bbox 2935 1624 3187 1687; x_wconf 86' lang='lat' dir='ltr'>argento.</span> <span class='ocrx_word' id='word_1_577' title='bbox 3226 1620 3483 1675; x_wconf 87' lang='lat' dir='ltr'>Latitudo</span> <span class='ocrx_word' id='word_1_578' title='bbox 3506 1629 3694 1675; x_wconf 88' lang='lat' dir='ltr'>autem</span> 
     </span>
    </p>
   </div>
   <div class='ocr_carea' id='block_1_80' title="bbox 2043 1706 3692 1781">
    <p class='ocr_par' dir='ltr' id='par_1_80' title="bbox 2043 1706 3692 1781">
     <span class='ocr_line' id='line_1_80' title="bbox 2043 1706 3692 1781; baseline 0.003 -23"><span class='ocrx_word' id='word_1_579' title='bbox 2043 1706 2177 1758; x_wconf 88' lang='lat' dir='ltr'>atrii</span> <span class='ocrx_word' id='word_1_580' title='bbox 2196 1720 2321 1777; x_wconf 57' lang='lat' dir='ltr'>qua</span> <span class='ocrx_word' id='word_1_581' title='bbox 2350 1709 2426 1761; x_wconf 83' lang='lat' dir='ltr'>est</span> <span class='ocrx_word' id='word_1_582' title='bbox 2455 1708 2533 1761; x_wconf 87' lang='lat' dir='ltr'>ad</span> <span class='ocrx_word' id='word_1_583' title='bbox 2562 1724 2734 1773; x_wconf 86' lang='lat' dir='ltr'>mare,</span> <span class='ocrx_word' id='word_1_584' title='bbox 2757 1710 2995 1763; x_wconf 74' lang='lat' dir='ltr'>tentoria</span> <span class='ocrx_word' id='word_1_585' title='bbox 3018 1711 3139 1779; x_wconf 87' lang='lat' dir='ltr'>ejus</span> <span class='ocrx_word' id='word_1_586' title='bbox 3162 1712 3565 1781; x_wconf 83' lang='lat' dir='ltr'>quinquaginta</span> <span class='ocrx_word' id='word_1_587' title='bbox 3591 1726 3692 1763; x_wconf 87' lang='lat' dir='ltr'>cu-</span> 
     </span>
    </p>
   </div>
   <div class='ocr_carea' id='block_1_81' title="bbox 2047 1793 3694 1869">
    <p class='ocr_par' dir='ltr' id='par_1_81' title="bbox 2047 1793 3694 1869">
     <span class='ocr_line' id='line_1_81' title="bbox 2047 1793 3694 1869; baseline 0.003 -22"><span class='ocrx_word' id='word_1_588' title='bbox 2047 1793 2285 1848; x_wconf 86' lang='lat' dir='ltr'>bitorum</span> <span class='ocrx_word' id='word_1_589' title='bbox 2302 1813 2323 1860; x_wconf 86' lang='grc'><strong><em>;</em></strong></span> <span class='ocrx_word' id='word_1_590' title='bbox 2342 1797 2614 1853; x_wconf 64' lang='lat' dir='ltr'>columnae</span> <span class='ocrx_word' id='word_1_591' title='bbox 2634 1813 2823 1852; x_wconf 88' lang='lat' dir='ltr'>eorum</span> <span class='ocrx_word' id='word_1_592' title='bbox 2840 1797 3037 1854; x_wconf 88' lang='lat' dir='ltr'>decem.</span> <span class='ocrx_word' id='word_1_593' title='bbox 3067 1802 3129 1854; x_wconf 81' lang='lat' dir='ltr'>Et</span> <span class='ocrx_word' id='word_1_594' title='bbox 3152 1799 3377 1855; x_wconf 84' lang='lat' dir='ltr'>latitudo</span> <span class='ocrx_word' id='word_1_595' title='bbox 3394 1801 3531 1854; x_wconf 81' lang='lat' dir='ltr'>atrii</span> <span class='ocrx_word' id='word_1_596' title='bbox 3550 1797 3694 1869; x_wconf 87' lang='lat' dir='ltr'>quod</span> 
     </span>
    </p>
   </div>
   <div class='ocr_carea' id='block_1_82' title="bbox 2046 1885 3691 1958">
    <p class='ocr_par' dir='ltr' id='par_1_82' title="bbox 2046 1885 3691 1958">
     <span class='ocr_line' id='line_1_82' title="bbox 2046 1885 3691 1958; baseline 0.004 -21"><span class='ocrx_word' id='word_1_597' title='bbox 2046 1887 2122 1938; x_wconf 85' lang='lat' dir='ltr'>est</span> <span class='ocrx_word' id='word_1_598' title='bbox 2152 1885 2231 1938; x_wconf 85' lang='lat' dir='ltr'>ad</span> <span class='ocrx_word' id='word_1_599' title='bbox 2255 1886 2541 1956; x_wconf 84' lang='lat' dir='ltr'>orientem,</span> <span class='ocrx_word' id='word_1_600' title='bbox 2584 1888 2986 1958; x_wconf 87' lang='lat' dir='ltr'>quinquaginta</span> <span class='ocrx_word' id='word_1_601' title='bbox 3038 1888 3346 1944; x_wconf 87' lang='lat' dir='ltr'>cubitorum</span> <span class='ocrx_word' id='word_1_602' title='bbox 3369 1909 3388 1957; x_wconf 83' lang='lat'>,-</span> <span class='ocrx_word' id='word_1_603' title='bbox 3419 1889 3691 1944; x_wconf 66' lang='lat' dir='ltr'>columna:</span> 
     </span>
    </p>
   </div>
   <div class='ocr_carea' id='block_1_83' title="bbox 2049 1973 3109 2044">
    <p class='ocr_par' dir='ltr' id='par_1_83' title="bbox 2049 1973 3109 2044">
     <span class='ocr_line' id='line_1_83' title="bbox 2049 1973 3109 2044; baseline 0.003 -17"><span class='ocrx_word' id='word_1_604' title='bbox 2049 1973 2163 2044; x_wconf 89' lang='lat' dir='ltr'>ejus</span> <span class='ocrx_word' id='word_1_605' title='bbox 2192 1973 2400 2039; x_wconf 87' lang='lat' dir='ltr'>decem,</span> <span class='ocrx_word' id='word_1_606' title='bbox 2429 1978 2482 2029; x_wconf 87' lang='lat' dir='ltr'>et</span> <span class='ocrx_word' id='word_1_607' title='bbox 2512 1974 2662 2031; x_wconf 85' lang='lat' dir='ltr'>bases</span> <span class='ocrx_word' id='word_1_608' title='bbox 2683 1991 2878 2030; x_wconf 88' lang='lat' dir='ltr'>earum</span> <span class='ocrx_word' id='word_1_609' title='bbox 2903 1977 3109 2032; x_wconf 88' lang='lat' dir='ltr'>decem.</span> 
     </span>
    </p>
   </div>
   <div class='ocr_carea' id='block_1_84' title="bbox 2124 2062 3693 2135">
    <p class='ocr_par' dir='ltr' id='par_1_84' title="bbox 2124 2062 3693 2135">
     <span class='ocr_line' id='line_1_84' title="bbox 2124 2062 3693 2135; baseline 0.003 -19"><span class='ocrx_word' id='word_1_610' title='bbox 2124 2063 2209 2117; x_wconf 90' lang='grc'>10.</span> <span class='ocrx_word' id='word_1_611' title='bbox 2244 2062 2484 2135; x_wconf 89' lang='lat' dir='ltr'>Hicjam</span> <span class='ocrx_word' id='word_1_612' title='bbox 2515 2064 2784 2121; x_wconf 86' lang='lat' dir='ltr'>videmus</span> <span class='ocrx_word' id='word_1_613' title='bbox 2815 2066 3263 2135; x_wconf 82' lang='lat' dir='ltr'>commemorari</span> <span class='ocrx_word' id='word_1_614' title='bbox 3283 2066 3588 2122; x_wconf 88' lang='lat' dir='ltr'>columnas</span> <span class='ocrx_word' id='word_1_615' title='bbox 3621 2066 3693 2121; x_wconf 89' lang='lat' dir='ltr'>ab</span> 
     </span>
    </p>
   </div>
   <div class='ocr_carea' id='block_1_85' title="bbox 2054 2151 3701 2226">
    <p class='ocr_par' dir='ltr' id='par_1_85' title="bbox 2054 2151 3701 2226">
     <span class='ocr_line' id='line_1_85' title="bbox 2054 2151 3701 2226; baseline 0.001 -19"><span class='ocrx_word' id='word_1_616' title='bbox 2054 2151 2296 2219; x_wconf 92' lang='lat' dir='ltr'>oriente,</span> <span class='ocrx_word' id='word_1_617' title='bbox 2315 2169 2449 2207; x_wconf 92' lang='lat' dir='ltr'>cum</span> <span class='ocrx_word' id='word_1_618' title='bbox 2481 2152 2742 2226; x_wconf 76' lang='lat' dir='ltr'>loquitur</span> <span class='ocrx_word' id='word_1_619' title='bbox 2762 2156 2832 2210; x_wconf 92' lang='lat' dir='ltr'>de</span> <span class='ocrx_word' id='word_1_620' title='bbox 2851 2155 3019 2224; x_wconf 90' lang='lat' dir='ltr'>atrio,</span> <span class='ocrx_word' id='word_1_621' title='bbox 3053 2160 3111 2211; x_wconf 90' lang='lat' dir='ltr'>et</span> <span class='ocrx_word' id='word_1_622' title='bbox 3140 2173 3237 2213; x_wconf 85' lang='lat' dir='ltr'>eas</span> <span class='ocrx_word' id='word_1_623' title='bbox 3267 2158 3465 2212; x_wconf 89' lang='lat' dir='ltr'>decem</span> <span class='ocrx_word' id='word_1_624' title='bbox 3500 2155 3701 2210; x_wconf 89' lang='lat' dir='ltr'>dicens</span> 
     </span>
    </p>
   </div>
   <div class='ocr_carea' id='block_1_86' title="bbox 2058 2242 3703 2311">
    <p class='ocr_par' dir='ltr' id='par_1_86' title="bbox 2058 2242 3703 2311">
     <span class='ocr_line' id='line_1_86' title="bbox 2058 2242 3703 2311; baseline 0 -15"><span class='ocrx_word' id='word_1_625' title='bbox 2058 2258 2189 2297; x_wconf 92' lang='lat' dir='ltr'>cum</span> <span class='ocrx_word' id='word_1_626' title='bbox 2224 2242 2466 2298; x_wconf 89' lang='lat' dir='ltr'>basibus</span> <span class='ocrx_word' id='word_1_627' title='bbox 2483 2243 2668 2311; x_wconf 87' lang='lat' dir='ltr'>areis,</span> <span class='ocrx_word' id='word_1_628' title='bbox 2701 2244 2855 2300; x_wconf 89' lang='lat' dir='ltr'>sicut</span> <span class='ocrx_word' id='word_1_629' title='bbox 2884 2245 3001 2299; x_wconf 84' lang='lat' dir='ltr'>dixi</span> <span class='ocrx_word' id='word_1_630' title='bbox 3021 2262 3033 2299; x_wconf 90' lang='lat'>:</span> <span class='ocrx_word' id='word_1_631' title='bbox 3050 2245 3225 2301; x_wconf 88' lang='lat' dir='ltr'>etiam</span> <span class='ocrx_word' id='word_1_632' title='bbox 3241 2246 3311 2301; x_wconf 91' lang='lat' dir='ltr'>de</span> <span class='ocrx_word' id='word_1_633' title='bbox 3329 2242 3703 2301; x_wconf 89' lang='lat' dir='ltr'>occidentali-</span> 
     </span>
    </p>
   </div>
   <div class='ocr_carea' id='block_1_87' title="bbox 2058 2332 3711 2405">
    <p class='ocr_par' dir='ltr' id='par_1_87' title="bbox 2058 2332 3711 2405">
     <span class='ocr_line' id='line_1_87' title="bbox 2058 2332 3711 2405; baseline 0.001 -19"><span class='ocrx_word' id='word_1_634' title='bbox 2058 2332 2203 2387; x_wconf 90' lang='lat' dir='ltr'>bus:</span> <span class='ocrx_word' id='word_1_635' title='bbox 2240 2332 2339 2387; x_wconf 93' lang='lat' dir='ltr'>ubi</span> <span class='ocrx_word' id='word_1_636' title='bbox 2371 2332 2721 2389; x_wconf 84' lang='lat' dir='ltr'>difﬁcillima</span> <span class='ocrx_word' id='word_1_637' title='bbox 2752 2335 2938 2390; x_wconf 90' lang='lat' dir='ltr'>oritur</span> <span class='ocrx_word' id='word_1_638' title='bbox 2957 2335 3219 2405; x_wconf 85' lang='lat' dir='ltr'>quastio.</span> <span class='ocrx_word' id='word_1_639' title='bbox 3253 2336 3399 2390; x_wconf 88' lang='lat' dir='ltr'>Nam</span> <span class='ocrx_word' id='word_1_640' title='bbox 3425 2333 3591 2390; x_wconf 84' lang='lat' dir='ltr'>facile</span> <span class='ocrx_word' id='word_1_641' title='bbox 3620 2335 3711 2388; x_wconf 90' lang='lat' dir='ltr'>est</span> 
     </span>
    </p>
   </div>
   <div class='ocr_carea' id='block_1_88' title="bbox 2060 2421 3709 2495">
    <p class='ocr_par' dir='ltr' id='par_1_88' title="bbox 2060 2421 3709 2495">
     <span class='ocr_line' id='line_1_88' title="bbox 2060 2421 3709 2495; baseline 0.001 -20"><span class='ocrx_word' id='word_1_642' title='bbox 2060 2421 2296 2492; x_wconf 88' lang='lat' dir='ltr'>quidem</span> <span class='ocrx_word' id='word_1_643' title='bbox 2320 2425 2385 2476; x_wconf 88' lang='lat' dir='ltr'>ut</span> <span class='ocrx_word' id='word_1_644' title='bbox 2414 2422 2775 2495; x_wconf 88' lang='lat' dir='ltr'>accipiamus</span> <span class='ocrx_word' id='word_1_645' title='bbox 2793 2424 2865 2479; x_wconf 88' lang='lat' dir='ltr'>ab</span> <span class='ocrx_word' id='word_1_646' title='bbox 2884 2424 3104 2481; x_wconf 88' lang='lat' dir='ltr'>oriente</span> <span class='ocrx_word' id='word_1_647' title='bbox 3118 2442 3303 2480; x_wconf 89' lang='lat' dir='ltr'>unum</span> <span class='ocrx_word' id='word_1_648' title='bbox 3330 2424 3592 2480; x_wconf 91' lang='lat' dir='ltr'>ordinem</span> <span class='ocrx_word' id='word_1_649' title='bbox 3616 2438 3709 2477; x_wconf 90' lang='lat' dir='ltr'>co-</span> 
     </span>
    </p>
   </div>
   <div class='ocr_carea' id='block_1_89' title="bbox 2059 2510 3711 2585">
    <p class='ocr_par' dir='ltr' id='par_1_89' title="bbox 2059 2510 3711 2585">
     <span class='ocr_line' id='line_1_89' title="bbox 2059 2510 3711 2585; baseline 0 -20"><span class='ocrx_word' id='word_1_650' title='bbox 2059 2510 2401 2566; x_wconf 90' lang='lat' dir='ltr'>lumnarum</span> <span class='ocrx_word' id='word_1_651' title='bbox 2418 2512 2488 2567; x_wconf 91' lang='lat' dir='ltr'>ad</span> <span class='ocrx_word' id='word_1_652' title='bbox 2508 2512 2725 2568; x_wconf 88' lang='lat' dir='ltr'>atrium</span> <span class='ocrx_word' id='word_1_653' title='bbox 2743 2513 3187 2585; x_wconf 89' lang='lat' dir='ltr'>pertinentium,</span> <span class='ocrx_word' id='word_1_654' title='bbox 3219 2530 3335 2585; x_wconf 91' lang='lat' dir='ltr'>quo</span> <span class='ocrx_word' id='word_1_655' title='bbox 3359 2514 3711 2568; x_wconf 81' lang='lat' dir='ltr'>tabernacu-</span> 
     </span>
    </p>
   </div>
   <div class='ocr_carea' id='block_1_90' title="bbox 2059 2599 3713 2674">
    <p class='ocr_par' dir='ltr' id='par_1_90' title="bbox 2059 2599 3713 2674">
     <span class='ocr_line' id='line_1_90' title="bbox 2059 2599 3713 2674; baseline -0.001 -20"><span class='ocrx_word' id='word_1_656' title='bbox 2059 2600 2183 2655; x_wconf 88' lang='lat' dir='ltr'>lum</span> <span class='ocrx_word' id='word_1_657' title='bbox 2202 2600 2446 2656; x_wconf 89' lang='lat' dir='ltr'>interius</span> <span class='ocrx_word' id='word_1_658' title='bbox 2460 2618 2563 2673; x_wconf 92' lang='lat' dir='ltr'>per</span> <span class='ocrx_word' id='word_1_659' title='bbox 2578 2617 2783 2657; x_wconf 89' lang='lat' dir='ltr'>omnes</span> <span class='ocrx_word' id='word_1_660' title='bbox 2805 2607 3058 2674; x_wconf 88' lang='lat' dir='ltr'>quatuor</span> <span class='ocrx_word' id='word_1_661' title='bbox 3074 2607 3268 2673; x_wconf 86' lang='lat' dir='ltr'>partes</span> <span class='ocrx_word' id='word_1_662' title='bbox 3282 2602 3557 2674; x_wconf 81' lang='lat' dir='ltr'>cingitur;</span> <span class='ocrx_word' id='word_1_663' title='bbox 3575 2599 3713 2671; x_wconf 83' lang='lat' dir='ltr'>quia</span> 
     </span>
    </p>
   </div>
   <div class='ocr_carea' id='block_1_91' title="bbox 2059 2689 3710 2763">
    <p class='ocr_par' dir='ltr' id='par_1_91' title="bbox 2059 2689 3710 2763">
     <span class='ocr_line' id='line_1_91' title="bbox 2059 2689 3710 2763; baseline -0.002 -19"><span class='ocrx_word' id='word_1_664' title='bbox 2059 2705 2173 2744; x_wconf 90' lang='lat' dir='ltr'>non</span> <span class='ocrx_word' id='word_1_665' title='bbox 2189 2689 2521 2745; x_wconf 85' lang='lat' dir='ltr'>habebatex</span> <span class='ocrx_word' id='word_1_666' title='bbox 2534 2707 2603 2747; x_wconf 91' lang='lat' dir='ltr'>ea</span> <span class='ocrx_word' id='word_1_667' title='bbox 2620 2695 2783 2763; x_wconf 92' lang='lat' dir='ltr'>parte</span> <span class='ocrx_word' id='word_1_668' title='bbox 2811 2690 3119 2747; x_wconf 88' lang='lat' dir='ltr'>columnas</span> <span class='ocrx_word' id='word_1_669' title='bbox 3160 2689 3601 2746; x_wconf 84' lang='lat' dir='ltr'>tabernaculum</span> <span class='ocrx_word' id='word_1_670' title='bbox 3621 2689 3710 2742; x_wconf 90' lang='lat' dir='ltr'>in-</span> 
     </span>
    </p>
   </div>
   <div class='ocr_carea' id='block_1_92' title="bbox 2059 2777 3711 2851">
    <p class='ocr_par' dir='ltr' id='par_1_92' title="bbox 2059 2777 3711 2851">
     <span class='ocr_line' id='line_1_92' title="bbox 2059 2777 3711 2851; baseline -0.001 -18"><span class='ocrx_word' id='word_1_671' title='bbox 2059 2778 2242 2834; x_wconf 90' lang='lat' dir='ltr'>terius</span> <span class='ocrx_word' id='word_1_672' title='bbox 2266 2780 2375 2834; x_wconf 77' lang='lat' dir='ltr'>Pab</span> <span class='ocrx_word' id='word_1_673' title='bbox 2399 2780 2699 2835; x_wconf 90' lang='lat' dir='ltr'>occidente</span> <span class='ocrx_word' id='word_1_674' title='bbox 2719 2784 2915 2836; x_wconf 88' lang='lat' dir='ltr'>autem</span> <span class='ocrx_word' id='word_1_675' title='bbox 2949 2782 3045 2835; x_wconf 86' lang='lat' dir='ltr'>ubi</span> <span class='ocrx_word' id='word_1_676' title='bbox 3073 2782 3198 2851; x_wconf 89' lang='lat' dir='ltr'>jam</span> <span class='ocrx_word' id='word_1_677' title='bbox 3223 2784 3386 2835; x_wconf 88' lang='lat' dir='ltr'>erant</span> <span class='ocrx_word' id='word_1_678' title='bbox 3414 2777 3711 2833; x_wconf 90' lang='lat' dir='ltr'>interioris</span> 
     </span>
    </p>
   </div>
   <div class='ocr_carea' id='block_1_93' title="bbox 2059 2866 3707 2941">
    <p class='ocr_par' dir='ltr' id='par_1_93' title="bbox 2059 2866 3707 2941">
     <span class='ocr_line' id='line_1_93' title="bbox 2059 2866 3707 2941; baseline -0.002 -18"><span class='ocrx_word' id='word_1_679' title='bbox 2059 2867 2422 2923; x_wconf 86' lang='lat' dir='ltr'>tabernaculi</span> <span class='ocrx_word' id='word_1_680' title='bbox 2456 2868 2743 2924; x_wconf 80' lang='lat' dir='ltr'>columna</span> <span class='ocrx_word' id='word_1_681' title='bbox 2776 2869 3417 2941; x_wconf 89' lang='lat' dir='ltr'>octo,quomodoetiam</span> <span class='ocrx_word' id='word_1_682' title='bbox 3441 2868 3586 2923; x_wconf 90' lang='lat' dir='ltr'>istas</span> <span class='ocrx_word' id='word_1_683' title='bbox 3611 2866 3707 2921; x_wconf 91' lang='lat' dir='ltr'>de-</span> 
     </span>
    </p>
   </div>
   <div class='ocr_carea' id='block_1_94' title="bbox 2060 2956 3709 3029">
    <p class='ocr_par' dir='ltr' id='par_1_94' title="bbox 2060 2956 3709 3029">
     <span class='ocr_line' id='line_1_94' title="bbox 2060 2956 3709 3029; baseline -0.002 -16"><span class='ocrx_word' id='word_1_684' title='bbox 2060 2974 2364 3029; x_wconf 87' lang='lat' dir='ltr'>cem,quas</span> <span class='ocrx_word' id='word_1_685' title='bbox 2390 2958 2691 3014; x_wconf 84' lang='lat' dir='ltr'>exterioris</span> <span class='ocrx_word' id='word_1_686' title='bbox 2704 2958 2835 3013; x_wconf 90' lang='lat' dir='ltr'>atrii</span> <span class='ocrx_word' id='word_1_687' title='bbox 2855 2956 3709 3028; x_wconf 88' lang='lat' dir='ltr'>commemorat,accepturisu—</span> 
     </span>
    </p>
   </div>
   <div class='ocr_carea' id='block_1_95' title="bbox 2062 3045 3713 3119">
    <p class='ocr_par' dir='ltr' id='par_1_95' title="bbox 2062 3045 3713 3119">
     <span class='ocr_line' id='line_1_95' title="bbox 2062 3045 3713 3119; baseline -0.001 -17"><span class='ocrx_word' id='word_1_688' title='bbox 2062 3064 2217 3115; x_wconf 89' lang='lat' dir='ltr'>mus,</span> <span class='ocrx_word' id='word_1_689' title='bbox 2244 3051 2529 3119; x_wconf 89' lang='lat' dir='ltr'>tauquam</span> <span class='ocrx_word' id='word_1_690' title='bbox 2551 3049 2621 3102; x_wconf 90' lang='lat' dir='ltr'>ab</span> <span class='ocrx_word' id='word_1_691' title='bbox 2636 3048 2934 3104; x_wconf 90' lang='lat' dir='ltr'>occidente</span> <span class='ocrx_word' id='word_1_692' title='bbox 2954 3049 3070 3103; x_wconf 92' lang='lat' dir='ltr'>duo</span> <span class='ocrx_word' id='word_1_693' title='bbox 3085 3048 3204 3103; x_wconf 90' lang='lat' dir='ltr'>sint</span> <span class='ocrx_word' id='word_1_694' title='bbox 3224 3048 3460 3103; x_wconf 88' lang='lat' dir='ltr'>ordines</span> <span class='ocrx_word' id='word_1_695' title='bbox 3491 3045 3617 3101; x_wconf 90' lang='lat' dir='ltr'>colu</span> <span class='ocrx_word' id='word_1_696' title='bbox 3629 3062 3713 3100; x_wconf 86' lang='lat' dir='ltr'>m-</span> 
     </span>
    </p>
   </div>
   <div class='ocr_carea' id='block_1_96' title="bbox 2062 3134 3709 3204">
    <p class='ocr_par' dir='ltr' id='par_1_96' title="bbox 2062 3134 3709 3204">
     <span class='ocr_line' id='line_1_96' title="bbox 2062 3134 3709 3204; baseline -0.001 -14"><span class='ocrx_word' id='word_1_697' title='bbox 2062 3135 2649 3203; x_wconf 88' lang='lat' dir='ltr'>narum,interiorum</span> <span class='ocrx_word' id='word_1_698' title='bbox 2675 3142 2890 3204; x_wconf 90' lang='lat' dir='ltr'>octo,et</span> <span class='ocrx_word' id='word_1_699' title='bbox 2911 3137 3265 3193; x_wconf 86' lang='lat' dir='ltr'>exteriorum</span> <span class='ocrx_word' id='word_1_700' title='bbox 3287 3138 3484 3193; x_wconf 89' lang='lat' dir='ltr'>decem</span> <span class='ocrx_word' id='word_1_701' title='bbox 3500 3138 3525 3190; x_wconf 77' lang='lat' dir='ltr'>&#39;l</span> <span class='ocrx_word' id='word_1_702' title='bbox 3545 3134 3709 3200; x_wconf 89' lang='lat' dir='ltr'>Quod</span> 
     </span>
    </p>
   </div>
   <div class='ocr_carea' id='block_1_97' title="bbox 2064 3224 3711 3297">
    <p class='ocr_par' dir='ltr' id='par_1_97' title="bbox 2064 3224 3711 3297">
     <span class='ocr_line' id='line_1_97' title="bbox 2064 3224 3711 3297; baseline -0.001 -17"><span class='ocrx_word' id='word_1_703' title='bbox 2064 3225 2112 3280; x_wconf 87' lang='lat' dir='ltr'>si</span> <span class='ocrx_word' id='word_1_704' title='bbox 2132 3225 2213 3280; x_wconf 86' lang='lat' dir='ltr'>ita</span> <span class='ocrx_word' id='word_1_705' title='bbox 2232 3229 2342 3295; x_wconf 90' lang='lat' dir='ltr'>est,</span> <span class='ocrx_word' id='word_1_706' title='bbox 2364 3225 2630 3297; x_wconf 84' lang='lat' dir='ltr'>longiora</span> <span class='ocrx_word' id='word_1_707' title='bbox 2643 3231 2816 3281; x_wconf 91' lang='lat' dir='ltr'>erunt</span> <span class='ocrx_word' id='word_1_708' title='bbox 2836 3228 3012 3282; x_wconf 86' lang='lat' dir='ltr'>etiam</span> <span class='ocrx_word' id='word_1_709' title='bbox 3031 3229 3213 3281; x_wconf 88' lang='lat' dir='ltr'>latera</span> <span class='ocrx_word' id='word_1_710' title='bbox 3231 3226 3361 3280; x_wconf 91' lang='lat' dir='ltr'>atrii</span> <span class='ocrx_word' id='word_1_711' title='bbox 3380 3224 3711 3289; x_wconf 83' lang='lat' dir='ltr'>exterioris,</span> 
     </span>
    </p>
   </div>
   <div class='ocr_carea' id='block_1_98' title="bbox 2065 3313 3716 3385">
    <p class='ocr_par' dir='ltr' id='par_1_98' title="bbox 2065 3313 3716 3385">
     <span class='ocr_line' id='line_1_98' title="bbox 2065 3313 3716 3385; baseline -0.001 -16"><span class='ocrx_word' id='word_1_712' title='bbox 2065 3330 2241 3385; x_wconf 84' lang='lat' dir='ltr'>quam</span> <span class='ocrx_word' id='word_1_713' title='bbox 2272 3313 2633 3370; x_wconf 83' lang='lat' dir='ltr'>tabernaculi</span> <span class='ocrx_word' id='word_1_714' title='bbox 2667 3315 2988 3383; x_wconf 87' lang='lat' dir='ltr'>interioris,</span> <span class='ocrx_word' id='word_1_715' title='bbox 3009 3320 3073 3371; x_wconf 91' lang='lat' dir='ltr'>ut</span> <span class='ocrx_word' id='word_1_716' title='bbox 3091 3315 3338 3371; x_wconf 90' lang='lat' dir='ltr'>situnde</span> <span class='ocrx_word' id='word_1_717' title='bbox 3360 3314 3431 3369; x_wconf 89' lang='lat' dir='ltr'>ab</span> <span class='ocrx_word' id='word_1_718' title='bbox 3457 3317 3716 3369; x_wconf 86' lang='lat' dir='ltr'>extremo</span> 
     </span>
    </p>
   </div>
   <div class='ocr_carea' id='block_1_99' title="bbox 2067 3403 3715 3473">
    <p class='ocr_par' dir='ltr' id='par_1_99' title="bbox 2067 3403 3715 3473">
     <span class='ocr_line' id='line_1_99' title="bbox 2067 3403 3715 3473; baseline -0.001 -16"><span class='ocrx_word' id='word_1_719' title='bbox 2067 3403 2125 3457; x_wconf 94' lang='lat' dir='ltr'>in</span> <span class='ocrx_word' id='word_1_720' title='bbox 2141 3408 2449 3459; x_wconf 87' lang='lat' dir='ltr'>extremum</span> <span class='ocrx_word' id='word_1_721' title='bbox 2465 3404 2616 3461; x_wconf 89' lang='lat' dir='ltr'>alius</span> <span class='ocrx_word' id='word_1_722' title='bbox 2631 3404 3041 3460; x_wconf 90' lang='lat' dir='ltr'>columnarum</span> <span class='ocrx_word' id='word_1_723' title='bbox 3063 3405 3204 3460; x_wconf 92' lang='lat' dir='ltr'>ordo</span> <span class='ocrx_word' id='word_1_724' title='bbox 3222 3403 3715 3473; x_wconf 81' lang='lat' dir='ltr'>dirigatur,etnon</span> 
     </span>
    </p>
   </div>
   <div class='ocr_carea' id='block_1_100' title="bbox 2067 3491 3719 3565">
    <p class='ocr_par' dir='ltr' id='par_1_100' title="bbox 2067 3491 3719 3565">
     <span class='ocr_line' id='line_1_100' title="bbox 2067 3491 3719 3565; baseline 0 -19"><span class='ocrx_word' id='word_1_725' title='bbox 2067 3491 2398 3549; x_wconf 88' lang='lat' dir='ltr'>incurratin</span> <span class='ocrx_word' id='word_1_726' title='bbox 2415 3494 2678 3549; x_wconf 89' lang='lat' dir='ltr'>ordinem</span> <span class='ocrx_word' id='word_1_727' title='bbox 2695 3495 2945 3565; x_wconf 90' lang='lat' dir='ltr'>priorem</span> <span class='ocrx_word' id='word_1_728' title='bbox 2982 3495 3053 3550; x_wconf 89' lang='lat' dir='ltr'>ad</span> <span class='ocrx_word' id='word_1_729' title='bbox 3098 3494 3346 3550; x_wconf 89' lang='lat' dir='ltr'>interius</span> <span class='ocrx_word' id='word_1_730' title='bbox 3372 3492 3719 3547; x_wconf 89' lang='lat' dir='ltr'>tabernacu-</span> 
     </span>
    </p>
   </div>
   <div class='ocr_carea' id='block_1_101' title="bbox 2065 3581 3715 3656">
    <p class='ocr_par' dir='ltr' id='par_1_101' title="bbox 2065 3581 3715 3656">
     <span class='ocr_line' id='line_1_101' title="bbox 2065 3581 3715 3656; baseline -0.001 -19"><span class='ocrx_word' id='word_1_731' title='bbox 2065 3581 2189 3638; x_wconf 90' lang='lat' dir='ltr'>lum</span> <span class='ocrx_word' id='word_1_732' title='bbox 2206 3583 2677 3654; x_wconf 87' lang='lat' dir='ltr'>pertinentem.Et</span> <span class='ocrx_word' id='word_1_733' title='bbox 2689 3585 2735 3640; x_wconf 91' lang='lat' dir='ltr'>si</span> <span class='ocrx_word' id='word_1_734' title='bbox 2750 3584 2857 3641; x_wconf 92' lang='lat' dir='ltr'>hoc</span> <span class='ocrx_word' id='word_1_735' title='bbox 2871 3589 3353 3656; x_wconf 90' lang='lat' dir='ltr'>est,consequens</span> <span class='ocrx_word' id='word_1_736' title='bbox 3368 3583 3476 3639; x_wconf 91' lang='lat' dir='ltr'>erit</span> <span class='ocrx_word' id='word_1_737' title='bbox 3490 3581 3715 3636; x_wconf 85' lang='lat' dir='ltr'>utvice-</span> 
     </span>
    </p>
   </div>
   <div class='ocr_carea' id='block_1_102' title="bbox 2069 3670 3717 3729">
    <p class='ocr_par' dir='ltr' id='par_1_102' title="bbox 2069 3670 3717 3729">
     <span class='ocr_line' id='line_1_102' title="bbox 2069 3670 3717 3729; baseline -0.001 -4"><span class='ocrx_word' id='word_1_738' title='bbox 2069 3689 2155 3725; x_wconf 88' lang='lat' dir='ltr'>na</span> <span class='ocrx_word' id='word_1_739' title='bbox 2186 3672 2296 3726; x_wconf 89' lang='lat' dir='ltr'>illa</span> <span class='ocrx_word' id='word_1_740' title='bbox 2329 3673 2617 3729; x_wconf 85' lang='lat' dir='ltr'>columna</span> <span class='ocrx_word' id='word_1_741' title='bbox 2646 3674 2895 3728; x_wconf 90' lang='lat' dir='ltr'>duorum</span> <span class='ocrx_word' id='word_1_742' title='bbox 2920 3672 3169 3729; x_wconf 89' lang='lat' dir='ltr'>laterum</span> <span class='ocrx_word' id='word_1_743' title='bbox 3194 3670 3717 3729; x_wconf 85' lang='lat' dir='ltr'>tabernaculiinte-</span> 
     </span>
    </p>
   </div>
   <div class='ocr_carea' id='block_1_103' title="bbox 2068 3759 3715 3833">
    <p class='ocr_par' dir='ltr' id='par_1_103' title="bbox 2068 3759 3715 3833">
     <span class='ocr_line' id='line_1_103' title="bbox 2068 3759 3715 3833; baseline -0.002 -19"><span class='ocrx_word' id='word_1_744' title='bbox 2068 3759 2454 3828; x_wconf 88' lang='lat' dir='ltr'>rioris,austri</span> <span class='ocrx_word' id='word_1_745' title='bbox 2472 3766 2527 3817; x_wconf 90' lang='lat' dir='ltr'>et</span> <span class='ocrx_word' id='word_1_746' title='bbox 2543 3762 3189 3833; x_wconf 89' lang='lat' dir='ltr'>aquilonis,intervallis</span> <span class='ocrx_word' id='word_1_747' title='bbox 3203 3762 3567 3817; x_wconf 88' lang='lat' dir='ltr'>brevioribus</span> <span class='ocrx_word' id='word_1_748' title='bbox 3580 3759 3715 3814; x_wconf 86' lang='lat' dir='ltr'>diri-</span> 
     </span>
    </p>
   </div>
   <div class='ocr_carea' id='block_1_104' title="bbox 2068 3849 3712 3920">
    <p class='ocr_par' dir='ltr' id='par_1_104' title="bbox 2068 3849 3712 3920">
     <span class='ocr_line' id='line_1_104' title="bbox 2068 3849 3712 3920; baseline -0.001 -18"><span class='ocrx_word' id='word_1_749' title='bbox 2068 3854 2327 3914; x_wconf 89' lang='lat' dir='ltr'>mantur,</span> <span class='ocrx_word' id='word_1_750' title='bbox 2362 3866 2534 3920; x_wconf 89' lang='lat' dir='ltr'>quam</span> <span class='ocrx_word' id='word_1_751' title='bbox 2560 3849 2673 3904; x_wconf 81' lang='lat' dir='ltr'>illa</span> <span class='ocrx_word' id='word_1_752' title='bbox 2702 3850 2912 3904; x_wconf 89' lang='lat' dir='ltr'>vicena</span> <span class='ocrx_word' id='word_1_753' title='bbox 2935 3867 3082 3920; x_wconf 87' lang='lat' dir='ltr'>quas</span> <span class='ocrx_word' id='word_1_754' title='bbox 3114 3849 3291 3903; x_wconf 88' lang='lat' dir='ltr'>habet</span> <span class='ocrx_word' id='word_1_755' title='bbox 3311 3850 3525 3903; x_wconf 89' lang='lat' dir='ltr'>atrium</span> <span class='ocrx_word' id='word_1_756' title='bbox 3558 3851 3712 3901; x_wconf 86' lang='lat' dir='ltr'>exte-</span> 
     </span>
    </p>
   </div>
   <div class='ocr_carea' id='block_1_105' title="bbox 2067 3935 3714 4008">
    <p class='ocr_par' dir='ltr' id='par_1_105' title="bbox 2067 3935 3714 4008">
     <span class='ocr_line' id='line_1_105' title="bbox 2067 3935 3714 4008; baseline -0.002 -17"><span class='ocrx_word' id='word_1_757' title='bbox 2067 3937 2191 3992; x_wconf 89' lang='lat' dir='ltr'>rius</span> <span class='ocrx_word' id='word_1_758' title='bbox 2211 3954 2275 3993; x_wconf 83' lang='lat' dir='ltr'>ex</span> <span class='ocrx_word' id='word_1_759' title='bbox 2298 3937 2519 3992; x_wconf 91' lang='lat' dir='ltr'>eisdem</span> <span class='ocrx_word' id='word_1_760' title='bbox 2545 3937 2847 3993; x_wconf 88' lang='lat' dir='ltr'>lateribus.</span> <span class='ocrx_word' id='word_1_761' title='bbox 2882 3938 2949 3991; x_wconf 88' lang='lat' dir='ltr'>Et</span> <span class='ocrx_word' id='word_1_762' title='bbox 2966 3939 3104 4008; x_wconf 88' lang='lat' dir='ltr'>quia</span> <span class='ocrx_word' id='word_1_763' title='bbox 3120 3937 3201 3991; x_wconf 90' lang='lat' dir='ltr'>illi</span> <span class='ocrx_word' id='word_1_764' title='bbox 3228 3937 3540 3992; x_wconf 81' lang='lat' dir='ltr'>exteriores</span> <span class='ocrx_word' id='word_1_765' title='bbox 3558 3935 3714 3989; x_wconf 91' lang='lat' dir='ltr'>ordi-</span> 
     </span>
    </p>
   </div>
   <div class='ocr_carea' id='block_1_106' title="bbox 2069 4023 3714 4097">
    <p class='ocr_par' dir='ltr' id='par_1_106' title="bbox 2069 4023 3714 4097">
     <span class='ocr_line' id='line_1_106' title="bbox 2069 4023 3714 4097; baseline -0.003 -16"><span class='ocrx_word' id='word_1_766' title='bbox 2069 4042 2173 4081; x_wconf 89' lang='lat' dir='ltr'>nes</span> <span class='ocrx_word' id='word_1_767' title='bbox 2192 4026 2529 4081; x_wconf 88' lang='lat' dir='ltr'>vicenarum</span> <span class='ocrx_word' id='word_1_768' title='bbox 2550 4025 2985 4094; x_wconf 87' lang='lat' dir='ltr'>columnarum,</span> <span class='ocrx_word' id='word_1_769' title='bbox 3019 4026 3173 4081; x_wconf 89' lang='lat' dir='ltr'>sicut</span> <span class='ocrx_word' id='word_1_770' title='bbox 3192 4026 3493 4097; x_wconf 82' lang='lat' dir='ltr'>Scriptura</span> <span class='ocrx_word' id='word_1_771' title='bbox 3526 4023 3714 4093; x_wconf 92' lang='lat' dir='ltr'>loqui-</span> 
     </span>
    </p>
   </div>
   <div class='ocr_carea' id='block_1_107' title="bbox 2067 4113 3718 4184">
    <p class='ocr_par' dir='ltr' id='par_1_107' title="bbox 2067 4113 3718 4184">
     <span class='ocr_line' id='line_1_107' title="bbox 2067 4113 3718 4184; baseline -0.002 -14"><span class='ocrx_word' id='word_1_772' title='bbox 2067 4119 2438 4184; x_wconf 87' lang='lat' dir='ltr'>tur,centena</span> <span class='ocrx_word' id='word_1_773' title='bbox 2452 4115 2650 4170; x_wconf 88' lang='lat' dir='ltr'>cubita</span> <span class='ocrx_word' id='word_1_774' title='bbox 2664 4120 2892 4183; x_wconf 88' lang='lat' dir='ltr'>tenent;</span> <span class='ocrx_word' id='word_1_775' title='bbox 2916 4115 3013 4169; x_wconf 90' lang='lat' dir='ltr'>isti</span> <span class='ocrx_word' id='word_1_776' title='bbox 3033 4114 3341 4170; x_wconf 88' lang='lat' dir='ltr'>interiores</span> <span class='ocrx_word' id='word_1_777' title='bbox 3362 4113 3604 4168; x_wconf 88' lang='lat' dir='ltr'>totidem</span> <span class='ocrx_word' id='word_1_778' title='bbox 3619 4128 3718 4167; x_wconf 89' lang='lat' dir='ltr'>co-</span> 
     </span>
    </p>
   </div>
   <div class='ocr_carea' id='block_1_108' title="bbox 2069 4200 3719 4277">
    <p class='ocr_par' dir='ltr' id='par_1_108' title="bbox 2069 4200 3719 4277">
     <span class='ocr_line' id='line_1_108' title="bbox 2069 4200 3719 4277; baseline -0.002 -18"><span class='ocrx_word' id='word_1_779' title='bbox 2069 4204 2410 4261; x_wconf 88' lang='lat' dir='ltr'>lumnarum</span> <span class='ocrx_word' id='word_1_780' title='bbox 2441 4204 2724 4277; x_wconf 90' lang='lat' dir='ltr'>quotlibet</span> <span class='ocrx_word' id='word_1_781' title='bbox 2744 4204 2938 4260; x_wconf 91' lang='lat' dir='ltr'>minus</span> <span class='ocrx_word' id='word_1_782' title='bbox 2962 4204 3158 4259; x_wconf 87' lang='lat' dir='ltr'>cubita</span> <span class='ocrx_word' id='word_1_783' title='bbox 3181 4200 3719 4273; x_wconf 85' lang='lat' dir='ltr'>teneant,quoniam</span> 
     </span>
    </p>
   </div>
   <div class='ocr_carea' id='block_1_109' title="bbox 2069 4292 3723 4367">
    <p class='ocr_par' dir='ltr' id='par_1_109' title="bbox 2069 4292 3723 4367">
     <span class='ocr_line' id='line_1_109' title="bbox 2069 4292 3723 4367; baseline -0.004 -17"><span class='ocrx_word' id='word_1_784' title='bbox 2069 4294 2180 4350; x_wconf 90' lang='lat' dir='ltr'>hoc</span> <span class='ocrx_word' id='word_1_785' title='bbox 2203 4294 2507 4367; x_wconf 91' lang='lat' dir='ltr'>Scriptura</span> <span class='ocrx_word' id='word_1_786' title='bbox 2521 4311 2633 4349; x_wconf 90' lang='lat' dir='ltr'>non</span> <span class='ocrx_word' id='word_1_787' title='bbox 2652 4293 2966 4366; x_wconf 87' lang='lat' dir='ltr'>expressit,</span> <span class='ocrx_word' id='word_1_788' title='bbox 2996 4310 3366 4364; x_wconf 90' lang='lat' dir='ltr'>consequens</span> <span class='ocrx_word' id='word_1_789' title='bbox 3390 4292 3500 4348; x_wconf 90' lang='lat' dir='ltr'>erit</span> <span class='ocrx_word' id='word_1_790' title='bbox 3521 4295 3723 4346; x_wconf 86' lang='lat' dir='ltr'>utocto</span> 
     </span>
    </p>
   </div>
   <div class='ocr_carea' id='block_1_110' title="bbox 2071 4380 3728 4440">
    <p class='ocr_par' dir='ltr' id='par_1_110' title="bbox 2071 4380 3728 4440">
     <span class='ocr_line' id='line_1_110' title="bbox 2071 4380 3728 4440; baseline -0.004 -1"><span class='ocrx_word' id='word_1_791' title='bbox 2071 4383 2355 4440; x_wconf 82' lang='lat' dir='ltr'>columna</span> <span class='ocrx_word' id='word_1_792' title='bbox 2370 4382 2484 4439; x_wconf 81' lang='lat' dir='ltr'>illa</span> <span class='ocrx_word' id='word_1_793' title='bbox 2499 4382 2863 4439; x_wconf 89' lang='lat' dir='ltr'>tabernaculi</span> <span class='ocrx_word' id='word_1_794' title='bbox 2880 4382 3176 4439; x_wconf 89' lang='lat' dir='ltr'>interioris</span> <span class='ocrx_word' id='word_1_795' title='bbox 3196 4383 3251 4437; x_wconf 92' lang='lat' dir='ltr'>in</span> <span class='ocrx_word' id='word_1_796' title='bbox 3272 4382 3451 4437; x_wconf 88' lang='lat' dir='ltr'>latere</span> <span class='ocrx_word' id='word_1_797' title='bbox 3465 4380 3728 4436; x_wconf 90' lang='lat' dir='ltr'>occiden-</span> 
     </span>
    </p>
   </div>
   <div class='ocr_carea' id='block_1_111' title="bbox 2070 4469 3723 4544">
    <p class='ocr_par' dir='ltr' id='par_1_111' title="bbox 2070 4469 3723 4544">
     <span class='ocr_line' id='line_1_111' title="bbox 2070 4469 3723 4544; baseline -0.004 -16"><span class='ocrx_word' id='word_1_798' title='bbox 2070 4472 2175 4528; x_wconf 89' lang='lat' dir='ltr'>tali</span> <span class='ocrx_word' id='word_1_799' title='bbox 2206 4471 2461 4528; x_wconf 88' lang='lat' dir='ltr'>rariores</span> <span class='ocrx_word' id='word_1_800' title='bbox 2477 4471 2595 4527; x_wconf 89' lang='lat' dir='ltr'>sint</span> <span class='ocrx_word' id='word_1_801' title='bbox 2612 4488 2791 4544; x_wconf 89' lang='lat' dir='ltr'>quam</span> <span class='ocrx_word' id='word_1_802' title='bbox 2823 4471 3036 4527; x_wconf 87' lang='lat' dir='ltr'>vicena</span> <span class='ocrx_word' id='word_1_803' title='bbox 3053 4471 3161 4526; x_wconf 86' lang='lat' dir='ltr'>illa</span> <span class='ocrx_word' id='word_1_804' title='bbox 3175 4472 3439 4542; x_wconf 86' lang='lat' dir='ltr'>ejusdem</span> <span class='ocrx_word' id='word_1_805' title='bbox 3455 4469 3723 4524; x_wconf 80' lang='lat' dir='ltr'>taberna—</span> 
     </span>
    </p>
   </div>
   <div class='ocr_carea' id='block_1_112' title="bbox 2070 4555 3722 4633">
    <p class='ocr_par' dir='ltr' id='par_1_112' title="bbox 2070 4555 3722 4633">
     <span class='ocr_line' id='line_1_112' title="bbox 2070 4555 3722 4633; baseline -0.007 -14"><span class='ocrx_word' id='word_1_806' title='bbox 2070 4561 2189 4619; x_wconf 87' lang='lat' dir='ltr'>culi</span> <span class='ocrx_word' id='word_1_807' title='bbox 2222 4562 2510 4618; x_wconf 87' lang='lat' dir='ltr'>australes</span> <span class='ocrx_word' id='word_1_808' title='bbox 2543 4566 2599 4617; x_wconf 83' lang='lat' dir='ltr'>et</span> <span class='ocrx_word' id='word_1_809' title='bbox 2630 4560 2963 4633; x_wconf 83' lang='lat' dir='ltr'>aquilonia,</span> <span class='ocrx_word' id='word_1_810' title='bbox 2997 4565 3061 4615; x_wconf 91' lang='lat' dir='ltr'>ut</span> <span class='ocrx_word' id='word_1_811' title='bbox 3091 4561 3276 4632; x_wconf 86' lang='lat' dir='ltr'>possit</span> <span class='ocrx_word' id='word_1_812' title='bbox 3306 4555 3722 4630; x_wconf 90' lang='lat' dir='ltr'>comprehendi</span> 
     </span>
    </p>
   </div>
   <div class='ocr_carea' id='block_1_113' title="bbox 2074 4645 3723 4723">
    <p class='ocr_par' dir='ltr' id='par_1_113' title="bbox 2074 4645 3723 4723">
     <span class='ocr_line' id='line_1_113' title="bbox 2074 4645 3723 4723; baseline -0.004 -18"><span class='ocrx_word' id='word_1_813' title='bbox 2074 4651 2332 4721; x_wconf 87' lang='lat' dir='ltr'>spatium</span> <span class='ocrx_word' id='word_1_814' title='bbox 2351 4656 2639 4723; x_wconf 90' lang='lat' dir='ltr'>quantum</span> <span class='ocrx_word' id='word_1_815' title='bbox 2661 4650 2880 4705; x_wconf 81' lang='lat' dir='ltr'>sufﬁcit</span> <span class='ocrx_word' id='word_1_816' title='bbox 2903 4650 3101 4705; x_wconf 87' lang='lat' dir='ltr'>decem</span> <span class='ocrx_word' id='word_1_817' title='bbox 3127 4648 3242 4703; x_wconf 91' lang='lat' dir='ltr'>illis</span> <span class='ocrx_word' id='word_1_818' title='bbox 3261 4646 3460 4702; x_wconf 82' lang='lat' dir='ltr'>aulais</span> <span class='ocrx_word' id='word_1_819' title='bbox 3480 4645 3723 4699; x_wconf 88' lang='lat' dir='ltr'>circum-</span> 
     </span>
    </p>
   </div>
   <div class='ocr_carea' id='block_1_114' title="bbox 2075 4734 3721 4812">
    <p class='ocr_par' dir='ltr' id='par_1_114' title="bbox 2075 4734 3721 4812">
     <span class='ocr_line' id='line_1_114' title="bbox 2075 4734 3721 4812; baseline -0.003 -18"><span class='ocrx_word' id='word_1_820' title='bbox 2075 4740 2410 4811; x_wconf 88' lang='lat' dir='ltr'>tendendis,</span> <span class='ocrx_word' id='word_1_821' title='bbox 2435 4741 2655 4812; x_wconf 90' lang='lat' dir='ltr'>quibus</span> <span class='ocrx_word' id='word_1_822' title='bbox 2687 4739 2961 4812; x_wconf 90' lang='lat' dir='ltr'>primitus</span> <span class='ocrx_word' id='word_1_823' title='bbox 2979 4738 3123 4793; x_wconf 84' lang='lat' dir='ltr'>dixit</span> <span class='ocrx_word' id='word_1_824' title='bbox 3152 4737 3258 4792; x_wconf 90' lang='lat' dir='ltr'>hoc</span> <span class='ocrx_word' id='word_1_825' title='bbox 3277 4734 3721 4791; x_wconf 87' lang='lat' dir='ltr'>tabernaculum</span> 
     </span>
    </p>
   </div>
   <div class='ocr_carea' id='block_1_115' title="bbox 2078 4824 3724 4897">
    <p class='ocr_par' dir='ltr' id='par_1_115' title="bbox 2078 4824 3724 4897">
     <span class='ocr_line' id='line_1_115' title="bbox 2078 4824 3724 4897; baseline -0.004 -14"><span class='ocrx_word' id='word_1_826' title='bbox 2078 4829 2223 4883; x_wconf 84' lang='lat' dir='ltr'>fieri.</span> <span class='ocrx_word' id='word_1_827' title='bbox 2246 4829 2472 4886; x_wconf 87' lang='lat' dir='ltr'>Habent</span> <span class='ocrx_word' id='word_1_828' title='bbox 2493 4830 2646 4885; x_wconf 89' lang='lat' dir='ltr'>enim</span> <span class='ocrx_word' id='word_1_829' title='bbox 2668 4828 3079 4884; x_wconf 87' lang='lat' dir='ltr'>cubitavicena</span> <span class='ocrx_word' id='word_1_830' title='bbox 3102 4831 3397 4894; x_wconf 87' lang='lat' dir='ltr'>etoctona,</span> <span class='ocrx_word' id='word_1_831' title='bbox 3423 4841 3549 4897; x_wconf 84' lang='lat' dir='ltr'>qua</span> <span class='ocrx_word' id='word_1_832' title='bbox 3576 4824 3724 4879; x_wconf 80' lang='lat' dir='ltr'>fiunt</span> 
     </span>
    </p>
   </div>
   <div class='ocr_carea' id='block_1_116' title="bbox 2076 4915 3728 4989">
    <p class='ocr_par' dir='ltr' id='par_1_116' title="bbox 2076 4915 3728 4989">
     <span class='ocr_line' id='line_1_116' title="bbox 2076 4915 3728 4989; baseline -0.004 -16"><span class='ocrx_word' id='word_1_833' title='bbox 2076 4918 2255 4974; x_wconf 89' lang='lat' dir='ltr'>simul</span> <span class='ocrx_word' id='word_1_834' title='bbox 2285 4920 2535 4974; x_wconf 88' lang='lat' dir='ltr'>ducenta</span> <span class='ocrx_word' id='word_1_835' title='bbox 2556 4917 2883 4989; x_wconf 87' lang='lat' dir='ltr'>octoginta:</span> <span class='ocrx_word' id='word_1_836' title='bbox 2907 4933 3157 4987; x_wconf 89' lang='lat' dir='ltr'>quorum</span> <span class='ocrx_word' id='word_1_837' title='bbox 3184 4915 3231 4971; x_wconf 90' lang='lat' dir='ltr'>si</span> <span class='ocrx_word' id='word_1_838' title='bbox 3257 4919 3504 4971; x_wconf 86' lang='lat' dir='ltr'>centena</span> <span class='ocrx_word' id='word_1_839' title='bbox 3529 4915 3728 4970; x_wconf 87' lang='lat' dir='ltr'>essent</span> 
     </span>
    </p>
   </div>
   <div class='ocr_carea' id='block_1_117' title="bbox 2077 5004 3729 5076">
    <p class='ocr_par' dir='ltr' id='par_1_117' title="bbox 2077 5004 3729 5076">
     <span class='ocr_line' id='line_1_117' title="bbox 2077 5004 3729 5076; baseline -0.003 -14"><span class='ocrx_word' id='word_1_840' title='bbox 2077 5008 2135 5062; x_wconf 91' lang='lat' dir='ltr'>in</span> <span class='ocrx_word' id='word_1_841' title='bbox 2157 5007 2677 5063; x_wconf 83' lang='lat' dir='ltr'>lateribusduobus</span> <span class='ocrx_word' id='word_1_842' title='bbox 2691 5004 3729 5076; x_wconf 87' lang='lat' dir='ltr'>austrietaquilonis,ubivicenarum</span> 
     </span>
    </p>
   </div>
   <div class='ocr_carea' id='block_1_118' title="bbox 2080 5095 3739 5167">
    <p class='ocr_par' dir='ltr' id='par_1_118' title="bbox 2080 5095 3739 5167">
     <span class='ocr_line' id='line_1_118' title="bbox 2080 5095 3739 5167; baseline -0.002 -15"><span class='ocrx_word' id='word_1_843' title='bbox 2080 5096 2490 5152; x_wconf 89' lang='lat' dir='ltr'>columnarum</span> <span class='ocrx_word' id='word_1_844' title='bbox 2507 5096 2741 5151; x_wconf 89' lang='lat' dir='ltr'>ordines</span> <span class='ocrx_word' id='word_1_845' title='bbox 2756 5096 3302 5167; x_wconf 86' lang='lat' dir='ltr'>sunt,quadragena</span> <span class='ocrx_word' id='word_1_846' title='bbox 3321 5096 3526 5167; x_wconf 91' lang='lat' dir='ltr'>utique</span> <span class='ocrx_word' id='word_1_847' title='bbox 3540 5095 3739 5151; x_wconf 88' lang='lat' dir='ltr'>cubita</span> 
     </span>
    </p>
   </div>
   <div class='ocr_carea' id='block_1_119' title="bbox 2081 5183 3739 5256">
    <p class='ocr_par' dir='ltr' id='par_1_119' title="bbox 2081 5183 3739 5256">
     <span class='ocr_line' id='line_1_119' title="bbox 2081 5183 3739 5256; baseline -0.002 -16"><span class='ocrx_word' id='word_1_848' title='bbox 2081 5184 2708 5256; x_wconf 84' lang='lat' dir='ltr'>tenderenturperalia</span> <span class='ocrx_word' id='word_1_849' title='bbox 2734 5186 2848 5239; x_wconf 86' lang='lat' dir='ltr'>duo</span> <span class='ocrx_word' id='word_1_850' title='bbox 2869 5184 3051 5239; x_wconf 79' lang='lat' dir='ltr'>latera</span> <span class='ocrx_word' id='word_1_851' title='bbox 3069 5185 3310 5240; x_wconf 82' lang='lat' dir='ltr'>orientis</span> <span class='ocrx_word' id='word_1_852' title='bbox 3326 5191 3380 5240; x_wconf 85' lang='lat' dir='ltr'>et</span> <span class='ocrx_word' id='word_1_853' title='bbox 3399 5183 3739 5249; x_wconf 84' lang='lat' dir='ltr'>occidentis,</span> 
     </span>
    </p>
   </div>
   <div class='ocr_carea' id='block_1_120' title="bbox 2083 5271 3742 5347">
    <p class='ocr_par' dir='ltr' id='par_1_120' title="bbox 2083 5271 3742 5347">
     <span class='ocr_line' id='line_1_120' title="bbox 2083 5271 3742 5347; baseline -0.002 -17"><span class='ocrx_word' id='word_1_854' title='bbox 2083 5280 2139 5330; x_wconf 92' lang='lat' dir='ltr'>et</span> <span class='ocrx_word' id='word_1_855' title='bbox 2162 5275 2535 5347; x_wconf 88' lang='lat' dir='ltr'>proportione</span> <span class='ocrx_word' id='word_1_856' title='bbox 2568 5279 2939 5330; x_wconf 87' lang='lat' dir='ltr'>occurrerent</span> <span class='ocrx_word' id='word_1_857' title='bbox 2971 5274 3029 5328; x_wconf 91' lang='lat' dir='ltr'>in</span> <span class='ocrx_word' id='word_1_858' title='bbox 3063 5278 3189 5330; x_wconf 83' lang='lat' dir='ltr'>octo</span> <span class='ocrx_word' id='word_1_859' title='bbox 3224 5274 3511 5330; x_wconf 88' lang='lat' dir='ltr'>columnis</span> <span class='ocrx_word' id='word_1_860' title='bbox 3543 5271 3742 5328; x_wconf 85' lang='lat' dir='ltr'>cubita</span> 
     </span>
    </p>
   </div>
   <div class='ocr_carea' id='block_1_121' title="bbox 2079 5363 3737 5436">
    <p class='ocr_par' dir='ltr' id='par_1_121' title="bbox 2079 5363 3737 5436">
     <span class='ocr_line' id='line_1_121' title="bbox 2079 5363 3737 5436; baseline -0.003 -16"><span class='ocrx_word' id='word_1_861' title='bbox 2079 5382 2113 5436; x_wconf 91' lang='lat' dir='ltr'>q</span> <span class='ocrx_word' id='word_1_862' title='bbox 2128 5364 2663 5436; x_wconf 87' lang='lat' dir='ltr'>uadraginta,sicut</span> <span class='ocrx_word' id='word_1_863' title='bbox 2682 5364 2741 5418; x_wconf 91' lang='lat' dir='ltr'>in</span> <span class='ocrx_word' id='word_1_864' title='bbox 2758 5363 2963 5436; x_wconf 86' lang='lat' dir='ltr'>viginti</span> <span class='ocrx_word' id='word_1_865' title='bbox 2978 5364 3269 5420; x_wconf 89' lang='lat' dir='ltr'>columnis</span> <span class='ocrx_word' id='word_1_866' title='bbox 3284 5365 3479 5420; x_wconf 88' lang='lat' dir='ltr'>cubita</span> <span class='ocrx_word' id='word_1_867' title='bbox 3492 5366 3737 5428; x_wconf 87' lang='lat' dir='ltr'>centum;</span> 
     </span>
    </p>
   </div>
   <div class='ocr_carea' id='block_1_122' title="bbox 2081 5451 3738 5526">
    <p class='ocr_par' dir='ltr' id='par_1_122' title="bbox 2081 5451 3738 5526">
     <span class='ocr_line' id='line_1_122' title="bbox 2081 5451 3738 5526; baseline -0.002 -16"><span class='ocrx_word' id='word_1_868' title='bbox 2081 5455 2179 5510; x_wconf 90' lang='lat' dir='ltr'>sed</span> <span class='ocrx_word' id='word_1_869' title='bbox 2209 5471 2323 5509; x_wconf 92' lang='lat' dir='ltr'>non</span> <span class='ocrx_word' id='word_1_870' title='bbox 2357 5459 2555 5510; x_wconf 89' lang='lat' dir='ltr'>essent</span> <span class='ocrx_word' id='word_1_871' title='bbox 2586 5454 2853 5526; x_wconf 84' lang='lat' dir='ltr'>longiora</span> <span class='ocrx_word' id='word_1_872' title='bbox 2883 5454 3062 5509; x_wconf 87' lang='lat' dir='ltr'>latera</span> <span class='ocrx_word' id='word_1_873' title='bbox 3087 5453 3390 5509; x_wconf 85' lang='lat' dir='ltr'>exterioris</span> <span class='ocrx_word' id='word_1_874' title='bbox 3426 5451 3738 5524; x_wconf 88' lang='lat' dir='ltr'>atrii,quo-</span> 
     </span>
    </p>
   </div>
   <div class='ocr_carea' id='block_1_123' title="bbox 2082 5543 3737 5609">
    <p class='ocr_par' dir='ltr' id='par_1_123' title="bbox 2082 5543 3737 5609">
     <span class='ocr_line' id='line_1_123' title="bbox 2082 5543 3737 5609; baseline -0.002 -12"><span class='ocrx_word' id='word_1_875' title='bbox 2082 5543 2240 5599; x_wconf 86' lang='lat' dir='ltr'>niam</span> <span class='ocrx_word' id='word_1_876' title='bbox 2263 5544 2525 5599; x_wconf 84' lang='lat' dir='ltr'>centenis</span> <span class='ocrx_word' id='word_1_877' title='bbox 2560 5543 2776 5598; x_wconf 89' lang='lat' dir='ltr'>cubitis</span> <span class='ocrx_word' id='word_1_878' title='bbox 2792 5543 3028 5597; x_wconf 86' lang='lat' dir='ltr'>deﬁnita</span> <span class='ocrx_word' id='word_1_879' title='bbox 3051 5548 3214 5609; x_wconf 90' lang='lat' dir='ltr'>sunt;</span> <span class='ocrx_word' id='word_1_880' title='bbox 3231 5548 3285 5597; x_wconf 86' lang='lat' dir='ltr'>et</span> <span class='ocrx_word' id='word_1_881' title='bbox 3303 5543 3431 5597; x_wconf 90' lang='lat' dir='ltr'>ideo</span> <span class='ocrx_word' id='word_1_882' title='bbox 3448 5558 3562 5596; x_wconf 92' lang='lat' dir='ltr'>non</span> <span class='ocrx_word' id='word_1_883' title='bbox 3580 5544 3737 5595; x_wconf 87' lang='lat' dir='ltr'>esset</span> 
     </span>
    </p>
   </div>
   <div class='ocr_carea' id='block_1_124' title="bbox 2085 5630 3735 5705">
    <p class='ocr_par' dir='ltr' id='par_1_124' title="bbox 2085 5630 3735 5705">
     <span class='ocr_line' id='line_1_124' title="bbox 2085 5630 3735 5705; baseline -0.002 -18"><span class='ocrx_word' id='word_1_884' title='bbox 2085 5632 2577 5705; x_wconf 82' lang='lat' dir='ltr'>quemadmodum</span> <span class='ocrx_word' id='word_1_885' title='bbox 2607 5631 2706 5688; x_wconf 89' lang='lat' dir='ltr'>ille</span> <span class='ocrx_word' id='word_1_886' title='bbox 2736 5632 2876 5687; x_wconf 92' lang='lat' dir='ltr'>ordo</span> <span class='ocrx_word' id='word_1_887' title='bbox 2906 5632 3105 5688; x_wconf 83' lang='lat' dir='ltr'>decem</span> <span class='ocrx_word' id='word_1_888' title='bbox 3122 5631 3528 5687; x_wconf 89' lang='lat' dir='ltr'>columnarum</span> <span class='ocrx_word' id='word_1_889' title='bbox 3553 5630 3623 5685; x_wconf 89' lang='lat' dir='ltr'>ab</span> <span class='ocrx_word' id='word_1_890' title='bbox 3638 5644 3735 5684; x_wconf 88' lang='lat' dir='ltr'>au—</span> 
     </span>
    </p>
   </div>
   <div class='ocr_carea' id='block_1_125' title="bbox 2151 5745 3725 5815">
    <p class='ocr_par' dir='ltr' id='par_1_125' title="bbox 2151 5745 3725 5815">
     <span class='ocr_line' id='line_1_125' title="bbox 2151 5745 3725 5815; baseline -0.006 -13"><span class='ocrx_word' id='word_1_891' title='bbox 2151 5754 2167 5788; x_wconf 84' lang='grc'>¹</span> <span class='ocrx_word' id='word_1_892' title='bbox 2200 5751 2358 5815; x_wconf 87' lang='lat' dir='ltr'>Editi,</span> <span class='ocrx_word' id='word_1_893' title='bbox 2386 5764 2583 5800; x_wconf 85' lang='lat' dir='ltr'>eorum.</span> <span class='ocrx_word' id='word_1_894' title='bbox 2620 5750 2688 5801; x_wconf 77' lang='lat' dir='ltr'>At</span> <span class='ocrx_word' id='word_1_895' title='bbox 2715 5750 2864 5811; x_wconf 89' lang='lat' dir='ltr'>Mss.,</span> <span class='ocrx_word' id='word_1_896' title='bbox 2892 5763 3095 5802; x_wconf 85' lang='lat' dir='ltr'>eorum:</span> <span class='ocrx_word' id='word_1_897' title='bbox 3126 5748 3358 5799; x_wconf 83' lang='lat' dir='ltr'>refertur</span> <span class='ocrx_word' id='word_1_898' title='bbox 3386 5748 3453 5798; x_wconf 87' lang='lat' dir='ltr'>ad</span> <span class='ocrx_word' id='word_1_899' title='bbox 3483 5745 3725 5797; x_wconf 85' lang='lat' dir='ltr'>tentoria.</span> 
     </span>
    </p>
   </div>
  </div>
