4098 6184
426 289 541 348 663

430 421 568 495 gulo
600 419 843 477 australi
874 420 932 476 in
965 421 1244 493 angulum
1263 418 1965 492 aquiloniumincluderet
1985 434 2073 472 or-

433 512 628 567 dinem
648 510 991 567 interiorum
1015 516 1141 566 octo
1156 509 1836 566 columnarum.Proinde
1852 512 1913 563 ut
1934 506 2076 563 atrio

436 602 701 673 undique
716 602 1107 657 circumdatur
1125 598 2087 670 interiustabernacn1um,0portet

438 692 583 745 illud
616 708 744 747 esse
758 693 933 746 etiam
952 689 1340 761 longitudinis
1360 689 1645 745 brevioris
1666 706 1678 743 ε
1700 693 1874 759 atque
1891 688 1966 743 ita
1983 704 2082 741 ne-

439 796 600 836 cesse
622 781 699 835 sit
728 781 959 835 vicenas
990 778 1507 849 ejuscolumnasin
1530 777 2080 843 duobuslateribus,

442 869 723 938 quibusin
739 869 978 940 longum
998 868 2082 941 porrigitur,densiusconstitui,quam

442 961 579 1012 sunt
611 958 741 1013 atrii
773 959 1076 1013 exterioris
1107 958 1284 1014 etiam
1309 958 1445 1029 ipsae
1477 957 1687 1013 vicenas
1724 975 1736 1025 ;
1800 962 1855 1011 et
1893 954 2083 1011 rarius

442 1056 571 1107 octo
605 1047 912 1104 columnas
944 1047 1307 1102 tabernaculi
1338 1046 1634 1103 interioris
1668 1065 1701 1101 a
1732 1053 1893 1118 parte
1942 1045 2085 1100 occi-

440 1143 655 1207 dentis,
676 1155 852 1213 quam
869 1138 1066 1193 decem
1096 1154 1163 1191 ex
1185 1137 1387 1191 eadem
1413 1141 1576 1207 parte
1604 1135 1733 1191 atrii
1750 1133 2080 1191 exterioris:

440 1232 717 1305 quoniam
749 1227 1032 1298 quidquid
1067 1226 1265 1281 minus
1295 1226 1625 1281 cubitorum
1659 1224 1859 1280 exiliis
1891 1222 2086 1279 aulaeis

440 1320 776 1378 extenditur
806 1318 864 1371 in
898 1314 1183 1371 columnis
1206 1314 1422 1370 vicenis
1446 1316 1696 1369 duorum
1728 1314 1978 1369 laterum
2014 1314 2085 1368 ad

443 1414 710 1467 austrum
728 1412 782 1462 et
814 1406 885 1461 ad
911 1402 2087 1476 aquilonem,compensandumestlatitu-

446 1502 579 1555 dine
605 1495 903 1553 orientalis
934 1499 989 1549 et
1011 1493 1386 1549 occidentalis
1404 1494 1623 1563 lateris,
1649 1493 2089 1548 utducentaoc-

444 1590 672 1661 toginta
702 1584 1395 1641 eubitaconsummentur
1416 1582 1750 1638 aulaeorum.
1783 1582 1908 1637 Non
1931 1581 2088 1637 enim

445 1679 597 1735 sicut
627 1677 696 1731 de
725 1672 1197 1745 veliscapilaciis,
1234 1672 1331 1726 ubi
1358 1688 1538 1727 unum
1557 1672 1810 1743 plusest,
1845 1672 1925 1726 ita
1947 1676 2003 1726 et
2019 1671 2089 1725 de

446 1768 539 1823 his
571 1763 967 1835 aulaeisjussit
996 1761 1215 1832 aliquid
1275 1762 1580 1833 duplicari.
1633 1762 1996 1833 Quapropter
2042 1760 2090 1815 si

444 1860 677 1912 tantum
710 1852 1006 1909 breviatur
1031 1850 1334 1923 longitudo
1366 1850 1727 1906 tabernaculi
1771 1848 2088 1919 interioris,

448 1946 605 2018 quod
634 1944 704 1999 ab
728 1943 872 1998 atrio
903 1940 1185 1996 exteriore
1206 1945 1403 2011 posset
1430 1938 1672 2007 includi,
1708 1940 1846 1996 utin
1874 1939 2090 1994 vicenis

445 2032 1008 2105 ejuscolumnisnon
1026 2034 1271 2085 centena
1302 2028 1500 2084 cubita
1521 2030 1843 2084 tendantur
1875 2028 2088 2084 aulaeo-

447 2140 610 2192 rum;
644 2122 745 2177 sed
777 2120 935 2176 verbi
968 2118 1177 2191 gratia,
1220 2122 1284 2173 ut
1316 2117 1632 2173 minimum
1682 2134 1989 2190 nonagena
2036 2121 2094 2172 et

450 2229 612 2278 sena,
645 2216 711 2265 ut
741 2208 1038 2281 quaternis
1071 2207 1283 2263 cubitis
1305 2208 1569 2264 breviora
1590 2208 1736 2264 sint:
1788 2208 1910 2263 haec
1966 2206 2096 2278 ipsa

452 2306 737 2373 quaterna
767 2298 985 2364 cubita,
1006 2298 1059 2352 id
1079 2302 1304 2352 estocto
1332 2297 1528 2351 cubita
1548 2297 1607 2351 in
1639 2295 1928 2352 duosaliis
1959 2296 2095 2351 late-

452 2392 615 2446 ribus
635 2390 837 2461 utique
860 2386 1152 2442 tendenda
1177 2390 1332 2453 sunt,
1361 2386 1627 2442 orientali
1647 2392 1700 2441 et
1720 2385 2092 2453 occidentali;

453 2497 519 2537 ac
551 2480 635 2535 sic
665 2478 724 2533 in
753 2477 872 2532 illis
893 2482 1020 2533 octo
1039 2474 1328 2531 columnis
1352 2475 1810 2531 occidentalibus
1828 2476 2096 2531 taberna-

455 2569 568 2626 culi
600 2568 894 2623 interioris
914 2583 1027 2621 non
1049 2567 1447 2621 extenduntur
1468 2565 1665 2621 cubita
1686 2566 2096 2637 quadraginta,

456 2661 557 2715 sed
580 2656 966 2730 quadraginta
998 2661 1267 2726 quatuor,
1301 2659 1358 2711 et
1390 2654 1503 2710 alia
1532 2656 1916 2727 quadraginta
1956 2672 2097 2725 qua-

454 2754 587 2804 tuor
618 2748 688 2803 ab
712 2746 954 2801 oriente.
988 2749 1131 2799 Cum
1156 2760 1291 2816 ergo
1323 2744 1381 2800 in
1407 2744 1604 2799 decem
1625 2743 1914 2800 columnis
1944 2748 2098 2799 exte-

456 2837 625 2893 rioris
658 2836 788 2891 atrii
819 2835 1143 2889 tenduntur
1173 2833 1370 2888 cubita
1393 2834 1846 2907 quinquaginta,
1880 2834 1936 2887 in
1972 2838 2098 2888 octo

456 2932 651 2982 autem
682 2923 975 2979 interioris
1004 2923 1367 2979 tabernaculi
1390 2924 1710 2978 tenduntur
1738 2922 1932 2977 cubita
1963 2940 2101 2993 qua-

457 3014 726 3086 draginta
748 3017 1017 3084 quatuor,
1044 3013 1263 3067 rariora
1283 3012 1663 3066 inveniuntur
1682 3010 1988 3067 intervalla
2010 3012 2099 3065 in-

458 3106 741 3161 teriorum
776 3106 905 3158 octo
936 3100 1344 3157 columnarum
1377 3117 1552 3171 quam
1595 3100 1944 3156 exteriorum
2000 3101 2099 3155 de-

461 3210 617 3251 cem:
653 3192 792 3265 quia
823 3194 871 3247 si
904 3191 1068 3263 paria
1110 3197 1325 3255 essent,
1385 3189 1465 3244 ita
1510 3190 1566 3243 in
1626 3189 1914 3244 columnis
1975 3194 2101 3245 octo

459 3283 847 3354 quadraginta
862 3281 1061 3336 cubita
1084 3280 1487 3345 tenderentur,
1508 3278 1659 3334 sicut
1676 3278 2104 3349 quinquaginta

460 3372 854 3427 tendebantur
882 3370 941 3425 in
965 3370 1164 3426 decem
1190 3387 1203 3438 ;
1229 3368 1505 3440 quoniam
1533 3369 1684 3438 quod
1704 3373 1840 3423 sunt
1864 3385 2102 3440 propor-

464 3459 756 3515 tioneocto
788 3459 860 3514 ad
892 3460 1115 3526 decem,
1151 3459 1257 3512 hoc
1274 3461 1414 3512 sunt
1441 3458 1909 3527 quadragintaad
1934 3459 2106 3529 quin-

468 3548 770 3619 quaginta.
789 3548 1131 3611 Quinarium
1153 3546 1367 3617 quippe
1386 3562 1695 3600 numerum
1719 3546 2110 3617 quadraginta

463 3638 642 3694 octies
673 3637 909 3702 habent,
944 3635 1403 3707 quinquinginta
1433 3634 1643 3689 decies.

534 3726 621 3781 41.
650 3727 751 3792 [1b.
789 3726 999 3795 14-16.]
1028 3724 1141 3779 Nec
1173 3722 2106 3780 nosmoverentcolumnarumin-

464 3814 707 3871 tervalla
720 3813 1160 3885 disparia,quod
1176 3813 1474 3868 densiores
1493 3811 1551 3867 in
1565 3810 1845 3868 lateribus
1858 3813 2013 3886 longi
2026 3820 2110 3869 tu-

464 3905 617 3961 dinis
633 3908 1010 3977 ponerentur,
1027 3903 1125 3957 ubi
1150 3900 1362 3957 vicente
1388 3902 1814 3967 sunt,rariores
1836 3908 2027 3959 autem
2048 3904 2106 3958 in

462 3996 645 4050 latere
669 3993 1018 4061 latitudinis,
1040 3992 1139 4047 ubi
1173 3997 1299 4047 octo
1319 3996 1476 4059 sunt,
1504 3992 1615 4047 nisi
1651 3991 1805 4046 aliud
1841 3993 2111 4049 existeret

462 4085 618 4156 quod
643 4088 874 4156 urgeret
896 4087 1122 4137 mutare
1136 4081 1828 4137 sententiam.Cumenim
1862 4099 2111 4138 comme-

463 4178 750 4230 morasset
772 4172 1199 4245 longitudinem
1216 4172 1347 4227 atrii
1372 4174 1439 4226 ad
1462 4189 1617 4227 mare
1637 4172 1849 4227 habere
1864 4173 2110 4229 tentoria

467 4262 898 4333 quinquaginta
910 4260 1237 4315 cubitorum
1253 4301 1265 4325 ,
1288 4264 1343 4314 et
1360 4261 1662 4315 columnas
1679 4263 1898 4330 decem,
1934 4267 1987 4318 et
2002 4266 2107 4318 ba-

461 4368 555 4406 ses
585 4366 787 4405 earum
813 4350 1010 4404 decem
1037 4366 1049 4415 ;
1083 4353 1139 4402 et
1161 4348 1533 4403 latitudinem
1568 4349 1697 4403 atrii
1727 4351 1798 4403 ad
1823 4351 2103 4406 orientem

460 4440 601 4495 item
635 4437 1066 4511 quinquaginta
1099 4437 1449 4501 cubitorum,
1486 4443 1539 4492 et
1570 4439 1875 4494 columnas
1907 4440 2105 4495 decem

459 4534 517 4585 et
546 4529 717 4585 bases
749 4528 983 4595 decem;
1019 4531 1192 4597 atque
1216 4525 1306 4581 bis
1329 4526 1500 4581 dictis
1532 4528 1784 4597 perfecta
1816 4527 2109 4585 videretur

460 4620 649 4675 forma
678 4616 1183 4674 tabernaculicum
1204 4615 1349 4669 atrio
1369 4633 1472 4670 suo
1498 4616 1757 4687 undique
1789 4618 2103 4685 ambiente,

458 4707 1016 4779 injecitaliud,quod
1039 4706 1137 4761 ubi
1160 4710 1214 4761 et
1234 4705 1525 4777 quomodo
1549 4704 1991 4778 intelligendum
2008 4709 2104 4776 sit,

460 4797 806 4852 difﬁcillime
836 4797 1161 4868 reperitur:
1197 4798 1258 4851 Et
1289 4795 1617 4867 quindecim,
1654 4795 1863 4866 inquit,
1892 4798 2101 4854 cubito-

458 4902 584 4940 rum
612 4888 975 4940 tentorioran
1004 4886 1233 4941 altitudo
1257 4886 1427 4941 latori
1457 4887 1559 4940 uni
1578 4903 1595 4937 :
1627 4886 1896 4942 columnae
1926 4903 2103 4943 eorum

456 4979 586 5041 tres,
611 4974 821 5029 ctbasoe
834 4990 1029 5029 earum
1047 4979 1173 5030 tres.
1220 4979 1285 5030 Et
1305 4975 1775 5043 latussecundum,
1794 4976 2099 5047 quindecim

456 5065 764 5120 cubitorum
796 5065 1157 5118 tentoriorum
1181 5066 1416 5121 altitudo
1438 5084 1455 5120 :
1476 5069 1949 5122 cotumnmcomm
1971 5076 2098 5137 tres,

453 5163 503 5210 et
526 5155 674 5210 bases
696 5169 887 5209 carum
911 5154 1288 5223 ires.Etportaz
1307 5158 1447 5209 atrii
1461 5159 1708 5226 tegumen
1728 5158 1929 5224 viginti
1946 5158 2098 5213 cubi—

455 5249 645 5300 torum
675 5241 906 5298 altitudo
927 5242 992 5295 de
1012 5241 1309 5312 hyacintho
1333 5253 1382 5297 et
1402 5260 1657 5316 purpura
1677 5254 1727 5300 et
1744 5262 1894 5301 cocco
1908 5250 2028 5301 ueto
2049 5251 2099 5303 et

453 5334 609 5403 bysso
640 5338 807 5402 torta,
834 5334 1103 5387 varietate
1126 5349 1227 5386 acu
1250 5334 1431 5403 picta:
1453 5336 1722 5392 columna?
1742 5353 1932 5391 carum
1953 5353 2096 5409 qua-

450 5432 575 5478 tuor
602 5430 653 5479 et
684 5424 831 5479 bases
856 5438 1049 5477 carum
1079 5426 1331 5493 quatuor.
1359 5427 1485 5478 Haec
1512 5424 1608 5479 ubi
1642 5426 2093 5493 constituantur,

451 5514 706 5585 perfecta
728 5513 827 5568 illa
849 5514 1034 5567 forma
1052 5512 1556 5577 tabernaculi,non
1582 5514 1771 5570 video:
1799 5516 1896 5571 sed
1923 5516 2094 5588 plane

448 5602 617 5657 video
642 5603 915 5657 eumdem
937 5619 1067 5658 esse
1089 5619 1397 5658 numerum
1427 5602 1834 5659 Columnarum
1867 5605 2089 5678 decem,

450 5693 509 5747 in
544 5691 734 5746 tribus
768 5697 823 5746 et
846 5693 1034 5747 tribus
1066 5696 1121 5747 et
1154 5697 1431 5764 quatuor,
1465 5692 1648 5749 ternis
1674 5692 1897 5748 scilicet
1943 5697 1977 5749 ὸ
2005 5694 2091 5751 la-

451 5783 674 5840 teribus
696 5786 751 5838 et
783 5786 1035 5855 quatuor
1063 5781 1124 5849 in
1148 5782 1358 5840 medio.
1408 5785 1487 5840 Ac
1538 5798 1644 5855 per
1682 5782 1787 5840 hoc
1844 5785 2095 5845 tentoria

1167 288 1699 358 ΟΠᾸΞΞΤΙΟΝΗΜ
1750 289 1811 347 S.
1856 285 2095 345 AUGUE

2207 286 2277 343 NI
2323 286 2401 345 IN
2449 288 3093 348 HEPTATEUCHUM

3720 290 3826 347 664

2185 416 2287 472 illa
2318 418 2748 492 quinquaginta
2780 419 3110 475 cubitorum
3154 436 3268 475 non
3316 422 3593 475 contexta
3650 426 3827 487 erunt,

2189 524 2258 561 ne
2291 508 2487 563 aditus
2520 508 2575 563 in
2610 510 2756 564 atrio
2809 508 3006 565 nullus
3037 510 3115 565 sit
3160 526 3172 565 :
3204 510 3305 565 sed
3371 509 3696 581 quindenis
3740 527 3829 564 cu-

2192 595 2328 651 bitis
2355 598 2546 653 media
2575 598 2775 668 viginti
2808 600 3006 654 cubita
3035 599 3489 670 separabuntur,
3522 603 3588 652 ut
3629 598 3831 653 faciant

2192 690 2370 756 portte
2388 687 2746 742 tabernaculi
2776 690 3051 760 tegimen,
3088 689 3193 743 hoc
3208 693 3296 744 est
3326 688 3552 755 velum,
3586 689 3737 759 quod
3760 705 3838 743 or-

2193 780 2467 830 namento
2495 776 2937 848 velamentoque
2970 777 3315 849 dependeat,
3371 781 3430 831 et
3461 780 3659 831 teneat
3716 792 3835 847 spa-

2191 863 2339 918 tium
2373 871 2621 936 quatuor
2639 866 3068 933 columnarum,
3103 867 3256 938 quod
3286 871 3474 939 portae
3508 866 3641 920 atrii
3676 866 3840 937 depu-

2191 956 2379 1007 tatum
2412 959 2587 1024 atque
2617 962 2955 1027 separatum
2980 961 3087 1011 est.
3124 956 3256 1011 Ideo
3280 954 3556 1010 velamen
3590 954 3777 1026 ipsum
3811 972 3839 1008 a

2193 1041 2475 1098 lateribus
2490 1044 2743 1115 quinden
2756 1062 2851 1099 um
2867 1045 3196 1101 cubitorum
3212 1044 3475 1100 divisum
3501 1048 3677 1116 atque
3694 1060 3840 1115 sepa-

2194 1136 2409 1200 ratum,
2444 1133 2616 1189 etiam
2652 1135 2845 1206 specie
2876 1135 3159 1207 distingui
3186 1134 3393 1200 voluit,
3432 1139 3498 1188 ut
3531 1150 3701 1203 opere
3743 1150 3839 1187 acu

2196 1220 2350 1293 picto
2369 1224 3033 1293 quatuorillacoloribus
3055 1224 3406 1280 variaretur.
3425 1223 3537 1279 Sed
3555 1222 3731 1278 lalera
3751 1223 3842 1277 illa

2196 1312 2564 1382 quindenum
2598 1315 2926 1370 cubitorum
2963 1314 3099 1370 hinc
3131 1319 3307 1385 atque
3339 1314 3486 1369 hinc
3518 1320 3717 1368 ternas
3755 1329 3839 1367 co-

2197 1400 2433 1457 lumnas
2464 1402 2828 1469 habentium,
2863 1404 2909 1459 si
2935 1405 3005 1459 ad
3031 1405 3295 1460 eamdem
3329 1404 3524 1473 lineae]
3553 1402 3841 1459 rectitudi-

2198 1506 2330 1544 nem
2364 1496 2540 1563 portae
2575 1492 2704 1547 atrii
2754 1495 3208 1565 conjungantur,
3244 1511 3362 1549 non
3427 1493 3540 1550 erit
3600 1493 3841 1564 spatium

2198 1580 2347 1635 inter
2377 1581 2576 1637 decem
2609 1582 2912 1638 columnas
2943 1582 3243 1638 exterioris
3274 1583 3408 1638 atrii
3445 1588 3507 1639 et
3538 1586 3666 1638 octo
3705 1582 3843 1636 inte-

2198 1669 2372 1726 rioris
2402 1670 2782 1740 tabernaculi,
2819 1672 2917 1727 ubi
2951 1674 3029 1728 sit
3075 1672 3257 1728 altare
3302 1673 3579 1744 quinque
3628 1672 3838 1727 cubito-

2199 1774 2352 1826 rum,
2388 1760 2677 1831 quadrum
2713 1778 3005 1833 occupans
3038 1762 3329 1833 spatium;
3383 1766 3443 1817 et
3465 1765 3606 1816 ante
3656 1762 3837 1833 ipsum

2200 1849 2400 1917 altare,
2437 1849 2535 1904 ubi
2568 1850 2855 1905 serviatur
2883 1851 3086 1918 altari;
3121 1856 3179 1906 et
3210 1851 3366 1906 inter
3398 1851 3602 1922 ipsum
3656 1855 3712 1905 et
3758 1868 3841 1906 os-

2200 1938 2351 1994 tium
2382 1939 2743 1994 tabernaculi
2772 1939 3086 2005 interioris,
3112 1940 3210 1995 ubi
3234 1940 3307 1995 sit
3331 1940 3572 1995 labrum
3607 1957 3838 1995 aeneum.

2201 2028 2295 2083 Sic
2326 2028 2480 2082 enim
2514 2028 2647 2099 poni
2673 2029 2915 2097 jussum
2948 2034 3053 2096 est,
3090 2030 3242 2084 unde
3287 2047 3514 2086 manus
3574 2035 3633 2085 et
3684 2030 3845 2102 pedes

2203 2118 2533 2173 sacerdotes
2559 2117 2770 2185 lavent,
2819 2119 3052 2190 quando
3112 2119 3335 2175 intrant
3383 2119 3844 2179 tabernaculum.

2202 2207 2293 2263 vel
2323 2207 2554 2277 quando
2601 2209 2886 2263 accedunt
2934 2212 2998 2264 ut
3050 2208 3217 2263 altari
3267 2209 3647 2265 deserviant:
3703 2207 3843 2278 quod

2205 2295 2319 2351 nisi
2351 2296 2492 2352 foris
2542 2315 2574 2351 a
2622 2297 2994 2354 tabernaculo
3050 2298 3111 2353 in
3171 2299 3319 2354 atrio
3365 2298 3845 2359 intellexerimus,

2207 2387 2499 2456 quomodo
2532 2391 2781 2457 possunt
2812 2388 2975 2458 prius
3008 2386 3197 2443 lavare
3231 2405 3451 2444 manus
3482 2393 3543 2444 et
3569 2388 3761 2459 pedes,
3800 2390 3848 2440 et

2208 2478 2290 2532 sic
2320 2476 2761 2532 tabernaculum
2795 2478 3084 2533 introire?
3114 2479 3276 2536 Foris
3338 2484 3542 2535 autem
3597 2480 3668 2534 ab
3717 2474 3847 2531 atrio

2208 2583 2324 2621 non
2358 2583 2675 2637 possumus
2698 2567 2878 2623 altare
2909 2572 3167 2624 statuere
3194 2587 3207 2636 ;
3242 2570 3383 2641 quia
3415 2572 3476 2624 et
3508 2568 3843 2623 tabernacu-

2209 2654 2329 2709 lum
2363 2660 2419 2710 et
2469 2655 2652 2711 altare
2701 2656 3051 2713 circumdari
3102 2658 3247 2713 atrio
3308 2659 3611 2730 praecepit.
3668 2657 3850 2711 Restat

2209 2745 2388 2817 igitur
2418 2748 2482 2800 ut
2512 2744 2611 2799 illa
2642 2744 2822 2800 latera
2855 2745 3219 2817 quindenum
3252 2748 3591 2803 cubitorum
3613 2745 3744 2800 hinc
3773 2748 3846 2797 at-

2210 2851 2324 2904 que
2346 2833 2502 2899 hinc,
2526 2837 2580 2888 et
2612 2833 3022 2889 columnarum
3052 2840 3381 2902 ternarum,
3406 2837 3492 2892 sic
3506 2834 3846 2906 accipiamus

2211 2940 2244 2978 a
2272 2922 2645 2987 lateribus,ut
2663 2923 2785 2992 ipsa
2802 2923 3403 2980 faciantintervallum
3428 2925 3674 2980 totidem
3698 2920 3844 2977 cubi-

2210 3016 2406 3067 torum
2432 3014 2446 3046 ¹
2479 3012 2629 3066 inter
2652 3018 2879 3082 portam
2913 3013 3043 3068 atrii
3068 3018 3124 3068 et
3144 3014 3361 3069 ostium
3387 3010 3844 3069 tabernaculiin-

2210 3101 2468 3158 terioris:
2506 3106 2727 3172 portam
2763 3103 2996 3172 quidem
3016 3108 3311 3174 patentem
3335 3103 3549 3175 viginti
3573 3097 3843 3157 cubitisin

2213 3194 2466 3263 quatuor
2496 3190 2809 3257 columnis,
2842 3191 3233 3247 etbabentem
3281 3191 3482 3247 velum
3543 3207 3648 3246 acu
3709 3188 3844 3260 picto

2215 3296 2386 3351 opere
2412 3278 2702 3335 variatum
2753 3280 2957 3351 viginti
3018 3281 3390 3349 cubitorum;
3459 3280 3679 3336 ostium
3729 3290 3847 3331 vero

2213 3368 2572 3424 tabernaculi
2608 3368 2874 3438 interius,
2908 3370 3005 3425 ubi
3041 3376 3289 3441 ponatur
3316 3370 3585 3426 velamen
3630 3366 3765 3422 illud
3795 3365 3845 3418 in

2218 3458 2476 3529 quinque
2508 3456 2798 3512 columnis
2830 3463 3166 3514 extentum:
3206 3461 3359 3531 quod
3395 3460 3607 3531 utique
3640 3474 3747 3513 non
3770 3454 3848 3507 in-

2218 3552 2308 3602 tra
2340 3546 2503 3600 illum
2537 3546 2801 3602 ordinem
2836 3551 2962 3602 octo
2986 3547 3422 3619 columnarum,
3458 3548 3560 3604 sed
3594 3550 3749 3602 extra
3780 3543 3846 3597 fo-

2218 3636 2297 3691 ris
2328 3636 2398 3690 ad
2431 3635 2645 3690 atrium
2680 3636 2934 3707 positum
2977 3636 3303 3711 intelligere
3344 3638 3651 3694 debemus.
3702 3636 3847 3689 Tunc

2218 3726 2374 3781 enim
2406 3724 2515 3781 erit
2546 3725 2739 3779 velum
2790 3725 2924 3780 ostii
2982 3726 3373 3795 tabernaculi,
3442 3728 3599 3800 quod
3649 3722 3843 3780 ostium

2217 3821 2500 3886 tanquam
2531 3813 2712 3869 valvis
2744 3815 3131 3886 aperiebatur,
3195 3816 3292 3871 ubi
3356 3817 3544 3872 aulaea
3597 3815 3741 3869 inter
3792 3824 3845 3863 se

2218 3904 2453 3961 circulis
2486 3907 2541 3958 et
2570 3904 2729 3959 ansis
2758 3920 2871 3959 non
2905 3905 3434 3977 conjungebantur.
3463 3907 3579 3961 Aut
3607 3903 3654 3958 si
3714 3901 3842 3954 forte

2219 3995 2372 4049 intra
2402 3993 2568 4048 illum
2602 3992 2864 4048 ordinem
2898 3998 3027 4048 octo
3058 3992 3469 4050 columnarum
3502 3983 3840 4049 tabernaculi

2220 4083 2537 4150 interioris,
2572 4083 2974 4153 opponebatur
3011 4082 3120 4138 hoc
3176 4082 3440 4139 velamen
3491 4084 3550 4138 in
3605 4078 3844 4152 quinque

2220 4171 2511 4228 columnis
2544 4172 2694 4226 ostio
2721 4170 3106 4241 tabernaculi,
3132 4177 3196 4227 ut
3216 4174 3451 4244 quando
3475 4168 3840 4245 aperiebatur,

2216 4261 2494 4317 interiora
2524 4278 2637 4316 non
2670 4261 3058 4330 nudarentur,
3092 4278 3164 4317 ne
3193 4279 3225 4318 a
3258 4259 3746 4336 prospicientibus
3773 4253 3843 4306 vi-

2217 4352 2525 4417 derentur;
2564 4350 2718 4421 quod
2754 4353 2947 4405 tamen
2977 4350 3239 4407 velamen
3288 4352 3408 4408 sive
3465 4348 3725 4411 interius,
3780 4341 3839 4396 ab

2217 4441 2314 4496 illo
2347 4441 2548 4507 ordine
2581 4439 3014 4507 columnarum,
3069 4440 3189 4496 sive
3219 4441 3473 4498 exterius
3530 4437 3838 4512 poneretur,

2217 4530 2371 4601 quod
2398 4544 2512 4583 non
2546 4528 2688 4584 satis
2720 4527 2941 4584 elucet:
2980 4529 3181 4600 procul
3213 4530 3391 4585 dubio
3442 4528 3691 4586 distabat
3721 4536 3833 4576 mo-

2216 4621 2414 4674 derato
2444 4616 2748 4673 intervallo
2780 4618 2851 4673 ab
2906 4618 3106 4673 eodem
3167 4620 3370 4675 ordine
3425 4619 3833 4676 columnarum.

2213 4724 2284 4762 ne
2310 4706 2567 4779 quinque
2600 4705 2880 4760 columnae
2913 4707 2984 4761 ad
3021 4712 3274 4779 quatuor
3295 4708 3595 4764 columnas
3618 4698 3831 4757 densius

2212 4796 2564 4868 constipatae,
2592 4794 3051 4850 intercluderent
3070 4796 3523 4868 potiusuditum,
3555 4806 3720 4865 quam
3746 4801 3827 4839 ve-

2209 4888 2416 4943 larent.

2282 4979 2367 5032 12.
2394 4976 2728 5032 Secundum
2752 4977 2928 5032 istum
2953 4976 3147 5047 itaque
3170 4977 3433 5044 modum,
3464 4969 3823 5033 etsecundum

2209 5068 2357 5124 hanc
2396 5068 2643 5122 formam
2660 5065 3021 5121 tabernaculi
3058 5066 3202 5121 nihil
3228 5068 3352 5139 jam
3369 5061 3823 5141 epusestvicenas

2209 5156 2340 5212 illas
2374 5156 2681 5211 columnas
2715 5153 2967 5210 laterum
3022 5155 3317 5212 interioris
3363 5147 3707 5213 tabernaculi
3758 5140 3819 5197 ad

2210 5251 2477 5302 austrum
2511 5247 2570 5299 et
2600 5244 2936 5316 aquilonem
2958 5248 3311 5301 constituere
3335 5245 3645 5308 densiores,
3674 5240 3818 5292 ϐιω-

2210 5338 2392 5392 riores
2424 5334 2553 5391 illas
2586 5336 2917 5391 octotacere
2942 5351 3067 5406 qua:
3127 5336 3199 5391 ab
3254 5337 3547 5392 occidente
3594 5323 3811 5386 fuerant.

2204 5427 2414 5483 Decem
2448 5425 2662 5497 quippe
2692 5424 2802 5480 illae
2831 5425 2963 5482 atrii
2995 5424 3296 5482 exterioris
3327 5427 3398 5482 ab
3431 5426 3623 5483 eadem
3673 5413 3813 5487 parte

2203 5516 2521 5573 occidentis
2541 5532 2655 5571 non
2670 5513 2911 5587 longum
2927 5515 3190 5571 ordinem
3208 5514 3803 5573 faciuntcolumnarum

2203 5624 2315 5678 quo
2346 5604 2725 5660 includantur
2754 5610 2882 5660 octo
2904 5604 3234 5677 interiores,
3249 5606 3351 5663 sed
3383 5604 3557 5663 ternis
3573 5600 3639 5657 ab
3666 5598 3803 5651 utro-

2259 5797 2278 5835 ι
2311 5794 2399 5850 Sic
2424 5792 2552 5848 Mss.
2582 5793 2651 5848 At
2680 5791 2825 5857 editi,
2859 5791 3063 5858 aliquot
3088 5792 3391 5845 cubitorum.
