4098 6184
228 343 341 402 665

229 488 342 545 que
370 471 557 528 latere
587 470 1012 538 constitutis,et
1041 475 1295 542 quatuor
1323 472 1381 528 in
1406 473 1883 545 portaﬁspatium

229 561 718 630 concludunt,ubi
743 564 798 617 et
819 560 1000 616 altare
1022 561 1096 617 sit
1125 561 1697 618 holocaustematum
1734 563 1887 617 intra

231 657 463 724 portam
486 651 620 707 atrii
644 654 777 706 ante
799 651 1016 706 ostium
1035 652 1722 718 tabernaculi;etlabrum
1739 652 1892 706 inter

230 743 450 798 ostium
473 740 840 796 tabernaculi
865 745 920 796 et
941 740 1205 809 altare;et
1226 741 1600 797 intervallum
1627 758 1892 797 necessa-

228 832 382 887 rium
407 831 738 886 ministerio
760 831 913 885 inter
935 831 1118 886 altare
1141 836 1197 886 et
1219 835 1446 902 portam
1471 831 1691 887 atriizet
1713 831 1797 886 sic
1821 829 1890 885 il-

227 919 326 975 lud
349 924 540 976 totum
555 919 814 991 spatium
829 920 956 974 atrii
974 919 1349 976 concluditur
1363 920 1654 976 columnis
1667 921 1890 985 decem,

227 1009 424 1065 tribus
456 1009 528 1064 ab
559 1008 916 1080 aquilone,et
945 1009 1136 1064 tribus
1153 1010 1225 1064 ab
1245 1013 1528 1078 austro,et
1545 1013 1798 1080 quatuor
1819 1008 1890 1063 ab

223 1099 553 1169 occidente,
571 1103 854 1170 tanquam
886 1099 935 1153 si
968 1099 1016 1154 II
1045 1115 1294 1172 graecam
1325 1098 1577 1155 litteram
1610 1098 1895 1154 facias.Et

223 1189 309 1244 sic
323 1188 926 1260 adjungebaturidem
941 1188 1199 1259 spatium
1215 1188 1463 1261 longiori
1477 1188 1666 1244 ordini
1683 1187 1897 1243 colum-

225 1293 440 1333 narum
465 1277 826 1333 tabernaculi
848 1277 1452 1350 interioris,tanquam
1469 1277 1517 1332 si
1540 1278 1612 1333 ad
1636 1277 1892 1332 litteram

227 1370 641 1437 memoratam,
674 1383 744 1422 ex
771 1383 839 1422 ea
868 1371 1033 1439 parte
1064 1383 1180 1438 qua
1209 1383 1326 1422 non
1357 1367 1552 1436 habet,
1602 1367 1892 1437 adjungas

228 1455 444 1510 litterae
467 1455 914 1528 productionem
937 1473 1064 1528 qua)
1087 1457 1206 1512 iota
1226 1457 1462 1524 dicitur;
1491 1462 1556 1511 ut
1579 1457 1707 1527 ejus
1730 1461 1892 1526 parte

227 1561 362 1616 quas
395 1546 453 1600 in
489 1545 680 1600 medio
713 1549 824 1612 est,
855 1545 925 1600 ab
959 1562 1024 1601 eo
1057 1545 1234 1601 latere
1264 1546 1666 1610 concludatur,
1699 1550 1758 1600 et
1800 1561 1891 1600 re-

225 1638 392 1688 stent
421 1633 558 1690 hinc
591 1639 768 1706 atque
800 1633 937 1690 inde
966 1651 1034 1690 ex
1064 1635 1190 1705 ipso
1223 1635 1340 1690 iota
1385 1634 1622 1707 reliquae
1675 1639 1889 1706 partes.

223 1726 514 1778 Poterant
535 1739 668 1796 ergo
693 1722 990 1779 numerari
1011 1724 1211 1779 decem
1236 1723 1702 1779 columnaainillo
1719 1728 1892 1795 longo

174 1869 178 1872 .
224 1812 442 1869 ordine
467 1814 651 1885 partis
674 1813 1053 1869 occidentalis
1075 1812 1436 1868 tabernaculi
1456 1811 1774 1878 interioris,
1791 1812 1891 1866 sed

225 1919 372 1958 cum
397 1901 517 1958 illis
544 1906 670 1958 octo
693 1903 1049 1958 adderentur
1076 1903 1227 1969 duae,
1255 1919 1380 1974 qua:
1413 1903 1644 1957 fuerant
1672 1901 1894 1957 ultima

225 1991 288 2046 in
323 1991 638 2047 ordinibus
669 1989 919 2047 laterum
951 1991 1082 2047 atrii
1115 1991 1408 2063 aquilonis
1437 1995 1494 2046 et
1521 1990 1726 2046 austri.
1746 1989 1892 2044 Nam

227 2085 287 2137 et
309 2081 428 2136 ille
462 2081 664 2139 decem
695 2097 823 2152 quas
855 2081 1104 2153 propriae
1133 2081 1203 2136 ad
1235 2081 1450 2137 atrium
1483 2080 1840 2152 pertinerent
1861 2096 1895 2134 a

231 2175 406 2244 parte
435 2170 777 2238 occidentis,
812 2171 964 2226 unde
995 2175 1050 2226 et
1079 2171 1412 2226 intrabatur
1439 2171 1512 2225 ad
1544 2170 1890 2225 tabernacu-

226 2259 385 2326 lum,
419 2265 621 2316 ternas
652 2260 948 2315 habebant
978 2259 1037 2313 in
1077 2258 1382 2326 lateribus,
1432 2264 1488 2314 et
1537 2262 1787 2330 quatuor
1832 2256 1891 2311 in

221 2351 445 2416 fronte,
481 2350 581 2404 ubi
603 2353 770 2422 porta
790 2354 934 2417 erat,
968 2354 1145 2419 atque
1166 2349 1247 2404 ita
1266 2349 1522 2420 spatium
1548 2348 1682 2402 usui
1714 2346 1890 2401 sacri-

220 2437 498 2493 ﬁciorum
532 2438 934 2494 necessarium
967 2438 1121 2492 intra
1151 2437 1366 2492 atrium
1401 2443 1533 2493 ante
1551 2437 1893 2510 tabernacu—

219 2525 354 2583 lum
381 2527 907 2599 amplectebantur.
935 2527 998 2582 In
1021 2526 1205 2582 ternis
1225 2531 1421 2583 autem
1446 2525 1736 2582 columnis
1762 2541 1888 2596 qua":

219 2615 1083 2684 fuerantalateribus,tentoria
1105 2615 1354 2670 erantde
1374 2615 1550 2686 bysso
1575 2615 1897 2686 quindenO'

220 2721 359 2759 rum
389 2704 819 2760 cubitorumzin
843 2711 1097 2777 quatuor
1117 2709 1314 2760 autem
1340 2704 1439 2759 ubi
1463 2713 1627 2775 porta
1647 2710 1895 2773 erat,ve-

217 2792 350 2848 lum
371 2799 499 2849 erat
517 2793 721 2866 viginti
743 2794 1075 2849 cubitorum
1098 2810 1205 2849 acu
1230 2793 1382 2864 picto
1397 2810 1569 2865 opere
1581 2793 1891 2849 variatum-

299 2884 390 2939 13.
443 2883 550 2953 [1b.
598 2900 834 2949 mwn,
876 2883 1059 2954 9-18.]
1132 2883 1248 2938 Nec
1313 2887 1544 2938 moveat
1600 2884 1756 2953 quod
1815 2882 1898 2938 ait

221 2972 556 3044 Scriptura,
583 2973 910 3040 Quindecim
939 2972 1258 3027 cubitorum
1289 2973 1633 3027 tentoriorem
1664 2971 1897 3027 altitudo

225 3062 399 3117 lateri
427 3064 568 3117 uni:
583 3064 857 3119 columna
875 3077 1068 3117 eorum
1089 3065 1280 3131 tres,et
1305 3061 1455 3116 bases
1475 3077 1665 3117 eorum
1687 3071 1810 3117 tres.
1836 3063 1900 3116 Et

223 3152 375 3206 latus
396 3151 699 3206 secundum
721 3151 1027 3223 quindecim
1045 3151 1353 3206 cubitorum
1378 3152 1901 3215 tentoriorum,alti-

223 3240 356 3295 tudo
371 3259 390 3296 :
403 3241 680 3297 columna
699 3256 887 3296 eorum
907 3243 1091 3309 tres,et
1113 3241 1265 3296 bases
1280 3257 1475 3296 earum
1498 3244 1625 3296 tres.
1638 3245 1703 3296 Et
1720 3245 1899 3311 portae

223 3331 367 3386 atrii
404 3340 656 3400 tegumen
703 3330 903 3400 viginti
948 3330 1263 3385 cubitorum
1309 3332 1564 3386 altitudo.
1614 3330 1896 3385 Altitudi-

222 3436 364 3474 nem
395 3419 618 3490 quippe
648 3419 916 3474 eamdem
963 3418 1125 3487 dicit,
1178 3434 1304 3490 quae
1356 3419 1546 3474 fuerat
1589 3419 1895 3490 longitudo

225 3509 648 3564 tentoriorum.
681 3508 899 3563 Eadem
931 3509 1152 3580 quippe
1192 3507 1439 3564 altitudo
1489 3513 1578 3564 est
1625 3525 1759 3563 cum
1811 3516 1893 3564 te-

223 3603 472 3666 xuntur,
517 3615 644 3670 qua
693 3596 997 3669 longitudo
1049 3602 1138 3653 est
1186 3613 1319 3652 cum
1347 3598 1693 3654 tenduntur.
1731 3598 1891 3662 Quod

227 3705 302 3744 ne
333 3687 629 3760 suspicari
659 3686 983 3753 videamur,
1007 3686 1118 3742 alio
1149 3685 1274 3742 loco
1307 3686 1567 3758 idipsum
1596 3687 1897 3756 Scriptura

227 3793 708 3834 commemorans
738 3776 840 3847 ait,
871 3777 936 3831 Et
960 3778 1211 3847 fecerunt
1257 3777 1469 3830 atrium
1515 3776 1654 3846 quod
1703 3785 1779 3830 est
1828 3774 1898 3829 ad

230 3874 514 3935 austrum,
571 3865 811 3920 tentoria
856 3865 1001 3919 atrii
1045 3865 1118 3919 de
1167 3864 1322 3934 bysso
1351 3867 1512 3930 torta,
1548 3868 1771 3919 centum
1799 3879 1900 3935 per

227 3965 456 4011 centum
495 3971 516 4008 :
556 3953 614 4008 id
664 3957 772 4020 est,
826 3957 1060 4008 centum
1110 3952 1309 4008 cubita
1359 3953 1748 4008 tentoriorum
1799 3969 1900 4024 per

232 4050 473 4101 centum
509 4043 706 4099 cubita
735 4042 910 4115 spatii
943 4043 1097 4114 quod
1133 4044 1408 4099 tenebant
1434 4042 1643 4115 viginti
1672 4041 1895 4099 colum-

233 4151 344 4190 nae.
380 4133 599 4189 Deinde
650 4133 918 4204 sequitur
950 4149 964 4190 :
996 4134 1059 4187 Et
1100 4133 1378 4189 columnae
1425 4148 1613 4188 eorum
1672 4135 1896 4211 viginti,

233 4232 282 4280 et
310 4225 476 4280 bases
504 4239 706 4279 earum
731 4221 930 4292 viginti
957 4237 1148 4279 areae.
1181 4227 1248 4278 Et
1282 4223 1426 4276 latus
1455 4221 1596 4295 quod
1627 4223 1697 4279 ad
1727 4227 1897 4296 aqui-

234 4315 414 4370 lonem
446 4319 665 4369 centum
691 4328 792 4383 per
819 4315 1120 4379 centum,et
1147 4313 1414 4367 columnae
1440 4328 1630 4368 eorum
1653 4315 1899 4386 viginti“,

230 4413 281 4459 et
312 4405 468 4459 bases
497 4418 689 4458 earum
722 4402 924 4474 viginti
948 4415 1116 4458 mea?
1162 4420 1181 4457 :
1231 4409 1286 4457 et
1331 4403 1474 4458 latus
1525 4402 1663 4474 quod
1707 4406 1784 4459 est
1831 4404 1901 4459 ad

231 4508 407 4562 mare,
429 4493 612 4550 auleee
640 4491 1048 4563 quinquaginta
1077 4492 1389 4546 cubitorum
1410 4493 1676 4547 columnae
1708 4509 1899 4548 eorum

233 4583 444 4651 decem,
477 4586 534 4637 et
565 4581 717 4637 bases
765 4597 961 4636 carum
1001 4581 1209 4637 decem.
1259 4580 1474 4637 Eadem
1523 4581 1667 4637 dicit
1717 4582 1900 4638 aulaea

236 4688 363 4743 quae
415 4671 691 4727 tentoria.
748 4670 811 4725 Et
859 4671 1005 4725 latus
1048 4669 1188 4741 quod
1234 4669 1304 4724 ad
1333 4672 1599 4725 orientem
1631 4673 1900 4743 quinqua-

236 4764 393 4831 ginta
421 4762 734 4817 cubitorum
760 4761 1024 4816 tentoria.
1053 4763 1192 4815 Post
1221 4759 1344 4816 haec
1375 4759 1527 4816 redit
1579 4760 1649 4815 ad
1700 4766 1898 4832 poste-

239 4850 393 4907 riora
435 4849 824 4916 tabernaculi,
855 4853 921 4905 ut
948 4851 1224 4906 ostendat
1255 4849 1755 4922 quemadmodum
1788 4849 1900 4906 illa:

237 4940 438 4997 decem
462 4939 752 4996 columnas
781 4939 1039 5011 spatium
1069 4939 1140 4995 de
1171 4956 1286 5012 quo
1333 4938 1702 5010 loquebatur,
1765 4940 1898 4994 atrii

239 5047 365 5087 com
376 5029 805 5103 plectebantur.
823 5029 1149 5097 Quindecim
1177 5029 1514 5095 cubitorum,
1530 5027 1742 5099 inquit,
1757 5029 1899 5100 quod

232 5129 313 5176 est
329 5137 364 5177 a
385 5121 563 5176 dorso.
576 5123 822 5174 Dorsum
846 5117 1272 5190 appellat,quia
1292 5116 1897 5190 posteriorataberna-

236 5209 351 5265 culi
375 5213 566 5277 erant,
587 5207 644 5263 id
671 5213 759 5264 est
779 5225 813 5264 a
834 5213 997 5280 parte
1033 5207 1374 5263 occidentis.
1402 5208 1468 5262 Et
1486 5207 1777 5272 columnae,
1803 5205 1897 5261 in-

233 5301 580 5371 quit,eorum
603 5307 792 5363 tres,et
813 5299 962 5353 bases
981 5313 1178 5353 earum
1197 5301 1324 5352 tres.
1344 5299 1411 5353 Et
1427 5313 1462 5350 a
1479 5295 1637 5351 dorso
1661 5295 1896 5350 secundo

235 5389 364 5446 hinc
392 5397 445 5446 et
475 5387 608 5444 hinc
635 5392 930 5444 secundum
944 5392 1161 5460 portam
1184 5393 1204 5426 ³
1223 5388 1364 5443 atrii
1384 5387 1562 5441 autem
1584 5384 1897 5456 quindecim

307 5561 467 5635 I_Bat.
501 5562 727 5635 etiam,
757 5560 941 5634 impar.
974 5561 1093 5635 ᾼω.
1128 5561 1213 5612 Er.
1262 5563 1313 5611 et
1359 5559 1600 5624 quinque
1643 5556 1792 5619 Mss.,
1838 5557 1895 5608 in

237 5632 461 5690 portam.
498 5625 600 5675 Alii
628 5625 774 5683 Mss.,
805 5625 857 5672 in
885 5627 1054 5685 porta.

247 5690 326 5750 Νι
354 5688 510 5749 Editi,
561 5691 786 5750 excepto
835 5685 972 5746 Rat.,
1017 5685 1207 5750 viginti
1254 5700 1413 5735 erce.
1467 5683 1631 5734 Abest
1676 5697 1811 5733 area
1861 5697 1894 5732 a

241 5749 366 5800 Mss.
396 5754 451 5800 et
479 5764 510 5800 a
541 5749 713 5800 LXXI
1076 5749 1083 5750 7

308 5815 330 5850 ³
356 5813 512 5878 Editi,
537 5813 780 5878 partem;
801 5823 902 5876 pro
931 5823 1040 5877 quo
1070 5809 1528 5877 Mss.,p0rtam.Sic
1555 5808 1716 5862 etiam
1741 5808 1884 5862 LXX.

1586 341 1817 403 LIBER
1861 341 2293 407 SECUNDUS.

3532 347 3654 407 666

1995 473 2301 528 cubitorum
2328 490 2346 528 :
2378 475 2650 531 columna:
2680 489 2872 530 eorum
2902 477 3026 543 tres,
3051 477 3100 530 et
3131 474 3289 529 bases
3310 490 3500 529 earum
3522 483 3624 532 tres

2000 563 2379 618 Manifestum
2412 569 2501 618 est
2549 571 2704 619 certe
2756 565 2961 619 eadem
3011 564 3124 619 duo
3178 564 3350 618 dorsa
3397 565 3508 619 dici
3551 565 3657 620 hoc

2003 651 2148 718 loco,
2185 669 2317 707 cum
2352 658 2886 708 commemorantur
2917 653 3113 708 omnia
3158 653 3656 724 quemadmodum

2002 742 2155 796 facta
2183 743 2317 811 sint,
2353 761 2474 811 qua:
2516 743 2710 798 lzetera
2761 743 3122 809 dicebantur,
3175 744 3409 813 quando
3460 743 3658 814 pracci-

2003 831 2273 903 piebatur
2306 837 2368 886 ut
2399 832 2605 888 ﬁerent
2639 850 2650 887 :
2682 835 2863 888 latera
2895 832 3115 888 scilicet
3147 833 3284 904 quia
3315 833 3448 888 hinc
3489 838 3659 901 atque

2001 919 2136 976 inde
2188 923 2502 993 conjuncta
2551 928 2727 994 portae
2778 921 3151 978 occidentalis
3185 924 3200 955 ¹
3237 922 3366 976 atrii
3400 922 3657 992 spatium

1963 1071 1966 1074 ,
2004 1011 2470 1079 concludebant;
2505 1013 2678 1067 dorsa
2703 1028 2858 1080 vero,
2894 1013 3050 1083 quod
3106 1029 3139 1066 a
3186 1015 3346 1083 tergo
3387 1012 3658 1066 taberna-

2006 1100 2122 1155 culi
2173 1106 2296 1156 erat
2327 1101 2446 1157 hinc
2478 1119 2613 1173 pars
2646 1101 2797 1169 atrii,
2831 1102 2886 1156 id
2920 1106 3008 1156 est
3040 1118 3072 1155 a
3103 1105 3262 1172 parte
3292 1099 3656 1156 occidentali.

2003 1191 2276 1261 Sequitur
2305 1196 2501 1246 autem
2535 1197 2590 1247 et
2621 1191 2760 1246 dicit
2795 1208 2806 1246 :
2843 1190 3041 1245 Omnia
3067 1191 3245 1245 aulam
3275 1192 3408 1245 atrii
3427 1190 3488 1244 de
3507 1190 3658 1261 bysso

2005 1284 2166 1346 torta,
2198 1282 2247 1334 et
2279 1280 2432 1335 bases
2460 1281 2840 1335 columnarum
2870 1295 3044 1344 aerem,
3078 1284 3131 1332 ct
3159 1295 3310 1335 ansm
3339 1295 3530 1333 earum.
3560 1296 3656 1334 ar-

2003 1373 2226 1438 genteae,
2280 1374 2332 1424 et
2378 1371 2561 1440 capita
2606 1386 2800 1424 earum
2850 1370 3212 1438 inargentataa
3269 1375 3493 1439 argento
3544 1384 3564 1431 ;
3609 1373 3661 1424 et

2003 1458 2269 1512 columnae
2303 1461 2674 1529 inargenlala’
2705 1468 2956 1529 argento,
2979 1473 3160 1513 omnes
3180 1459 3451 1513 columna:
3497 1459 3656 1512 atrii.

2003 1547 2218 1601 Deinde
2250 1547 2521 1618 adiungit
2544 1548 2697 1618 quod
2722 1549 2981 1601 nondum
3006 1546 3118 1601 isto
3137 1545 3260 1601 loco
3291 1562 3652 1601 commemo-

2003 1640 2229 1691 raverat
2261 1653 2273 1690 :
2306 1638 2370 1690 Et
2395 1638 2526 1692 vela.
2547 1639 2841 1691 memorati
2862 1637 3002 1690 atrii
3031 1637 3051 1669 ²
3079 1653 3215 1708 opus
3237 1637 3558 1702 varialoris,
3588 1635 3652 1690 de

2003 1724 2296 1794 hyacintho
2311 1730 2362 1780 et
2393 1742 2639 1798 purpura
2669 1729 2718 1780 et
2747 1742 2894 1780 cocco
2924 1730 3046 1781 neto
3077 1735 3129 1780 et
3163 1728 3315 1797 bysso
3345 1729 3527 1786 torta;
3557 1727 3644 1780 vi-

2001 1815 2146 1882 ginti
2175 1815 2489 1869 cubitorum
2539 1815 2932 1885 longitudinem
2980 1821 3034 1869 et
3085 1814 3457 1869 latitudinem.
3508 1815 3649 1868 Ecce

2005 1903 2101 1958 ubi
2132 1909 2373 1976 apparet
2402 1905 2668 1959 eamdem
2701 1905 2918 1959 dictam
2952 1905 3226 1975 superius
3257 1903 3653 1970 altitudinem,

2004 2008 2130 2064 quae
2163 1993 2479 2048 aulaeorum
2505 1996 2870 2048 extentorum
2907 1993 3095 2048 fuerat
3125 1993 3450 2062 longitudo.
3481 1991 3657 2047 Deni-

2003 2097 2114 2152 que
2145 2082 2308 2137 addit
2337 2099 2350 2136 :
2383 2084 2445 2137 Et
2476 2081 2834 2136 latitudinem
2873 2083 3114 2151 quinque
3160 2081 3492 2136 cubitorum.
3549 2081 3661 2134 Tot

2003 2170 2159 2224 enim
2208 2169 2421 2225 cubitis
2453 2168 2784 2225 latitudinis
2815 2170 3187 2242 erigebantur
3217 2170 3466 2225 tentoria
3495 2174 3656 2225 exte-

2002 2259 2172 2314 rioris
2224 2259 2375 2328 atrii,
2429 2259 2580 2315 sicut
2627 2258 2920 2314 interioris
2970 2259 3184 2314 cubitis
3241 2263 3512 2330 quatuor.
3564 2257 3654 2314 Sic

2002 2353 2197 2404 autem
2230 2353 2285 2404 et
2315 2347 2582 2420 superius
2614 2348 2839 2403 dixerat
2885 2366 2897 2404 :
2949 2348 3248 2420 Longitudo
3297 2356 3476 2404 autem
3524 2348 3658 2403 atrii

2001 2447 2218 2494 centum
2239 2455 2338 2509 per
2365 2443 2659 2505 centum,et
2693 2437 2928 2495 latitudo
2958 2440 3356 2510 quinquaginta
3375 2438 3661 2510 perguin'

2001 2529 2351 2599 quaginta,et
2375 2527 2604 2583 altitudo
2627 2531 2867 2600 quinque
2887 2529 3193 2583 cubitorum
3214 2544 3283 2582 ex
3305 2529 3460 2598 bysso
3490 2533 3652 2584 torta.

2002 2621 2160 2670 Hanc
2188 2616 2558 2670 latitudinem
2593 2616 2791 2671 dicens
2830 2633 3005 2686 quam
3040 2621 3242 2687 postea
3281 2616 3653 2671 altitudinem

2007 2704 2172 2771 dixit;
2206 2704 2483 2775 quoniam
2516 2722 2642 2775 quas
2667 2705 2992 2774 jacentium
3028 2705 3275 2760 latitudo
3309 2710 3417 2773 est,
3451 2705 3655 2759 eadem

1961 2789 1967 2796 ’
2006 2797 2330 2849 erectorum
2367 2793 2633 2849 altitudo.
2659 2793 2816 2848 Sicut
2849 2794 3003 2863 quod
3034 2793 3207 2864 paulo
3239 2798 3372 2848 ante
3403 2809 3658 2848 comme-

2009 2883 2387 2952 moravi,quaa
2420 2898 2554 2936 cum
2587 2887 2866 2937 texuntur
2897 2881 3142 2937 altitudo
3175 2883 3492 2952 est,eadem
3527 2899 3660 2938 cum

2008 2973 2333 3027 tenduntur
2362 2971 2666 3042 longitudo
2699 2975 2807 3026 est.

2082 3061 2168 3114 14.
2201 3061 2308 3131 [1b.
2340 3077 2494 3128 xxvx,
2521 3061 2606 3128 12,
2639 3060 2694 3128 9,
2731 3061 2842 3130 13.]
2873 3063 3039 3115 Nunc
3062 3061 3190 3132 jam
3224 3061 3378 3132 quod
3413 3058 3660 3116 distule-

2010 3149 2800 3220 ram,videamus;quomodo
2831 3167 2899 3206 ex
2928 3149 3037 3205 hac
3069 3151 3256 3205 forma
3285 3149 3540 3205 universi
3573 3155 3664 3204 ta-

2012 3238 2328 3306 bernaculi,
2363 3255 2541 3310 quam
2574 3238 2727 3294 sicut
2759 3239 2920 3310 potui
2951 3244 3084 3294 ante
3115 3237 3316 3295 oculos
3367 3238 3662 3308 collocavi,

2008 3327 2325 3383 difﬁcultas
2359 3327 2462 3382 illa
2493 3327 2750 3383 solvatur
2779 3329 2849 3383 de
2880 3327 3200 3400 capillaciis
3226 3328 3529 3392 velis.Qua3
3557 3329 3668 3382 for-

2008 3422 2163 3473 tasse
2178 3418 2307 3472 ideo
2321 3423 2442 3472 erat
2457 3417 2950 3488 abstrusior,quia
2964 3435 3064 3488 per
3084 3417 3558 3489 anticipationem
3591 3407 3670 3471 ibi

2007 3507 2229 3578 aliquid
2252 3507 2474 3562 dictum
2499 3510 2606 3573 est,
2629 3507 2782 3578 quod
2809 3508 3117 3578 proficeret
3135 3506 3316 3578 operi,
3339 3507 3408 3562 de
3430 3523 3544 3577 quo
3569 3523 3670 3577 po-

2007 3600 2130 3652 stea
2162 3596 2350 3652 fuerat
2379 3595 2703 3662 locuturus,
2737 3613 2871 3652 cum
2903 3598 3116 3652 atrium
3149 3596 3524 3652 tabernaculo
3558 3595 3667 3649 cir-

2007 3687 2482 3758 cumponendum
2518 3686 3072 3741 describeret.Nunc
3104 3687 3298 3757 itaque
3327 3687 3502 3740 verba
3539 3686 3669 3755 ipsa

2005 3776 2416 3845 videamus,Et
2443 3775 3106 3847 suppones,inquit,quod
3133 3775 3417 3847 superabit
3451 3776 3508 3828 in.
3540 3775 3673 3828 velis

2009 3853 2380 3934 tabernaculi,
2415 3865 2713 3919 dimidium
2742 3865 2851 3919 veli
2881 3865 3019 3936 quod
3068 3865 3347 3935 superabit
3391 3863 3668 3932 svbtegcs;

2009 3955 2150 4026 quod
2179 3954 2430 4009 abundat
2453 3955 2511 4008 in
2527 3952 2671 4008 velis
2703 3953 3317 4022 tabernaculi,subteges
3346 3961 3467 4022 post
3484 3951 3672 4005 taber-

2010 4045 2414 4099 naculumlloc
2445 4047 2631 4098 totum
2665 4043 2817 4113 quod
2851 4041 3074 4096 dictum
3101 4045 3190 4096 est
3212 4057 3395 4095 unum
3423 4055 3670 4093 sensum

2009 4132 2349 4204 habet,quia
2377 4131 2686 4186 dimidium
2705 4131 2815 4186 veli
2849 4131 3005 4201 quod
3035 4129 3531 4202 superaverit,hoc
3556 4131 3667 4196 est,

2010 4222 2068 4278 id
2091 4223 2245 4294 quod
2267 4220 2653 4276 abundaverit
2674 4220 2743 4275 dc
2767 4218 2907 4275 velis
2940 4218 3324 4289 tabernaculi,
3349 4219 3662 4289 subtcgcn-

2011 4312 2151 4366 dum
2175 4316 2263 4366 est
2285 4314 2417 4382 post
2435 4308 2898 4364 tabernaculum.
2929 4309 3226 4372 Quomodo
3249 4325 3381 4378 ergo
3405 4310 3662 4379 superet,

2011 4401 2070 4456 id
2103 4400 2476 4471 est,abundet
2507 4403 2562 4454 et
2594 4402 2770 4454 restet
2791 4398 3105 4453 dimidium
3135 4398 3267 4464 veli,
3292 4415 3359 4453 ex
3392 4397 3490 4452 illa
3518 4396 3668 4452 serie

2012 4505 2406 4546 connexorum
2436 4487 2695 4544 velorum
2729 4492 2956 4560 oportet
2986 4488 3281 4559 inquirere
3326 4505 3338 4541 :
3390 4486 3664 4556 quoniam

2012 4579 2274 4652 quinque
2297 4578 2354 4632 in
2377 4592 2460 4646 se,
2494 4581 2550 4631 ct
2571 4592 2671 4632 sex
2690 4576 2749 4631 in
2774 4594 2834 4631 se
2857 4576 3122 4631 connecti
3141 4575 3344 4641 voluit,
3384 4574 3538 4630 sicut
3569 4591 3668 4628 su-

2010 4669 2210 4741 perius
2240 4666 2485 4738 loquens
2508 4667 2752 4729 dixerat,
2775 4669 3005 4719 sextum
3027 4664 3219 4719 velum
3244 4681 3276 4718 a
3298 4664 3443 4717 facie
3468 4662 3664 4716 taber-

2012 4756 2206 4814 naculi
2229 4755 2674 4826 duplicandum,
2709 4754 2765 4807 id
2788 4760 2876 4808 est
2906 4755 2978 4808 ab
3005 4753 3245 4807 oriente.
3280 4752 3475 4806 Toties
3507 4752 3664 4806 enim

2011 4847 2333 4920 posteriora
2354 4842 2714 4900 tabernaculi
2730 4861 2762 4896 a
2784 4847 2944 4913 parte
2969 4841 3288 4897 occidentis
3302 4857 3429 4896 esse
3446 4840 3668 4911 signifi-

2010 4938 2180 5004 cavit,
2206 4937 2262 4990 id
2286 4934 2467 4990 estad
2493 4931 2823 4994 mare.Quid
2848 4931 3026 5003 igitur
3063 4931 3240 4986 facies
3283 4929 3664 4997 tabernaculi,

2011 5026 2125 5082 nisi
2157 5041 2295 5097 pars
2323 5023 2424 5078 illa
2454 5020 2831 5091 intelligenda
2854 5023 2942 5075 est
2970 5038 3096 5091 quae
3129 5024 3218 5075 est
3250 5019 3320 5074 ad
3353 5017 3669 5074 orientem?

2009 5121 2152 5181 Pars
2174 5130 2306 5184 ergo
2328 5111 2426 5166 illa
2449 5128 2563 5181 qua
2583 5108 2711 5165 vela
2733 5109 2994 5181 quinque
3016 5126 3276 5165 connexa
3298 5108 3668 5179 suntihabet

2011 5205 2447 5261 cubitacentum
2461 5198 3022 5271 quinquaginta,hoc
3039 5198 3433 5270 estquinquies
3447 5197 3667 5251 tricena

2010 5293 2388 5366 (tricenorum
2420 5287 2574 5344 enim
2607 5287 2944 5343 cubitorum
2977 5293 3144 5344 erant
3164 5285 3577 5359 singula,sicut
3599 5301 3667 5341 ea

2008 5385 2163 5442 Deus
2195 5380 2319 5436 fieri
2344 5377 2624 5451 jusserat)
2646 5394 2658 5433 :
2681 5376 2786 5433 illa
2809 5394 2943 5434 vero
2967 5395 3102 5450 pars
3126 5378 3182 5431 in
3207 5394 3321 5448 qua
3351 5378 3516 5429 erant
3546 5391 3662 5430 non

2009 5472 2288 5544 quinque,
2313 5469 2413 5524 sed
2437 5483 2536 5522 sex
2557 5465 2680 5521 vela
2705 5465 2941 5521 sibimet
2967 5464 3236 5521 similiter
3259 5479 3534 5528 connexa,
3561 5477 3661 5517 cu-

2003 5561 2127 5617 bita
2147 5559 2396 5615 habebat
2418 5559 2648 5612 centum
2673 5555 2984 5627 octoginta,
3020 5554 3078 5609 id
3100 5559 3188 5609 est
3208 5552 3393 5609 sexies
3416 5551 3661 5619 tricena,

2069 5680 2086 5714 1
2117 5673 2482 5726 Cisterciensis
2509 5671 2654 5731 Mss.,
2691 5672 2966 5735 conjuncta
2996 5683 3028 5718 α
3048 5665 3558 5735 ρᾳνροεεξιίεηίαιί.

2067 5742 2089 5776 ³
2119 5739 2330 5800 Legitur
2358 5735 2510 5800 apud
2531 5729 2688 5800 LXX,
2705 5729 2871 5800 Exodi
2905 5729 3132 5800 capt—37,
3155 5731 3229 5800 Et
3251 5729 3477 5780 velamen
3500 5733 3663 5793 porta

2067 5753 2089 5776 ¹
2119 5753 2184 5790 Le
2226 5753 2330 5788 Itur
2358 5753 2499 5800 apua
2531 5753 2653 5783 LAA
2705 5753 2871 5782 nxoui
2905 5753 3021 5796 cap.
3055 5753 3220 5794 01,15:
3251 5753 3255 5772 ς

2001 5803 2150 5859 atrii.
2188 5753 2388 5854 [aonfer
2415 5796 2621 5860 Vulgat.
2650 5771 2818 5847 Exodi
2841 5809 2958 5860 cap.
2988 5795 3068 5857 38,
3095 5807 3150 5846 ν.
3178 5796 3255 5856 18,
