3954 6186
132 309 245 369 ’125

132 459 298 500 manu
326 441 493 514 Moysi
519 440 712 497 Rediit
732 441 802 497 ad
824 442 1064 497 verbum
1093 440 1368 513 praeteriti
1397 439 1681 511 temporis
1704 443 1766 492 ut

131 532 929 601 diceret,custodierunt.Quod
943 549 1074 586 vero
1094 533 1150 586 in
1169 532 1281 585 fine
1296 530 1574 602 posuit,m
1595 544 1766 582 manu

130 623 312 692 Moysi,
339 621 727 676 usitatissima
756 621 814 673 in
848 620 1163 690 Scripturis
1213 619 1425 674 locutio
1473 623 1581 684 est,
1631 616 1766 687 quia

130 728 232 784 per
253 714 483 781 Moysen
515 709 637 763 hinc
663 709 816 763 Deus
846 707 1237 780 praecipiebat.

196 798 366 853 XVII.
402 799 507 869 [1b.
532 815 586 864 ι,
609 799 688 868 7.]
711 799 775 851 Et
797 813 921 852 cum
936 797 1386 868 congregaveritis
1407 810 1765 865 synagogam,

127 891 256 943 tuba
285 889 576 950 canetis,et
619 903 726 942 non
763 888 820 941 in
852 887 1158 957 signo.Nou
1181 902 1317 956 ergo
1341 886 1410 939 ad
1427 884 1533 938 hoc
1555 897 1766 937 canen-

127 979 260 1032 dum
281 976 560 1047 praecipit,
582 980 646 1030 ut
674 980 1057 1046 congregetur
1077 991 1365 1046 synagoga
1391 992 1404 1041 ;
1434 989 1568 1027 nam
1588 971 1636 1026 si
1663 971 1769 1026 hoc

127 1066 453 1138 tit,signum
487 1068 574 1118 est
598 1081 610 1118 :
631 1065 869 1133 sedjam
886 1068 1234 1134 congregata
1249 1059 1772 1134 synagoga,przeci-

126 1157 210 1227 pit
231 1155 377 1208 tuba
397 1156 912 1223 canere,tanquam
937 1153 1006 1206 ad
1040 1157 1275 1206 cantum
1294 1152 1416 1219 jam
1451 1150 1766 1220 pertineat;

126 1260 240 1298 non
257 1243 331 1297 ad
345 1242 603 1296 dandum
627 1240 1006 1311 signum,quo
1025 1240 1158 1294 dato
1183 1240 1303 1293 fieri
1324 1238 1542 1310 aliquid
1569 1238 1636 1292 ad
1649 1253 1768 1290 mo-

125 1337 281 1387 neat.
310 1330 560 1384 Proinde
591 1345 728 1384 cum
760 1328 868 1383 hoc
892 1328 1043 1398 quod
1073 1330 1197 1398 jam
1231 1333 1574 1398 congregata
1606 1343 1772 1397 syna-

122 1437 272 1493 goga
305 1418 463 1474 tubis
495 1418 801 1486 cauebant,
835 1416 1149 1488 quisquam
1177 1417 1350 1470 homo
1388 1415 1528 1470 Novi
1583 1418 1772 1469 Testa-

123 1507 308 1563 meuti
325 1508 393 1562 ad
419 1506 638 1577 aliquid
664 1504 965 1576 spirituale
989 1502 1770 1576 interpretatur,illisignum

123 1601 234 1664 est,
269 1597 368 1668 qui
399 1593 673 1666 intelligit
702 1610 881 1665 quare
913 1594 1012 1648 ﬁat
1038 1611 1050 1660 ;
1087 1610 1197 1648 non
1225 1591 1770 1663 intelligebant,nisi

123 1686 367 1757 quando
399 1685 469 1740 ad
508 1683 617 1738 hoc
640 1683 833 1752 ﬁebat,
862 1688 926 1736 ut
954 1681 1188 1753 aliquod
1223 1699 1370 1752 opus
1405 1682 1769 1735 indiceretur.

195 1774 393 1829 XVIII.
420 1773 527 1844 [1b.
559 1789 637 1841 ιι,
663 1773 772 1843 17.]
802 1775 878 1826 Et
908 1773 1159 1841 auferam
1179 1771 1245 1825 de
1265 1772 1469 1839 spiritu
1487 1772 1581 1840 qui
1612 1773 1687 1823 est
1716 1770 1775 1822 in

122 1872 193 1934 te,
227 1871 280 1919 et
307 1877 672 1934 superponam
688 1877 856 1932 super
883 1875 998 1921 eos;
1031 1865 1085 1915 et
1105 1860 1449 1915 sustinebunt
1469 1865 1645 1914 tecum
1673 1861 1774 1912 im-

115 1958 317 2026 petum
336 1952 603 2023 populi,et
620 1966 729 2006 non
751 1951 993 2022 portabis
1005 1951 1129 2004 illos
1155 1958 1212 2003 tu
1231 1948 1772 2019 solus.Pleriquela-

122 2042 234 2097 tini
268 2042 619 2112 interpretes
652 2057 766 2094 non
801 2044 866 2093 ut
897 2038 953 2093 in
977 2055 1162 2110 graaco
1186 2041 1294 2104 est,
1314 2036 1772 2102 transtulerunt;

121 2132 230 2188 sed
265 2132 559 2197 dixerunt,
582 2129 841 2198 Au/eram
869 2128 932 2182 de
961 2129 1161 2198 spiritu
1193 2136 1281 2181 tuo
1313 2130 1407 2196 qui
1437 2130 1516 2180 est
1538 2129 1593 2180 in
1626 2134 1694 2192 te,
1728 2128 1798 2179 et‘

114 2237 335 2294 ponam
360 2221 969 2290 supereos,autponam
992 2219 1051 2271 in
1080 2218 1178 2276 eis;
1197 2221 1253 2270 et
1272 2215 1776 2270 feceruntsensum

118 2309 488 2365 laboriosum
514 2308 583 2361 ad
610 2305 1077 2376 intelligendum.
1101 2305 1292 2358 Putari
1317 2303 1470 2360 enim
1498 2309 1690 2375 potest
1708 2305 1777 2359 de

117 2398 344 2470 spiritu
377 2397 565 2468 ipsius
586 2393 845 2449 hominis
869 2394 1114 2458 dictum,
1146 2410 1260 2463 quo
1291 2393 1551 2447 humana
1567 2399 1778 2448 natura

119 2485 464 2558 completur
493 2499 730 2555 corpore
762 2483 1192 2553 adjuncto,quse
1208 2485 1435 2535 constat
1453 2498 1518 2535 ex
1539 2497 1779 2552 corpore

117 2582 180 2632 et
214 2575 453 2646 spiritu,
489 2588 663 2642 quem
698 2571 874 2626 etiam
896 2570 1153 2625 animam
1188 2571 1427 2639 dicunt:
1465 2570 1533 2623 de
1577 2587 1691 2641 quo
1723 2575 1779 2625 et

117 2663 454 2736 Apostolus
483 2661 643 2729 dicit,
667 2661 956 2728 Quisenim
968 2661 1250 2713 hominum
1272 2659 1372 2713 scit
1393 2674 1517 2729 qum
1536 2668 1664 2713 sunt
1684 2660 1777 2714 ho-

118 2754 328 2817 minis,
361 2752 475 2804 nisi
501 2751 730 2820 spiritus
749 2749 987 2802 hominis
1007 2749 1104 2818 qui
1124 2750 1184 2802 in
1207 2750 1321 2816 ipso
1341 2756 1418 2802 est
1433 2751 1453 2798 .9
1468 2748 1559 2802 Sic
1577 2757 1625 2802 et
1657 2763 1782 2818 quae

118 2844 227 2897 Dei
257 2844 572 2907 sunt,nemo
594 2840 695 2892 scit
724 2836 1295 2908 nisiSpiritusDei.Et
1327 2837 1479 2908 quod
1513 2836 1781 2908 adjungit

118 2948 194 2987 ac
225 2929 392 2994 dicit,
411 2929 515 2982 Nos
537 2931 721 2981 autem
741 2941 851 2980 non
871 2927 1131 2996 spiritum
1173 2926 1336 2997 hujus
1358 2924 1552 2980 mundi
1570 2928 1781 2996 accepi-

117 3036 278 3086 mus,
315 3018 410 3072 sed
439 3016 709 3088 Spiritum
736 3016 832 3087 qui
858 3031 930 3069 ex
959 3015 1068 3070 Deo
1083 3023 1160 3069 est
1184 3016 1225 3084 (Ι
1262 3015 1380 3070 Cor.
1407 3031 1468 3081 ιι,
1514 3016 1599 3080 11,
1658 3016 1739 3085 12)
1767 3033 1779 3080 ;

117 3107 394 3165 ostendit
418 3105 620 3176 utique
633 3103 813 3159 alium
838 3120 966 3158 esse
989 3103 1271 3174 Spiritum
1292 3104 1585 3173 Dei,cujus
1608 3104 1783 3174 parti-

115 3214 268 3268 ceps
296 3195 364 3250 ﬁt
393 3195 636 3265 spiritus
666 3193 920 3248 hominis
954 3209 1054 3264 per
1083 3192 1332 3263 gratiam
1369 3193 1482 3246 Dei.
1509 3193 1784 3257 Quamvis

108 3290 338 3360 posset
354 3283 710 3353 etiam,sicut
727 3281 826 3336 alii
847 3281 1204 3352 interpretati
1231 3281 1641 3353 sunt,intelligi
1663 3283 1785 3353 Spi-

108 3377 284 3431 ritus
309 3373 407 3428 Dei
423 3373 480 3426 in
500 3388 566 3426 eo
588 3371 739 3442 quod
758 3369 1064 3437 dicitur,de
1079 3371 1280 3440 spiritu
1295 3381 1386 3424 tuo
1409 3372 1504 3441 qui
1523 3379 1600 3424 est
1619 3373 1674 3425 in
1705 3376 1785 3443 te;

109 3470 189 3520 ut
211 3463 445 3517 dictum
477 3461 573 3531 sit,
601 3464 715 3529 tuo,
746 3460 885 3530 quia
918 3459 982 3512 fit
1007 3458 1183 3514 etiam
1210 3464 1408 3513 noster
1428 3461 1522 3528 qui
1551 3460 1643 3514 Dei
1677 3464 1786 3523 est,

116 3569 271 3609 cum
297 3549 627 3621 accipimus
649 3565 784 3603 eum
810 3564 821 3601 :
849 3547 1002 3602 sicut
1024 3548 1093 3601 de
1112 3547 1336 3602 Joanne
1359 3547 1579 3601 dictum
1599 3553 1706 3614 est,
1729 3551 1787 3603 In

113 3643 346 3714 spiritu
374 3648 424 3694 et
455 3640 660 3693 uirtute
693 3635 836 3693 Elia:
867 3637 1016 3707 (Luc.
1041 3654 1079 3700 Ι,
1113 3637 1222 3702 17).
1258 3636 1381 3690 Νοη
1415 3636 1568 3690 enim
1593 3637 1790 3691 anima

113 3729 273 3789 Elim
295 3728 504 3783 iueum
533 3726 718 3781 fuerat
732 3724 1179 3790 revoluta.Quod
1203 3725 1250 3778 si
1266 3725 1402 3795 quid
1414 3726 1790 3794 ambasretica

115 3817 526 3892 perversitate
550 3817 884 3886 opinantur,
917 3813 1280 3884 quiddicturi
1311 3814 1517 3868 suntin
1551 3831 1615 3868 eo
1635 3816 1785 3885 quod

118 3907 435 3978 scriptum
470 3909 579 3960 est.
614 3903 856 3975 Spiritus
888 3903 1021 3956 Elim
1051 3904 1500 3973 requievitsuper
1528 3903 1793 3959 Elisaeum

120 3995 240 4065 (IV
265 3996 392 4064 Reg.
420 3994 574 4064 11,15)
600 4009 613 4058 ;
637 3991 907 4062 cumjam
931 3991 1026 4044 ille
1050 3990 1250 4061 utique
1276 3991 1510 4046 haberet
1533 3993 1792 4046 animam

118 4100 322 4144 suam
354 4084 469 4154 (a):
502 4081 613 4136 nisi
647 4082 786 4152 quia
811 4081 1031 4134 dictum
1075 4084 1163 4133 est
1199 4080 1268 4133 de
1315 4080 1536 4150 Spiritu
1581 4082 1696 4146 Dei,
1734 4086 1794 4135 ut

119 4175 327 4232 etiam
365 4189 465 4243 per
486 4171 648 4225 illum
683 4174 1022 4241 operaretur
1045 4167 1242 4240 qualia
1269 4184 1368 4239 per
1389 4168 1570 4223 Eliam
1594 4187 1793 4241 opera-

123 4266 504 4326 batur;non
539 4261 610 4315 ab
642 4258 740 4314 illo
775 4259 1070 4324 recedens,
1109 4262 1173 4312 ut
1212 4258 1389 4311 istum
1439 4265 1634 4328 posset
1683 4261 1796 4313 im-

123 4350 312 4425 plere
340 4367 353 4415 ;
386 4353 490 4402 aut
520 4347 860 4418 dispertitus
893 4347 1088 4401 minus
1119 4351 1271 4401 esset
1295 4346 1351 4399 in
1376 4345 1492 4414 illo,
1523 4352 1584 4399 ut
1604 4352 1799 4416 posset

125 4457 220 4496 ex
251 4437 460 4509 aliqua
489 4439 652 4507 parte
682 4439 740 4489 et
763 4435 823 4488 in
855 4435 965 4488 isto
998 4437 1167 4488 esse?
1197 4435 1349 4488 Deus
1377 4439 1465 4488 est
1494 4436 1646 4488 enim
1699 4436 1798 4505 qui

123 4526 345 4598 possit
373 4540 505 4581 esse
535 4523 592 4577 in
627 4522 901 4578 omnibus
931 4526 1150 4590 tantus,
1179 4522 1232 4575 in
1268 4522 1484 4592 quibus
1518 4540 1617 4592 per
1638 4523 1797 4578 illam

133 4615 413 4688 gratiam
480 4627 610 4668 esse
671 4610 940 4665 voluerit.
1003 4609 1168 4663 Nunc
1256 4615 1451 4665 autem
1531 4628 1661 4666 cum
1722 4613 1802 4667 ita

129 4704 446 4775 scriptum
478 4702 574 4769 sit,
619 4702 680 4754 Et
710 4699 964 4768 auferam
995 4699 1060 4752 de
1086 4699 1287 4769 spiritu
1319 4701 1415 4769 qui
1439 4704 1698 4771 estsuper
1728 4708 1799 4771 te,

126 4809 259 4848 nec
293 4791 520 4845 dictum
553 4789 647 4852 sit.
680 4788 744 4844 de
770 4789 973 4858 spiritu
1005 4796 1115 4852 tuo,
1144 4785 1366 4842 facilior
1395 4793 1484 4842 est
1515 4789 1804 4844 absolutio

129 4879 536 4953 quaestionis:
562 4878 701 4949 quia
730 4876 1118 4947 intelligimus
1152 4875 1295 4930 nihil
1329 4876 1482 4930 aliud
1516 4879 1693 4934 Deum
1727 4880 1805 4935 si-

128 4969 442 5042 gnificare
470 4967 744 5030 voluisse,
766 4965 879 5020 nisi
903 4982 971 5019 ex
988 4965 1190 5019 eodem
1216 4965 1434 5036 Spiritu
1464 4968 1805 5038 gratiaeillos

132 5073 400 5130 quoque
457 5055 763 5110 habituros
821 5053 1201 5124 adjutorium,
1258 5070 1324 5108 ex
1386 5072 1501 5124 quo
1564 5057 1810 5114 habebat

125 5151 390 5218 Moyses
411 5163 426 5211 ;
450 5149 514 5199 ut
542 5149 600 5199 ot
630 5143 724 5198 isti
753 5143 1037 5198 haberent
1061 5149 1347 5213 quantum
1410 5151 1558 5198 Deus
1618 5146 1809 5217 vellet,

133 5251 276 5290 non
314 5239 378 5288 ut
401 5233 531 5288 ideo
552 5236 776 5304 Moyses
809 5231 1009 5285 minus
1044 5230 1300 5286 haberet.

232 5323 371 5377 XIX.
407 5324 515 5392 [1b.
549 5339 626 5388 ιι,
648 5321 869 5391 2123.]
898 5319 1114 5374 Etdixit
1146 5321 1653 5389 Moyscs,Se.rcenta
1683 5326 1808 5379 mil-

131 5414 244 5469 lia
273 5412 609 5484 peditum,in
626 5411 822 5482 quibus
842 5426 964 5463 sum
990 5411 1047 5462 in
1073 5411 1283 5478 ipsis,et
1304 5415 1364 5463 tu
1384 5411 1814 5476 dicistiﬂarnes

125 5502 298 5558 dabo
320 5504 421 5569 eis,
444 5505 496 5555 et
525 5501 682 5555 edent
703 5516 886 5555 mense
908 5498 1368 5570 dierum.Numqu
1379 5501 1433 5553 id
1459 5516 1580 5556 oves
1596 5507 1643 5556 et
1659 5505 1814 5559 boves

137 5589 492 5647 occidantur
512 5590 651 5654 illis,
677 5593 726 5646 et
747 5590 1021 5660 sufficient
1049 5588 1188 5642 illis?
1204 5593 1300 5642 aut
1319 5590 1493 5644 omnis
1511 5592 1676 5659 piscis
1688 5610 1815 5649 con-

236 5690 311 5750 (a)
339 5687 533 5739 Confer
560 5687 777 5738 Tertull.
810 5687 898 5736 lib.
927 5687 992 5736 de
1023 5685 1230 5746 Anima,
1256 5702 1367 5749 cap.
1393 5689 1472 5738 35.

1491 305 1721 366 LIBER
1763 304 2152 375 QUARTUS.

3400 312 3522 374 726

1877 441 2194 509 grcgabitur
2221 444 2316 510 eis,
2349 451 2401 498 et
2428 445 2788 515 suﬂicietcis?
2808 444 2996 510 Quaeri
3015 442 3165 500 solet
3184 447 3382 499 utrum
3408 444 3519 500 hoc

1877 531 2101 599 Moyses
2132 530 2448 587 difﬁdendo
2470 532 2778 602 dixerit,an
2803 532 3250 604 queerendo.Sed
3271 532 3319 586 si
3353 537 3520 603 puta-

1879 618 2279 674 verimuseum
2299 621 3146 691 difﬁdendodixisse,nascetur
3162 621 3408 692 quaestio
3423 637 3527 675 cur

1883 704 1991 760 hoc
2008 707 2058 762 ei
2075 725 2186 763 non
2206 711 2637 780 exprobraverit
2661 711 2961 780 Dominus,
2985 709 3527 782 sicutexprobravit

1882 798 2035 866 quod
2071 799 2138 852 ad
2165 803 2387 869 petram
2417 801 2570 854 unde
2595 817 2747 871 aqua
2770 799 3298 871 proﬂuxit,videtur
3317 800 3389 853 de
3419 815 3523 871 po-

1883 888 2091 940 testate
2117 887 2346 941 Domini
2380 889 2696 943 dubitasse.
2724 888 2782 942 Si
2816 892 3008 943 autem
3043 887 3361 942 dixerimus
3413 886 3522 942 hoc

1882 989 2014 1028 eum
2049 975 2264 1030 dixisse
2295 977 2604 1046 quaerendo
2641 977 2875 1031 modum
2911 993 3025 1048 quo
3066 977 3244 1041 tieret,
3269 975 3399 1046 ipsa
3415 975 3525 1029 Do-

1885 1062 2029 1116 mini
2058 1064 2380 1135 responsio,
2415 1066 2512 1118 ubi
2544 1066 2616 1119 ad
2649 1081 2780 1118 eum
2816 1065 2979 1131 dixit,
3027 1064 3300 1136 Numquid
3328 1080 3526 1118 manus

1887 1155 2110 1206 Domini
2163 1169 2271 1206 non
2326 1154 2587 1224 sufﬁciet,
2630 1154 2795 1224 quasi
2848 1153 3250 1225 redarguentis
3302 1153 3529 1207 videtur

1886 1242 2037 1310 quod
2073 1243 2180 1296 iste
2202 1242 2316 1296 ista
2341 1259 2456 1296 non
2481 1241 2845 1296 credidisset.
2879 1242 2991 1296 Sed
3022 1240 3234 1296 melius
3282 1239 3530 1296 arbitror

1885 1329 2132 1402 intelligi
2149 1331 2459 1385 Dominum
2482 1330 2562 1385 ita
2588 1330 3269 1402 respondisse,tanquam
3287 1330 3525 1383 modum

1886 1419 2066 1472 futuri
2099 1420 2253 1488 t'acti,
2287 1436 2460 1490 quem
2489 1419 2585 1474 ille
2617 1421 3000 1490 requierebat,
3035 1419 3222 1474 dicere
3255 1416 3530 1486 noluerit,

1885 1508 1984 1562 sed
2011 1509 2205 1579 potius
2230 1525 2400 1579 opere
2419 1510 2548 1580 ipso
2569 1525 2735 1564 suam
2761 1509 3080 1579 potentiam
3105 1509 3526 1562 demonstrare.

1884 1600 2119 1651 Poterat
2149 1596 2304 1651 enim
2331 1601 2388 1651 et
2418 1597 2612 1651 Maria:
2645 1596 2880 1662 dicenti,
2914 1595 3192 1665 Quomodo
3232 1595 3324 1664 ﬁet
3354 1594 3528 1661 istud,

1886 1687 2145 1756 quoniam
2177 1687 2355 1740 virum
2384 1703 2494 1739 non
2531 1700 2802 1755 cognosco,
2836 1702 2868 1738 a
2897 1682 3392 1739 calumniantibus
3436 1682 3532 1736 ob-

1880 1777 1984 1846 jici
2017 1777 2171 1847 quod
2205 1776 2403 1831 minus
2433 1776 2770 1841 crediderit,
2801 1791 2932 1830 cum
2961 1774 3061 1828 illa
3100 1775 3340 1828 modum
3374 1788 3527 1841 quee-

1887 1865 2103 1930 siverit,
2135 1882 2246 1920 non
2279 1866 2348 1920 de
2379 1865 2590 1920 virtute
2625 1865 2718 1920 Dei
2751 1863 3120 1918 dubitaverit.
3149 1862 3310 1928 Quod
3334 1865 3528 1916 autem

1887 1970 2234 2024 responsum
2268 1959 2356 2009 est
2375 1953 2482 2021 illi,
2516 1953 2986 2025 Spiritussanctus
3007 1953 3348 2024 superveniet
3370 1965 3533 2020 super

1888 2050 1959 2112 te,
1989 2051 2040 2096 et
2069 2044 2244 2096 virtus
2275 2043 2553 2097 Altissimi
2582 2043 2928 2096 obumbrabit
2960 2045 3032 2108 te,
3067 2043 3315 2111 poterat,
3360 2041 3418 2093 et
3447 2036 3532 2092 sic

1887 2130 2223 2201 responderi
2262 2132 2554 2201 quomodo
2582 2131 2698 2199 hic,
2730 2130 3028 2201 Numquid
3047 2128 3290 2200 Spiritui
3323 2130 3528 2182 sancto

1887 2220 2252 2289 impossibile
2274 2227 2383 2290 est,
2424 2220 2524 2290 qui
2555 2220 2928 2290 superveniet
2959 2219 3017 2272 in
3050 2217 3146 2273 te?
3169 2233 3234 2272 ac
3264 2215 3348 2271 sic
3377 2215 3534 2269 idem

1887 2308 2013 2380 ipse
2047 2312 2736 2363 sensusconservaretur.
2773 2312 2948 2363 Porro
2989 2312 3185 2361 autem
3209 2304 3349 2360 talia
3378 2320 3536 2375 quas-

1889 2399 2024 2452 dam
2053 2398 2255 2452 dicens
2286 2397 2616 2462 Zacharias,
2643 2395 3078 2452 incredulitatis
3138 2394 3428 2466 arguitur,
3485 2395 3543 2446 et

1889 2488 2045 2542 vocis
2076 2503 2370 2558 oppressa:
2404 2504 2573 2558 pmna
2604 2485 2879 2556 plectitur
2909 2487 3060 2556 (Luc.
3089 2502 3128 2550 ι,
3179 2485 3268 2550 34,
3303 2483 3392 2548 35,
3454 2482 3541 2550 18,

1891 2576 1975 2643 19,
2009 2576 2121 2645 20).
2150 2577 2357 2642 Quare,
2389 2574 2499 2629 nisi
2534 2575 2670 2646 quia
2693 2575 2847 2630 Deus
2863 2591 2975 2628 non
3002 2575 3070 2628 de
3101 2571 3314 2638 verbis,
3348 2570 3446 2624 sed
3471 2569 3542 2624 de

1890 2663 2170 2718 cordibus
2196 2664 2429 2733 judicat
2447 2663 2474 2717 ?
2497 2662 2768 2733 Alioquin
2787 2665 2843 2717 et
2865 2662 2933 2716 ad
2962 2661 3120 2716 illam
3145 2666 3368 2731 petram
3390 2657 3544 2711 unde

1892 2769 2045 2823 aqua
2078 2752 2376 2822 proﬂuxit,
2409 2755 2677 2823 poterant
2705 2749 2970 2805 excusari
2986 2750 3158 2803 verba
3187 2746 3393 2818 Moysi,
3427 2743 3539 2798 nisi

1891 2841 1949 2895 in
1981 2857 2114 2896 eum
2151 2841 2305 2894 clara
2337 2839 2696 2894 essetdivina
2715 2838 3006 2893 sententia
3037 2837 3191 2908 quod
3220 2833 3541 2890 difﬁdendo

1889 2929 2031 2984 talia
2059 2929 2288 2984 dixerit.
2317 2928 2462 2983 Nam
2498 2927 2578 2982 ita
2609 2944 2670 2982 se
2716 2943 2782 2981 ea
2841 2926 3016 2981 verba
3052 2925 3308 2980 habent:
3345 2923 3542 2979 Audite

1889 3035 1993 3082 me,
2019 3017 2300 3071 increduli
2323 3036 2336 3083 ;
2369 3016 2637 3088 numquid
2667 3016 2731 3070 de
2742 3023 2899 3085 petra
2919 3016 3028 3070 ista
3059 3014 3351 3069 educemus
3383 3013 3533 3068 vobis

1890 3110 2134 3178 aquam?
2165 3105 2378 3160 Deinde
2411 3106 2705 3175 sequitur:
2741 3107 2804 3160 Et
2830 3107 3045 3160 elevata
3090 3109 3304 3175 Moyses
3366 3119 3544 3157 manu

1890 3213 1992 3251 sua
2021 3197 2289 3267 percussit
2311 3203 2523 3266 petram
2556 3196 2713 3263 virga
2734 3195 2838 3259 bis,
2870 3194 3090 3261 etexiit,
3117 3209 3260 3265 aqua
3282 3192 3547 3257 multa,et

1895 3285 2031 3339 bibit
2059 3299 2337 3354 synagoga
2368 3288 2420 3337 et
2459 3299 2655 3354 pecora
2687 3300 2900 3338 eorum.
2927 3282 3138 3352 Utique
3170 3282 3240 3336 ad
3266 3279 3374 3335 hoc
3407 3296 3545 3334 con-

1894 3373 2152 3445 gregavit
2175 3372 2478 3443 populum,
2501 3373 2571 3426 ad
2596 3373 2702 3427 hoc
2725 3371 2885 3426 illam
2907 3371 3133 3444 virgam
3162 3371 3220 3426 in
3245 3359 3362 3441 qua
3382 3372 3545 3424 tanta

1895 3461 2174 3517 miracula
2205 3462 2418 3516 fecerat
2448 3460 2720 3532 sumpsit,
2755 3477 2935 3531 eaque
2967 3465 3192 3532 petram
3233 3457 3546 3531 percussit,

1897 3555 2071 3622 atque
2104 3551 2238 3604 inde
2271 3550 2453 3605 solitae
2486 3551 2724 3605 virtutis
2763 3553 2852 3606 est
2882 3553 3232 3606 consecutus
3280 3548 3542 3603 effectus.

1897 3641 2085 3694 Verba
2114 3656 2245 3705 ergo
2278 3638 2377 3692 illa
2407 3638 2623 3708 quibus
2657 3638 2757 3706 ait,
2781 3637 3056 3710 Numquid
3114 3654 3185 3693 ea:
3239 3636 3338 3692 hac
3389 3639 3548 3708 petra

1897 3729 2184 3783 educemus
2215 3729 2358 3783 vobis
2387 3745 2585 3798 aquam
2609 3731 2633 3780 Ρ
2656 3734 2892 3799 possent
2915 3728 2998 3782 sic
3032 3727 3237 3798 accipi,
3263 3731 3544 3796 tanquam

1899 3819 2209 3881 diceretur,
2243 3817 2463 3886 Nempe
2493 3833 2559 3871 ex
2591 3816 2699 3870 hac
2732 3823 2898 3886 petra
2931 3815 3252 3870 secundum
3287 3818 3542 3868 vestram

1899 3905 2362 3961 incredulitatem
2397 3921 2549 3975 aqua
2579 3904 2744 3958 educi
2790 3921 2902 3958 non
2937 3907 3164 3974 potest;
3207 3905 3271 3955 ut
3293 3900 3546 3970 denique

1902 3993 2279 4067 percutiendo
2307 3993 2735 4061 ostenderetur,
2772 3992 2892 4045 ﬁeri
2947 3990 3228 4045 divinitus
3287 3987 3546 4060 potuisse

1901 4084 2055 4154 quod
2082 4082 2162 4135 illi
2189 4080 2534 4135 infidelitate
2563 4097 2676 4134 non
2722 4080 3046 4144 crederent,
3111 4078 3361 4133 maxime
3411 4076 3552 4148 quia

1903 4173 2146 4240 dixerat,
2180 4170 2374 4225 Audite
2402 4186 2511 4238 me,
2545 4169 2834 4224 increduli.
2870 4168 2954 4223 Ita
3008 4168 3246 4240 quidem
3305 4164 3552 4238 intelligi

1903 4266 2143 4333 possent
2173 4260 2293 4314 haec
2325 4259 2520 4321 verba,
2555 4259 2667 4312 nisi
2698 4259 2851 4313 Deus
2884 4256 2984 4329 qui
3017 4255 3208 4311 cordis
3260 4255 3556 4326 inspector

1904 4355 2011 4415 est,
2049 4365 2158 4416 quo
2191 4347 2386 4402 animo
2430 4347 2586 4402 dicta
2646 4347 2861 4401 fuerint
2910 4344 3216 4400 indicaret.
3277 4343 3557 4414 Sequitur

1906 4439 2062 4495 enim
2097 4437 2395 4509 Scriptura
2416 4442 2471 4491 et
2501 4436 2638 4490 dicit
2664 4454 2676 4492 :
2699 4437 2763 4490 Et
2779 4437 2924 4490 dixit
2951 4435 3208 4490 Dominus
3238 4432 3306 4487 ad
3329 4436 3558 4502 Moysen

1907 4532 1957 4584 et
1987 4528 2188 4594 Aaron,
2218 4527 2486 4594 Quoniam
2518 4542 2628 4580 non
2657 4523 2976 4580 credidistis
3005 4522 3350 4590 sancti/icore
3376 4536 3465 4573 me
3495 4519 3555 4572 in

1909 4621 2194 4687 conspectu
2255 4617 2500 4686 ﬁliorum
2530 4615 2722 4679 Israel,
2755 4618 2975 4684 propter
3004 4612 3100 4666 hoc
3127 4627 3240 4665 non
3287 4607 3555 4662 inducetis

1910 4723 1999 4762 vos
2029 4721 2361 4777 synagogam
2382 4704 2524 4758 hanc
2558 4704 2612 4757 in
2646 4707 2856 4758 terram
2887 4717 3052 4771 quam
3082 4699 3230 4754 dedit
3258 4699 3335 4752 eis
3365 4696 3554 4764 (Num.

1912 4794 2310 4861 xx,lO~l2).Ac
2324 4809 2425 4864 per
2438 4793 2543 4847 hoc
2566 4789 2914 4861 intelligitur
2934 4786 3036 4842 illa
3057 4786 3320 4842 verbaita
3338 4783 3557 4839 dixisse

1913 4886 2452 4955 Moysen,tanquam
2479 4881 2547 4936 ad
2567 4881 2852 4934 incertum
2884 4876 3329 4949 percusserit,ut
3359 4873 3408 4928 si
3442 4889 3557 4928 non

1913 4977 2257 5043 sequeretur
2287 4970 2548 5038 effectus,
2586 4969 2694 5022 hoc
2722 4966 3059 5038 praedixisse
3086 4967 3410 5037 putaretur,
3426 4979 3561 5018 cum

1915 5061 2018 5130 ait,
2047 5059 2320 5131 Numquid
2348 5075 2419 5114 ex
2450 5060 2546 5112 hoc
2571 5066 2725 5129 petra
2755 5056 3042 5111 educemus
3104 5054 3252 5109 vobis
3313 5052 3566 5123 aquam?

1916 5151 2070 5222 quod
2097 5150 2151 5202 in
2181 5149 2376 5203 animo
2405 5147 2533 5217 ejus
2559 5146 2762 5201 lateret
2784 5144 3046 5213 omnino,
3068 5143 3181 5198 nisi
3209 5142 3304 5198 Dei
3331 5145 3567 5197 senten-

1919 5240 1999 5293 tia
2033 5237 2451 5308 proderetur.E
2477 5235 2767 5290 contrario
2793 5233 2989 5303 itaque
3012 5231 3262 5286 istoloco
3293 5227 3573 5284 debemus

1918 5327 2241 5397 intelligere
2255 5327 2428 5378 verba
2456 5324 2636 5394 Moysi
2667 5323 2735 5377 de
2761 5321 3070 5392 promissis
3091 5319 3393 5384 carnibus,
3417 5329 3572 5384 quaa-

1920 5416 2102 5472 rentis
2125 5416 2313 5485 potius
2339 5414 2630 5484 quomodo
2646 5412 3007 5480 ﬁeret.quam
3026 5405 3345 5462 difﬁdentis
3365 5403 3568 5468 fuisse;

1922 5506 2156 5576 quando
2198 5504 2489 5558 sententia
2522 5500 2749 5556 Domini
2788 5515 2898 5553 non
2933 5501 3259 5566 secutaest,
3293 5509 3417 5565 qua:
3441 5489 3571 5545 vin-

1922 5595 2161 5662 dicaret,
2197 5594 2291 5647 sed
2327 5592 2518 5664 potius
2552 5607 2674 5662 quae
2703 5589 2952 5644 doceret.

1994 5682 2106 5737 ΧΧ.
2141 5683 2246 5753 [1b.
2282 5699 2382 5753 xu,
2417 5683 2488 5749 1.]
2518 5680 2596 5736 De
2628 5695 2802 5733 uxore
2818 5672 3367 5748 MoysiEthiopissa
3383 5667 3564 5742 quaeri
