4030 6182
442 282 560 340 727

449 412 612 481 solet,
640 417 837 468 utrum
864 414 993 485 ipsa
1008 415 1086 469 sit
1107 402 1459 481 ﬁliaJothor,
1486 430 1555 468 an
1580 412 1823 467 alteram
1842 412 2094 480 duxerit,

448 501 538 556 vel
568 504 1012 573 superduxerit:
1050 504 1147 558 sed
1173 504 1361 573 ipsam
1385 503 1565 556 fuisse
1588 501 1862 555 credibile
1884 507 2003 556 est:
2027 503 2097 556 de

452 591 785 645 Madianitis
800 592 1011 661 quippe
1043 596 1183 656 erat,
1201 589 1297 659 qui
1314 590 1684 660 reperiuntur
1702 590 1759 643 in
1806 589 2095 661 Paralipo-

454 696 664 734 menon
696 679 986 748 Ethiopes
1018 679 1177 743 dicti,
1213 679 1447 749 quando
1475 684 1676 732 contra
1698 695 1796 732 eos
1819 679 2099 749 pugnavit

452 767 903 835 Josaphat.Nam
931 767 985 819 in
1013 766 1099 819 his
1124 766 1263 819 locis
1288 766 1501 819 dicitur
1523 783 1619 820 eos
1645 773 1983 836 persecutus
1998 783 2095 837 po-

454 854 629 927 pulus
664 855 855 921 Israel,
892 855 988 907 ubi
1012 855 1337 909 Madianitaz
1370 854 1636 907 habitant
1665 854 1737 923 (Il
1774 855 1959 907 Paral.
1986 871 2096 917 xxv,

453 944 542 995 9-4
564 945 627 1009 ’i),
663 943 757 1012 qui
796 959 949 995 nunc
979 942 1249 996 Saraceni
1269 941 1656 1012 appellantur.
1685 942 1795 995 Sed
1820 958 1973 995 nunc
2002 958 2100 996 eos

454 1030 747 1100 [Ethiopes
765 1047 933 1084 nemo
954 1032 1067 1084 fere
1090 1029 1364 1099 appellat,
1384 1028 1736 1083 sicutsolent
1756 1030 2011 1083 locorum
2046 1034 2103 1083 et

458 1119 721 1189 gentium
758 1118 997 1172 nomina
1030 1120 1375 1188 plerumque
1408 1121 1691 1171 vetustate
1724 1118 1959 1173 mutari.

532 1207 673 1261 XXI.
710 1208 816 1275 [1b.
850 1223 971 1270 xm,
1008 1206 1221 1275 18-26.]
1255 1208 1314 1259 Et
1345 1207 1493 1259 dixit
1523 1206 1591 1259 ad
1644 1222 1751 1269 eos,
1808 1206 2103 1260 Ascendite

462 1298 577 1351 ista
608 1300 867 1363 eremo,et
888 1295 1188 1347 ascendetis
1206 1296 1263 1346 in
1284 1303 1596 1355 montem,et
1624 1294 1876 1349 videbitis
1898 1303 2103 1348 terram

461 1400 585 1454 quae
614 1387 705 1446 sit,
725 1393 773 1437 et
799 1384 1068 1453 populum
1095 1384 1189 1451 qui
1207 1382 1407 1436 insidet
1429 1399 1594 1451 super
1615 1399 1757 1447 eam,
1781 1384 1831 1435 si
1850 1383 2014 1449 fortis
2028 1391 2106 1437 est

462 1478 556 1528 aut
588 1472 867 1542 inﬁrmus,
889 1474 935 1525 si
964 1474 1138 1541 pauci
1164 1479 1291 1525 sunt
1312 1479 1405 1525 aut
1434 1472 1615 1525 multi.
1652 1470 1996 1541 Exposuisse
2015 1470 2103 1524 in-

462 1561 763 1631 telligitur,
798 1560 1119 1614 secundum
1152 1560 1292 1629 quid
1328 1560 1557 1627 dixerit,
1588 1562 1639 1613 si
1665 1564 1857 1629 potens
1888 1564 1966 1613 est
2013 1562 2107 1613 aut

465 1651 719 1718 inﬁrmus
739 1666 757 1709 ,·
773 1650 1003 1717 sipauci
1016 1652 1145 1701 sunt
1166 1652 1258 1701 aut
1282 1648 1464 1702 multi.
1503 1648 1644 1701 Nam
1671 1648 1963 1717 quomodo
1980 1664 2107 1719 pos-

465 1742 595 1794 sent
626 1739 694 1791 de
718 1742 912 1791 monte
936 1736 1357 1807 prospicientes
1379 1736 1590 1790 sentire
1613 1736 2002 1790 humanarum
2024 1737 2108 1789 vi-

466 1827 617 1881 rium
635 1826 1036 1880 fortitudinem
1058 1826 1361 1879 ?Potestet
1375 1824 1525 1879 alius
1550 1840 1759 1879 sensus
1773 1841 1900 1879 esse
1925 1824 2108 1879 multo

465 1914 879 1986 congruentior
908 1913 1154 1968 veritati.
1198 1914 1357 1975 Quod
1387 1913 1486 1979 ait,
1528 1913 1842 1968 Ascendetis
1873 1916 1932 1967 in
1962 1929 2111 1967 mon-

466 2009 599 2067 tem,
642 2002 911 2073 inipsam
948 2007 1161 2056 terram
1196 2001 1361 2067 dixit,
1423 2018 1597 2071 quam
1645 2000 1943 2071 explorare
1966 2001 2114 2056 vole-

466 2090 762 2147 bant.Non
794 2090 948 2145 enim
972 2095 1207 2161 possent
1238 2089 1405 2143 facile
1423 2089 1818 2159 exploratores
1842 2089 2110 2161 intelligi,

467 2180 568 2235 ubi
600 2183 881 2248 tanquam
926 2179 1365 2249 peregrinantes
1424 2178 1621 2232 omnia
1682 2178 2110 2248 perquirebant.

465 2268 611 2322 Nam
646 2267 694 2322 si
726 2269 797 2321 de
830 2266 1044 2321 montis
1074 2266 1287 2321 vertice
1305 2283 1402 2321 eos
1435 2268 1833 2337 putaverimus
1865 2284 2112 2337 conspe-

462 2354 617 2410 xisse
646 2360 885 2420 terram,
919 2360 974 2409 et
1004 2354 1352 2423 explorasse
1378 2373 1389 2419 ;
1424 2356 1718 2424 quomodo
1750 2361 1989 2424 possent
2018 2373 2111 2411 ex-

464 2443 696 2514 quirere
728 2444 925 2497 omnia
957 2460 1082 2512 quze
1115 2443 1341 2515 Moyses
1389 2444 1749 2513 exquirenda
1796 2445 2113 2514 praecepit?

464 2533 753 2604 quomodo
792 2532 1010 2586 intrare
1036 2532 1323 2599 civitates,
1345 2548 1491 2601 quas
1510 2548 1608 2586 eos
1640 2532 1941 2602 Scriptura
1972 2533 2117 2587 dixit

463 2620 765 2675 intrasse?
796 2620 1089 2689 quomodo
1137 2620 1206 2673 de
1259 2618 1358 2673 illa
1414 2618 1560 2673 valle
1611 2620 1839 2673 bolrum
1892 2620 2113 2691 tollere,

467 2714 705 2781 propter
735 2724 907 2776 quem
938 2713 994 2761 et
1024 2707 1148 2761 loco
1182 2724 1391 2762 nomen
1424 2714 1512 2762 est
1542 2707 1820 2773 inditum,
1856 2714 1917 2763 ut
1950 2710 2115 2765 vallis

467 2796 618 2852 Botri
652 2798 665 2829 ¹
700 2796 1036 2851 diceretur?
1071 2797 1127 2850 In
1164 2796 1288 2866 ipso
1310 2813 1446 2866 ergo
1480 2802 1676 2851 monte
1706 2797 2118 2868 explorabatur

465 2889 640 2950 terra,
676 2884 813 2954 quia
845 2884 972 2953 ipsa
1001 2888 1125 2938 erat
1154 2901 1277 2953 quae
1310 2884 1709 2955 exploraretur
1735 2902 1745 2939 :
1797 2890 1854 2940 et
1884 2887 1963 2940 ibi
1994 2891 2117 2941 erat

468 2974 707 3044 quidam
742 2973 1071 3043 depressior
1100 2972 1284 3039 locus,
1321 2974 1390 3027 de
1418 2990 1534 3043 qua
1564 2974 1711 3028 valle
1734 2974 1940 3029 botrus
1963 2976 2118 3030 abla-

470 3066 567 3117 tus
600 3066 706 3115 est.

540 3152 717 3204 XXII.
746 3151 853 3221 [1b.
888 3167 1010 3216 xm,
1043 3152 1157 3219 33.]
1186 3153 1252 3205 Et
1280 3151 1633 3220 protulerunt
1660 3168 1922 3221 pavorem
1951 3156 2117 3208 terra?

469 3257 633 3309 quam
654 3240 1101 3308 exploraverunt.
1122 3244 1389 3293 Pavorem
1408 3240 1869 3309 terraedixitmon
1886 3257 1998 3310 quo
2022 3258 2119 3311 pa-

472 3328 855 3383 vebateadem
872 3328 1152 3391 terra,sed
1174 3344 1346 3397 quem
1363 3344 1431 3381 ex
1448 3345 1514 3382 ea
1537 3333 1691 3383 terra
1711 3334 2113 3399 conceperant.

546 3416 737 3470 XXIII.
772 3416 876 3485 [ιδ.
905 3432 1018 3481 xw,
1051 3418 1129 3485 9.]
1164 3416 1335 3470 Caleb
1367 3420 1421 3469 et
1442 3416 1615 3470 Jcsus
1638 3416 1790 3469 Nave
1814 3416 2116 3487 loquentes

474 3504 544 3558 ad
581 3503 861 3573 populum
892 3504 1063 3557 Israel
1098 3521 1167 3558 ne
1194 3504 1469 3557 timerent
1501 3504 1723 3573 ingredi
1747 3509 1958 3558 terram
1996 3523 2117 3575 pro-

474 3590 1081 3655 missionis,dixerunt
1103 3592 1251 3645 inter
1265 3596 1496 3646 caetera:
1530 3592 1619 3645 Vos
1632 3594 1815 3645 autem
1834 3609 1903 3647 ne
1925 3595 2114 3649 timue-

469 3681 595 3734 ritis
621 3680 891 3750 populum
917 3687 1102 3743 terra’,
1134 3681 1394 3749 quoniam
1423 3680 1578 3733 cibus
1606 3680 1761 3735 nobis
1781 3685 1925 3735 sunt.
1986 3683 2113 3736 Abs-

476 3770 635 3823 cessit
666 3770 811 3822 enim
843 3771 1055 3839 tempus
1086 3770 1151 3823 ab
1180 3785 1258 3823 eis
1304 3770 1561 3824 Dominus
1592 3778 1777 3823 autem
1806 3772 1864 3823 in
1920 3771 2076 3824 nobis
2098 3789 2115 3823 .·

472 3872 540 3911 ne
561 3858 867 3911 timueritis
896 3873 1000 3911 eos.
1036 3858 1192 3921 Quod
1229 3857 1449 3911 dictum
1464 3862 1571 3922 est,
1606 3856 1766 3912 Cibus
1782 3858 1937 3913 nobis
1966 3863 2113 3925 sunt,

474 3946 722 4017 intelligi
756 3945 1083 4011 voluerunt,
1120 3962 1536 4001 consumemus
1585 3963 1703 4001 eos.
1764 3948 1924 4009 Quod
1985 3964 2116 4003 vero

472 4036 889 4103 adjunxerunt,
924 4035 1182 4089 Abscessit
1212 4037 1358 4089 enim
1388 4040 1597 4105 tempus
1618 4036 1685 4089 ab
1716 4038 1815 4100 eis,
1856 4037 2119 4091 Dominus

470 4128 657 4177 autem
690 4126 747 4177 in
777 4124 933 4178 nobis
958 4141 975 4177 :
1000 4123 1142 4177 satis
1182 4122 1491 4193 diligenter
1514 4140 1625 4178 non
1654 4124 1945 4191 dixerunt,
1978 4126 2117 4180 Abs-

474 4198 649 4265 cessit
682 4211 966 4265 Dominus
999 4212 1069 4265 ab
1128 4210 1250 4275 eis;
1305 4212 1467 4281 impii
1524 4212 1735 4282 quippe
1795 4214 2118 4283 antiquitus

472 4302 709 4354 fuerunt
739 4324 750 4363 ;
786 4300 886 4354 sed
925 4299 1199 4369 quoniam
1234 4304 1291 4353 et
1324 4300 1522 4370 impiis
1553 4300 1779 4354 occulta
1807 4302 2116 4371 dispensa-

472 4389 630 4443 tione
670 4387 878 4442 divinae
911 4387 1282 4458 providentia:
1306 4388 1480 4442 datur
1510 4393 1739 4459 tempus
1766 4388 2007 4444 ﬂorendi
2040 4396 2119 4445 at-

474 4494 587 4557 que
610 4477 915 4547 regnandi,
944 4477 1230 4540 Abscessit,
1254 4476 1549 4546 inquiunt,
1574 4485 1779 4547 tempus
1808 4479 1875 4531 ab
1906 4481 2003 4548 eis,
2028 4482 2118 4533 Do-

468 4568 654 4622 minus
679 4576 867 4622 autem
892 4568 947 4619 in
972 4567 1145 4621 nobis.
1183 4566 1304 4622 Non
1337 4564 1629 4634 dixerunt,
1654 4566 1943 4621 Abscessit
1974 4572 2116 4621 tem-

473 4673 583 4727 pus
607 4657 678 4711 ab
711 4657 814 4723 eis,
847 4661 1178 4711 etnostrum
1212 4655 1529 4711 successit:
1565 4656 1687 4719 sed,
1720 4656 1987 4711 Dominus
2018 4672 2118 4709 au-

474 4748 581 4797 tem
612 4747 668 4797 in
702 4747 876 4813 nobis,
909 4762 1021 4799 non
1056 4749 1311 4814 tempus.
1339 4742 1421 4798 Illi
1455 4742 1609 4797 enim
1640 4750 1873 4813 tempus
1899 4743 2114 4797 habue-

474 4836 631 4893 runt,
666 4831 759 4885 isti
804 4833 1115 4887 Dominum
1168 4833 1349 4886 Deum
1411 4837 1738 4901 temporum
1801 4838 2114 4886 creatorem

471 4924 528 4975 et
560 4921 976 4987 ordinatorcm,
1002 4928 1056 4976 ct
1089 4923 1443 4993 quibusque,
1472 4929 1533 4977 ut
1564 4923 1613 4978 ei
1648 4922 1854 4994 placet,
1918 4923 2119 4977 distri-

473 5010 761 5063 butorem.

542 5097 735 5152 XXIV.
769 5099 872 5168 ιιι).
909 5115 1000 5165 xv,
1031 5098 1248 5170 24-29.]
1273 5100 1431 5161 Quod
1468 5100 1801 5171 praecipitur
1824 5100 2114 5170 quomodo

468 5188 775 5261 expientur
792 5191 1163 5256 peccataquze
1178 5203 1289 5240 non
1312 5189 1831 5257 spontcrommittu
1846 5194 2119 5255 ntur,me-

469 5278 579 5331 rito
595 5277 875 5347 quaeritur
891 5292 1015 5345 quae
1036 5274 1291 5345 sintipsa
1313 5281 1546 5345 peccata
1569 5276 2116 5332 nolentiumzutrum

467 5382 589 5433 quis
623 5385 654 5420 a
679 5364 1074 5420 nescientibus
1108 5364 1585 5431 committuntur;
1622 5383 1693 5420 an
1726 5367 1899 5421 etiam
1938 5366 2122 5438 possit

466 5459 619 5508 recte
654 5455 763 5509 dici
794 5458 1095 5525 peccatum
1117 5469 1244 5507 esse
1277 5451 1720 5524 nolentis,quod
1749 5455 1935 5510 facere
1962 5471 2119 5510 com-

467 5638 495 5687 ό
534 5580 553 5688 tt
586 5579 641 5624 lu
678 5580 800 5628 Mss.
836 5581 1160 5627 constanter.
1193 5574 1388 5625 Itotrui.
1423 5577 1563 5638 apud
1585 5578 1728 5627 LXX.
1761 5580 2116 5642 Num.cap.l3.

503 5653 531 5686 0
558 5654 694 5688 νιιοε.

503 5653 694 5689 οῐνιιοε.

1187 282 1717 355 ΟΠΕΞΤΙΟΝΠΜ
1766 282 1830 341 S.
1877 281 2300 344 AUGUSTINI
2347 283 2426 343 IN
2471 281 3113 346 HEPTATEUCHUM

3710 282 3811 343 728

2206 414 2473 485 pellitur:
2501 432 2636 471 nam
2672 420 2727 470 et
2757 423 2864 471 hoc
2898 418 3101 470 contra
3126 414 3479 469 voluntatem
3512 413 3689 468 facere
3715 414 3813 471 dici

2205 502 2370 557 solet.
2403 504 2509 557 Sed
2535 503 2737 575 utique
2756 503 2878 558 vult
2902 508 3134 574 pr0pter
3155 502 3303 573 quod
3327 502 3747 571 facit,tanquam
3775 504 3818 557 si

2207 591 2465 662 pejerare
2498 592 2725 660 nolit,et
2739 592 2911 645 facit‘
2938 607 3067 645 cum
3087 590 3485 654 vultvivere,si
3509 590 3818 660 quisquam,

2207 678 2319 733 nisi
2352 680 2572 745 fecerit,
2598 684 2846 734 mortem
2868 679 3140 733 minetur.
3173 676 3309 731 Vult
3331 693 3467 747 ergo
3499 678 3824 748 facere,quia

2206 766 2329 820 vult
2357 767 2542 822 vivere
2570 785 2580 821 :
2628 773 2683 821 et
2712 768 2841 821 ideo
2874 784 2985 821 non
3021 783 3121 838 per
3152 767 3411 836 scipsum
3446 767 3751 837 appetendo
3772 771 3827 819 ut

2208 855 2422 909 falsum
2448 857 2628 925 juret,
2662 857 2760 909 sed
2798 860 2858 909 ut
2890 854 3101 909 falsum
3128 854 3385 923 jurando
3403 854 3574 908 vivat.
3607 854 3756 917 Quod
3784 871 3825 908 si

2208 944 2289 997 ita
2319 948 2429 1007 est,
2464 944 2658 999 nescio
2695 950 2890 997 utrum
2926 944 3152 1014 possint
3208 942 3323 996 dici
3356 943 3468 996 ista
3493 948 3713 1011 peccata
3740 957 3827 995 no-

2212 1030 2476 1101 lentium,
2512 1032 2709 1101 qualia
2738 1031 2833 1086 hic
2865 1032 3143 1085 dicuntur
3174 1030 3482 1100 expianda.
3518 1028 3658 1083 Nam
3683 1031 3725 1083 si
3754 1028 3826 1082 di-

2208 1118 2456 1187 ligenter
2485 1120 2907 1189 consideretur,
2963 1121 3109 1174 forte
3168 1119 3365 1189 ipsum
3418 1133 3649 1189 peccare
3687 1133 3829 1171 nemo

2212 1206 2367 1275 velit,
2400 1207 2499 1261 sed
2526 1214 2759 1277 prepter
2790 1208 2946 1261 aliud
2980 1207 3064 1273 ﬁt,
3100 1206 3254 1275 quod
3295 1204 3423 1259 vult
3479 1204 3579 1274 qui
3637 1208 3828 1274 peccat.

2208 1298 2421 1349 Omnes
2454 1296 2669 1365 quippe
2702 1296 2973 1350 homines
3004 1296 3099 1365 qui
3134 1294 3387 1349 scientes
3420 1293 3642 1347 faciunt
3693 1292 3827 1363 quod

2212 1399 2325 1436 non
2361 1382 2511 1449 licet,
2545 1384 2758 1438 vellent
2786 1383 2960 1438 licere
2988 1402 3000 1437 :
3027 1400 3212 1454 usque
3231 1383 3376 1437 adeo
3397 1382 3591 1452 ipsum
3617 1397 3829 1452 peccare

2213 1488 2382 1525 nemo
2416 1473 2637 1541 appetit
2659 1478 2894 1543 prepter
2926 1473 3032 1527 hoc
3072 1473 3290 1541 ipsum,
3324 1470 3425 1525 sed
3452 1473 3679 1540 propter
3704 1468 3828 1523 illud

2213 1561 2365 1629 quod
2403 1575 2469 1613 ex
2494 1576 2559 1615 eo
2589 1560 2993 1631 consequitur.
3022 1560 3151 1615 Haec
3184 1560 3233 1613 si
3267 1558 3351 1613 ita
3384 1573 3446 1613 se
3479 1558 3705 1625 habent,
3734 1573 3831 1611 non

2210 1652 2349 1702 sunt
2382 1652 2616 1718 peccata
2648 1647 3562 1715 nolentium,nisinescientium;
3590 1662 3709 1717 qua:
3730 1646 3826 1700 dis-

2209 1741 2533 1791 cernuntur
2565 1754 2597 1791 a
2625 1737 2877 1807 peccatis
2909 1736 3251 1792 volentium.

2282 1850 2441 1905 XXV.
2478 1852 2585 1922 [1b.
2620 1869 2707 1921 xv,
2732 1853 2941 1923 30,31.]
2972 1853 3033 1905 Et
3064 1855 3263 1907 anima
3286 1866 3642 1923 quaecumque
3668 1866 3831 1922 pecca-

2218 1942 2362 1994 verit
2386 1958 2439 1994 in
2464 1957 2632 1995 manu
2648 1941 2919 2012 superbiae
2937 1957 3008 1996 ea:
3024 1941 3331 2009 indigenis,
3356 1945 3453 1994 aut
3471 1956 3542 1995 ea:
3559 1940 3840 2011 proselytis,

2201 2029 2383 2083 .Deum
2402 2029 2489 2083 hic
2498 2030 2870 2094 exacerbat,et
2890 2028 3359 2083 exterminabitur
3371 2030 3562 2083 anima
3579 2027 3749 2082 illade
3758 2042 3839 2098 po-

2210 2117 2343 2188 pulo
2372 2133 2499 2177 suo;
2516 2120 2775 2187 quoniam
2793 2118 3023 2172 verbum
3046 2118 3269 2171 Domini
3288 2118 3685 2187 contempsit,et
3706 2132 3837 2169 man-

2215 2205 2345 2259 data
2358 2206 2474 2275 ejus
2492 2205 2852 2275 disperdidit:
2872 2205 3200 2260 contritione
3214 2207 3528 2259 conteretur
3538 2205 3717 2258 anima
3734 2203 3834 2267 illa,

2213 2303 2500 2364 peceatum
2534 2295 2651 2364 ejus
2684 2296 2739 2347 in
2762 2294 2882 2347 illa.
2919 2294 3055 2356 Quae
3077 2294 3197 2349 sint
3219 2297 3460 2364 peccata
3483 2309 3608 2364 quae
3642 2290 3835 2345 ﬁuntin

2220 2398 2397 2435 manu
2419 2381 2787 2452 superbiaa,id
2805 2382 3183 2453 estsuperbia
3206 2378 3839 2449 committuntur,8crip-

2220 2473 2353 2523 tura
2376 2470 2503 2540 ipsa
2534 2470 2591 2523 in
2606 2469 3101 2541 consequentibus
3133 2470 3278 2525 satis
3306 2469 3599 2541 exposuit,
3625 2467 3730 2536 {ubi
3758 2464 3838 2531 ait,

2222 2558 2493 2625 Quoniam
2522 2558 2742 2612 verbum
2774 2559 2989 2612 Domini
3018 2559 3363 2628 contempsit.
3394 2556 3563 2611 Aliud
3599 2559 3681 2609 est
3708 2567 3838 2624 ergo,

2220 2650 2507 2717 praacepta
2536 2651 2763 2701 contem
2778 2646 3094 2710 nere,aliud
3117 2647 3315 2717 magni
3336 2646 3574 2716 quidem
3599 2644 3833 2715 pendere,

2220 2735 2319 2788 sed
2345 2739 2445 2788 aut
2468 2734 2739 2805 ignarum
2763 2740 2965 2789 contra
2998 2735 3319 2800 facere,aut
3338 2734 3580 2788 victum.
3606 2732 3727 2794 Quae
3746 2730 3838 2783 duo

2222 2822 2467 2876 fortasse
2498 2823 2829 2893 pertineant
2858 2824 2927 2876 ad
2948 2821 3049 2877 illa
3082 2826 3321 2893 peccata
3345 2818 3835 2892 quaeanolentibus

2222 2912 2391 2979 fiunt,
2411 2912 2479 2964 de
2500 2911 2714 2982 quibus
2734 2911 3523 2982 superiusquemadmodum
3558 2911 3660 2964 Deo
3680 2904 3837 2978 propi-

2220 3000 2364 3054 tiato
2387 3001 2762 3069 expiarentur
2783 3000 3110 3065 admonuit;
3136 3016 3199 3053 ac
3216 2999 3356 3053 inde
3379 2996 3627 3068 subjecit
3642 2999 3837 3067 peccata

2222 3088 2523 3159 superbire,
2558 3104 2687 3141 cum
2714 3088 2966 3159 quisque
3000 3088 3421 3158 superbiendo,
3454 3087 3511 3141 id
3544 3090 3631 3141 est
3660 3098 3837 3155 prisce-

2223 3181 2387 3246 ptum
2412 3177 2839 3231 contemnendo
2860 3191 3163 3248 perperam
3184 3176 3519 3242 facit.Quod
3544 3190 3718 3246 genus
3736 3185 3838 3243 pec-

2222 3265 2331 3320 cati
2355 3281 2471 3318 non
2494 3265 2639 3319 dixit
2662 3264 2779 3320 ullo
2803 3280 3013 3336 genere
3031 3264 3299 3320 sacriﬁcii
3327 3265 3566 3337 purgari
3590 3266 3836 3334 Oportere,

2222 3358 2505 3427 tanquam
2526 3353 3264 3424 insanabilejudicans,illa
3286 3350 3838 3409 duntaxatcuratione

2222 3460 2347 3515 quae
2381 3459 2482 3514 per
2506 3442 2793 3497 sacrificia
2822 3443 3151 3513 gerebatur,
3178 3441 3379 3513 qualia
3408 3438 3732 3497 faciendain
3755 3436 3835 3490 hac

2222 3533 2520 3601 Scriptura
2542 3530 2961 3601 prazcipiuntur
2984 3548 2995 3585 :
3016 3546 3142 3600 quae
3159 3530 3205 3584 si
3222 3546 3327 3600 per
3349 3546 3413 3585 se
3434 3525 3837 3601 ipsaattendan-

2224 3624 2340 3683 tur,
2376 3619 2519 3673 nulli
2554 3627 2785 3688 peccato
2818 3619 2840 3651 ²
2874 3622 3121 3687 possunt
3152 3618 3412 3685 mederi;
3448 3618 3496 3673 si
3537 3620 3721 3671 autem
3764 3625 3835 3665 res

2223 3708 2362 3778 ipsae
2380 3723 2627 3778 quarum
2646 3706 2765 3761 haec
2780 3710 3147 3761 sacramenta
3165 3710 3303 3760 sunt
3318 3702 3755 3775 inquirantur,in
3773 3698 3835 3752 eis

2226 3795 2469 3850 inveniri
2488 3794 2700 3867 poterit
2715 3796 2981 3866 purgatio
2997 3799 3395 3865 peccatorum.
3415 3793 3574 3856 Quod
3592 3806 3713 3859 ergo
3726 3785 3835 3843 sori-

2224 3889 2321 3955 ptu
2334 3901 2389 3937 m
2403 3886 2919 3948 est,Peccator,cum
2934 3884 3137 3937 venerit
3154 3884 3213 3936 in
3227 3881 3566 3953 profundum
3580 3878 3831 3940 malorum,

2222 3973 2520 4027 contemnit
2545 3973 2729 4036 (Prov.
2755 3989 2917 4036 xxiii,
2944 3971 3022 4041 3),
3047 3970 3157 4024 iste
3181 3970 3545 4041 signiﬁcatus
3566 3974 3666 4030 est,
3689 3975 3829 4036 quem

2222 4060 2520 4131 Scriptura
2537 4059 2644 4113 hoc
2661 4058 2781 4114 loco
2797 4060 2827 4113 d
2841 4058 3022 4127 ioit,in
3036 4075 3203 4113 manu
3218 4059 3496 4129 superbiae
3516 4055 3829 4123 delinquere.

2224 4150 2339 4203 Hoc
2370 4150 2549 4220 igitur
2574 4149 2699 4202 sine
2724 4164 2893 4218 pmna
2916 4148 3043 4217 ejus
3076 4148 3172 4217 qui
3192 4146 3525 4212 committit,
3550 4160 3654 4197 non
3678 4136 3831 4212 potest

2225 4237 2477 4293 aboleri:
2514 4236 2841 4307 atqucideo
2874 4252 2987 4289 non
3021 4239 3209 4307 potest
3233 4252 3361 4290 esse
3411 4230 3763 4305 impunitum,
3789 4227 3831 4278 et

2224 4343 2356 4380 cum
2392 4325 2724 4396 paenitendo
2747 4330 3007 4379 sanatur:
3030 4324 3155 4393 ipsa
3168 4323 3325 4377 enim
3349 4316 3832 4391 afﬁictiopoaniten-

2222 4414 2298 4468 tis
2314 4431 2480 4486 pcena
2494 4412 2710 4484 peccati
2738 4412 3121 4482 est,quamvis
3147 4410 3511 4466 medicinalis
3528 4401 3827 4463 etsalubris.

2226 4502 2430 4557 Merito
2449 4502 2661 4573 quippe
2687 4517 2965 4572 magnum
2982 4500 3737 4571 judicaturpeccatum,cum
3755 4504 3829 4544 su-

2224 4592 2424 4663 perbia
2456 4594 2808 4662 prmceptum
2842 4588 3169 4642 contemnit
3202 4606 3213 4643 :
3244 4589 3344 4643 sed
3372 4605 3401 4643 e
3444 4582 3730 4646 contrario,
3780 4578 3828 4629 ut

2223 4680 2416 4734 sanari
2439 4679 2744 4750 possit,cor
2766 4677 3083 4731 contritum
3109 4682 3166 4730 et
3184 4676 3553 4730 humiliatum
3573 4674 3708 4727 Deus
3736 4678 3828 4719 non

2224 4768 2447 4840 spernit
2476 4766 2649 4837 (Psat.
2688 4784 2735 4835 L,
2773 4766 2883 4835 19).
2917 4764 3321 4819 Verumtatem
3351 4765 3487 4835 quia
3532 4761 3649 4817 sine
3692 4766 3827 4828 pinna

2226 4874 2340 4911 non
2376 4858 2457 4921 fit,
2494 4856 2621 4910 ideo
2653 4854 2789 4909 hinc
2811 4853 2951 4909 talia
2974 4853 3129 4907 dicta
3152 4858 3323 4909 sunt:
3352 4854 3532 4920 Deum,
3562 4840 3825 4917 inquit/lic

2224 4946 2551 5012 exacerbat;
2585 4943 2720 5014 quia
2745 4943 2900 4998 Deus
2932 4942 3200 5013 superbis
3232 4941 3447 4997 resistit
3469 4936 3663 5007 (Jacobi
3682 4930 3818 4997 m6)-

2228 5037 2292 5089 Et
2320 5033 2785 5089 exterminabitur
2812 5033 3011 5086 anima
3034 5031 3209 5085 itlade
3230 5031 3560 5101 populosae;
3589 5017 3820 5110 quoniatn

2224 5124 2360 5177 talis
2392 5123 2587 5177 omino
2617 5123 2674 5175 in
2705 5136 2950 5174 numero
2983 5135 3182 5173 eorum
3211 5119 3311 5190 qui
3347 5119 3415 5174 ad
3472 5118 3635 5171 Deum
3676 5107 3818 5179 perti-

2229 5217 2507 5279 nent,non
2535 5211 2925 5278 est.Quoniam
2956 5209 3183 5262 verbum
3214 5209 3434 5263 Domini
3460 5195 3819 5268 contempsit,“

2226 5303 2488 5357 mandata
2508 5302 2625 5373 ejus
2643 5298 2992 5367 disperdidit:
3010 5300 3343 5355 contritione
3363 5298 3649 5353 conteretur
3660 5283 3817 5340 anima

2294 5518 2307 5549 ¹
2350 5515 2501 5575 Editi,
2539 5519 2591 5563 et
2621 5516 2743 5563 Mss.
2770 5519 3122 5579 uno‘excepto
3144 5505 3638 5579 Corbeiensi‘codice
3665 5490 3811 5548 ωεηί

2228 5578 2311 5626 his
2342 5572 2535 5636 verbis,
2568 5584 2814 5639 tanquam
2847 5577 2892 5625 si
2918 5572 3156 5639 peierare
3184 5574 3333 5639 nolit,
3368 5578 3413 5624 et
3440 5572 3577 5639 facit.

2292 5642 2311 5675 ³
2340 5640 2477 5691 Editi
2511 5628 2851 5704 nutto'pacto.
2875 5628 2998 5689 Mss:
3034 5653 3177 5701 vero,
3206 5628 3341 5690 nulli
3362 5628 3567 5701 peccato.
