4030 6182
467 331 580 401 751

474 461 813 525 hominibus
843 480 949 520 nec
977 465 1035 520 in
1072 466 1309 537 Angelis
1339 467 1446 520 hoc
1468 466 1624 521 dicat
1649 465 1914 525 auditum
1943 507 1956 531 ,
1978 465 2115 536 quid

474 556 563 607 est
594 569 729 623 ergo
761 554 904 611 illud
940 556 997 609 in
1029 554 1358 625 Evangelio,
1394 561 1431 610 A
1465 558 1696 609 summis
1727 558 1986 611 castorum
2026 572 2116 610 us-

474 658 575 710 que
604 644 674 697 ad
704 646 969 701 terminos
1000 660 1209 712 eorum,
1242 661 1374 697 cum
1427 644 1552 699 sine
1601 645 1779 699 dubio
1830 645 2116 700 Dominus

474 733 583 789 hoc
616 733 716 799 ait,
750 749 881 787 cum
917 734 986 787 de
1016 731 1337 788 novissima
1367 732 1679 788 electorum
1710 751 1950 789 suorum
1975 750 2115 788 con-

471 822 807 896 gregatione
837 821 1172 892 loqueretur
1190 821 1217 874 ‘2

548 912 635 966 ΙΧ.
666 913 773 982 [lh.
801 929 852 981 ν,
880 913 913 963 2
943 912 1019 980 4.]
1052 911 1197 974 Quid
1232 918 1320 967 est
1350 914 1502 983 quod
1538 915 1636 977 ait,
1665 915 1934 970 Dominus
1974 917 2113 969 Deus

471 1006 646 1057 vester
665 1002 933 1071 disposuit
953 1001 1022 1057 ad
1042 1017 1132 1057 vos
1156 1009 1536 1058 testamentum
1558 1005 1617 1057 in
1639 1006 1819 1058 Horeb
1842 1021 1861 1057 :
1892 1020 2000 1058 non
2020 1020 2114 1074 pa-

468 1092 644 1147 tribus
674 1092 870 1146 vestris
891 1090 1161 1160 disposuit
1184 1092 1445 1147 Dominus
1464 1096 1849 1148 testamentum
1871 1093 1985 1157 hoc,
2020 1093 2111 1147 sed

464 1182 535 1236 ad
551 1197 661 1245 vos,
678 1197 766 1237 vos
786 1181 877 1234 hic
895 1197 1077 1235 omnes
1098 1182 1334 1235 viventes
1352 1183 1549 1245 hodie;
1567 1184 1713 1251 facie
1734 1183 1801 1236 ad
1812 1184 2010 1251 faciem
2031 1183 2108 1237 lo-

1206 334 1730 405 QUxESTIONUM
1781 337 1845 395 S.
1892 336 2316 405 AUGUSTINI
2366 335 2443 405 ΙΝ
2489 335 3139 401 HEPTATEUCHUM
3707 350 3801 417 152

2227 465 2434 529 Deum.
2468 471 2665 539 Neque
2696 468 2853 523 enim
2886 467 3024 538 quia
3050 466 3273 529 dictum
3290 473 3391 537 est,
3413 473 3578 528 Estote
3595 478 3805 548 perfecti,

2227 558 2366 610 sicut
2384 558 2549 612 Pater
2569 562 2742 611 vester
2758 557 2982 611 cwlestis
2998 560 3277 629 perfectus
3297 566 3371 614 est
3418 562 3609 627 (Matth.
3640 582 3684 631 v,
3719 567 3808 639 48),

2225 645 2354 699 ideo
2387 647 2777 715 aaqualitatem
2811 646 3018 715 Patris,
3051 662 3228 717 quam
3261 647 3500 705 Verbum
3529 652 3686 709 habet
3710 656 3810 710 uni-

2225 735 2509 803 genitum,
2544 750 2777 805 sperare
2808 735 3120 790 debemus:
3157 736 3419 806 quamvis
3442 754 3548 793 non
3564 740 3813 799 defuerint

2225 824 2322 893 qui
2350 828 2407 878 et
2434 824 2543 878 hoc
2575 826 2838 879 futurum
2874 825 3229 895 putaverint,
3273 824 3384 879 nisi
3414 826 3549 883 forte
3582 832 3708 899 quid
3736 832 3812 887 di-

2224 918 2356 967 cant
2387 930 2589 983 parum
2622 913 3011 984 intelligimus
3042 913 3140 985 (a).

2294 1006 2361 1055 X.
2398 1003 2503 1069 [lb.
2537 1019 2592 1068 v,
2622 1005 2677 1069 5,
2707 1004 2761 1072 ὁ,
2790 1003 2904 1073 24.]
2938 1001 3086 1067 Quid
3120 1007 3210 1073 est
3237 1004 3391 1074 quod
3422 1005 3593 1075 ait,Et
3618 1024 3704 1078 ego
3721 1015 3812 1067 δια-

2223 1091 2348 1145 bam
2369 1094 2515 1146 inter
2542 1093 2835 1147 Dominum
2851 1100 2904 1146 et
2937 1107 3029 1146 vos
3066 1093 3120 1146 in
3147 1095 3384 1156 tempore
3404 1094 3814 1155 iltoannuntiare

2218 1182 2370 1234 vobis
2390 1182 2555 1236 verba
2575 1182 2820 1237 Domini;
2843 1186 3127 1249 tanquam
3148 1179 3207 1235 in
3232 1180 3356 1236 loco
3377 1188 3527 1237 esset
3547 1184 3810 1255 Dominus,

2218 1268 2324 1324 hoc
2356 1276 2445 1324 est
2468 1271 2525 1323 in
2549 1275 2744 1325 monte
2769 1271 2921 1323 unde
2946 1270 3027 1324 illi
3049 1286 3214 1325 voces
3238 1271 3725 1336 audiebant‘IQuod
3747 1278 3813 1330 sic

462 1276 624 1326 cutus
645 1275 720 1325 est
741 1272 999 1325 Dominus
1021 1271 1095 1324 ad.
1117 1287 1206 1324 vos
1230 1273 1288 1323 in
1312 1280 1492 1325 monte
1528 1288 1555 1324 e
1592 1271 1769 1326 medio
1791 1274 1935 1337 ignis
1956 1276 1981 1324 .9
2022 1274 2104 1325 An

462 1362 602 1432 quia
623 1361 705 1416 illi
721 1362 819 1432 qui
839 1361 1447 1431 noningrodiunturin
1466 1367 1676 1418 terram
1699 1363 2105 1433 promissionis

462 1451 700 1521 (mortui
723 1455 862 1504 sunt
890 1450 1043 1505 enim
1078 1454 1303 1519 omnes)
1338 1469 1450 1506 non
1487 1451 1772 1521 pertinent
1797 1453 1866 1505 ad
1892 1452 1998 1505 hoc
2020 1456 2104 1508 te-

464 1542 1104 1609 stamentum,quorum
1128 1543 1265 1595 tunc
1288 1540 1604 1611 recognitio
1632 1542 1782 1595 facta
1802 1546 2051 1606 est,cum
2071 1557 2103 1595 a

459 1626 661 1697 viginti
684 1628 855 1683 annis
876 1627 1060 1682 aetatis
1082 1632 1137 1682 et
1158 1645 1331 1697 supra
1354 1634 1805 1684 numerarentur
1821 1645 2008 1699 usque
2029 1630 2098 1684 ad

459 1715 889 1787 quinquaginta
904 1733 1090 1771 annos
1108 1716 1330 1773 habiles
1346 1719 1414 1772 ad
1433 1717 1682 1773 bellum?
1697 1718 1995 1783 Quomodo
2011 1734 2101 1775 er—

455 1819 528 1875 go
541 1803 658 1859 illis
678 1804 911 1865 locutus
924 1812 1010 1861 est
1024 1805 1432 1877 L‘ominusqui
1449 1806 1618 1861 hodie
1634 1807 1945 1863 vivuntPAn
1965 1806 2099 1876 quia

454 1908 521 1948 ex
534 1893 739 1965 viginti
756 1895 926 1949 annis
940 1893 1161 1949 etinfra
1174 1899 1487 1964 potuerunt
1509 1895 1677 1949 multi
1690 1900 1830 1950 tunc
1843 1896 2098 1966 esse,qui

452 1982 561 2038 hoc
576 1983 720 2038 bene
736 1984 1342 2046 meminissent,alieni
1361 1985 1431 2037 ab
1446 1984 1544 2037 illa
1558 2001 1928 2055 poena,quam
1944 1986 2097 2042 Deus

451 2072 758 2127 constituit
796 2072 915 2127 illis
962 2076 1059 2143 qui
1108 2077 1246 2127 tunc
1294 2073 1583 2129 numerati
1623 2074 2097 2143 sunt,nonintra-

448 2163 579 2219 rein
600 2169 809 2219 terram
832 2163 1261 2234 promissionis;
1287 2163 1462 2219 ethos
1479 2164 1679 2234 utique
1694 2165 1969 2235 appellat,
1994 2166 2094 2236 qui

446 2254 713 2322 quamvis
726 2252 926 2323 viginti
941 2267 1229 2307 annorum
1243 2256 1491 2321 etsupra
1509 2268 1620 2306 non
1634 2254 2092 2322 essent,quando

447 2341 602 2395 Deus
625 2340 684 2395 in
704 2346 902 2396 monte
918 2341 1360 2411 loquebatur,ut
1372 2341 1665 2397 numerari
1683 2346 1817 2396 tunc
1832 2348 2091 2412 possent,

448 2434 767 2500 potuerunt
779 2434 975 2484 tamen
992 2446 1117 2485 esse
1132 2430 1332 2484 decem
1350 2434 1407 2483 et
1421 2446 1627 2485 novem
1642 2435 1698 2485 et
1716 2431 1869 2485 infra
1902 2447 2090 2502 usque

445 2520 517 2574 ad
543 2518 822 2590 puerilem
848 2524 1233 2589 aatatem,qute
1251 2523 1443 2590 posset
1458 2518 1557 2574 illa
1577 2536 1706 2590 qua:
1732 2520 1881 2575 facta
1900 2520 2088 2577 etdic-

445 2612 658 2663 tasunt
679 2613 735 2662 et
757 2608 969 2671 videre,
990 2613 1048 2662 et
1068 2607 1291 2673 audire,
1317 2612 1374 2662 et
1396 2608 1675 2664 memoria
1695 2608 1981 2666 retinere?

514 2698 621 2753 Sed
646 2697 786 2768 quid
812 2701 897 2751 est
931 2697 1084 2767 quod
1120 2695 1221 2761 ait,
1252 2697 1411 2751 Facie
1428 2697 1496 2751 ad
1514 2700 1712 2767 faciem
1740 2698 1761 2731 ²
1782 2699 1988 2755 locutus
2008 2704 2086 2755 est

447 2788 707 2842 Dominus
732 2786 802 2842 ad
821 2803 946 2855 vos;
972 2802 1120 2856 quos
1143 2785 1317 2856 paulo
1342 2790 1478 2841 ante
1495 2786 1750 2843 maxime
1769 2789 1836 2842 ad
1848 2804 2084 2845 monere

440 2876 689 2940 curavit,
730 2875 883 2946 quod
916 2874 1138 2929 nullam
1172 2872 1621 2929 similitudinem
1654 2875 1925 2946 viderint,
1978 2878 2079 2932 sed

436 2964 618 3019 solam
650 2980 849 3019 vocem
882 2964 952 3017 de
981 2962 1172 3017 medio
1202 2962 1358 3033 ignis
1380 2964 1821 3023 audierint?An
1845 2969 2083 3036 propter

432 3069 628 3108 rerum
652 3052 1089 3119 evidentiam,et
1110 3053 1541 3122 quodammodo
1564 3054 1932 3123 presentiam
1958 3070 2078 3111 ma-

430 3143 717 3198 nifestata
740 3141 1084 3205 divinitatis,
1117 3141 1187 3195 de
1218 3156 1335 3211 qua
1363 3140 1633 3199 dubitare
1663 3158 1834 3197 nemo
1858 3146 2073 3212 posset,

432 3231 525 3286 his
559 3232 753 3286 verbis
785 3246 929 3285 usus
960 3229 1093 3284 est?
1123 3230 1283 3293 Quod
1318 3229 1365 3284 si
1398 3230 1480 3285 ita
1510 3234 1619 3295 est,
1641 3231 1782 3300 quid
1808 3230 2076 3301 prohibet

430 3322 501 3375 de
526 3321 653 3392 ipso
686 3321 881 3390 Moyse
914 3319 1026 3373 hod
1061 3318 1327 3387 intelligi,
1362 3317 1416 3371 in
1451 3334 1517 3373 eo
1549 3319 1701 3389 quod
1735 3320 1804 3374 de
1836 3319 2071 3375 illodic-

426 3415 551 3464 tum
586 3415 694 3473 est,
730 3409 884 3479 quod
920 3408 1064 3461 facie
1096 3408 1166 3462 ad
1201 3407 1405 3462 faciem
1450 3406 1681 3462 locutus
1729 3408 1967 3465 sitcum
2004 3425 2069 3464 eo

428 3498 711 3553 Dominus
745 3498 936 3563 (Exod.
965 3511 1159 3563 χχχιιι,
1195 3498 1303 3566 it),
1330 3500 1393 3550 ut
1418 3513 1522 3551 nec
1542 3497 1667 3568 ipse
1689 3497 1907 3566 aliquid
1932 3515 2067 3553 ocu-

426 3586 501 3641 lis
522 3586 729 3641 viderit
759 3590 965 3656 praeter
988 3586 1184 3656 ignem
1207 3585 1234 3638 ?
1261 3586 1344 3639 An
1368 3584 1589 3655 aliquid
1611 3586 1865 3657 amplius
1896 3587 2069 3643 vidis-

427 3673 872 3744 seintelligitur,
908 3673 1044 3744 quia
1075 3674 1356 3742 scriptum
1389 3678 1479 3728 est
1526 3688 1658 3731 eum
1701 3674 1955 3731 intrasse
2006 3676 2064 3730 in

425 3763 699 3818 nebulam
734 3762 816 3817 vel
852 3763 1120 3816 nimbum
1154 3762 1252 3816 ubi
1284 3766 1409 3817 erat
1440 3763 1591 3819 Deus
1622 3764 1730 3834 (Id.
1761 3782 1909 3832 xxxv,
1938 3766 2066 3833 18)?

420 3853 532 3909 Sed
563 3852 669 3907 etsi
702 3851 922 3923 aliquid
955 3850 1210 3922 amplius
1241 3851 1404 3917 vidit,
1437 3867 1611 3920 quam
1647 3852 1764 3920 illi;
1790 3871 1905 3912 non
1927 3871 2061 3910 eum

416 3945 614 3998 tamen
650 3939 995 3997 mortalibus
1027 3938 1214 3995 oculis
1234 3939 1447 3995 vidisse
1468 3940 1561 3995 Dei
1584 3942 1975 3999 substantiam
1995 3961 2063 4001 ex

412 4031 530 4087 illis
565 4032 692 4101 ejus
722 4030 913 4085 verbis
944 4029 1189 4101 intelligi
1222 4031 1680 4100 potesthquibus
1713 4032 1792 4089 ait
1822 4033 1937 4090 Deo
1964 4037 2063 4091 ειςὶ

412 4122 600 4176 inveni
628 4122 873 4190 gratiam
900 4124 1027 4175 ante
1057 4127 1126 4187 te,
1157 4118 1372 4175 ostende
1401 4120 1544 4173 mihi
1593 4124 1952 4193 temetipsum,
2002 4132 2063 4180 ut

413 4215 656 4268 scienter
682 4209 898 4264 videam
927 4216 976 4263 te
1006 4207 1103 4275 (Id.
1138 4223 1338 4273 xxxm,
1382 4208 1483 4276 13).
1509 4208 1707 4279 Neque
1732 4211 1886 4267 enim
1913 4213 2063 4271 arbi-

414 4300 692 4353 trandum
725 4302 813 4352 est
842 4296 1000 4351 hunc
1018 4296 1421 4365 populum.cui
1446 4296 1670 4363 Moyses
1693 4297 2059 4369 loquebatur,

416 4388 501 4444 sic
532 4392 673 4442 tunc
702 4386 914 4440 vidisse
946 4385 1125 4439 Deum
1152 4383 1295 4438 facie
1320 4385 1393 4439 ad
1435 4385 1663 4450 faciem,
1715 4390 1949 4458 quando
2002 4392 2058 4446 in

416 4481 617 4532 monte
669 4474 1017 4546 loquebatur
1044 4490 1075 4528 e
1106 4474 1298 4527 medio
1343 4472 1515 4543 ignis,
1564 4477 2057 4544 quemadmodum

412 4564 726 4639 Apostolus
758 4563 899 4618 dicit
928 4562 985 4617 in
1018 4563 1134 4617 ﬁne
1165 4577 1271 4616 nos
1320 4578 1443 4617 esse
1488 4561 1737 4628 visuros.
1788 4566 1886 4620 ubi
1939 4569 2055 4625 ait:

419 4655 667 4711 Videmus
689 4671 837 4710 nunc
858 4670 957 4725 per
979 4652 1261 4723 speculum
1291 4653 1349 4705 in
1377 4654 1690 4721 mnigmate,
1722 4661 1851 4710 tunc
1878 4665 2060 4713 autem

409 4745 549 4813 facie
571 4746 640 4798 ad
668 4746 890 4815 [aciem
928 4742 1076 4805 Quid
1109 4744 1304 4796 autem
1339 4740 1467 4807 hoc,
1495 4747 1552 4797 et
1575 4742 1861 4811 quantum
1884 4752 2059 4812 esset,

409 4839 833 4902 consequenter
864 4832 1111 4903 aperuit,
1146 4829 1381 4884 dicens:
1427 4830 1583 4885 Nunc
1610 4833 1719 4887 scio
1767 4849 1835 4887 ea:
1880 4841 2057 4905 parte,

410 4926 541 4977 tunc
561 4930 739 4976 autem
762 4937 1074 4991 cognoscam
1098 4920 1240 4973 sicut
1260 4922 1311 4973 et
1334 4922 1579 4986 cognitus
1600 4935 1718 4975 sum
1747 4921 2058 4991 (100mm,

412 5012 517 5082 12).
554 5012 714 5075 Quod
746 5011 923 5065 etiam
946 5009 1141 5079 ipsum
1175 5012 1344 5064 caute
1376 5009 1782 5079 accipiendum
1835 5018 1944 5079 est,
1987 5032 2058 5070 ne

410 5106 638 5156 tantum
675 5103 912 5171 putetur
945 5098 1255 5153 habiturus
1289 5098 1461 5153 homo
1492 5100 1885 5171 cognitionem
1939 5105 2055 5177 Dei,

410 5194 689 5263 quantum
723 5204 880 5243 nunc
910 5186 1087 5241 habet
1116 5186 1372 5241 hominis
1404 5186 1595 5255 Deus;
1642 5189 1743 5243 sed
1798 5208 1898 5261 pro
1950 5210 2057 5249 suo

413 5281 585 5336 modo
616 5279 697 5335 ita
726 5276 1061 5350 perfectam,
1096 5279 1158 5328 ut
1186 5278 1242 5329 et
1270 5274 1413 5329 nihil
1445 5275 1636 5331 adhuc
1693 5284 2059 5350 exspectetur

413 5370 772 5425 addendum:
800 5374 1050 5435 utquam
1075 5363 1325 5433 perfecte
1349 5380 1504 5419 nunc
1524 5363 1676 5420 Deus
1698 5368 2054 5427 novitbomi-

410 5474 565 5529 nem,
591 5460 691 5515 sed
716 5463 909 5513 tamen
932 5454 1089 5508 sicut
1112 5452 1265 5507 Deus
1300 5451 1621 5522 hominem,
1645 5454 1725 5510 ita
1755 5461 1893 5513 tunc
1925 5476 2053 5530 per-

407 5550 552 5604 fecte
583 5547 806 5604 noverit
838 5545 1013 5601 homo
1057 5546 1259 5611 Deum,
1292 5541 1393 5595 sed
1437 5545 1629 5597 tamen
1681 5543 1834 5603 sicut
1879 5548 2052 5607 homo

458 5677 479 5711 ²
508 5677 629 5725 Mss.
660 5676 855 5741 plures,
882 5671 1069 5736 [aciem
1100 5670 1172 5719 arl
1197 5668 1383 5733 [aciem
1399 5684 1416 5716 :
1450 5668 1527 5717 uti
1556 5682 1731 5731 grate,
1797 5678 2051 5741 pros-upon

399 5740 521 5790 hata
542 5738 812 5803 prosdpon.

2215 1358 2620 1429 accipiendum
2648 1364 2752 1425 est,
2783 1363 2981 1413 utnon
2996 1376 3065 1412 ex
3086 1359 3194 1413 hoc
3210 1360 3572 1430 suspicemur
3586 1362 3675 1418 Dei
3700 1366 3813 1420 sub-

2214 1449 2490 1502 stantiam
2519 1448 2575 1503 in
2602 1447 2718 1502 ullo
2743 1447 2938 1517 aliquo
2969 1464 3098 1502 esse
3131 1448 3415 1519 corporali
3447 1448 3586 1517 loco,
3614 1453 3701 1522 qui
3746 1460 3815 1509 est

2215 1537 2428 1605 ubique
2450 1540 2629 1603 totus,
2656 1552 2760 1591 nec
2780 1553 2882 1607 per
2905 1536 3166 1591 locorum
3186 1537 3488 1593 intervalla
3509 1540 3818 1612 propinquat

2212 1629 2313 1680 aut
2326 1626 2566 1680 recedit:
2588 1626 2687 1681 sed
2700 1624 3231 1680 demonstrationes
3256 1627 3387 1695 ejus
3410 1627 3469 1681 in
3488 1643 3553 1683 ea
3572 1635 3814 1699 creatura,

2211 1731 2338 1785 quae
2372 1733 2485 1770 non
2518 1720 2604 1769 est
2622 1716 2774 1786 quod
2802 1715 3071 1786 ipse,non
3096 1714 3267 1769 aliter
3286 1714 3563 1773 humanis
3583 1718 3816 1775 sensibus

2210 1804 2746 1860 exhibentur.Unde
2768 1804 3055 1859 Dominus
3076 1803 3275 1859 volens
3301 1806 3532 1861 auferre
3555 1807 3620 1861 ah
3642 1806 3814 1878 hujus-

2210 1895 2366 1949 modi
2380 1894 2813 1964 suspicionibus
2828 1897 3083 1947 mentem
3098 1894 3599 1965 nostram,quibus
3612 1901 3816 1967 putatur

2209 1987 2359 2038 Deus
2390 1983 2514 2037 loco
2547 1984 2743 2054 aliquo
2775 1981 3102 2037 contineri:
3170 1983 3381 2052 Veniet,
3438 1983 3643 2055 inquit,
3687 1987 3812 2051 hora,

2205 2075 2427 2142 quando
2449 2089 2625 2142 neque
2647 2075 2706 2126 in
2725 2080 2909 2127 monte
2944 2071 3059 2137 hoc,
3084 2087 3256 2141 neque
3280 2074 3341 2125 in
3386 2073 3719 2144 Jcrosotymis
3743 2076 3814 2128 ad-

2203 2162 2431 2218 orabitis
2451 2168 2689 2218 Patrem.
2729 2166 2836 2216 Vos
2850 2161 3091 2215 adoratis
3112 2160 3254 2230 quod
3269 2163 3513 2217 nescitis:
3533 2179 3627 2219 nos
3643 2165 3815 2218 adora-

2200 2267 2326 2305 mus
2346 2252 2483 2321 quod
2501 2253 2705 2305 scimus
2724 2252 2888 2320 ;quia
2908 2250 3060 2304 salus
3080 2265 3151 2305 ex
3174 2250 3391 2306 Judaeis
3418 2261 3516 2306 est.
3548 2252 3648 2306 Sed
3692 2254 3814 2308 venit

2202 2339 2335 2394 hora
2364 2343 2414 2395 et
2443 2356 2591 2395 nunc
2618 2348 2713 2407 est,
2747 2339 2961 2410 quando
3000 2342 3116 2394 veri
3170 2340 3495 2396 adoratores
3542 2340 3813 2397 adorabunt

2198 2430 2424 2485 Patrem
2448 2431 2501 2484 in
2522 2432 2726 2500 spiritu
2746 2433 2794 2484 et
2815 2430 3067 2484 veritate.
3090 2429 3228 2483 Nam
3248 2438 3302 2485 et
3314 2429 3631 2486 Patertales
3647 2433 3819 2501 quatit

2198 2521 2296 2588 qui
2309 2518 2532 2575 adorent
2555 2535 2699 2573 cum.
2726 2519 2962 2589 Spiritus
2981 2527 3058 2573 est
3079 2519 3242 2585 Deus,
3275 2528 3328 2574 et
3350 2536 3441 2575 eos
3480 2522 3574 2592 qui
3614 2520 3817 2576 adorant

2194 2623 2338 2677 eum,
2374 2610 2429 2663 in
2460 2610 2662 2679 spiritu
2691 2617 2742 2663 et
2773 2611 3004 2662 veritate
3024 2612 3231 2678 oportet
3259 2608 3505 2664 adorare
3548 2610 3712 2679 (Joan.
3741 2625 3809 2677 ιν,

2192 2697 2256 2752 21
2270 2698 2408 2765 -24).
2448 2697 2701 2753 Medium
2726 2713 2861 2768 ergo
2895 2713 2957 2751 se
2978 2696 3125 2751 dixit
3146 2697 3379 2769 Moyses
3412 2715 3529 2753 non
3556 2698 3699 2754 inter
3724 2698 3807 2754 Dei

2191 2786 2583 2842 substantiam
2617 2791 2674 2841 et
2704 2784 2982 2857 populum
3013 2784 3321 2841 intervallo
3355 2786 3672 2858 aliquoloci
3696 2788 3809 2853 ;sed

2191 2876 2329 2947 quia
2351 2892 2453 2947 per
2472 2892 2606 2931 eum
2623 2875 2840 2940 placuit
2853 2874 3070 2947 populo
3087 2874 3292 2930 audire
3315 2880 3522 2932 cetera
3540 2876 3632 2932 Dei
3645 2877 3808 2944 verba,

2190 2969 2565 3035 posteaquam
2592 2964 2965 3020 vehementer
2995 2968 3083 3018 est
3114 2964 3381 3033 territus,
3414 2966 3613 3021 audita
3633 2966 3697 3021 de
3716 2982 3810 3021 me-

2187 3053 2281 3108 dio
2312 3053 2464 3123 ignis
2493 3069 2629 3108 voce
2660 3052 2760 3107 Dei
2792 3052 3039 3109 dicentis
3070 3050 3427 3125 Decalogum
3459 3054 3622 3126 legis.

2258 3143 2366 3198 Sed
2405 3142 2606 3197 merito
2630 3141 2909 3212 quaeritur
2935 3143 3229 3212 quomodo
3285 3142 3653 3215 accipiantur
3707 3144 3805 3201 haec

2182 3232 2359 3286 verba
2389 3229 2844 3297 Deuteronomii,
2878 3229 3103 3284 dicente
3132 3232 3349 3301 Moyse,
3384 3231 3449 3286 Et
3478 3246 3572 3301 ego
3620 3230 3803 3286 stabam

2183 3323 2326 3376 inter
2346 3322 2639 3376 Dominum
2659 3323 2711 3373 et
2734 3334 2821 3374 vos
2844 3320 2901 3372 in
2925 3327 3163 3389 tempore
3182 3320 3650 3383 illo,annuntiare
3676 3321 3806 3375 vobis

2179 3411 2341 3465 verba
2368 3410 2632 3469 Domini;
2654 3409 2923 3478 quoniam
2943 3409 3205 3463 timuistis
3227 3425 3260 3462 α
3277 3412 3428 3480 [acie
3444 3411 3611 3478 ignis,
3642 3421 3691 3463 et
3715 3424 3806 3463 non

2178 3500 2493 3556 ascendistis
2510 3502 2574 3554 in
2593 3506 2851 3565 montem,
2876 3497 3084 3564 dicens,
3111 3502 3219 3568 Ego
3239 3514 3366 3553 sum
3396 3500 3659 3555 Dominus
3686 3500 3806 3554 Deus

2179 3598 2324 3656 tuus,
2352 3594 2408 3645 et
2431 3593 2635 3643 castora
2658 3606 2671 3643 :
2691 3603 2815 3657 quas
2829 3587 2956 3655 jam
2982 3586 3158 3641 verba
3184 3585 3282 3640 Dei
3309 3592 3475 3658 sunt,
3500 3604 3627 3659 qua:
3646 3587 3802 3642 Deca-

2173 3677 2339 3750 logus
2361 3674 2788 3739 continet.Quid
2821 3691 2957 3746 ergo
2986 3675 3113 3729 vult
3141 3675 3291 3744 quod
3318 3676 3568 3747 addidit,
3590 3673 3801 3731 dicens?

2172 3767 2230 3821 Si
2251 3766 2407 3822 enim
2433 3767 2828 3836 putaverimus
2849 3762 3231 3834 hyperbaton,
3260 3767 3323 3819 ut
3346 3765 3492 3819 ordo
3513 3764 3797 3821 verborum

2172 3858 2270 3926 sit,
2294 3856 2359 3910 Et
2387 3870 2485 3923 ego
2512 3854 2733 3909 stabam
2763 3855 2915 3908 inter
2946 3853 3239 3907 Dominum
3258 3860 3309 3907 et
3358 3868 3450 3908 vos
3482 3854 3543 3908 in
3589 3862 3800 3925 tempore

2169 3944 2295 4011 illo,
2320 3945 2655 3999 annnutiare
2679 3942 2829 3996 vobis
2847 3942 3013 3997 verba
3053 3942 3299 4009 Domini,
3327 3941 3538 4010 dicens,
3566 3943 3668 4012 Ego
3694 3956 3801 3995 sum

2171 4036 2433 4090 Dominus
2466 4034 2603 4087 Deus
2623 4035 2784 4086 tuus:
2820 4048 2933 4086 non
2957 4031 3068 4086 erit
3088 4046 3312 4085 verum.
3346 4030 3474 4086 Non
3509 4031 3661 4087 enim
3694 4029 3800 4085 haec

2168 4126 2343 4179 verba
2373 4139 2474 4193 per
2503 4122 2740 4193 Moysen
2774 4119 3049 4192 populus,
3083 4119 3182 4175 sed
3217 4120 3288 4174 de
3322 4120 3519 4175 medio
3550 4120 3698 4191 ignis
3719 4134 3803 4173 au-

2171 4213 2313 4268 divit
2336 4228 2348 4266 :
2374 4212 2528 4281 quod
2554 4227 2685 4266 cum
2710 4210 3002 4265 sustinere
3024 4225 3138 4264 non
3182 4213 3381 4280 posset
3420 4208 3618 4265 audito
3649 4208 3802 4263 Deca-

2171 4299 2644 4372 logo,postulavit
2660 4302 2724 4352 ut
2747 4315 2846 4371 per
2864 4298 3099 4368 Moysen
3122 4301 3326 4353 catera
3347 4297 3599 4353 audiret.
3622 4298 3803 4361 Restat

2170 4408 2306 4464 ergo
2340 4395 2402 4445 ut
2434 4389 2586 4459 quod
2620 4387 2876 4459 positum
2909 4392 3019 4453 est,
3050 4386 3257 4453 dicens,
3293 4404 3399 4458 pro
3451 4404 3519 4443 eo
3566 4387 3800 4459 positum

2170 4479 2590 4549 intelligamus,
2624 4493 2689 4532 ac
2729 4476 2777 4530 si
2810 4480 2986 4545 esset,
3018 4475 3163 4531 Cum
3194 4474 3454 4544 diceret;
3492 4481 3557 4531 ut
3602 4476 3706 4533 iste
3733 4473 3803 4529 sit

2170 4585 2369 4633 sensu,
2420 4568 2483 4622 Et
2514 4582 2606 4636 ego
2635 4566 2845 4620 stabam
2878 4565 3022 4619 inter
3049 4565 3343 4620 Dominum
3371 4573 3427 4620 et
3458 4580 3547 4621 vos
3597 4566 3655 4619 in
3679 4565 3800 4616 tem—

2168 4674 2302 4728 pore
2328 4657 2453 4721 illo,
2484 4656 2822 4710 annuntiare
2846 4654 2993 4709 vobis
3041 4655 3203 4710 verba
3256 4655 3520 4716 Domini;
3562 4652 3799 4726 quoniam

2166 4748 2430 4803 timuistis
2459 4762 2491 4800 a
2520 4746 2661 4815 [acie
2692 4745 2853 4813 ignis,
2884 4751 2938 4798 et
2964 4759 3075 4797 non
3106 4742 3425 4799 ascendistis
3457 4744 3515 4797 in
3564 4748 3795 4805 montem,

2168 4854 2300 4893 cum
2326 4834 2561 4898 diceret,
2588 4834 2694 4902 Ego
2716 4848 2835 4887 sum
2856 4834 3116 4888 Dominus
3140 4833 3278 4887 Deus
3301 4836 3461 4887 tuus:
3483 4836 3547 4887 ut
3592 4830 3792 4886 subau-

2169 4926 2365 4980 diatur
2414 4938 2545 4976 cum
2577 4920 2795 4976 diceret
2834 4920 3035 4991 utique
3091 4921 3396 4975 Dominus.
3460 4922 3601 4976 Cum
3649 4917 3791 4973 enim

2170 5016 2289 5070 haec
2318 5012 2491 5073 verba
2520 5011 2739 5065 diceret
2772 5010 3072 5080 Dominus,
3106 5027 3231 5080 quae
3262 5010 3685 5080 consequenter
3731 5019 3790 5059 ex

2166 5102 2449 5173 DeCalogo
2480 5104 2690 5155 cuncta
2707 5103 3148 5166 commemorat,
3180 5103 3320 5153 tunc
3340 5097 3542 5153 timuit
3565 5093 3795 5167 pupulus

2166 5211 2199 5249 a
2226 5191 2370 5248 facie
2401 5189 2577 5261 ignis,
2611 5193 2667 5243 et
2698 5205 2812 5243 non
2845 5188 3106 5243 ascendit
3137 5188 3192 5242 in
3226 5189 3509 5252 montem,
3540 5190 3595 5239 et
3644 5196 3793 5253 roga-

2164 5284 2247 5337 vit
2276 5285 2339 5336 ut
2370 5296 2471 5351 per
2516 5277 2751 5347 Moysen
2811 5276 3006 5347 potius
3064 5276 3239 5331 verba
3294 5272 3525 5331 Domini
3582 5270 3794 5329 audiret

2163 5370 2353 5445 (Emod.
2386 5386 2479 5433 xx,
2515 5368 2602 5431 18,
2636 5367 2746 5435 19.)

2233 5462 2365 5523 Qum
2397 5457 2571 5513 verba
2586 5456 2810 5526 Moyses
2842 5454 3334 5510 commemoratin
3357 5446 3787 5509 Deuteronomio

2163 5551 2318 5607 dicta
2334 5547 2445 5603 sibi
2468 5564 2502 5601 a
2532 5544 2767 5617 populo,
2788 5562 2920 5601 cum
2968 5544 3169 5601 audire
3191 5545 3317 5615 jam
3360 5540 3582 5598 nollent
3608 5549 3786 5596 vocem

2163 5638 2389 5703 Dei,sed
2425 5652 2526 5708 per
2545 5651 2677 5691 eum
2695 5634 3083 5704 peterentsibi
3099 5634 3211 5688 dici
3244 5648 3369 5706 quis
3386 5628 3615 5686 dicebat
3628 5626 3784 5689 Deus;

2223 5739 2292 5801 (α)
2312 5734 2506 5787 Confer
2534 5732 2697 5797 Epist.
2730 5735 2805 5795 92,
2840 5745 2895 5783 n.
2925 5738 2971 5793 5,
3004 5736 3059 5783 et
3080 5734 3186 5793 ιιι,
3215 5746 3267 5781 n.
3300 5732 3375 5780 36.
