4030 6182
179 350 295 408 757

179 496 366 535 sarum
393 480 632 536 salutem
661 484 972 552 operamini
1003 483 1276 554 (Philipp.
1312 501 1372 550 ιι,
1404 485 1491 547 13,
1527 484 1612 554 12)
1637 487 1663 537 ?
1689 483 1833 554 Ope-

181 576 345 624 ratur
373 586 511 641 ergo
543 570 663 638 ille,
689 588 1072 643 cooperamur
1095 590 1200 627 nos
1224 589 1236 628 :
1262 590 1376 628 non
1409 574 1563 628 enim
1625 574 1831 642 aulert,

182 659 280 714 sed
306 660 548 729 adjuvat
579 660 742 715 bonas
774 660 1092 718 voluntatis
1125 662 1457 718 arbitrium.

247 749 391 804 XVI.
427 749 771 820 [Ib.x,8,9.]
811 752 871 804 In
903 751 998 806 illo
1019 756 1257 822 tempore
1275 753 1530 806 distinxit
1568 753 1836 806 Dominus

174 839 383 893 tribum
413 839 562 904 Levi,
595 847 816 908 portare
841 856 1029 894 arcam
1060 844 1376 895 testamenti
1399 842 1634 909 Domini,
1666 858 1834 895 assis-

169 937 284 982 tere
304 942 494 982 coram
523 928 774 991 Domino,
813 931 1160 996 ministrare,
1191 940 1244 984 et
1295 946 1454 984 orare
1510 932 1571 985 in
1613 931 1836 984 nomine

171 1018 288 1088 ejus
321 1033 492 1087 usque
519 1018 579 1070 in
609 1017 758 1073 hunc
788 1018 954 1073 diem.
987 1020 1216 1088 Propter
1249 1020 1346 1071 hoc
1377 1035 1486 1073 non
1516 1023 1592 1073 est
1644 1020 1837 1073 Levitis

172 1120 304 1173 pars
334 1110 384 1159 et
401 1121 520 1160 sors
549 1123 672 1160 cum
697 1107 968 1177 [ratribus
998 1109 1112 1162 suis
1143 1125 1161 1167 ;
1217 1109 1482 1162 Dominus
1541 1109 1656 1178 ipse
1709 1124 1836 1178 pars

171 1195 289 1264 ejus
319 1203 419 1260 est,
450 1197 594 1250 sicut
623 1196 770 1250 dixit
799 1197 870 1250 ei.
907 1196 1028 1250 Nisi
1064 1213 1165 1267 per
1197 1196 1348 1251 hanc
1383 1197 1602 1250 tribum
1655 1197 1837 1267 signi-

174 1282 454 1338 ﬁcaretur
487 1283 830 1340 universum
860 1284 1052 1355 regale
1087 1284 1501 1353 sacerdotium,
1550 1285 1698 1356 quod
1763 1285 1834 1338 ad

172 1371 403 1426 Novum
436 1372 688 1444 pertinet
718 1374 1182 1438 Testamentum,
1219 1373 1375 1428 nullo
1423 1373 1594 1428 modo
1653 1390 1834 1427 ausus

172 1467 334 1517 esset
355 1461 548 1517 dicere
571 1463 768 1532 homo,
802 1463 902 1534 qui
937 1480 1005 1517 ex
1035 1463 1239 1518 eadem
1301 1463 1454 1517 tribu
1515 1480 1628 1516 non
1687 1466 1831 1528 erat,

168 1553 313 1605 Pars
334 1567 454 1606 mea
485 1552 746 1606 Domi-nus
765 1552 939 1622 (Psal.
969 1569 1138 1619 Lxxu,
1165 1553 1254 1619 26)
1276 1569 1289 1618 ;
1311 1557 1368 1606 et
1389 1551 1447 1606 in
1473 1551 1582 1606 alio
1608 1551 1832 1623 psalmo

169 1639 441 1695 Dominus
463 1656 596 1711 pars
625 1642 960 1696 hwreditatis
980 1657 1113 1696 mea:
1145 1642 1315 1711 (Psal.
1350 1657 1438 1710 xv,
1469 1641 1545 1707 5).

239 1747 424 1802 XVII.
456 1747 562 1817 [1b.
594 1765 672 1817 x1,
703 1748 816 1816 20.]
850 1747 998 1812 Quid
1021 1752 1109 1802 est
1131 1749 1286 1818 quod
1322 1747 1592 1818 praecepit
1607 1746 1832 1817 Moyses

165 1837 604 1891 commendans
635 1836 808 1892 verba
824 1836 1079 1904 Domini,
1099 1841 1153 1891 et
1178 1835 1277 1904 ait,
1302 1836 1560 1891 Scribetis
1579 1852 1643 1890 ea
1667 1851 1832 1905 super

170 1925 382 1981 limina
400 1924 686 1981 domorum
718 1930 1023 1981 vestrarum
1045 1931 1098 1980 et
1118 1927 1428 1996 januorum
1477 1934 1825 1988 vestrarum;

166 2031 313 2069 cum
330 2014 439 2069 hoc
460 2014 784 2070 secundum
809 2014 1220 2086 proprietatem
1237 2031 1408 2069 nemo
1423 2015 1629 2070 iecisse
1650 2014 1829 2068 Israe-

159 2103 410 2158 litarum
442 2109 952 2168 commemoretur,
977 2104 1066 2158 vel
1091 2104 1315 2175 legatur
1340 2129 1353 2170 ;
1385 2104 1523 2174 quia
1538 2121 1642 2158 nec
1665 2103 1823 2173 quis-

155 2207 345 2262 quam
381 2195 590 2263 potest,
624 2192 738 2246 nisi
762 2194 907 2246 forte
934 2192 1154 2247 dividat
1179 2209 1245 2246 ea
1270 2209 1368 2262 per
1389 2193 1605 2247 multas
1630 2196 1824 2262 partes

150 2281 374 2335 domus
405 2296 524 2335 suae
545 2281 572 2334 ?
602 2286 690 2334 An
723 2280 1099 2352 hyperbolico
1125 2269 1554 2335 commendatio
1587 2286 1700 2346 est,
1745 2280 1820 2335 si-

149 2374 253 2424 cut
287 2367 477 2424 multa
508 2369 788 2424 dicuntur
816 2370 842 2423 ?

217 2457 428 2513 XVIII.
463 2457 578 2528 [1b.
611 2473 714 2526 x11,
741 2459 852 2528 11.]
877 2459 1264 2522 Quaerendum
1299 2459 1590 2530 quomodo
1616 2460 1818 2528 jubeat

141 2547 573 2602 decimationes
591 2547 856 2602 omnium
891 2549 1188 2604 fructuum
1224 2554 1280 2602 et
1303 2549 1599 2619 primitiva
1646 2566 1783 2619 peco

142 2651 282 2690 rum
319 2653 435 2692 non
471 2637 840 2703 manducari,
866 2637 978 2692 nisi
1010 2637 1067 2691 in
1101 2637 1338 2692 civitate
1388 2637 1485 2690 ubi
1529 2637 1814 2708 templum

141 2724 280 2789 erit,
316 2740 455 2779 cum
481 2740 579 2779 eas
614 2723 826 2780 Levitis
855 2725 983 2780 dari
1014 2726 1070 2779 in
1112 2731 1251 2798 Lege
1280 2726 1633 2796 praeceperit.

209 2829 363 2884 XIX.
398 2828 508 2899 llb.
542 2847 665 2900 xm,
704 2831 728 2884 1
763 2835 815 2885 et
844 2831 924 2902 3.]
951 2830 1009 2885 Si
1044 2840 1226 2886 autem
1255 2832 1498 2886 surrexit
1528 2833 1586 2886 in
1615 2835 1667 2888 te
1685 2849 1809 2902 pro-

140 2919 335 2988 pheta,
369 2934 466 2974 seu
499 2922 798 2976 somniator
825 2922 1129 2985 somnians,
1155 2927 1208 2975 et
1237 2920 1447 2975 dederit
1473 2921 1809 2992 tibisignum

144 3009 228 3064 vel
257 3007 604 3079 prodigium,
638 3017 686 3063 et
711 3011 915 3065 venerit
933 3011 1158 3078 signum
1182 3011 1294 3064 sive
1320 3010 1640 3080 prodigium
1669 3013 1809 3081 quod

137 3097 364 3151 locutus
393 3105 474 3151 est
503 3098 572 3152 ad
603 3098 1172 3164 te,dicens,Eamus,et
1189 3101 1495 3155 serviamus
1516 3100 1625 3155 diis
1647 3099 1804 3168 aliis,

140 3202 281 3256 quos
311 3188 541 3242 nescitis
567 3204 579 3240 :
612 3203 721 3242 non
750 3189 989 3243 audietis
1017 3188 1179 3244 verba
1209 3193 1483 3261 praphette
1515 3191 1687 3256 illius,
1719 3192 1805 3245 rei

130 3277 496 3330 somniamtis
528 3277 804 3330 somnium
838 3277 986 3331 illud
1009 3295 1021 3344 ;
1056 3279 1316 3349 quoniam
1347 3283 1516 3333 tentat
1543 3280 1805 3334 Dominus

126 3365 278 3419 Deus
313 3369 490 3420 vester
521 3381 630 3432 vos,
676 3367 820 3421 scire
856 3383 930 3420 an
959 3366 1215 3436 diligatis
1271 3369 1565 3422 Dominum
1625 3373 1803 3422 Deum

123 3460 379 3509 vestrum
409 3469 480 3508 ex
504 3457 610 3508 toto
640 3453 802 3510 corde
833 3459 1030 3520 vestro,
1066 3464 1118 3509 et
1147 3471 1215 3510 ex
1250 3465 1360 3511 tota
1388 3459 1578 3511 animo
1603 3465 1798 3512 vestra.

129 3543 251 3598 Hoc
277 3541 520 3613 quidam
559 3542 908 3615 interpretes
943 3544 1105 3598 latini
1141 3562 1253 3599 non
1313 3545 1395 3600 ita
1452 3552 1798 3617 posuerunt,

121 3632 267 3686 scire
298 3648 376 3685 an
405 3631 656 3700 diligatis
683 3649 703 3692 ,'
737 3633 862 3701 sed,
897 3639 958 3686 ut
989 3635 1168 3688 sciant
1199 3651 1271 3688 an
1303 3635 1802 3703 ditigatis.Quam-

123 3723 212 3776 vis
249 3721 462 3776 eadem
496 3721 794 3777 sententia
845 3722 1149 3789 videatur;
1207 3729 1590 3779 verumtatem
1653 3724 1794 3778 illud

129 3811 287 3879 quod
329 3809 557 3863 dictum
590 3814 698 3878 est,
729 3812 892 3878 scire,
927 3809 1154 3864 facilius
1179 3811 1248 3864 ad
1275 3811 1404 3864 illos
1436 3812 1709 3877 refertur;
1736 3816 1799 3866 ut

122 3898 204 3952 sic
237 3897 632 3968 accipiamus,
661 3901 840 3954 tenlat
869 3915 959 3954 vos
989 3901 1152 3962 scire,
1178 3916 1244 3953 ac
1267 3899 1314 3953 si
1349 3900 1794 3956 diceretur.ten-

124 3988 314 4041 tando
345 4003 452 4041 vos
486 3987 619 4042 facit
651 3987 933 4042 scire.Ubi
965 4003 1106 4042 sane
1129 3987 1375 4058 intelligi
1402 3987 1792 4053 voluit,etiam

122 4075 227 4132 illa
253 4092 391 4147 qua:
416 4092 449 4130 a
479 4075 886 4131 divinantibus
917 4093 1027 4132 non
1073 4078 1397 4132 secundum
1459 4078 1640 4132 Deum
1703 4079 1795 4132 di-

121 4171 367 4230 cuntur,
402 4164 453 4220 si
484 4165 802 4221 acciderint
834 4183 961 4238 quae
991 4166 1291 4234 dicuntur,
1314 4183 1426 4221 non
1461 4167 1796 4237 accipienda

121 4253 229 4319 sic,
270 4257 341 4308 ut
373 4252 521 4308 ﬁant
550 4270 678 4324 qua)
701 4255 1120 4326 praecipiuntur
1151 4255 1223 4308 ab
1254 4255 1359 4321 eis,
1395 4260 1494 4310 aut
1531 4255 1797 4310 colantur

121 4359 249 4415 qua:
285 4341 566 4397 coluntur
591 4343 662 4398 ab
692 4343 796 4398 eis.
827 4343 943 4398 Nec
975 4349 1184 4414 praeter
1218 4360 1386 4398 suam
1447 4349 1792 4414 potestatem

123 4436 277 4487 Deus
326 4431 587 4487 ostendit
644 4448 773 4487 esse
831 4433 984 4502 quod
1059 4433 1172 4486 ista
1227 4432 1631 4504 contingunt:
1694 4434 1792 4488 sed

121 4512 301 4583 quasi
336 4515 697 4582 quaereretur
719 4529 823 4566 cur
837 4528 904 4567 ea
935 4513 1499 4582 permittat,causam
1525 4514 1793 4568 tentatio-

125 4601 219 4656 nis
252 4601 548 4672 exposuit,
578 4601 648 4655 ad
682 4602 1146 4673 cognoscendam
1177 4618 1376 4656 eorum
1402 4600 1793 4667 dilectionem,

123 4696 336 4744 utrum
369 4705 498 4743 eam
533 4688 788 4744 habeant
819 4705 954 4761 erga
989 4695 1168 4744 Deum
1203 4708 1413 4758 suum;
1448 4709 1795 4763 cognoscen-

125 4779 270 4833 dam
306 4793 442 4832 vero
475 4777 709 4848 adipsis
742 4779 958 4849 potius,
989 4796 1166 4849 quam
1201 4779 1392 4834 abillo
1415 4781 1510 4850 qui
1545 4783 1794 4835 scitom-

126 4867 225 4922 nia
258 4869 582 4936 antequam
609 4867 772 4921 ﬁant.

200 4955 326 5010 XX.
365 4954 469 5025 [lb.
500 4971 616 5022 xw,
648 4956 742 5021 28,
774 4956 864 5021 29,
888 4961 945 5011 et
969 4973 1058 5010 xv.
1089 4957 1163 5027 1.]
1198 4959 1324 5012 Post
1350 4961 1463 5013 tres
1483 4976 1655 5013 annos
1674 4975 1797 5028 pro-

121 5044 292 5098 duces
323 5059 540 5098 omnem
571 5044 837 5100 decimam
866 5049 1151 5115 fructuum
1175 5049 1420 5115 tuorum,
1448 5049 1507 5100 in
1538 5048 1634 5101 illo
1649 5063 1798 5101 anno

129 5148 308 5201 pones
327 5133 480 5187 illud
502 5134 564 5187 in
582 5135 900 5188 civitatibus
924 5136 1110 5199 tuis,ct
1134 5138 1309 5189 veniet
1330 5136 1673 5206 Levita,quia
1689 5153 1800 5191 non

125 5230 204 5276 est
235 5223 292 5277 ei
318 5239 449 5292 pars
479 5238 655 5293 neque
672 5239 786 5278 sors
808 5226 1009 5284 tecum;
1032 5224 1303 5278 etadvena
1319 5229 1374 5278 et
1380 5226 1633 5294 pupillus
1647 5229 1697 5279 et
1712 5226 1798 5279 vi-

130 5310 403 5381 dua,quae
424 5313 482 5365 in
498 5312 810 5378 civitatibus
839 5314 981 5372 tuis;
997 5317 1052 5366 et
1072 5312 1567 5378 nau-rulurabunt,et
1581 5322 1798 5368 satura-

136 5400 384 5460 buntur;
411 5411 470 5454 ut
491 5401 769 5456 benedirat
787 5405 837 5456 te
868 5402 1132 5455 Dominus
1160 5403 1296 5455 Deus
1317 5405 1439 5455 tuus
1463 5403 1521 5456 in
1544 5404 1798 5457 omnibus

140 5492 401 5561 operibus
431 5493 540 5544 tuis
569 5507 928 5562 quaecumque
953 5493 1256 5560 feceris.Ex
1286 5490 1400 5545 ista
1431 5491 1654 5546 decima
1686 5510 1798 5546 non

151 5580 300 5632 dixit
333 5579 536 5650 utipse
555 5580 1010 5634 manducetcum
1034 5581 1180 5644 suis;
1205 5597 1269 5634 ac
1289 5597 1388 5650 per
1403 5580 1504 5636 hoc
1520 5581 1802 5636 Levitiset

154 5667 400 5722 advenis
424 5671 481 5722 et
510 5667 748 5738 pupillis
775 5673 831 5723 et
851 5667 1182 5723 viduiseam
1211 5669 1800 5740 jussitimpendi.Sed

154 5757 404 5814 obscure
435 5757 695 5830 positum
725 5762 834 5826 est,
866 5757 1002 5829 quia
1033 5775 1148 5813 non
1179 5763 1268 5815 est
1284 5759 1561 5816 distincta
1576 5759 1687 5816 ista
1701 5761 1796 5817 ds-

1585 351 1812 412 LIBER
1855 347 2218 420 QUINTUS.

3480 346 3601 407 ’758

1949 483 2102 536 cima
2134 481 2204 536 ab
2240 479 2338 535 illa
2369 496 2544 550 quam
2575 479 2755 534 voluit
2787 496 2919 534 cum
2979 479 3190 534 Levitis
3237 478 3294 534 in
3353 495 3419 534 eo
3476 479 3600 534 loco

1950 571 2310 639 rnanducari,
2332 585 2504 640 quem
2540 569 2820 625 Dominus
2854 570 3130 640 elegisset
3177 566 3394 640 templo
3422 572 3434 603 ¹
3471 585 3598 623 suo.

1948 661 2058 715 Sed
2093 659 2149 713 in
2182 675 2250 714 ex
2283 658 2911 730 interpretatione,quze
2944 663 3032 714 est
3059 675 3128 714 ex
3159 658 3407 724 hebraao,
3433 674 3598 728 aper-

1949 749 2069 803 tius
2103 748 2208 803 hoc
2248 748 2592 803 distinctum
2647 746 2990 819 reperimus.
3053 747 3146 800 Ait
3194 747 3383 801 enim:
3445 746 3600 800 Anno

1943 840 2103 891 tertio
2130 838 2415 908 separabis
2446 838 2619 892 aliam
2644 836 2914 892 decimam
2937 854 3008 891 eo:
3028 837 3281 891 omnibus
3313 851 3438 906 quae
3467 851 3596 890 nas-

1943 930 2149 981 cuntur
2183 927 2285 981 tibi
2311 943 2370 982 eo
2402 936 2666 996 tempore,
2685 929 2734 981 et
2764 942 2990 996 repones
3011 928 3164 979 intra
3192 926 3400 996 januas
3430 933 3558 980 tuas
3575 941 3596 986 ,'

1947 1017 2233 1084 uenietque
2266 1018 2493 1082 Levites,
2525 1017 2620 1085 qui
2648 1017 2822 1069 aliam
2851 1031 2958 1069 non
3016 1015 3177 1068 habet
3234 1022 3450 1085 partem
3497 1030 3598 1068 nec

1942 1107 2338 1174 possessionem
2369 1109 2628 1168 tecum,et
2647 1107 2973 1175 peregrin-us
3001 1110 3050 1158 et
3077 1105 3324 1174 pupillus
3345 1103 3596 1170 etvidua,

1945 1195 2042 1262 qui
2073 1195 2222 1248 intra
2247 1201 2447 1264 portas
2479 1205 2600 1248 tuas
2631 1198 2777 1259 sunt,
2795 1202 2848 1248 et
2873 1194 3170 1262 comedent,
3194 1199 3243 1247 et
3260 1194 3598 1246 saturabun-

1947 1290 2070 1348 tur;
2100 1288 2159 1337 ut
2184 1283 2462 1337 benedirat
2492 1284 2592 1336 tibi
2627 1284 2889 1336 Dominus
2923 1285 3059 1336 Deus
3105 1285 3234 1335 tuus
3276 1284 3335 1335 in
3392 1283 3598 1335 cunctis

1943 1373 2202 1442 aperibus
2233 1389 2496 1426 manuum
2526 1375 2773 1440 tuarum,
2806 1388 2926 1442 quis
2966 1375 3183 1442 feceris.
3247 1370 3441 1424 Primo
3489 1369 3598 1424 hoc

1943 1459 2138 1530 ipsum
2176 1460 2408 1531 planius
2434 1465 2522 1515 est
2552 1461 2708 1531 quod
2734 1460 2832 1530 ait,
2857 1461 3009 1514 Anno
3039 1460 3228 1520 tertio;
3251 1456 3599 1528 intelligitur

1943 1549 2098 1604 enim
2134 1566 2247 1605 uno
2279 1567 2433 1605 anno
2467 1549 2843 1620 interposito:
2878 1550 2933 1604 in
2967 1547 3348 1619 Septuaginta
3377 1551 3594 1612 autem,

1944 1639 2243 1710 quoniam.
2282 1642 2406 1693 Post
2439 1643 2544 1692 tres
2575 1655 2759 1692 annos
2782 1638 3241 1708 dixit,incertum
3275 1640 3363 1690 est
3394 1640 3592 1691 utrum

1942 1743 2039 1782 eos
2065 1728 2286 1782 medios
2319 1745 2446 1782 esse
2480 1726 2747 1797 voluerit,
2788 1734 2852 1781 ut
2882 1726 3090 1797 quinto
3138 1741 3372 1797 quoque
3437 1741 3591 1781 anno

1941 1818 2122 1872 ﬁeret.
2155 1817 2374 1872 Deinde
2405 1833 2539 1872 cum
2573 1817 2674 1880 ait,
2698 1817 2760 1871 Et
2787 1815 3069 1887 separabis
3096 1817 3268 1870 aliam
3298 1814 3586 1876 decimam,

1939 1905 2086 1960 satis
2101 1906 2359 1961 ostendit
2388 1911 2548 1960 extra
2577 1922 2706 1960 esse
2736 1903 2899 1960 illam
2932 1921 3108 1976 quam
3130 1903 3310 1959 voluit
3341 1919 3474 1957 eum
3500 1902 3588 1974 ip-

1938 2011 2070 2049 sum
2103 1995 2203 2065 qui
2226 1996 2414 2058 offert,
2442 1995 2798 2048 manducare
2831 2011 2964 2049 cum
2999 1994 3124 2049 suis
3155 1998 3211 2048 et
3273 1992 3479 2046 Levitis
3527 1993 3587 2046 in

1937 2099 2002 2138 eo
2037 2083 2159 2138 loco
2187 2100 2359 2154 quem
2410 2083 2696 2139 Dominus
2749 2081 3044 2154 elegisset.
3107 2082 3172 2136 Et
3222 2081 3373 2136 hanc
3429 2081 3586 2136 enim

1935 2172 2157 2228 aliam2
2192 2173 2479 2228 decimam
2513 2173 2666 2226 intra
2707 2173 2925 2242 januas
2985 2189 3124 2226 suas
3182 2187 3314 2225 eum
3376 2186 3588 2240 ponere

1935 2263 2228 2334 prtrcepit,
2260 2278 2372 2316 non
2406 2263 2475 2315 ad
2509 2277 2642 2316 eum
2673 2260 2863 2315 locum
2896 2261 3140 2322 deferre,
3163 2259 3281 2327 gubi
3309 2257 3586 2312 Dominus

1933 2367 1994 2406 se
2023 2350 2203 2406 voluit
2236 2350 2509 2405 invocari.
2535 2352 2600 2405 Et
2629 2351 2829 2415 veniet,
2859 2349 3070 2419 inquit,
3103 2350 3329 2413 Levites,
3353 2348 3447 2418 qui
3475 2362 3587 2401 non

1932 2441 2092 2495 habet
2120 2445 2335 2512 partem
2357 2456 2460 2495 nec
2484 2440 2880 2510 possessionem
2910 2448 3108 2504 tecum,
3155 2443 3202 2491 et
3257 2437 3584 2507 peregrinus

1930 2538 1979 2585 et
2005 2531 2253 2600 pupillus
2283 2535 2332 2584 et
2365 2529 2550 2596 vid-ua,
2585 2530 2682 2598 qui
2713 2531 2864 2583 intra
2892 2536 3078 2598 portas
3112 2537 3232 2581 tuas
3263 2530 3472 2594 sunt,et
3493 2541 3583 2580 co-

1927 2619 2165 2674 medent.
2203 2619 2346 2673 I-Iinc
2379 2623 2532 2673 certe
2553 2617 2860 2672 manifeste
2886 2633 3084 2670 verum
3114 2620 3221 2680 est,
3258 2631 3371 2668 non
3406 2615 3578 2668 istam

1927 2707 2214 2762 decimam
2253 2708 2426 2762 Deum
2465 2706 2587 2760 fieri
2615 2704 2865 2759 voluisse
2893 2720 3265 2758 communem
3290 2703 3340 2757 ei
3363 2702 3462 2772 qui
3494 2703 3578 2756 of-

1924 2797 2055 2863 fert,
2089 2801 2144 2850 et
2179 2795 2267 2850 his
2299 2795 2517 2866 quibus
2546 2793 2945 2864 impendenda
2983 2797 3070 2847 est
3107 2809 3119 2846 :
3153 2792 3251 2845 sed
3287 2790 3406 2846 illis
3437 2790 3579 2846 solis

1923 2885 2145 2958 erogari
2171 2902 2298 2940 eam
2323 2882 2525 2955 jussit,
2563 2882 2662 2954 qui
2696 2881 2853 2936 aliud
2879 2899 2992 2936 non
3027 2881 3328 2945 haberent,
3362 2879 3418 2934 in
3451 2879 3576 2948 qui-

1921 2975 2029 3029 bus
2061 2974 2346 3046 praecipue
2382 2973 2629 3027 Levitem
2657 2971 2870 3042 posuit.
2905 2972 3030 3026 Post
3057 2979 3259 3040 septem
3291 2985 3463 3023 (innos
3487 2971 3579 3039 fa-

1917 3067 2024 3119 cies
2054 3062 2566 3118 remissionem.Ilic
2608 3067 2762 3116 certe
2799 3060 3230 3124 manifestatur,
3279 3058 3574 3128 quomodo

1906 3163 1966 3218 ,el
1999 3153 2272 3222 superius
2301 3150 2530 3216 dixerit,
2567 3153 2688 3205 Post
2717 3159 2826 3205 tres
2857 3165 3050 3203 annos.
3115 3153 3238 3202 Non
3299 3147 3452 3202 enim
3509 3151 3575 3201 et

1916 3243 2023 3297 hos
2045 3245 2266 3313 septem
2293 3258 2478 3295 annos
2514 3240 2736 3294 medios
2763 3255 2892 3294 esse
2930 3237 3109 3294 voluit
3140 3253 3151 3291 :
3218 3251 3572 3306 unoquoque

1915 3351 2067 3388 anno
2101 3350 2226 3387 eam
2265 3332 2385 3387 ﬁeri
2449 3329 2742 3402 praecepit,
2800 3333 3083 3399 tanquam
3135 3326 3564 3382 sabbatismum

1915 3438 2228 3477 annorum.

1987 3511 2243 3581 XXI.[Ib.
2267 3527 2362 3576 xv,
2394 3508 2472 3578 9.]
2498 3507 2724 3562 Attende
2746 3507 2846 3561 tibi
2868 3507 2994 3577 ipsi,
3016 3521 3084 3561 ne
3100 3505 3198 3576 ﬁat
3230 3505 3451 3558 verbum
3480 3519 3565 3557 oc-

1911 3602 2195 3656 cuttumin.
2229 3600 2397 3656 corde
2428 3608 2516 3654 tuo
2549 3595 3355 3668 iniquitas,dicens,Appropiat
3384 3610 3567 3647 annus

1908 3692 2191 3762 septimus,
2223 3705 2400 3742 annus
2419 3688 2759 3742 remissionis
2777 3703 2795 3746 ;
2812 3695 2862 3740 et
2880 3685 3225 3753 malignetur
3241 3685 3570 3738 oculustuus

1911 3782 1966 3834 in
1981 3782 2210 3849 [rat-rem
2227 3780 2383 3830 tuum
2399 3793 2626 3846 egenum
2639 3817 2651 3838 ,
2675 3780 2724 3829 et
2741 3791 2849 3829 non
2867 3776 3085 3829 tribuas
3105 3774 3156 3827 ei
3175 3792 3192 3826 :
3211 3773 3564 3826 etewcluma-

1910 3869 1985 3923 bit
2015 3867 2304 3921 adversum
2335 3874 2383 3919 te
2411 3864 2480 3918 ad
2511 3866 2823 3930 Dominum,
2873 3872 2922 3917 et
2948 3864 3058 3917 erit
3089 3862 3147 3914 in
3202 3869 3253 3914 te
3281 3864 3565 3930 peccatum

1903 3956 2491 4029 magnumMagniIice
2513 3954 2806 4008 occultum
2828 3954 3063 4007 verbum
3085 3952 3192 4005 hoc
3215 3949 3359 4004 dixit
3380 3967 3392 4014 ;
3410 3965 3558 4019 quo-

1906 4049 2062 4102 niam
2091 4063 2258 4100 nemo
2286 4043 2582 4098 audetboc
2639 4043 2829 4096 dicere
2871 4041 2969 4112 qui
3008 4039 3262 4112 potuerit
3289 4038 3566 4106 cogitare.

1905 4137 2032 4192 ideo
2068 4152 2178 4189 non
2214 4151 2340 4188 esse
2375 4137 2644 4186 mutuum
2680 4131 2935 4184 dandum
2969 4125 3557 4198 indigenti,quoniam

1905 4224 2337 4297 appropinquat
2369 4239 2558 4276 annus
2593 4219 3121 4286 remissionis,eum
3142 4223 3290 4271 Deus
3322 4219 3562 4286 propter

1906 4311 2369 4370 misericordiam
2405 4317 2724 4381 utrumque
2742 4307 3179 4380 praeceperit,',et
3199 4303 3559 4360 commodari

1906 4421 2039 4460 cum
2073 4401 2588 4475 quisqueindigct,
2625 4405 2680 4454 et
2710 4397 2929 4453 remitti
2980 4412 3129 4450 anno
3169 4393 3556 4450 remissionis.

1904 4493 2354 4562 Quomodoergo
2371 4487 2818 4544 misericorditer
2831 4485 3184 4542 remissurus
3199 4481 3396 4538 estillo
3409 4497 3563 4537 anno

1906 4601 2020 4655 quo
2053 4581 2468 4636 remittendum
2503 4583 2610 4644 est,
2645 4578 2692 4632 si
2726 4575 3040 4630 crudeliter
3059 4570 3552 4642 cogitatillotem-

1909 4690 2043 4746 pore
2065 4672 2322 4726 dandum
2351 4686 2463 4723 non
2495 4683 2623 4723 esse
2643 4683 2756 4736 quo
2791 4665 3046 4719 dandum
3080 4661 3211 4715 est?

1975 4780 2115 4834 XXII
2155 4779 2256 4844 (Ib.
2284 4793 2373 4840 xv,
2412 4775 2522 4844 '12.]
2548 4775 2610 4828 Si
2639 4777 2827 4827 autem
2854 4769 3232 4824 venumdatus
3251 4768 3426 4837 fuerit
3454 4765 3562 4820 tibi

1905 4873 2081 4938 frater
2101 4877 2227 4922 tuus
2250 4866 2514 4920 Ilcbrzeus
2531 4873 2625 4917 aut
2646 4864 2891 4924 Hebraea,
2914 4858 3113 4913 serviet
3135 4858 3238 4910 tibi
3252 4871 3351 4910 ser
3373 4857 3560 4920 annis,

1907 4968 1958 5014 et
1987 4960 2213 5028 septimo
2242 4955 2482 5009 dimittes
2505 4969 2623 5006 eum
2652 4951 2881 5004 liberum
2902 4965 2934 5002 ιι
2962 4953 3034 5002 te.
3061 4945 3176 5000 Hos
3197 4951 3425 5015 emptos
3444 4960 3559 4999 non

1909 5063 2060 5101 anno
2084 5043 2446 5100 remissionis
2479 5039 2692 5095 remitti
2755 5037 2958 5103 voluit,
3009 5050 3186 5106 quem
3239 5031 3558 5103 septimum

1909 5149 2201 5206 quemque
2222 5133 2456 5186 observa
2469 5129 2512 5184 ri
2537 5128 2841 5198 oportebat
2862 5125 2933 5180 ab
2949 5123 3224 5180 omnibus
3251 5140 3264 5190 ;
3291 5123 3389 5177 sed
3407 5137 3560 5176 anno

1910 5223 2161 5294 septimo
2191 5219 2506 5289 emptionis
2534 5218 3127 5286 ejus,quotocumque
3147 5229 3299 5267 anno
3322 5209 3556 5264 illorum

1911 5312 2200 5383 septimus
2231 5310 2339 5363 istc
2369 5324 2559 5362 annus
2591 5309 2936 5360 occurreret.

1984 5399 2174 5455 XXIII.
2196 5401 2301 5469 μυ.
2319 5415 2410 5465 xv,
2433 5398 2537 5462 19.]
2563 5394 3177 5464 Omneprimogenitum
3198 5389 3344 5460 quod
3365 5391 3561 5441 natum

1983 5641 2151 5690 'Editi
2171 5645 2223 5687 et
2251 5641 2359 5688 duo
2393 5640 2533 5696 Mss,
2569 5640 2810 5698 tempore.
2841 5633 3023 5683 Caneri
3058 5633 3196 5698 Mss,
3228 5628 3432 5698 (enm/0.

1977 5705 2000 5739 9
2037 5705 2147 5752 Am.
2184 5704 2263 5751 Er.
2298 5707 2348 5751 et
2377 5692 2597 5760 [πέει
2628 5692 2805 5748 αῘὶίυη.
2839 5699 2999 5746 Abest
3032 5693 3339 5756 conjunctio
3371 5706 3402 5740 a
3431 5692 3556 5740 Mss.

1915 5773 1967 5818 et
1997 5768 2062 5817 ab
2093 5767 2328 5816 editione
2359 5764 2749 5826 Itatisponensi.
