4030 6182
470 281 598 391 759-

472 463 647 533 fuerit
678 462 736 515 in
752 460 915 515 bobus
930 460 1115 529 tuis,et
1132 460 1187 515 in
1201 460 1387 515 ovibus
1398 462 1891 531 tuis,mascutina‘
1913 469 2120 518 sancti-

473 550 903 620 ﬁcabisDommo
916 550 1020 604 Deo
1042 551 1545 614 tuo.Quaerendum
1574 556 1770 607 utrum
1803 566 2125 623 qusegraaee

479 639 755 695 dicunthr
784 636 1124 710 πρωτότοκα,
1152 654 1255 692 nec
1274 638 1457 693 latine
1489 640 1730 695 dicinisi
1762 643 2125 711 primogenita

478 731 814 801 potuerunt,
846 727 903 780 in
934 726 1027 781 his
1058 726 1680 800 tantumintelligenda
1706 730 1843 796 sint,
1866 747 1991 801 quae
2022 724 2124 784 na-

478 822 724 873 scuntur
755 832 823 869 ex
848 815 1135 870 matribus
1162 832 1174 870 :
1212 816 1340 886 ipsa
1370 818 1525 871 enim
1562 818 1790 891 proprie
1822 819 2129 889 pariuntur

476 906 671 979 potius
705 921 877 976 quam
911 905 1255 976 gignuntur.
1290 909 1498 962 Parere
1530 908 1746 979 quippe
1780 912 1869 964 est
1904 908 2126 978 τίκτειν,

478 996 627 1067 quod
660 998 750 1049 est
781 1010 848 1049 ex
882 992 1118 1065 femina,
1166 995 1319 1049 unde
1368 994 1701 1068 προτότοκον
1751 996 2000 1053 dicitur:
2035 997 2126 1069 gi-

476 1100 653 1158 gnere
684 1087 879 1140 autem
910 1086 1000 1139 est
1027 1086 1226 1157 γεννᾷν,
1261 1085 1415 1139 unde
1446 1087 1676 1157 proprie
1696 1086 1889 1141 Latine
1911 1087 2125 1159 primo-

475 1174 705 1245 genitus
738 1172 971 1227 dicitur.
1010 1172 1082 1225 Ex
1121 1172 1354 1227 feminis
1382 1178 1576 1228 autem
1599 1174 1892 1230 dabantur
1923 1174 2128 1246 primi-

474 1263 611 1331 tiva,
637 1263 696 1317 id
727 1268 817 1317 est
850 1277 977 1331 quae
1011 1262 1201 1331 prima
1233 1263 1634 1333 pariebantur,
1656 1281 1771 1319 non
1791 1281 1915 1335 quae
1941 1264 2129 1335 prima

476 1345 871 1425 gignebantur
900 1350 1112 1414 aviris,
1151 1350 1198 1405 si
1231 1350 1375 1406 forte
1405 1368 1473 1406 ex
1503 1352 1693 1407 viduis
1724 1370 1847 1423 quae
1870 1353 1997 1423 jam
2030 1369 2128 1424 pe-

478 1445 747 1513 pererant
779 1440 1181 1512 gignerentur.
1217 1440 1342 1495 Non
1368 1442 1523 1495 enim
1559 1441 1727 1496 aliter
1757 1446 1954 1497 essent
2002 1459 2127 1513 quae

478 1530 771 1601 aperirent
799 1528 1055 1596 vulvam,
1092 1528 1245 1600 quod
1282 1530 1583 1601 preprium
1616 1530 1799 1586 voluit
1848 1548 1975 1587 esse
2020 1530 2131 1586 Lex

478 1635 681 1674 eorum
715 1636 840 1690 quas
863 1618 1051 1690 primo
1076 1622 1211 1672 nata
1230 1618 1476 1674 Domino
1496 1620 1881 1677 debebantur.
1902 1621 1961 1677 Si
1993 1637 2129 1693 ergo

480 1712 568 1764 est
597 1708 655 1762 in
674 1708 764 1763 his
793 1708 985 1763 verbis
1008 1711 1166 1762 certa
1196 1707 1517 1776 distinctio,
1544 1726 1659 1764 non
1694 1709 1910 1766 frustra
1932 1710 2127 1765 Domi-

480 1814 593 1852 nus
627 1813 741 1851 non
774 1795 1210 1851 dicituraPatre
1243 1795 1560 1868 μονότοκος,
1596 1800 1695 1853 sed
1741 1800 2127 1874 μονογενὴς,ἱά

477 1891 566 1942 est
598 1884 957 1956 unigenitus,
991 1886 1143 1956 quod
1168 1890 1257 1941 est
1288 1886 1533 1943 unicus:
1568 1904 1602 1942 a
1649 1892 1884 1944 mortuis
1931 1893 2127 1945 autem

475 1977 881 2047 primogenitus
912 1973 1149 2046 quidem
1174 1973 1352 2031 latine
1383 1977 1757 2049 dicitur,quis
1794 1994 1910 2034 non
1942 1980 2130 2049 potuit

479 2064 730 2120 latinum
758 2064 998 2119 verbum
1032 2063 1114 2118 ita
1172 2065 1441 2135 componi
1474 2067 1798 2122 secundum
1848 2068 2126 2139 loquendi

478 2153 966 2209 consuetudinem
994 2170 1006 2220 ;
1038 2169 1221 2225 graece
1253 2158 1448 2209 autem
1480 2149 1832 2228 πρωτότοκος
1890 2157 2123 2225 dicitur,

479 2258 591 2297 non
624 2240 973 2314 πρωτογενής
998 2258 1011 2296 :
1047 2246 1326 2313 tanquam
1354 2243 1520 2299 Pater
1539 2246 1808 2315 genuerit
1838 2246 2123 2318 aqualem

476 2329 611 2400 sibi,
635 2333 902 2385 creatura
930 2346 1062 2385 vero
1095 2331 1398 2402 pepererit.
1432 2333 1577 2387 Nam
1611 2338 1666 2389 et
1705 2336 1859 2406 quod
1911 2336 2127 2392 dicitur

470 2421 869 2491 primogenitus
889 2420 1064 2475 omnis
1085 2421 1396 2493 creaturae(
1422 2421 1626 2477 Coloss.
1661 2441 1699 2489 ι,
1734 2424 1942 2496 48-15),
1968 2428 2121 2496 quod

472 2508 552 2563 ibi
585 2506 918 2580 προτὸτοκος
949 2524 1129 2580 grzsce
1152 2508 1385 2581 legitur,
1419 2516 1608 2583 potest
1635 2511 1718 2567 ita
1743 2512 1985 2585 intelligi
2033 2534 2122 2571 se-

473 2598 735 2653 cundum
770 2614 978 2652 novam
1004 2601 1368 2665 creaturam,
1399 2600 1468 2654 de
1487 2600 1760 2671 quadicit
1780 2602 2119 2673 Apostolus,

472 2686 533 2742 Si
562 2703 669 2757 qua
699 2688 879 2756 igitur
910 2689 970 2741 in
1002 2686 1217 2741 Christo
1244 2704 1384 2744 rova
1412 2691 1724 2762 creatura(I
1735 2691 1751 2745 Ι
1784 2692 1907 2747 Cor.
1930 2694 2080 2763 v,17)
2105 2711 2117 2747 :

470 2790 541 2831 ex
571 2791 688 2846 qua
716 2774 811 2829 ille
843 2775 1175 2846 primitivus
1206 2781 1315 2842 est,
1345 2778 1485 2848 quia
1517 2778 1792 2849 primitus
1820 2779 1902 2836 ita
1922 2798 2119 2837 resur-

473 2863 641 2933 rexit,
675 2871 738 2919 ut
762 2865 887 2935 jam
921 2882 1035 2919 non
1072 2866 1372 2932 moriatur,
1408 2883 1513 2922 nec
1543 2869 1590 2923 ei
1628 2884 1786 2924 mors
1819 2868 1971 2925 ultra
2019 2872 2120 2927 do-

476 2953 735 3007 minetur
768 2954 937 3021 (Rom.
972 2970 1048 3020 vr,
1081 2954 1169 3024 9);
1203 2955 1359 3025 quod
1392 2972 1549 3010 novae
1581 2962 1880 3026 creaturae,
1914 2976 2040 3030 quae
2062 2960 2119 3014 in

476 3040 577 3097 illo
612 3046 723 3109 est,
757 3041 1021 3097 futurum
1037 3044 1471 3114 promittiturin
1493 3046 1627 3100 ﬁne.
1650 3047 1755 3101 Sed
1786 3048 2119 3105 istadistin-

472 3130 584 3186 otio
618 3147 734 3185 non
762 3134 978 3186 temere
1004 3131 1373 3197 affirmanda,
1406 3134 1508 3187 sed
1540 3133 1597 3189 in
1630 3136 1947 3207 Scripturis
1995 3139 2120 3194 dili-

470 3219 701 3291 gentius
732 3220 1155 3291 perscrutanda
1185 3226 1292 3275 est.
1329 3221 1517 3276 Movet
1549 3221 1703 3278 enim
1737 3228 2117 3295 quemadmo-

470 3309 610 3363 dum
644 3308 757 3364 dici
792 3308 981 3378 potuit
1012 3309 1070 3362 in
1105 3309 1446 3376 Proverbiis,
1482 3313 1871 3383 Primogenite,
1904 3316 2008 3371 tibi
2028 3317 2117 3371 di—

471 3411 553 3465 co,
586 3397 674 3465 ﬁli
702 3396 879 3468 (Apud
901 3396 1058 3467 LXX,
1094 3403 1251 3453 Prov.
1283 3416 1436 3467 xxxv,
1468 3401 1552 3454 vel
1582 3401 1736 3473 xxxx)
1763 3426 1777 3470 ;
1800 3402 1856 3457 id
1896 3408 2003 3470 est,
2052 3420 2121 3461 ex

470 3485 642 3553 cujus
675 3500 923 3556 persona
954 3484 1579 3559 dictumintelligatur.
1609 3489 1668 3544 Si
1702 3490 1859 3546 enim
1902 3509 1970 3548 ex
2018 3493 2119 3549 Dei

471 3573 661 3628 Patris
686 3588 934 3644 persona
965 3576 1035 3629 ad
1070 3575 1367 3631 Christum
1400 3577 1613 3633 dicitur
1652 3581 1765 3649 (cui
1818 3584 2118 3638 sententia:

473 3666 669 3718 utrum
705 3663 1009 3734 sequentia
1038 3671 1361 3721 consonent
1390 3666 1481 3721 vix
1509 3672 1599 3724 est
1629 3674 1931 3741 asserere),
1959 3689 2118 3728 eum-

475 3751 606 3806 dem
637 3751 777 3806 dicit
808 3752 1261 3823 primogenitum
1280 3770 1453 3826 quem
1480 3756 1879 3830 unigenitum:
1903 3761 2117 3833 primo-

471 3840 759 3913 genitum,
787 3842 926 3913 quia
956 3841 1129 3897 etiam
1164 3860 1269 3898 nos
1301 3844 1405 3897 lilii
1441 3844 1540 3900 Dei
1573 3863 1817 3916 sumus;
1852 3851 2117 3922 unigeni-

471 3935 597 3985 tum
630 3946 781 3997 vero,
811 3930 1090 4002 quoniam
1122 3931 1285 3988 solus
1316 3932 1413 3989 ille
1448 3934 1517 3988 de
1549 3936 1879 3994 substantia
1928 3941 2117 3998 Patris

469 4023 527 4074 et
551 4018 705 4073 Patri
736 4019 978 4090 aequalis
1004 4023 1179 4090 atque
1208 4025 1531 4077 coaeternus
1546 4027 1653 4078 est.
1676 4024 1887 4080 Mirum
1913 4032 2115 4083 estau-

466 4112 581 4164 tem
608 4113 807 4163 utrum
840 4109 993 4164 inter
1042 4124 1243 4180 parere
1273 4114 1329 4165 et
1384 4111 1620 4183 gignere
1661 4113 2116 4175 evidentissimis

466 4197 834 4253 documentis
865 4214 1030 4252 sacra
1058 4198 1361 4269 Scriptura
1392 4199 1737 4271 distinguat.

541 4286 732 4340 XXIV.
767 4285 874 4353 [[b.
908 4302 1022 4352 xvr,
1054 4285 1133 4355 2.]
1166 4287 1229 4339 Et
1261 4286 1581 4341 immolabis
1631 4290 1846 4345 Pascha
1895 4293 2116 4351 Domino

470 4376 571 4430 Deo
596 4378 838 4440 tuo,oves
869 4378 923 4429 et
954 4373 1124 4429 boves.
1152 4374 1297 4439 Quid
1332 4375 1442 4429 sibi
1465 4375 1593 4431 vult
1619 4376 1914 4451 hoc,quod
1950 4382 2114 4437 addi-

468 4463 571 4533 dit,
607 4463 803 4525 boves;
835 4479 968 4519 cum
1002 4463 1465 4519 immolationem
1499 4466 1729 4521 Paschae
1760 4468 1830 4523 de
1852 4486 1954 4525 ove
1987 4476 2113 4527 tan-

465 4553 772 4609 tummodo
797 4553 1972 4630 commendaverit,quamjussitaccipiex
1999 4562 2111 4616 ori-

467 4644 577 4699 bus
600 4648 655 4699 et
672 4642 855 4698 haedis
878 4641 964 4698 vel
997 4658 1066 4697 ex
1097 4643 1289 4713 capris
1310 4642 1337 4697 ?
1368 4645 1520 4712 quod
1555 4646 1796 4716 mystice
1827 4649 2115 4720 accipitur

469 4736 704 4803 propter
732 4732 1248 4803 Christum,cujus
1280 4749 1348 4787 ex
1382 4733 1564 4804 justis
1611 4738 1669 4790 et
1710 4738 2113 4806 peccatoribus

469 4825 559 4876 est
588 4821 749 4893 origo
776 4821 1045 4877 carnalis.
1079 4822 1200 4877 Non
1236 4822 1391 4877 enim
1425 4822 1526 4892 ait,
1560 4827 1637 4879 Ex
1662 4825 1866 4881 ovibus
1889 4832 1989 4882 aut
2018 4846 2111 4885 ca-

468 4910 611 4981 pris,
636 4909 767 4964 licet
792 4911 1020 4981 preprie
1042 4928 1155 4965 non
1181 4912 1366 4982 possit
1387 4911 1633 4984 intelligi
1650 4914 1774 4970 ovis
1797 4917 2108 4989 excapris:

465 4999 566 5055 sed
600 5014 672 5054 ne
702 4998 847 5053 forte
877 5000 1056 5054 Judaei
1082 5000 1339 5057 dicerent
1370 5002 1840 5061 subaudiendum
1866 5023 2109 5078 caprum

464 5088 511 5145 si
539 5088 763 5144 dictum
794 5092 966 5154 esset,
999 5089 1112 5142 Aut
1141 5105 1209 5143 ex
1240 5092 1468 5162 capris:
1505 5094 1723 5150 dictum
1748 5099 1857 5163 est,
1890 5113 1961 5151 ea:
2000 5100 2091 5153 ovi

462 5180 557 5235 bus
587 5186 637 5233 et
664 5177 846 5248 capris
875 5177 1080 5243 (Exod.
1106 5194 1203 5243 xu,
1227 5179 1302 5248 5).
1329 5181 1475 5245 Quid
1499 5184 1743 5254 ergohic
1766 5184 1877 5239 sibi
1908 5185 2111 5241 volunt

460 5267 682 5324 boves?
716 5273 793 5321 An
831 5271 1067 5338 propter
1104 5266 1218 5320 alia
1250 5270 1537 5325 sacriﬁcia
1572 5290 1696 5343 quae
1736 5273 1880 5345 ipsis
1900 5275 2107 5331 diebus

458 5372 795 5429 azymorum
828 5359 968 5411 sunt
996 5355 1359 5412 immolanda
1374 5358 1401 5411 ‘t

530 5445 926 5514 XXV.[Ib.xv1,
943 5444 1126 5513 9-11.]
1150 5444 1538 5508 Quaerendum
1570 5450 1862 5516 quomodo
1896 5467 2103 5521 praece-

460 5534 610 5605 perit
639 5533 932 5588 observari
965 5532 1118 5604 quod
1152 5531 1233 5584 ait
1257 5532 1502 5601 :Septem
1527 5539 1869 5606 septimanas
1891 5541 2107 5609 integra

458 5622 834 5677 dinumcrabis
856 5622 958 5676 tibi
970 5621 1376 5692 ipsi,inctzoare
1398 5626 1446 5677 te
1456 5624 1655 5693 falcem
1673 5626 1899 5696 injicere
1919 5628 1975 5681 in
1990 5644 2105 5683 mes

532 5728 540 5753 ι
570 5719 724 5778 Editi,
758 5718 1060 5768 masculum.
1092 5718 1285 5767 EtMss.
1323 5733 1441 5769 cum
1461 5735 1653 5785 graeco,
1674 5723 1981 5775 masculina.

1209 327 1742 400 QUIESTIONUM
1794 332 1858 393 S.
1903 318 2328 391 AUGUSTI!“
2373 324 2451 388 IN
2495 326 3142 390 HEPTATEUCHUM

3744 329 3846 390 160

2236 474 2347 515 sem
2366 478 2384 515 :
2416 462 2649 531 incipies
2678 474 2977 515 numerare
3004 460 3207 528 septem
3226 457 3576 529 septimanos,
3607 462 3657 514 et
3698 460 3845 528 facies

2231 550 2375 603 diem
2403 552 2605 621 festum
2632 550 3069 621 septimanan
3100 549 3329 603 Domino
3360 551 3468 605 Deo
3481 553 3752 619 tuo,prout
3776 567 3850 605 va-

2234 638 2308 694 let
2332 656 2532 694 manus
2560 642 2677 704 tua,
2708 654 3063 710 quaecumque
3085 639 3351 693 Dominus
3378 638 3487 692 tibi
3521 638 3738 705 dederit,
3782 655 3848 696 se-

2232 728 2471 783 cundum
2502 729 2642 798 quod
2675 728 2954 783 benedicet
2985 732 3035 783 te
3064 728 3327 782 Dominus
3349 727 3487 782 Deus
3502 730 3653 793 tuus,-
3676 736 3722 783 et
3746 744 3851 799 epu-

2236 814 2440 870 laberis
2469 819 2596 871 ante
2627 817 2925 870 Dominum
2954 816 3121 870 Deum
3155 822 3328 870 tuum.
3360 814 3419 868 Si
3450 814 3601 869 enim
3634 814 3701 870 ab
3747 819 3851 871 uni-

2235 920 2398 960 verso
2432 904 2643 975 populo
2677 905 2796 959 haec
2828 908 3164 975 pentecoste
3195 904 3373 974 jussa
3429 908 3518 959 est
3573 905 3853 975 observari,

2236 994 2528 1064 numquid
2559 1009 2763 1048 omnes
2806 993 3029 1049 unodie
3059 993 3418 1048 credendum
3435 996 3523 1048 est
3538 992 3731 1048 falcem
3754 996 3856 1065 jus‘

2237 1097 2332 1136 sos
2366 1081 2597 1137 mittere
2629 1081 2688 1136 in
2715 1096 2969 1136 messem
2993 1080 3021 1135 ?
3046 1080 3103 1134 Si
3136 1085 3335 1136 autem
3372 1080 3483 1134 sibi
3516 1081 3748 1151 quisque
3774 1084 3856 1137 ob-

2236 1175 2427 1227 servat
2456 1171 2629 1226 istam
2664 1170 3238 1242 quinquagesimam,
3271 1170 3655 1224 dinumerans
3684 1170 3750 1224 ab
3777 1170 3854 1226 illo

2235 1260 2327 1315 die
2359 1277 2473 1331 quo
2494 1260 2698 1315 falcem
2724 1260 2907 1315 mittit
2931 1277 3077 1315 :non
3107 1276 3224 1315 uiia
3246 1264 3337 1314 est
3354 1259 3624 1315 universo
3647 1259 3852 1331 populo:

2235 1349 2336 1405 illa
2366 1366 2498 1405 vero
2540 1366 2654 1405 una
2686 1355 2775 1404 est
2807 1366 2933 1421 quas
2967 1353 3345 1420 computatur
3381 1349 3455 1403 ab
3499 1348 3856 1405 immolatione

2239 1439 2467 1494 Pascha:
2503 1455 2688 1511 usque
2719 1439 2776 1493 in
2804 1438 2958 1493 diem
2990 1440 3135 1493 datas
3169 1438 3338 1509 Legis
3370 1438 3431 1492 in
3463 1438 3623 1492 Sina.

2306 1528 2496 1583 XXVI.
2532 1529 2637 1597 [1b.
2674 1528 3855 1598 xvu,14et15.]Siautemintraverisinter-

2236 1635 2363 1674 ram
2392 1634 2558 1689 quam
2584 1619 2845 1673 Dominus
2858 1618 2997 1672 Deus
3010 1626 3138 1672 tuus
3157 1617 3255 1671 dat
3268 1617 3378 1671 tibi
3390 1617 3451 1670 in
3463 1620 3630 1684 sorte,
3651 1624 3698 1672 et
3711 1616 3854 1673 hare-

2237 1707 2509 1763 ditaveris
2539 1723 2680 1773 eam,
2715 1713 2767 1761 et
2794 1707 3145 1762 habitaveris
3174 1708 3237 1760 in
3268 1721 3355 1773 ea,
3386 1711 3443 1760 et
3469 1704 3631 1775 dices,
3678 1704 3854 1761 Constio

2236 1801 2392 1852 tuam
2420 1812 2584 1867 super
2610 1813 2698 1852 me
2724 1796 3021 1867 principes,
3053 1797 3193 1851 sicut
3222 1802 3275 1850 et
3302 1797 3526 1851 caetera:
3552 1804 3725 1863 gentes
3757 1810 3856 1868 qua

2234 1888 2383 1941 circa
2411 1901 2498 1941 me
2526 1893 2653 1940 sunt
2669 1901 2689 1945 ;
2717 1883 3101 1940 constituendo
3131 1886 3434 1940 constitues
3462 1900 3625 1955 super
3651 1889 3698 1939 te
3724 1887 3853 1955 priu-

2233 1978 2426 2046 cipem,
2458 1990 2616 2046 quem
2645 1975 2876 2047 elegerit
2908 1975 3168 2029 Dominus
3199 1975 3341 2029 Deus
3389 1981 3517 2029 tuus
3561 1976 3756 2044 ipsum:
3798 1989 3851 2028 es

2231 2063 2499 2134 fratribus
2531 2063 2639 2117 luis
2666 2063 2955 2118 constitues
2983 2077 3151 2132 super
3181 2071 3233 2117 te
3258 2062 3571 2132 principem
3584 2078 3604 2123 ;
3632 2076 3735 2116 non
3775 2076 3846 2131 po-

2231 2155 2364 2208 teris
2394 2154 2729 2229 constituere
2745 2169 2908 2223 super
2937 2160 2985 2207 te
3015 2151 3293 2206 hominem
3314 2151 3589 2218 alienum,
3615 2152 3740 2221 quia
3761 2165 3846 2204 non

2231 2246 2311 2298 est
2337 2244 2544 2313 fratrer
2568 2250 2714 2297 tuus.
2748 2241 2937 2305 Queri
2980 2243 3171 2311 potest
3202 2256 3309 2294 cur
3357 2238 3718 2310 displicuerit
3764 2254 3845 2309 po-

2232 2330 2407 2402 pulus
2438 2331 2574 2398 Deo,
2605 2331 2840 2401 quando
2867 2344 3060 2401 regem
3091 2328 3453 2383 desideravit
3483 2328 3525 2396 (I
3547 2328 3845 2398 Reg.vm,7),

2230 2436 2364 2475 cum
2397 2420 2492 2475 hic
2521 2419 2850 2474 inveniatur
2880 2434 3009 2476 esse
3030 2418 3379 2490 permissus.
3412 2418 3521 2473 Sed
3551 2416 3845 2489 magisbinc

2230 2509 2677 2581 intelligendum
2711 2514 2820 2574 est,
2856 2508 3066 2563 merito
3098 2524 3211 2563 non
3237 2507 3750 2563 fuissesecundum
3778 2521 3848 2559 vo-

2230 2597 2517 2653 luntatem
2552 2598 2672 2664 Dei,
2705 2597 2840 2668 quia
2871 2596 2997 2651 fieri
3036 2596 3147 2651 hoc
3178 2612 3294 2651 non
3325 2596 3626 2667 praecepit,
3656 2595 3747 2651 sed
3775 2595 3847 2648 de-

2230 2687 2626 2743 siderantibus
2660 2686 2947 2759 permisit.
2977 2689 3421 2740 Verumtamem
3473 2684 3747 2756 praecepit,
3791 2697 3845 2736 ne

2230 2778 2392 2832 ﬁeret
2421 2777 2670 2842 alienus,
2704 2778 2803 2831 sed
2839 2776 3035 2841 frater,
3065 2774 3121 2829 id
3156 2778 3264 2844 est,
3307 2791 3379 2830 ex
3411 2774 3611 2829 eodem
3669 2768 3844 2845 populo

2228 2865 2499 2921 indicena
2530 2882 2644 2921 non
2677 2864 3025 2936 alienigena.
3055 2863 3219 2928 Quod
3252 2869 3454 2918 autem
3486 2862 3585 2929 ait,
3599 2878 3700 2917 non
3724 2867 3840 2929 pote

2227 2958 2333 3020 ris,
2365 2954 2813 3027 intelligendum
2846 2958 2957 3019 est,
2990 2969 3106 3008 non
3134 2951 3405 3007 debebis.

2297 3045 2522 3101 XXVII.
2556 3045 2662 3113 [1b.
2695 3060 2830 3110 xvn,
2858 3044 2969 3113 17.]
3001 3042 3226 3113 Derege
3255 3056 3397 3096 cum
3429 3040 3747 3111 loqueretur
3764 3036 3842 3101 ait,

2226 3135 2343 3189 Non
2370 3133 2764 3205 multiplicabit
2793 3133 2903 3187 sibi
2918 3147 3140 3200 uxores,
3170 3135 3353 3185 utnon
3365 3128 3700 3186 discedatcor
3717 3125 3845 3195 ejus;

2224 3227 2580 3291 etargentum
2595 3225 2864 3277 etaurum
2874 3237 2983 3276 non
3000 3219 3403 3291 multiplicabit
3413 3218 3522 3274 szbi
3536 3214 3843 3273 valdaUsde

2227 3312 2508 3383 quaeritur
2539 3317 2738 3367 utrum
2753 3310 2933 3366 David
2948 3312 3151 3365 contra
3163 3308 3272 3363 hoc
3291 3312 3646 3379 praceptum
3662 3321 3763 3359 non
3780 3303 3842 3357 fe-

2227 3400 2404 3456 cerit:
2440 3418 2555 3456 non
2588 3399 2742 3455 enim
2776 3415 2955 3455 unam
2985 3397 3194 3454 habuit
3212 3413 3451 3452 uxorem
3472 3396 3543 3467 (II
3566 3392 3837 3465 Reg,v,l3).

2227 3490 2373 3545 Nam
2391 3490 2460 3544 de
2474 3489 2783 3546 Salomone
2808 3486 3181 3543 manifestum
3199 3490 3290 3542 est
3302 3486 3459 3557 quod
3480 3488 3841 3555 transgressus

2227 3579 2398 3635 fuerit
2423 3578 2530 3634 hoc
2562 3580 3012 3650 praeceptum,et
3040 3575 3099 3630 in
3123 3575 3383 3645 feminis,
3408 3573 3532 3629 etin
3566 3574 3772 3639 auro,et
3794 3568 3838 3621 in

2227 3669 2598 3740 argento.Sed
2615 3667 2750 3722 hinc
2769 3666 2962 3738 potius
2974 3664 3322 3736 intelligitur
3334 3663 3681 3735 permissum
3696 3658 3842 3713 misse

2228 3758 2483 3828 regibus,
2510 3762 2573 3812 ut
2603 3756 2800 3827 plures
2822 3755 3105 3809 haberent
3125 3769 3300 3824 quam
3339 3768 3515 3808 unam
3542 3768 3555 3805 :
3592 3744 3838 3818 multiplio

2227 3863 2356 3901 care
2386 3845 2540 3901 enim
2568 3843 2841 3916 prohibiti
2873 3847 3041 3900 sunt:
3070 3859 3195 3913 quae
3228 3840 3546 3913 prohibitio
3560 3854 3668 3893 non
3696 3835 3839 3891 habet

2227 3935 2781 4007 transgressionem,
2814 3932 2862 3989 si
2886 3948 3084 4004 paucae
3111 3931 3353 3997 fuerint,
3378 3931 3533 3986 sicut
3559 3926 3725 3983 David
3746 3924 3837 3979 fue-

2226 4029 2399 4093 runt;
2435 4041 2548 4078 non
2574 4027 2767 4079 autem
2799 4021 3023 4089 multae,
3057 4020 3212 4076 sicut
3242 4017 3564 4075 Salomoni.
3597 4010 3834 4082 Quamvis

2226 4130 2360 4168 cum
2392 4112 2637 4180 addidit,
2672 4120 2729 4167 ut
2756 4128 2864 4168 non
2894 4110 3129 4166 discebat
3157 4125 3252 4165 cor
3280 4111 3421 4177 eius,
3448 4108 3555 4163 hoc
3582 4102 3753 4175 magis
3774 4098 3838 4154 vi-

2224 4203 2396 4258 detur
2420 4202 2785 4275 praacepisse,
2832 4216 2902 4256 ne
2959 4198 3410 4270 multiplicando
3467 4192 3745 4269 perveniat
3779 4187 3835 4244 ad

2224 4291 2582 4363 alienigenas
2614 4291 2902 4346 feminas:
2938 4306 3040 4361 per
3073 4304 3222 4359 quas
3248 4287 3471 4343 factum
3511 4287 3597 4340 est
3624 4281 3679 4336 in
3705 4277 3835 4333 Salo-

2224 4386 2497 4450 mone,ut
2525 4381 2853 4436 discederet
2882 4395 2983 4434 eor
3012 4379 3140 4449 ejus
3162 4394 3196 4432 a
3224 4377 3339 4432 Deo
3372 4375 3471 4445 (ΙΙΙ
3490 4376 3615 4443 Reg.
3646 4387 3700 4435 ιι,
3729 4366 3837 4433 1-4),

2220 4470 2623 4541 Multiplicatio
2647 4475 2843 4525 tamen
2875 4466 3224 4540 generaliter
3255 4467 3337 4520 ita
3366 4461 3653 4535 prohibita
3680 4461 3774 4520 est,
3787 4456 3839 4507 ut

2222 4560 2452 4615 etiamsi
2484 4576 2549 4615 ex
2583 4557 2837 4614 Hebraeis
2860 4556 3003 4613 solis
3034 4572 3133 4612 eas
3161 4552 3631 4625 multiplicasset,
3668 4547 3835 4602 contra

2220 4648 2339 4704 hoc’
2363 4654 2713 4721 praeceptum
2749 4646 2955 4703 fecisse
2988 4645 3198 4700 merito
3230 4643 3397 4715 argui
3440 4643 3649 4714 posset.

2292 4738 2543 4793 XXVIII.
2579 4738 2681 4811 [1b.
2710 4754 2871 4805 xvm,
2904 4734 3047 4806 6-8.]
3083 4735 3141 4789 Si
3171 4737 3353 4788 autem
3380 4725 3735 4803 supervenerit
3757 4722 3831 4811 Lt-

2221 4831 2353 4883 vites
2381 4844 2451 4883 ea:
2478 4806 2593 4881 una
2617 4827 2899 4882 civitatum
2926 4828 3153 4879 tuarum
3166 4839 3253 4895 ,εχ
3268 4822 3518 4878 omnibus
3528 4816 3660 4889 filiis
3673 4806 3827 4868 lsrael.

2218 4918 2313 4972 ubi
2343 4918 2457 4988 ipse
2487 4914 3007 4982 incolit,secundum
3029 4912 3171 4985 quod
3194 4913 3347 4983 cupit
3378 4897 3826 4993 animaejusinlo:

2215 5024 2338 5062 cum
2362 4984 2525 5078 quem
2555 5007 2780 5075 elegerit
2806 4984 3095 5072 Dominus,
3128 5002 3186 5056 id
3211 5006 3321 5067 est,
3366 5001 3416 5055 si
3460 4984 3827 5081 desideraverit

2217 5095 2296 5151 ire
2326 5072 2397 5152 ad
2422 5095 2613 5151 locum
2642 5072 2748 5149 ubi
2778 5092 3405 5157 Dominusinvoeatur;
3438 5092 3485 5143 et
3530 5072 3825 5139 ministrabit

2214 5188 2431 5240 nomint
2465 5185 2683 5240 Domini
2697 5185 2793 5239 Dei
2811 5184 2901 5238 sui
2909 5183 3069 5246 ,sicut
3082 5195 3268 5236 omnes
3282 5182 3491 5251 fratres
3516 5174 3622 5245 ejus
3636 5165 3819 5224 ιευίιςυ,

2215 5277 2311 5345 qui
2340 5283 2525 5330 astant
2557 5276 2633 5329 ibi
2665 5289 2848 5329 coram
2875 5273 3105 5327 Domino
3127 5290 3144 5323 :
3174 5250 3395 5340 partem
3419 5250 3815 5345 partitam‘edd,

2211 5343 2413 5434 praeter
2426 5364 2852 5432 venditionem,q
2862 5379 2942 5417 uae
2956 5365 3039 5416 est
3051 5377 3136 5415 sec
3144 5359 3367 5415 umdum
3378 5357 3516 5428 fami
3521 5343 3812 5434 ίὰιιηρυιξω

2213 5454 2367 5508 dicat
2395 5451 3145 5522 venditionem,obscurum
3178 5453 3288 5504 est:
3310 5433 3720 5531 nisifortequia
3734 5427 3814 5531 de:

2211 5542 2555 5598 cimationes
2586 5548 2641 5598 et
2673 5540 3061 5613 primogenita
3078 5537 3347 5610 praecepit
3368 5530 3532 5591 vendi
3557 5527 3620 5581 ab
3650 5527 3808 5613 ειειιιαι

2211 5630 2268 5685 in
2285 5630 2604 5703 longinquo
2622 5611 3053 5697 habitarentme
3074 5628 3261 5683 multa
3278 5630 3606 5698 cogerem“r
3620 5611 3804 5703 Porta”?

2213 5720 2281 5776 ad
2312 5692 2920 5777 loriizmdnvocatio'nis
2952 5715 3298 5787 Domini,vel
3326 5722 3523 5788 pecora
3537 5692 3796 5764 ἀυοοωνυί
