4030 6182
212 310 327 367 789
1615 310 1848 369 LIBER
1892 311 2219 372 SEXTUS.
3499 309 3619 369 790

213 438 531 510 pinquante
561 440 771 505 morte,
825 437 938 508 Ego
968 446 1151 495 autem
1179 455 1404 496 recurro
1432 442 1604 509 viam,
1638 443 1781 497 sicut
1810 450 1861 498 et
1970 441 2063 510 bo,
2096 457 2306 515 vespas
2349 442 2597 515 intelligi
2627 442 2815 499 voluit
2870 442 3185 499 acerrimos
3216 442 3446 499 timoris
3477 459 3618 499 acu-

214 544 395 584 omnes
417 529 516 599 qui
535 543 699 597 super
718 531 927 584 terram
946 528 1029 590 ;in
1048 546 1112 585 ea
1136 529 1615 603 interpretatione
1635 536 1862 604 quaeest
1967 532 2087 588 leos
2119 532 2335 603 quibus
2371 532 2627 605 quodam
2660 533 2832 589 modo
2888 532 3220 588 volantibus
3273 532 3614 587 rumoribus

212 634 274 673 ex
296 617 522 673 hebraco
545 618 897 683 invenimus,
921 620 1202 691 ingredior
1231 623 1398 678 viam.
1434 623 1520 677 Ita
1546 639 1682 693 ergo
1707 622 1856 678 acci-
1965 622 2473 695 pungebantur,ut
2504 622 2899 694 fugerent,aut
2929 622 3115 678 aerios
3144 620 3404 677 occultos
3435 621 3614 693 spiri-

212 708 487 780 piendum
510 712 598 763 est
621 710 775 779 quod
802 710 1185 782 Septuaginta
1205 711 1749 783 dixerunt,recurro,
1776 714 1856 768 si-
1961 719 2081 779 tus,
2114 712 2269 783 quod
2321 713 2379 768 in
2440 712 2673 768 Psalmo
2717 713 2875 780 dicit,
2936 716 3042 769 Per
3071 711 3295 784 angelos
3341 712 3613 782 malignos

211 802 301 852 cut
319 798 539 853 dictum
555 802 642 853 est
660 798 1092 865 homini,Donec
1106 803 1473 857 revertarisin
1490 810 1697 857 terram
1714 802 1858 857 unde
1959 801 2132 873 (Psal.
2167 818 2375 868 Lxxvxx,
2410 802 2499 874 49)
2520 802 2547 856 ‘?
2577 802 2701 858 Nisi
2726 802 2871 858 forte
2895 802 3027 874 quis
3059 802 3233 873 dicat,
3263 818 3378 857 non
3412 800 3611 856 omnia

208 886 691 959 sumptuses(Gen.
717 890 910 961 111,19)
939 892 1373 957 ;utsecundum
1398 893 1853 963 corpusdictum
1960 906 2086 961 quas
2119 891 2270 945 facta
2314 895 2474 957 sunt,
2537 907 2665 948 esse
2714 892 3079 964 conscripta;
3111 896 3168 947 et
3219 891 3329 946 hoc
3376 905 3608 963 quoque

208 976 580 1049 intelligatur.
602 979 937 1035 Secundum
962 980 1220 1035 animam
1252 981 1462 1047 vero,si
1494 981 1853 1037 voluerimus
1958 979 2267 1035 visibiliter
2296 979 2537 1051 factum,
2571 986 2635 1036 ut
2665 997 2831 1037 veras
2863 999 3065 1052 vespas
3098 980 3237 1036 velit
3264 978 3536 1050 intelligi.

207 1067 281 1121 ita
300 1065 582 1138 accipere,
608 1069 1107 1139 quemadmodum
1130 1070 1189 1124 in
1219 1070 1569 1126 Ecclesiaste
1592 1070 1850 1142 positum
2028 1068 2274 1124 XVVIII.
2312 1071 2418 1138 [1b.
2450 1089 2603 1137 xxxv,
2636 1072 2745 1142 19.]
2778 1072 2923 1135 Quid
2952 1077 3037 1127 est
3069 1071 3227 1143 quod
3258 1068 3403 1125 dixit
3431 1069 3604 1125 Jesus

208 1160 306 1223 est,
339 1157 405 1210 Et
433 1160 664 1227 spiritus
712 1167 1018 1214 revertetur
1064 1162 1137 1219 ad
1182 1162 1351 1216 Deum
1397 1162 1493 1231 qui
1540 1160 1697 1216 dedit
1726 1176 1850 1215 eum
1956 1158 2027 1212 ad
2058 1157 2366 1229 pOpulum,
2390 1163 2513 1216 Non
2537 1162 2789 1231 poteritis
2808 1163 3015 1215 servire
3030 1162 3285 1226 Domino,
3309 1160 3438 1230 quia
3463 1159 3602 1213 Deus

210 1245 392 1316 (Eccle.
417 1263 521 1317 xxx,
554 1249 605 1318 7)
637 1265 650 1316 ;
680 1264 795 1303 non
828 1249 1081 1304 arbitror
1109 1251 1179 1304 de
1212 1250 1486 1305 omnibus
1518 1266 1688 1321 posse
1710 1249 1845 1318 dici,

206 1335 295 1391 sed
327 1336 396 1390 de
424 1336 500 1391 iis
534 1336 633 1408 qui
676 1337 758 1393 sic
788 1337 1057 1409 vixerint,
1094 1343 1155 1394 ut
1185 1340 1255 1393 ad
1289 1340 1473 1394 Deum
1507 1340 1694 1395 redire
1726 1356 1845 1395 me-

204 1429 450 1494 reantur,
484 1429 766 1497 tanquam
802 1428 871 1482 ad
925 1432 1221 1483 auctorem
1253 1446 1286 1483 a
1319 1444 1433 1500 quo
1475 1429 1652 1484 creati
1684 1432 1842 1484 sunt.

205 1512 387 1585 Neque
418 1514 577 1569 enim
612 1515 721 1571 hoc
780 1517 850 1571 de
882 1515 999 1571 illis
1054 1520 1205 1572 recte
1255 1516 1500 1588 intelligi
1530 1522 1738 1589 potest,
1774 1518 1845 1573 de

202 1602 399 1672 quibus
441 1603 677 1671 dicitur,
712 1604 955 1676 Spiritus
1005 1606 1301 1661 ambulans
1330 1614 1381 1662 et
1428 1622 1537 1662 non
1565 1610 1843 1662 revertens

200 1691 359 1762 (Psal.
385 1710 597 1761 Lxxvu,
621 1694 733 1765 39).
759 1698 874 1749 Iste
896 1699 1091 1750 autem
1122 1695 1211 1750 vir
1229 1700 1469 1751 sanctus
1489 1696 1660 1751 Jesus
1686 1699 1842 1751 Nave

200 1779 243 1833 si
273 1796 381 1835 non
417 1782 769 1849 addidisset,
821 1786 965 1839 sicut
994 1788 1045 1839 et
1074 1800 1257 1839 omnes
1288 1787 1386 1856 qui
1413 1801 1580 1856 super
1608 1793 1837 1855 ten-am,

201 1869 350 1925 nulla
372 1876 536 1926 esset
558 1871 801 1943 quaestio
830 1898 842 1941 ;
869 1890 1051 1944 neque
1073 1874 1226 1929 enim
1251 1874 1407 1949 aliud
1426 1875 1495 1929 de
1517 1874 1616 1929 illo
1640 1875 1836 1930 crede-

140 2024 143 2029 ,
198 1974 596 2031 remus,quam
630 1978 743 2032 quo
774 1977 908 2017 eum
940 1963 1185 2033 dignum
1218 1980 1346 2019 esse
1376 1963 1665 2035 legimus:
1701 1980 1835 2019 cum

195 2063 313 2103 vero
343 2049 615 2105 additum
648 2054 756 2121 est,
789 2054 931 2107 sicut
958 2061 1008 2107 et
1035 2068 1215 2107 omnes
1244 2055 1342 2124 qui
1391 2070 1554 2125 super
1585 2058 1833 2117 terram;

195 2137 393 2193 mirum
417 2138 466 2194 si
492 2140 788 2211 hoc,quod
814 2140 1029 2197 latinus
1046 2142 1330 2214 interpres
1346 2158 1597 2199 recurrro
1615 2144 1829 2215 posuit,

194 2242 294 2281 non
327 2227 522 2300 magis
546 2244 813 2301 percurro
833 2231 921 2285 vel
943 2248 1174 2287 excurro
1200 2231 1512 2287 dicendum
1536 2235 1701 2300 est,si
1723 2233 1831 2288 hoc

190 2319 365 2385 potest
396 2315 517 2372 dici
577 2319 729 2389 quod
762 2335 986 2391 graecus
1045 2321 1221 2376 habet
1272 2318 1582 2397 ἀποτρέχω.
1613 2320 1829 2379 Omnes

187 2404 321 2459 enim
355 2411 733 2478 percurrunt,
766 2408 854 2463 vel
909 2414 1225 2465 excurrunt
1281 2410 1459 2482 hujus
1488 2412 1620 2467 vitae
1647 2412 1826 2484 viam,

189 2509 306 2548 cum
340 2496 407 2550 ad
441 2496 580 2566 ejus
610 2496 784 2553 finem
818 2500 1205 2569 pervenerint.
1255 2502 1364 2556 Sed
1398 2501 1536 2572 quia
1565 2501 1673 2557 hoc
1701 2519 1828 2558 ver-

186 2582 309 2638 bum
340 2586 607 2655 positum
636 2590 742 2652 est,
779 2587 878 2642 ubi
910 2593 1181 2660 parentes
1226 2590 1495 2646 Rebeccae
1524 2592 1725 2646 dicunt
1754 2591 1825 2647 ad

185 2689 397 2729 servum
432 2675 703 2743 Abrahae,
739 2678 868 2732 Ecce
896 2678 1127 2734 Rebecca
1146 2695 1166 2741 ;
1215 2682 1493 2751 accipiens
1523 2697 1744 2738 recurre
1774 2690 1827 2737 et

183 2764 246 2817 sit
274 2779 413 2818 uxor
443 2764 669 2820 domini
698 2768 783 2820 tui
825 2766 974 2835 (Gen.
1006 2784 1159 2835 xxxv,
1208 2769 1297 2842 51)
1326 2788 1340 2841 ;
1370 2770 1500 2826 ideo
1532 2774 1587 2827 et
1616 2771 1711 2829 hic
1741 2771 1825 2827 ita

182 2850 276 2907 hoc
306 2854 488 2909 verbu
503 2870 558 2908 m
578 2855 1042 2927 interpretatum
1073 2861 1181 2914 est.

243 2940 395 2998 XXV.
430 2943 550 3014 [1b.
582 2961 738 3012 xxxv,
769 2947 842 3013 3.]
877 2947 1038 3011 Quod
1068 2948 1449 3021 Septuaginta
1476 2949 1823 3022 interpretes

182 3029 397 3100 habent,
418 3035 491 3089 Et
513 3036 786 3103 assumpsi
796 3040 1010 3107 patrem
1029 3046 1269 3093 vestrum
1290 3038 1564 3094 Abraham
1583 3039 1648 3095 de
1667 3043 1823 3095 trans

179 3120 382 3189 ﬂumen,
414 3127 466 3178 et
511 3123 718 3178 deduxi
734 3140 857 3179 eum
878 3126 937 3179 in
967 3142 1178 3181 omnem
1199 3135 1447 3195 terram;
1476 3128 1822 3200 interpreta-

182 3208 247 3264 tio
276 3228 395 3282 quse
426 3215 531 3267 est
562 3228 629 3267 ex
660 3212 887 3269 hebrazo
920 3214 1114 3283 habet,
1146 3219 1199 3270 et
1228 3216 1436 3272 deduxi
1464 3234 1587 3272 eum
1617 3220 1677 3273 in
1705 3224 1819 3273 ter-

183 3314 290 3354 ram
314 3300 608 3357 Chanaan.
670 3302 880 3357 Mirum
910 3308 998 3358 est
1029 3320 1165 3376 ergo
1224 3305 1273 3360 si
1306 3306 1686 3378 Septuaginta
1717 3324 1819 3378 pro

184 3391 321 3445 terra
337 3391 879 3459 Chanaan,omnem
903 3396 1117 3447 terram
1139 3410 1351 3465 ponere
1370 3394 1819 3462 voluerunt,nisi

184 3475 455 3535 intuentes
488 3479 955 3552 prophetiam,ut
985 3481 1173 3553 magis
1207 3499 1273 3537 ex
1307 3484 1696 3554 promissione
1718 3485 1819 3541 Dei

185 3568 446 3640 tanquam
463 3570 687 3626 factum
704 3569 1205 3642 accipiatur,quod
1222 3571 1547 3628 certissime
1561 3574 1818 3629 futurum

184 3655 233 3711 in
261 3657 483 3715 Christo
516 3663 577 3715 et
608 3659 666 3713 in
700 3658 956 3715 Ecclesia
989 3661 1512 3731 praenuntiabatur,
1545 3664 1696 3733 quod
1730 3668 1818 3719 est

183 3761 361 3804 verum
393 3764 598 3805 semen
633 3748 874 3805 Abrahm
902 3766 916 3818 ;
952 3765 1069 3805 non
1099 3749 1159 3805 in
1192 3749 1327 3805 ﬁliis
1375 3751 1586 3820 carnis,
1620 3753 1721 3808 sed
1754 3753 1813 3808 in

184 3835 306 3892 ﬁliis
336 3836 771 3909 promissionis.

244 3924 416 3983 XXVI.
450 3928 563 4001 [1b.
597 3944 747 3997 xxxv,
782 3928 892 4000 11.]
927 3931 988 3984 Et
1039 3930 1383 3985 bellaverunt
1433 3930 1695 3987 adversus
1726 3948 1813 3988 vos

183 4016 266 4082 qui
282 4016 615 4074 habitabant
635 4019 875 4074 Jericho.
906 4019 1094 4084 Quaeri
1124 4024 1313 4091 potest
1335 4021 1625 4091 quomodo
1647 4021 1703 4075 id
1725 4038 1814 4077 ve-

183 4117 296 4158 rum
318 4105 559 4171 sit,cum
578 4106 792 4162 clausis
811 4108 995 4177 portis
1019 4124 1079 4163 se
1103 4125 1404 4164 murorum
1430 4110 1654 4165 ambitu
1678 4116 1810 4166 tan-

179 4192 459 4251 tummodo
495 4200 821 4251 tuerentur.
855 4198 961 4253 Sed
996 4202 1146 4253 recte
1177 4197 1397 4253 dictum
1449 4203 1557 4267 est,
1591 4199 1730 4272 quia
1755 4203 1811 4255 et

180 4277 424 4339 claudere
437 4285 721 4341 adversus
738 4284 966 4341 hostem
986 4289 1280 4359 portas,ad
1297 4286 1513 4343 bellum
1534 4289 1805 4360 pertinet.

179 4365 285 4424 Non
312 4373 466 4429 enim
501 4373 796 4430 miserunt
842 4375 1065 4447 legatos
1097 4376 1197 4449 qui
1246 4382 1552 4449 poscerent
1583 4395 1805 4449 pacem.

180 4453 322 4515 Unde
352 4462 399 4517 si
426 4463 652 4519 dictum
685 4469 860 4530 esset,
896 4470 1311 4538 Pugnaverunt
1342 4468 1649 4523 adversum
1682 4484 1805 4535 vos,

181 4544 372 4605 falsum
398 4557 779 4624 esset.Neque
804 4555 959 4609 enim
994 4555 1211 4610 bellum
1238 4556 1546 4613 continuas
1579 4573 1807 4629 pugnas

182 4632 355 4707 habet,
388 4642 489 4696 sed
524 4641 837 4713 aliquando
869 4645 1092 4711 crebas,
1125 4644 1440 4717 aliquando
1482 4663 1664 4716 raras,
1695 4646 1805 4701 ali-

181 4729 394 4793 quando
428 4729 641 4787 nullas.
674 4732 898 4787 Bellum
929 4738 1018 4788 est
1049 4738 1243 4790 tamen
1276 4737 1511 4807 quando
1542 4740 1633 4792 est
1663 4752 1803 4809 quo-

183 4811 300 4870 dam
320 4820 490 4874 modo
518 4826 738 4875 armata
768 4821 1113 4877 dissensio‘.

240 4902 447 4963 XXVII.
483 4910 588 4979 (Ib.
622 4926 771 4976 xxxv,
809 4910 917 4981 12.]
948 4910 1053 4974 Qui
1086 4916 1194 4980 est,
1228 4914 1381 4983 quod
1418 4913 1570 4969 inter
1601 4918 1805 4970 omtera

180 4995 321 5060 quas]
330 5011 463 5053 esus
479 4997 633 5053 Nave
646 5015 783 5070 erga
795 5000 1090 5056 Israelitas
1108 5002 1416 5058 Dominum
1433 5004 1639 5061 fecisse
1651 5021 1804 5062 com-

1952 1251 2170 1302 sanctus
2186 1256 2283 1304 est.
2303 1250 2387 1303 An
2411 1251 2547 1320 quia
2562 1249 2719 1305 illius
2734 1248 3028 1305 sanctitati
3048 1249 3303 1320 perfecta
3324 1248 3601 1302 servitute

1954 1336 2210 1406 quodam
2236 1338 2408 1393 modo
2426 1340 2650 1393 contem
2662 1338 3150 1410 perari,humanss
3172 1335 3471 1409 fragilitati
3492 1335 3599 1389 im-

1953 1426 2231 1496 passibile
2256 1431 2344 1482 est
2365 1426 2515 1491 ?Quo
2538 1427 2864 1494 audito,isti
2886 1444 3001 1483 non
3029 1426 3219 1483 solum
3242 1427 3369 1495 ejus
3387 1423 3599 1495 eligere

1952 1516 2421 1582 servitutem,sed
2446 1517 2623 1572 etiam
2642 1517 2711 1571 de
2731 1517 3019 1588 adjutorio
3042 1516 3169 1586 ejus
3190 1518 3246 1570 et
3263 1512 3601 1568 misericoru

1950 1604 2047 1659 dia
2067 1621 2420 1677 praesumere
2442 1606 2806 1661 debuerunt:
2841 1622 3019 1676 quam
3050 1604 3145 1659 ille
3176 1601 3477 1669 intellexit,
3498 1599 3599 1673 qui

1949 1693 2089 1749 dicit
2110 1694 2169 1749 in
2194 1694 2528 1764 Psalmo,Ne
2561 1697 2731 1751 intres
2759 1697 2820 1749 in
2839 1695 3109 1764 iudicium
3134 1709 3257 1748 cum
3277 1707 3427 1747 servo
3456 1695 3552 1745 tuo
3580 1706 3593 1758 ;

1945 1786 2209 1854 quoniam
2240 1800 2348 1839 non
2380 1784 2767 1855 iustiﬁcabitur
2791 1785 2850 1838 in
2873 1790 3156 1855 conspectu
3181 1786 3277 1837 tuo
3308 1782 3489 1836 omnis
3510 1780 3593 1834 vi-

1944 1888 2071 1927 vens
2094 1874 2266 1944 (Psal.
2292 1891 2460 1943 chn,
2494 1876 2569 1945 2).
2601 1874 2701 1929 Isti
2730 1877 2927 1927 autem
2959 1873 3030 1927 de
3061 1887 3121 1927 se
3148 1870 3342 1941 potius
3375 1884 3593 1941 praesu-

1945 1975 2101 2016 mere
2128 1962 2487 2035 delegerunt,
2521 1964 2670 2033 quod
2706 1967 2818 2017 Deo
2850 1960 3075 2034 possint
3103 1959 3229 2016 sine
3259 1958 3379 2014 ulla
3405 1958 3592 2013 offen-

1942 2051 2105 2107 sione
2137 2053 2371 2121 servire,
2392 2056 2457 2106 ut
2478 2052 2603 2123 jam
2635 2056 2775 2106 tunc
2808 2049 3152 2121 inciperent,
3185 2048 3341 2120 quod
3372 2049 3443 2101 de
3472 2045 3590 2101 illis

1939 2141 2227 2213 expressit
2255 2141 2566 2213 Apostolus
2593 2159 2605 2197 :
2636 2145 2966 2211 Ignorantes
2994 2139 3141 2195 enim
3168 2139 3275 2193 Dei
3284 2136 3585 2209 justitiam,

1936 2231 1989 2283 et
2004 2246 2166 2285 suam
2192 2222 2427 2287 volentes
2438 2230 3034 2299 constituerejustitiw
3049 2230 3148 2285 Dei
3164 2243 3274 2283 non
3298 2231 3428 2282 sunt
3446 2226 3579 2281 sub-

1925 2318 2061 2388 jecti
2092 2322 2262 2393 (Rom.
2323 2339 2379 2391 x,
2411 2322 2485 2393 3).
2521 2322 2603 2376 lta
2634 2320 2718 2376 eis
2771 2320 2893 2390 jam
2924 2319 3036 2374 Lex
3095 2316 3485 2382 subintrabat,
3516 2318 3581 2371 ut

1935 2411 2263 2466 abundaret
2290 2411 2590 2477 delictum,
2623 2414 2681 2466 et
2704 2413 2905 2481 postea
2925 2408 3431 2481 superabundaret
3453 2422 3581 2478 gra—

1934 2500 2015 2555 tia
2045 2514 2146 2571 per
2176 2500 2489 2556 Dominum
2521 2500 2819 2556 Christum
2853 2499 2958 2570 (Id.
2992 2514 3046 2567 v,
3067 2499 3158 2567 20,
3180 2498 3294 2569 21),
3330 2495 3583 2568 quifinis

1935 2593 2023 2645 est
2054 2589 2244 2661 Legis,
2278 2590 2347 2645 ad
2375 2588 2664 2660 justitiam
2697 2590 2857 2645 omni
2887 2587 3145 2644 credenti
3174 2587 3274 2658 (Id.
3309 2603 3364 2657 x,
3397 2587 3470 2652 4).

2003 2678 2195 2734 XXIX.
2226 2679 2330 2749 [1b.
2358 2696 2511 2747 xxxv,
2531 2680 2647 2748 23.]
2669 2678 2815 2743 Quid
2842 2682 2931 2733 est
2952 2677 3106 2749 quod
3129 2677 3210 2731 ait
3230 2676 3387 2730 idem
3409 2675 3579 2730 Jesus

1932 2767 2179 2839 loquens
2202 2770 2271 2823 ad
2291 2768 2668 2840 populum,Et
2686 2784 2834 2823 nunc
2853 2769 3281 2836 cx'rcumauferte
3301 2764 3427 2820 deos
3450 2764 3581 2819 alie-

1929 2874 2028 2914 nos
2045 2860 2141 2929 qui
2155 2866 2283 2913 sunt
2312 2859 2371 2913 in
2398 2858 2631 2926 vobis,et
2658 2857 2889 2929 dirigite
2917 2855 3080 2913 corda
3098 2858 3283 2911 vestra
3294 2854 3363 2909 ad
3377 2855 3577 2910 Domi-

1928 2963 2063 3002 num
2094 2949 2264 3003 Deum
2292 2948 2492 3004 Israel.
2543 2947 2670 3003 Non
2718 2947 2875 3003 enim
2906 2946 3178 3003 credendi
3217 2948 3354 3001 sunt
3384 2943 3575 2999 adhuc

1929 3036 2209 3093 habuisse
2231 3037 2384 3109 apud
2408 3053 2470 3093 se
2492 3036 2689 3109 aliqua
2705 3036 2963 3108 gentium
2982 3034 3459 3102 simulacra,cum
3482 3050 3577 3090 su-

1927 3127 2124 3196 perius
2145 3142 2346 3182 eorum
2371 3126 2763 3182 obedientiam
2788 3124 3189 3198 praedicaverit
3214 3143 3225 3180 :
3247 3129 3349 3180 aut
3367 3140 3499 3179 vero
3523 3123 3573 3179 si

1926 3214 2369 3287 haberentpost
2390 3219 2584 3271 tantas
2619 3215 2781 3287 Legis
2812 3214 3320 3283 comminationes,
3353 3212 3454 3267 illa
3475 3228 3573 3267 eos

1926 3321 2202 3377 prospera
2220 3309 2609 3376 sequerentur
2623 3321 2776 3372 ;cum
2796 3304 2955 3360 sicin
2974 3321 3071 3360 eos
3092 3302 3453 3358 vindicatum
3472 3300 3571 3369 sit,

1926 3395 2079 3465 quod
2101 3412 2251 3450 unus
2270 3411 2469 3450 eorum
2491 3395 2561 3451 de
2584 3394 2957 3450 anathemate
2975 3394 3198 3449 furtum
3222 3391 3570 3448 fecerat.De-

1925 3485 2101 3556 nique
2131 3484 2307 3541 Jacob
2336 3484 2481 3539 dixit
2512 3484 2620 3539 hoc
2650 3484 2733 3539 eis
2765 3484 2861 3555 qui
2908 3500 3042 3539 cum
3074 3482 3173 3538 illo
3213 3482 3472 3537 exierant
3501 3482 3572 3537 de

1922 3572 2469 3644 Mesopotamia,ubi
2502 3571 2586 3628 sic
2618 3573 2772 3628 idola
2802 3571 3240 3637 colebantur,ut
3270 3576 3326 3626 et
3356 3570 3571 3626 Rachel

1922 3666 2158 3733 paterna
2190 3662 2483 3717 iuraretur
2533 3663 2686 3733 (Gen.
2727 3679 2885 3725 xxxx.
2935 3662 3017 3729 19)
3050 3676 3062 3715 :
3098 3661 3198 3717 sed
3246 3664 3375 3731 post
3404 3659 3567 3718 illam

1921 3752 2379 3808 admonitionem
2409 3752 2610 3822 Jacob,
2645 3753 2930 3807 dederunt
2978 3768 3104 3822 quae
3135 3750 3431 3807 habebant
3462 3751 3562 3821 (Id.

1917 3856 2083 3908 xxxv,
2105 3841 2160 3908 2,
2186 3840 2238 3911 4)
2265 3859 2277 3909 ;
2312 3841 2467 3896 unde
2498 3839 2768 3911 apparuit
2792 3840 2902 3896 hoc
2933 3839 3017 3896 eis
3049 3839 3130 3895 ita
3159 3838 3380 3895 dictum
3412 3855 3561 3908 esse,

1920 3929 2055 4000 quia
2076 3930 2297 3985 sciebat
2322 3946 2421 3985 eos
2451 3929 2662 3984 habere
2696 3928 2793 3984 ille
2825 3929 2921 3999 qui
2954 3928 3198 3985 dixerat.
3232 3928 3397 3982 Nunc
3427 3944 3561 3985 vero

1919 4022 2050 4090 post
2078 4021 2229 4074 hanc
2260 4018 2721 4074 admonitionem
2742 4018 2880 4073 Jesu
2902 4016 3055 4073 Nave
3078 4016 3275 4071 nullus
3307 4015 3421 4071 tale
3452 4014 3557 4071 ali-

1916 4107 2057 4179 quid
2090 4107 2351 4179 protulit.
2385 4107 2499 4163 Nec
2529 4111 2723 4163 tamen
2770 4106 3104 4178 putandum
3136 4109 3225 4161 est
3252 4105 3363 4161 hoc
3391 4104 3560 4159 illum

1914 4196 2171 4253 inaniter
2202 4196 2583 4269 praecepisse;
2609 4214 2722 4252 non
2747 4196 2901 4252 enim
2930 4195 3031 4265 ait,
3055 4195 3123 4250 Et
3152 4211 3307 4250 nunc
3340 4192 3562 4250 auferte

1916 4287 2053 4342 deos
2077 4286 2296 4342 alienos
2324 4287 2373 4341 si
2406 4286 2506 4359 qui
2538 4290 2676 4342 sunt
2705 4286 2762 4341 in
2794 4285 2995 4355 vobis;
3028 4284 3130 4341 sed
3161 4284 3399 4340 omnino
3429 4288 3560 4339 tan-

1915 4392 2087 4447 quam
2109 4376 2300 4432 sciens
2323 4392 2472 4448 esse,
2495 4379 2594 4447 qui
2619 4384 2763 4447 sunt,
2782 4374 2994 4448 inquit,
3029 4375 3091 4431 in
3120 4374 3285 4431 vobis.
3317 4373 3564 4429 Proinde

1913 4465 2205 4538 Propheta
2233 4470 2476 4522 sanctus
2504 4466 2562 4520 in
2594 4466 2869 4523 cordibus
2899 4482 3101 4523 eorum
3134 4481 3264 4521 esse
3293 4464 3564 4520 cernebat

1912 4555 2295 4628 cogitationes
2313 4557 2384 4611 de
2407 4561 2516 4611 Deo
2535 4554 2756 4612 alienas
2776 4573 2808 4611 a
2824 4558 3018 4626 Deo,et
3034 4556 3194 4627 ipsas
3208 4552 3561 4609 admonebat

1913 4646 2411 4718 uuierri.Quisque
2428 4645 2772 4702 enimtalem
2796 4646 3006 4716 cogitat
3026 4645 3207 4700 Deum
3224 4642 3417 4716 qualis
3440 4658 3557 4697 non

1912 4740 2001 4791 est
2019 4736 2457 4804 Deus,alienum
2489 4736 2673 4791 Deum
2696 4736 2899 4807 utique
2920 4739 2977 4791 et
3007 4734 3218 4790 falsum
3243 4733 3307 4787 in
3334 4730 3553 4804 cogita-

1910 4824 2067 4881 tione
2098 4830 2309 4899 portat.
2344 4826 2483 4891 Quis
2515 4830 2604 4881 est
2632 4829 2823 4881 autem
2855 4825 2957 4897 qui
3009 4824 3093 4880 sic
3125 4824 3338 4896 cogitet
3366 4823 3550 4878 Deum

1909 4916 2407 4987 quemadmodum
2428 4915 2527 4972 ille
2548 4919 2636 4970 est
2655 4915 2678 4969 ?
2697 4916 2775 4969 Ac
2792 4932 2895 4986 per
2912 4914 3023 4970 hoc
3040 4913 3387 4985 relinquitur
3408 4913 3551 4969 fide-

1910 5006 2087 5074 libus,
2121 5005 2400 5078 quamdiu
2430 5004 2876 5077 peregrinantur
2904 5022 2938 5060 a
2966 5004 3212 5060 Domino
3240 5004 3320 5073 (II
3352 5005 3473 5061 Cor.
3499 5020 3550 5073 ν,

180 5091 464 5153 memorat,
498 5087 658 5158 dicit,
683 5089 827 5144 Misit
848 5098 979 5145 ante
1000 5105 1089 5147 vos
1118 5107 1322 5163 vespas,
1347 5098 1401 5148 et
1429 5094 1585 5165 ejecit
1610 5094 1740 5152 illos
1769 5113 1804 5151 a
1905 5097 1981 5168 6),
2017 5098 2243 5152 aui'erre
2266 5113 2297 5151 a
2317 5095 2488 5150 corde
2511 5111 2615 5150 suo
2638 5095 2919 5151 irruentia
2945 5112 3093 5151 vana
3114 5095 3548 5167 phantasmata,

177 5170 306 5258 facie
333 5177 548 5231 vestra2
570 5194 589 5230 :
623 5178 778 5248 quod
802 5179 975 5234 etiam
1002 5178 1058 5234 in
1081 5180 1228 5237 libro
1261 5182 1568 5254 Sapientiae
1590 5183 1805 5257 legitur
1905 5204 2032 5258 quas
2065 5202 2127 5241 se
2156 5184 2549 5257 cogitantibus
2584 5184 2878 5257 ingerunt,
2932 5184 3090 5241 velut
3120 5184 3256 5240 talis
3289 5188 3389 5240 aut
3419 5182 3551 5238 talis

181 5257 313 5330 (Sap.
345 5280 443 5330 xxx,
474 5265 548 5337 8),
582 5283 688 5322 nec
721 5272 919 5323 tamen
950 5269 1182 5341 uspiam
1235 5272 1452 5328 factum
1484 5291 1612 5330 esse
1640 5275 1700 5329 in
1731 5274 1802 5330 iis

180 5359 289 5415 qua
319 5358 480 5423 gesta
506 5360 665 5425 sunt,
699 5356 1040 5414 invenitur?
1069 5361 1156 5415 An
1191 5361 1334 5417 forte
1362 5362 1644 5421 translato
1675 5381 1801 5420 ver-

235 5525 352 5603 iSfic
377 5544 560 5603 omnes
590 5536 712 5603 M_ss.
738 5536 804 5587 At
833 5536 982 5603 editi,
1012 5540 1217 5603 quando
1236 5545 1396 5603 porta
1427 5543 1801 5593 hostibusctau-

184 5586 394 5661 tingitur:
425 5599 477 5644 et
505 5586 1116 5661 quodaminodoiarrn'ata
1134 5586 1395 5661 defensio.

236 5652 257 5732 ξ
280 5654 370 5732 {iis
396 5652 532 5720 post;
554 5663 603 5710 et
630 5661 772 5732 eiicit
792 5661 928 5724 illos,
947 5652 1455 5732 add‘imus_'exlt1ss.,
1487 5683 1517 5716 a
1545 5669 1681 5732 facis
1705 5684 1801 5718 ves-

184 5713 272 5763 tro.
284 5714 341 5766 In
351 5713 529 5781 graec
542 5713 689 5776 nun'c
700 5713 899 5789 est,’apo
906 5713 1162 5790 prosdpou
1176 5713 1290 5779 Ὶιέιῖι
1296 5713 1384 5792 6;};
1395 5713 1432 5781 ἶ
1443 5713 1695 5783 ἰἁὲίθᾞῖε
1703 5713 1799 5782 tra.

1910 5277 1988 5332 sit
2020 5281 2191 5343 Deus,
2225 5274 2415 5346 qualis
2447 5274 2649 5348 utique
2681 5293 2795 5332 non
2828 5279 2951 5331 est:
2988 5279 3044 5331 et
3073 5274 3322 5347 dirigere
3354 5290 3451 5328 cor
3480 5273 3551 5327 ad

1910 5365 2080 5421 illum
2112 5364 2380 5434 ﬁdeliter,
2417 5371 2480 5422 ut
2510 5368 3010 5438 quemadmodum
3042 5370 3097 5421 et
3128 5368 3414 5437 quantum
3447 5379 3549 5418 no-

1911 5455 2003 5512 bis
2034 5456 2303 5528 expedire
2362 5457 2541 5522 novit,
2574 5458 2697 5527 ipse
2728 5473 2789 5513 se
2846 5456 3104 5513 insinuet
3147 5471 3249 5526 per
3276 5452 3552 5525 Spiritum

1912 5547 2296 5616 suum,donec
2316 5549 2658 5601 assumatur
2672 5563 2843 5601 omne
2860 5545 3414 5614 mendacium,unde
3439 5544 3555 5599 dic-

1910 5639 2038 5690 tum
2058 5639 2166 5703 est,
2196 5635 2383 5691 Omnis
2401 5634 2558 5691 homo
2573 5634 2810 5691 mendax
2829 5636 3007 5706 (Psal.
3029 5652 3153 5704 cxv,
3178 5636 3266 5708 11)
3292 5653 3303 5703 ;
3321 5639 3377 5690 et
3394 5639 3555 5690 tran-

1913 5726 2074 5782 sacta
2104 5740 2218 5780 non
2251 5724 2443 5780 solum
2474 5724 2657 5796 impia
2688 5724 2958 5795 falsitate,
2990 5740 3194 5782 verum
3226 5725 3400 5782 etiam
3429 5724 3555 5796 ipso
