4030 6182
257 317 381 375 793

261 446 571 514 defﬂuxit;
604 447 704 502 sed
733 464 766 503 a
813 445 1106 519 prioribus
1135 443 1499 516 interpositis
1531 440 1912 512 temporibus,

265 535 487 609 quibus
517 552 584 591 ea
612 541 778 607 gesta
806 539 964 600 sunt,
997 539 1130 607 post
1159 551 1284 606 quae
1315 535 1388 588 ad
1418 532 1518 588 illa
1547 531 1828 604 pervenit.

1616 307 1849 368 LIBER
1893 306 2313 368 SEPTIMUS.

2017 439 2218 511 pher‘,
2251 449 2303 494 et
2330 442 2602 511 percussit
2633 440 2750 497 Sesi
2795 448 2845 497 et
2892 439 3159 496 Achiman
3188 448 3237 495 et
3285 439 3496 494 Cholmi
3540 438 3685 508 ﬁlias

2021 531 2210 584 Enach
2237 547 2256 582 :
2284 539 2334 584 et
2374 529 2737 584 ascenderunt
2785 531 2914 585 inde
2961 531 3032 584 ad
3079 531 3452 584 inhabitantes
3483 528 3670 581 Dabir.

3561 309 3678 366 794

343 635 414 689 II.
451 633 552 700 [1b.
589 650 627 701 ι,
653 635 790 702 1-3,]
817 635 880 689 Et
903 634 1116 706 factum
1133 640 1209 688 εει
1226 639 1516 704 postquam
1535 629 1824 704 defunctus
1839 638 1916 682 eu
2021 619 2226 675 Nomen
2255 629 2436 674 autem
2461 622 2632 676 Dabir
2649 623 2788 691 quod
2807 629 2922 676 erat
2949 625 3074 676 ante
3096 621 3302 674 Civitas
3333 619 3669 672 litterarum.

262 725 445 789 Iesus,
476 724 897 792 interrogabant
919 725 1026 794 ﬁlii
1050 723 1217 778 Israel
1239 724 1298 777 in
1326 723 1554 777 Domino
1580 723 1596 755 ί
1629 719 1878 773 dicentes
1898 733 1915 769 .·

266 813 405 880 Quis
432 812 685 868 ascendet
712 813 991 868 nobiscum
1009 812 1080 866 ad
1109 813 1493 868 Chananaeum
1513 809 1628 864 dux
1647 807 1716 862 ad
1735 805 1919 862 debel-

264 900 501 955 landum
519 918 648 955 eum
663 903 684 934 ²
704 905 728 954 .9
757 903 821 954 Et
840 901 986 956 dixit
1007 903 1269 956 Dominus
1286 918 1304 955 :
1320 899 1486 956 ludas
1502 897 1786 956 ascendet;
1803 907 1922 949 ecce

265 990 399 1044 dedi
419 994 626 1044 terram
649 992 708 1044 in
730 1007 898 1045 manu
914 991 936 1024 ⁸
956 991 1148 1060 ipsius.
1172 990 1271 1044 llic
1290 988 1569 1060 quaeritur
1596 989 1790 1040 utrum
1813 982 1923 1037 ali-

268 1079 410 1148 quis
440 1077 616 1134 homo
631 1079 816 1134 Judas
831 1080 1162 1145 vocabatur,
1187 1097 1260 1133 an
1279 1079 1469 1150 ipsam
1491 1075 1733 1144 tribum,
1756 1073 1839 1128 ita
1858 1076 1924 1127 ut

269 1166 442 1234 solet,
463 1167 549 1222 sio
578 1167 909 1238 appellavit.
931 1167 1040 1222 Sed
1062 1166 1145 1221 illi
1171 1167 1272 1238 qui
1302 1167 1802 1237 interrogaverant
1821 1167 1925 1216 Do-

272 1255 529 1324 minum,
549 1260 676 1328 post
696 1263 940 1312 mortem
957 1256 1097 1312 Jesu
1120 1256 1275 1311 Nave
1297 1255 1502 1310 ducem
1524 1253 1921 1324 requirebant;

275 1345 435 1399 unde
460 1348 700 1415 putatur
716 1344 893 1400 unius
908 1361 1252 1417 expressum
1276 1342 1531 1399 hominis
1555 1355 1790 1396 nomen.
1815 1343 1925 1393 Ve-

274 1449 434 1502 rum,
459 1431 598 1504 quia
619 1449 731 1488 non
764 1432 913 1489 solet
942 1435 1119 1489 duces
1150 1434 1452 1488 nominare
1469 1431 1771 1502 Scriptura
1792 1443 1927 1482 cum

274 1521 742 1587 constituuntur,
763 1521 876 1576 nisi
897 1530 1355 1577 commemorata
1385 1521 1560 1576 etiam
1581 1518 1805 1590 origine
1827 1533 1929 1587 pa-

274 1613 537 1676 rentum,
557 1613 614 1665 et
630 1614 858 1666 constat
877 1611 1220 1682 postJesum
1240 1611 1418 1665 duces
1443 1606 1722 1663 habuisse
1746 1621 1930 1676 popu-

275 1697 406 1752 lum
437 1698 636 1764 Israel,
660 1715 911 1770 quorum
943 1699 1172 1771 primus
1198 1703 1288 1755 est
1311 1697 1618 1754 Gothoniel
1643 1695 1799 1750 filius
1829 1695 1931 1749 Ce-

278 1804 392 1842 nez
415 1805 429 1854 ;
455 1788 669 1842 rectius
693 1787 1046 1860 intelligitur
1067 1791 1304 1844 nomine
1325 1788 1511 1853 Judze,
1535 1785 1754 1841 tribum
1779 1782 1935 1838 Juda

279 1876 472 1931 fuisse
508 1877 921 1949 signiﬁcatam.
954 1878 1040 1931 Ab
1074 1877 1202 1949 ipsa
1232 1878 1388 1933 enim
1419 1877 1574 1931 tribu
1605 1873 1789 1929 voluit
1818 1871 1936 1925 Do-

290 1964 498 2020 minus
520 1965 772 2037 incipere
793 1968 1010 2022 conteri
1033 1966 1409 2022 Chananeaos.
1430 1966 1498 2020 Et
1527 1980 1660 2019 cum
1684 1959 1937 2034 populus

288 2055 367 2110 de
398 2055 544 2111 duce
573 2055 1012 2127 interrogasset,
1046 2057 1117 2112 ad
1148 2056 1257 2112 hoc
1282 2055 1463 2111 valuit
1493 2051 1793 2125 responsio
1826 2049 1938 2103 Do-

288 2144 464 2214 mini,
484 2149 548 2199 ut
567 2144 782 2200 scirent
802 2146 982 2200 Deum
1007 2145 1268 2200 noluisse
1290 2147 1310 2180 ⁴
1343 2146 1413 2199 ab
1435 2143 1702 2198 universo
1726 2137 1938 2211 populo

286 2232 497 2288 bellari
529 2235 807 2289 adversus
824 2234 1202 2289 Chananaaos.
1221 2234 1376 2288 Dixit
1395 2249 1550 2305 ergo,
1568 2231 1734 2287 Iudas
1750 2243 1939 2283 ascen-

285 2321 399 2376 det.
421 2325 489 2375 Et
519 2323 786 2392 sequitur
805 2322 1107 2394 Scriptura
1130 2339 1397 2385 narrans,
1425 2323 1482 2375 Et
1513 2321 1658 2376 dixit
1685 2319 1850 2375 ludas
1870 2315 1942 2370 ad

283 2412 368 2465 ad
393 2413 615 2466 Simeon
645 2413 878 2481 fratrem
895 2428 1059 2466 suum
1089 2429 1108 2466 :
1141 2412 1343 2482 utique
1373 2411 1560 2466 tribus
1591 2410 1660 2465 ad
1697 2409 1937 2463 tribum.

284 2499 420 2554 Non
454 2501 609 2554 enim
653 2501 844 2556 adhuc
876 2500 1145 2556 vivebant
1193 2499 1278 2554 illi
1309 2499 1412 2554 ﬁlii
1459 2499 1635 2555 Jacob
1667 2497 1766 2569 qui
1802 2495 1941 2550 dicti

286 2594 435 2645 sunt
464 2589 650 2644 Judas
682 2595 737 2644 et
779 2589 1034 2660 Simeon,
1069 2589 1225 2644 inter
1274 2593 1509 2645 caeteros
1561 2588 1771 2642 fratres
1803 2601 1942 2641 suos

286 2677 554 2748 prepriis
574 2678 913 2734 nominibus
935 2678 1210 2750 appellati
1237 2699 1250 2748 ;
1285 2678 1383 2734 sed
1414 2677 1558 2732 dixit
1583 2677 1769 2731 tribus
1789 2675 1944 2730 Juda

287 2767 368 2822 ad
401 2766 623 2822 tribum
656 2767 913 2836 Simeon,
936 2769 1174 2824 Ascende
1201 2784 1406 2823 mecum
1433 2769 1494 2822 in
1514 2772 1713 2823 sortem
1742 2781 1940 2830 meam,

287 2864 348 2911 et
378 2855 637 2911 bellemus
667 2858 722 2911 in
755 2857 1065 2913 Chanana’o
1086 2858 1128 2927 ⁵,
1158 2865 1208 2914 et
1238 2858 1327 2913 ibo
1357 2859 1530 2912 etiam
1561 2871 1654 2927 ego
1681 2863 1854 2910 tecum
1887 2854 1944 2906 in

285 2948 500 3000 sortem
528 2954 695 3001 tuam.
733 2945 1108 3002 Manifestum
1137 2951 1226 3003 est
1255 2947 1535 3002 auxilium
1579 2945 1691 3000 sibi
1723 2945 1942 2999 tribum

286 3033 322 3088 J
332 3033 450 3088 uda
479 3033 720 3090 alterius
740 3035 932 3090 tribus
951 3040 1296 3107 postulasse,
1319 3036 1472 3106 quod
1506 3036 1788 3100 redderet,
1809 3050 1942 3089 cum

290 3129 355 3178 et
380 3122 468 3177 illi
497 3123 556 3178 in
587 3140 694 3179 sua
722 3131 876 3179 sorte
908 3124 1122 3180 habere
1148 3125 1494 3196 incipierent
1523 3123 1941 3180 necessarium.

367 3221 468 3278 Ill.
502 3221 668 3292 [lb.1,
688 3222 866 3292 9-12.]
885 3223 949 3278 Et
976 3222 1120 3277 dixit
1143 3221 1302 3278 Caleb
1323 3239 1342 3276 :
1368 3222 1703 3291 Quicumque
1721 3234 1944 3287 percus-

285 3311 425 3365 serit
442 3312 733 3366 Civitatem
754 3311 1146 3380 litterarum,et
1160 3312 1363 3381 ceperit
1386 3309 1671 3378 eam,dabo
1692 3312 1743 3363 ei
1762 3308 1945 3378 ﬁliam

286 3415 476 3454 meam
497 3401 670 3454 Axam
690 3416 918 3455 uxorem
937 3401 977 3434 δ·
1001 3400 1130 3456 Jam
1149 3400 1257 3454 hoc
1288 3405 1345 3454 et
1366 3400 1424 3454 in
1457 3401 1605 3454 libro
1623 3399 1766 3454 Jesu
1791 3398 1944 3452 Nave

289 3494 823 3544 commemoratum
850 3493 938 3544 est
959 3489 1137 3560 (Iosue
1157 3507 1246 3560 xv,
1283 3489 1406 3561 16):
1437 3490 1538 3544 sed
1574 3492 1768 3543 utrum
1799 3489 1942 3543 Jesu

287 3576 522 3632 vivente
535 3577 748 3633 factum
765 3579 926 3645 sit,et
948 3595 1102 3633 nunc
1118 3594 1218 3650 per
1232 3577 1770 3649 recapitulationem
1785 3593 1945 3649 repe-

287 3666 504 3734 titum;
536 3683 609 3722 an
629 3673 759 3739 post
773 3667 902 3737 ejus
917 3673 1160 3723 mortem
1185 3671 1565 3738 posteaquam
1589 3667 1810 3722 dictum
1832 3673 1942 3736 est,

287 3757 466 3812 ludas
487 3759 836 3822 ascendet,et
865 3756 1234 3828 cmpitJudas
1251 3756 1540 3811 debellare
1561 3756 1940 3826 Chananaios,

293 3845 355 3900 in
379 3862 498 3916 quo
517 3845 664 3902 bello
681 3847 1002 3902 istaomnia
1018 3850 1182 3919 gesta
1201 3850 1533 3908 narrantur,
1558 3845 1763 3900 merito
1788 3862 1942 3915 quaa-

293 3936 466 3990 ritur.
490 3935 599 3990 Sed
632 3936 971 3991 credibilius
1001 3940 1090 3992 est
1118 3939 1250 4008 post
1269 3939 1514 3991 mortem
1533 3935 1676 3990 Jesu
1700 3934 1940 4000 factum,

290 4029 439 4079 tunc
470 4026 664 4080 autem
690 4040 791 4096 per
810 4024 1214 4096 prolepsim,id
1248 4029 1337 4080 est
1360 4040 1463 4095 per
1492 4024 1942 4095 praeoccupatio-

293 4129 432 4168 nem
457 4117 1004 4181 commemoratum,
1023 4113 1516 4182 quemadmodum
1539 4117 1596 4168 et
1621 4113 1753 4168 alia.
1776 4113 1942 4167 Nunc

291 4201 452 4258 enim
468 4217 601 4256 cum
624 4218 716 4258 res
733 4206 905 4274 gesta:
929 4201 1575 4258 adversusChananeeos
1589 4201 1943 4258 tribusJuda

292 4295 746 4363 exponerentur,
769 4291 846 4346 ita
863 4307 926 4346 se
948 4291 1301 4347 narrationis
1322 4292 1463 4348 ordo
1486 4292 1763 4360 continet,
1787 4290 1943 4346 inter

291 4386 505 4437 caetera
525 4381 688 4436 Judze
711 4381 861 4435 facta
888 4378 1203 4446 bellica,de
1233 4397 1347 4452 quo
1382 4386 1510 4453 post
1531 4385 1776 4436 mortem
1798 4380 1939 4436 Jesu

293 4470 526 4526 dixerat
549 4469 855 4537 Dominus,
877 4469 1042 4526 ludas
1057 4470 1336 4532 ascendet;
1356 4471 1424 4524 Et
1442 4474 1634 4542 postea
1652 4469 1938 4526 descende-

290 4565 431 4614 runt
459 4558 572 4628 ﬁlii
586 4558 736 4616 Juda
751 4574 1002 4629 pugnare
1020 4559 1094 4612 ad
1122 4557 1516 4626 Chanauaeum,
1539 4561 1636 4630 qui
1653 4560 1865 4614 habitat
1883 4560 1940 4614 in

290 4653 560 4704 montana
589 4657 639 4704 et
669 4653 924 4704 austrum
943 4656 994 4705 et
1022 4649 1400 4718 campestrem.
1425 4648 1487 4702 Et
1517 4648 1652 4702 abiit
1682 4649 1848 4703 ludas
1870 4647 1940 4702 ad

294 4737 672 4792 Chananzum
690 4737 1088 4794 inhabitantem
1106 4737 1164 4791 in
1185 4736 1446 4804 Chebron,
1463 4746 1515 4791 et
1531 4738 1668 4792 exiit
1695 4736 1940 4792 Chebron

291 4844 366 4884 ea:
383 4827 626 4884 adverso.
648 4827 846 4884 Nomen
867 4834 1047 4884 autem
1062 4829 1181 4882 erat
1204 4825 1447 4882 Chebron
1466 4826 1938 4883 Cariatharbocse-

363 5041 380 5075 ί
399 5037 555 5098 Edili,
573 5038 864 5090 Dominum.
897 5039 1038 5100 Msa,
1068 5035 1124 5088 in
1144 5037 1379 5087 Domino.
1402 5037 1552 5099 Apud
1582 5037 1725 5098 LXX,
1745 5036 1832 5085 dia
1857 5040 1941 5086 tou

286 5103 514 5176 Eur-ian.
544 5104 690 5154 Istud
719 5102 1004 5154 locutionis
1031 5115 1202 5164 genus
1246 5103 1467 5150 notatur
1495 5100 1549 5148 in
1588 5101 1941 5151 Locutionum

289 5167 530 5300 “In;
560 5229 642 5278 Er.
669 5231 720 5301 et
752 5227 992 5301 plerique
1021 5225 1166 5301 Mss.,
1199 5225 1272 5301 ad
1287 5223 1582 5301 bellandum
1613 5240 1726 5275 eum
1755 5240 1773 5274 :
1804 5225 1940 5276 forte

288 5304 394 5356 pro
425 5291 478 5338 in
509 5305 621 5340 cum
645 5305 658 5351 ;
683 5288 838 5354 juita
866 5288 1007 5352 LXX,
1035 5288 1311 5362 polemesai
1334 5303 1456 5351 pros
1482 5291 1659 5338 auton.
1732 5351 1741 5360 .

360 5354 380 5388 ³
411 5354 488 5402 Ita
531 5354 858 5404 Sorbonicus
885 5352 983 5402 Ms.
1029 5356 1183 5416 Juxta
1213 5352 1353 5402 LXX.
1401 5352 1469 5402 At
1495 5351 1581 5402 alii
1627 5350 1853 5410 codices,
1883 5351 1939 5402 in

366 5387 369 5388 ⁷
411 5387 488 5402 IN
531 5387 858 5404 υυιυυιιιινιιῦ
885 5387 983 5402 Aug.
1029 5387 1183 5416 Junvu
1213 5387 1353 5402 ulla.
1401 5387 1469 5402 ιιι
1495 5387 1581 5402 uua
1627 5387 1853 5410 vvunuvw,

289 5430 498 5465 manus.

358 5481 380 5514 ⁵
409 5478 563 5539 Editi,
592 5476 822 5527 voluisse.
853 5477 998 5539 Mss.,
1028 5475 1266 5527 noluisse.

359 5544 380 5577 ⁵
408 5537 563 5602 Editi,
591 5542 646 5590 in
686 5537 1013 5590 Chananzos.
1065 5542 1130 5590 At
1157 5541 1282 5590 Mss.
1314 5540 1368 5589 in
1416 5539 1699 5602 Chananeo
1728 5553 1739 5587 :
1771 5538 1846 5588 sic
1870 5537 1938 5589 le-

287 5605 1019 5678 gisse'Augustinuniliquet
1045 5617 1110 5653 ex
1136 5605 1487 5678 Locutionum
1518 5601 1654 5676 libro
1678 5605 1726 5653 7.
1767 5675 1791 5678 Δ
1897 5663 1908 5675 .

290 5665 319 5671 '
358 5668 380 5703 ο
402 5665 528 5780 lites.
551 5665 764 5731 bmnes,
787 5665 960 5732 ﬁliam
981 5680 1147 5717 meam
1176 5667 1231 5719 in
1259 5679 1472 5718 uxorem
1499 5679 1512 5715 :
1539 5665 1737 5715 omisso
1765 5665 1939 5716 nomi-

290 5741 383 5794 ne,
454 5742 592 5781 aram.

2025 709 2087 762 Et
2117 709 2261 763 dicit
2294 710 2454 764 Caleb
2485 729 2504 764 :
2537 712 2873 780 Quicumque
2899 712 3237 779 percusserit
3264 709 3552 763 Civitatem
3584 707 3673 761 lit-

2026 801 2290 862 terarum,
2340 809 2388 854 et
2433 802 2697 870 acceperit
2742 816 2887 867 eam,
2936 799 3073 854 dabo
3103 801 3156 853 ei
3182 799 3363 868 ﬁliam
3403 813 3581 852 meam
3610 797 3672 849 in

2025 903 2268 942 uxorem.
2289 892 2526 942 Constat
2543 905 2677 959 ergo
2708 906 2773 943 ex
2796 889 2903 942 hoc
2929 889 3134 943 ordine
3155 892 3454 959 gestarum
3480 902 3672 940 rerum

2027 981 2150 1031 tam
2175 977 2502 1048 perspicuo,
2531 984 2663 1048 post
2685 982 2930 1031 mortem
2955 978 3095 1032 Jesu
3128 976 3236 1031 hoc
3268 991 3396 1030 esse
3427 974 3672 1030 factum.

2029 1065 2193 1119 Tunc
2225 1081 2359 1119 vero
2381 1081 2512 1118 cum
2537 1065 2798 1120 civitates
2819 1066 2969 1120 datae
2988 1064 3099 1136 ipsi
3122 1063 3292 1120 Caleb
3315 1078 3677 1118 commemo-

2029 1158 2324 1218 rarentur,
2356 1170 2704 1225 progressus
2735 1171 2803 1208 ex
2830 1155 3156 1209 occasione
3208 1157 3492 1218 narrator,
3527 1152 3684 1222 quod

2030 1248 2232 1314 postea
2265 1245 2476 1297 factum
2502 1249 2589 1298 est
2616 1245 3059 1314 praeoccupavit.
3092 1243 3208 1297 Nec
3241 1247 3434 1296 tamen
3468 1242 3688 1295 frustra

2032 1331 2284 1386 arbitror
2300 1331 2408 1386 hoc
2426 1333 2495 1385 de
2518 1331 2825 1386 ﬁliaCaleb
2857 1332 3066 1386 datain
3101 1331 3334 1385 victoris
3361 1328 3681 1400 praemium,

2033 1420 2123 1475 bis
2155 1435 2400 1474 numero
2425 1420 2788 1492 Scripturam
2821 1436 3278 1475 commemorare
3307 1418 3582 1474 voluisse.

2107 1507 2200 1563 1V.
2235 1509 2342 1579 [ιδ.
2370 1523 2410 1574 ι,
2445 1510 2530 1574 14,
2569 1509 2678 1578 15.]
2718 1508 2844 1563 Alia
2877 1509 3139 1563 nascitur
3189 1508 3429 1578 quaestio
3460 1506 3531 1560 de
3565 1504 3686 1560 tilia

2035 1595 2230 1663 Caleb,
2250 1598 2404 1668 quod
2438 1598 2493 1651 in
2520 1597 2667 1652 libro
2697 1596 3002 1651 JesuNave
3031 1597 3114 1651 sic
3139 1597 3210 1651 de
3241 1595 3342 1650 illa
3364 1595 3595 1663 dicitur,
3621 1595 3684 1649 Et

2033 1689 2244 1756 factum
2260 1691 2360 1755 est,
2380 1705 2505 1743 cum
2533 1688 2912 1759 ingrederetur
2941 1690 3080 1758 ipsa,
3099 1691 3149 1742 el
3171 1685 3471 1741 cons-ilium
3492 1685 3684 1744 habuit

2036 1793 2158 1831 cum
2187 1793 2248 1832 eo
2277 1779 2483 1845 dicens,
2505 1780 2698 1832 Petam
2719 1781 2938 1846 patrem
2970 1794 3155 1831 meum
3176 1777 3472 1844 agrum.Et
3501 1775 3685 1830 excla-

2037 1867 2211 1920 mavit
2240 1867 2304 1922 de
2323 1869 2498 1933 asino,
2520 1872 2574 1922 et
2605 1872 2808 1922 caetera
2833 1883 2844 1920 :
2872 1865 2971 1920 ubi
3001 1881 3206 1937 agrum
3238 1864 3406 1935 petiit
3437 1882 3470 1918 a
3500 1867 3687 1936 patre,

2041 1959 2216 2026 atque
2249 1972 2562 2011 concessus
2605 1959 2695 2011 est
2740 1956 2919 2025 (Iosue
2948 1971 3040 2022 xv,
3071 1955 3159 2020 18,
3196 1953 3304 2024 19).
3337 1954 3439 2008 Hic
3465 1956 3686 2018 autem,
3728 1949 3732 1954 ’

2041 2046 2115 2096 Et
2141 2047 2353 2113 [actum
2382 2050 2477 2109 est,
2511 2045 2724 2114 inquit,
2748 2059 2872 2098 cum
2901 2043 3277 2114 ingrederetur
3306 2044 3439 2112 ipse,
3470 2043 3694 2097 monuit

2041 2148 2159 2187 eam
2192 2132 2468 2189 Golhoniel
2490 2135 2532 2199 3,
2555 2138 2617 2188 ut
2643 2137 2851 2205 peteret
2881 2150 2914 2187 a
2939 2137 3100 2204 patre
3113 2147 3211 2187 suo
3241 2149 3456 2202 agrum.
3493 2131 3604 2186 Sed
3626 2131 3685 2185 in

2042 2239 2108 2276 eo
2139 2223 2291 2292 quod
2339 2224 2559 2278 dictum
2609 2223 2688 2277 ibi
2720 2228 2829 2288 est,
2863 2239 2986 2277 cum
3033 2221 3415 2292 ingrederetur
3442 2222 3600 2291 ipsa;
3631 2223 3688 2274 et

2046 2310 2139 2365 hic
2170 2312 2390 2366 dictum
2414 2317 2524 2378 est,
2543 2329 2666 2367 cum
2685 2312 3064 2383 ingrederetur
3092 2313 3209 2378 ipse
3229 2328 3250 2371 ;
3281 2309 3426 2364 nihil
3459 2313 3688 2363 contra-

2046 2401 2200 2456 rium
2231 2408 2358 2457 est:
2397 2401 2574 2456 simul
2605 2402 2761 2456 enim
2812 2401 3292 2473 ingrediebantur
3318 2398 3494 2453 viam.
3530 2396 3692 2462 Quod

2044 2506 2178 2544 vero
2209 2489 2288 2544 ibi
2321 2491 2542 2546 dictum
2576 2494 2683 2556 est,
2713 2491 3011 2545 consilium
3043 2489 3231 2543 habuit
3261 2504 3383 2542 cum
3412 2502 3494 2552 eo,
3529 2487 3585 2540 id
3609 2489 3701 2540 est

2047 2596 2179 2633 cum
2212 2579 2332 2633 viro
2365 2597 2492 2649 suo,
2527 2580 2734 2646 dicens,
2765 2581 2954 2633 Petam
3001 2582 3215 2649 patrem
3245 2593 3424 2631 meum
3456 2591 3699 2643 agrum;

2046 2674 2098 2723 et
2128 2670 2458 2724 exclamavit
2487 2670 2553 2722 de
2583 2670 2768 2731 asino,
2800 2677 2856 2722 et
2884 2669 3046 2737 petiit
3066 2684 3086 2727 ;
3119 2667 3174 2719 in
3207 2682 3272 2720 eo
3301 2665 3452 2736 quod
3487 2663 3697 2718 habuit

2048 2758 2381 2828 consilium,
2407 2757 2484 2811 ibi
2519 2758 2740 2811 monita
2761 2760 2850 2810 est
2883 2762 2945 2809 ut
2979 2760 3196 2826 peteret
3230 2771 3242 2808 :
3275 2769 3520 2823 quorum
3551 2751 3692 2807 alte-

2048 2864 2174 2902 rum
2210 2847 2288 2900 ibi
2321 2848 2543 2901 dictum
2572 2850 2677 2911 est,
2711 2845 2956 2899 alterum
2993 2844 3106 2899 hic.
3141 2843 3465 2912 Utrumque
3493 2846 3691 2897 autem

2049 2935 2129 2988 ita
2159 2936 2467 3004 diceretur,
2506 2936 2570 2988 Et
2601 2932 2911 2988 consilium
2946 2932 3151 2986 habuit
3181 2947 3314 2984 cum
3369 2946 3434 2985 eo
3467 2929 3690 2997 dicens,

2047 3028 2245 3078 Petam
2281 3029 2503 3093 patrem
2560 3038 2756 3077 meum
2807 3038 3013 3091 agrum
3049 3036 3060 3074 :
3097 3019 3193 3074 ille
3239 3025 3434 3073 autem
3467 3018 3696 3072 monuit

2048 3130 2174 3166 eam
2203 3131 2214 3179 ;
2249 3117 2305 3166 et
2334 3111 2675 3167 exclamavit
2697 3112 2766 3164 de
2795 3109 2980 3164 asino.
3003 3114 3176 3164 Porro
3209 3112 3403 3162 autem
3437 3107 3590 3178 quod
3614 3107 3699 3163 ibi

2049 3218 2254 3272 agrum
2289 3203 2538 3255 refertur
2570 3200 2828 3270 petiisse,
2855 3215 2959 3254 nec
2992 3215 3204 3253 nomen
3238 3197 3425 3268 ipsius
3459 3196 3582 3266 agri
3613 3201 3695 3250 ta-

2049 3295 2227 3345 citum
2252 3296 2377 3356 est;
2411 3291 2504 3344 llic
2535 3307 2664 3344 vero
2690 3306 2822 3343 cum
2853 3304 3058 3358 agrum
3095 3291 3290 3357 petere
3321 3284 3544 3340 monita
3568 3285 3693 3340 fue-

2048 3381 2123 3434 rit
2153 3397 2183 3434 a
2214 3381 2336 3434 viro
2370 3397 2498 3445 suo,
2532 3396 2646 3433 non
2677 3395 2883 3449 agrum
2919 3377 3159 3448 petiisse
3189 3375 3422 3442 dicitur,
3445 3375 3690 3429 clamans

2047 3471 2110 3525 de
2137 3471 2442 3540 subjugali,
2478 3469 2631 3540 quod
2665 3469 2742 3522 ibi
2773 3467 2995 3522 dictum
3027 3469 3116 3521 est
3145 3466 3214 3520 de
3241 3463 3428 3533 asino,
3451 3464 3550 3519 sed
3574 3463 3694 3518 red-

2047 3562 2377 3631 emptionem
2406 3574 2586 3629 aquw,
2619 3575 2685 3612 eo
2737 3558 2889 3628 quod
2924 3557 2980 3610 in
3013 3561 3229 3610 terram
3262 3554 3448 3609 austri
3485 3554 3694 3608 fuisset

2046 3650 2294 3714 tradita;
2333 3649 2695 3719 subjecitque
2718 3647 3040 3717 Scriptura,
3069 3648 3132 3699 Et
3160 3644 3310 3700 dedit
3338 3645 3391 3700 ei
3421 3643 3580 3698 Caleb
3610 3658 3694 3698 se-

2046 3742 2293 3795 cundum
2320 3755 2412 3793 cor
2440 3739 2555 3805 eius
2585 3738 3009 3806 redemptionem
3047 3736 3379 3790 cascelsorum
3411 3742 3464 3786 et
3492 3732 3694 3786 redem-

2045 3832 2284 3899 ptionem
2327 3829 2661 3886 humili-um;
2695 3827 2830 3895 quid
2866 3825 2978 3879 sibi
3032 3824 3158 3878 velit
3207 3823 3522 3877 obscurum
3557 3825 3646 3875 est
3679 3837 3693 3875 :

2049 3918 2161 3971 nisi
2196 3919 2338 3970 forte
2370 3932 2505 3984 ager
2552 3915 2676 3984 ipse
2709 3915 2836 3967 ideo
2887 3913 3209 3983 petebatur,
3245 3919 3305 3964 ul
3356 3909 3594 3963 haberet
3623 3909 3695 3964 de

2047 4008 2117 4061 de
2148 4006 2434 4060 fructibus
2457 4005 2584 4073 ejus
2609 4003 2761 4056 unde
2778 4017 2991 4072 aquam
3023 4000 3352 4063 redimeret,
3374 3999 3541 4067 cujus
3563 3998 3691 4052 ino-

2047 4096 2142 4166 pia
2173 4095 2229 4148 in
2261 4094 2377 4147 illis
2421 4091 2758 4162 regioni-bus
2801 4094 2944 4154 erat,
2981 4104 3095 4159 quo
3129 4093 3310 4156 nupta
3339 4085 3686 4140 ducebatur.

2044 4186 2173 4251 Sed,
2208 4184 2350 4238 dedit
2379 4182 2432 4237 ei
2466 4181 2623 4236 Caleb
2664 4179 3090 4248 redemptionem
3119 4177 3478 4240 excelsoru-m,
3513 4178 3561 4229 et
3594 4189 3686 4230 re-

2044 4275 2405 4344 demptionem
2422 4270 2740 4334 humilium,
2761 4285 2873 4322 non
2892 4267 3056 4321 video
3075 4266 3215 4336 quid
3235 4263 3686 4329 subaudiamus,

2046 4363 2158 4418 nisi
2193 4363 2566 4428 ﬂuentorum,
2595 4357 2955 4412 excelsorum
2988 4355 3250 4410 videlicet
3278 4354 3335 4408 in
3369 4353 3686 4419 montanis,

2044 4451 2359 4507 humilium
2392 4450 2450 4504 in
2483 4447 2911 4519 campestribus
2944 4446 3061 4500 sive
3094 4446 3149 4498 in
3181 4443 3450 4498 vallibus.

2114 4542 2177 4595 V.
2214 4541 2320 4611 [1b.
2353 4540 2493 4604 1,18,
2517 4539 2705 4607 19.]Et
2725 4553 2830 4591 non
2853 4532 3395 4591 htvrcditavitludas
3421 4531 3617 4586 Gazam
3634 4539 3688 4585 et

2045 4632 2203 4688 finem
2234 4631 2371 4701 ejus,
2403 4636 2454 4684 et
2485 4627 2802 4682 Ascalonem
2849 4629 2897 4678 et
2925 4627 3090 4694 ﬁnem
3117 4624 3256 4694 ejus,
3287 4625 3337 4675 et
3367 4621 3608 4675 Accaron
3639 4627 3692 4673 et

2040 4725 2210 4792 finem
2228 4722 2364 4792 ejus,
2384 4724 2435 4774 et
2461 4723 2687 4772 Azotum
2711 4725 2759 4771 et
2777 4716 3086 4786 adjacentia
3110 4715 3251 4783 ejus.
3283 4714 3344 4767 Et
3360 4719 3479 4765 erat
3500 4710 3684 4765 Domi-

2042 4829 2145 4866 nus
2174 4828 2295 4866 cum
2325 4808 2484 4876 Juda,
2518 4810 2565 4862 et
2613 4806 2952 4860 luereditam't
2989 4807 3244 4870 montem,
3279 4803 3542 4872 quoniam
3569 4815 3684 4854 non

2040 4904 2215 4974 potuit
2236 4899 2569 4956 hmreditare
2583 4896 2946 4950 inhabitantes
2959 4895 3018 4948 in
3033 4894 3335 4964 valle,quon
3346 4893 3464 4946 iam
3477 4889 3684 4947 Rechab

2043 4992 2247 5047 obstitit
2262 4991 2363 5055 eis,
2378 4997 2430 5044 et
2445 5002 2642 5042 currus
2655 4992 2815 5040 erant
2838 4984 2891 5040 ei
2900 4985 3097 5055 ferrei.
3113 4983 3272 5048 Quod
3297 4982 3352 5036 in
3378 4980 3526 5036 libro
3541 4980 3570 5036 ι]
3580 4996 3680 5036 esu

2046 5082 2216 5150 Nave,
2238 5095 2367 5135 cum
2389 5077 2555 5132 illum
2575 5075 2764 5131 locum
2785 5077 3119 5138 tractarem,
3144 5072 3239 5126 ubi
3265 5070 3550 5141 scriptum
3574 5075 3682 5135 est,

2050 5176 2118 5227 Et
2146 5171 2291 5225 dedit
2317 5169 2580 5224 Dominus
2609 5165 2801 5220 Israeli
2821 5179 3030 5217 omnem
3051 5171 3273 5225 terram,
3299 5177 3432 5215 cum
3467 5157 3683 5213 multas

2050 5263 2176 5331 ejus
2189 5264 2380 5331 partes
2399 5256 2660 5310 nondum
2682 5253 3062 5326 possiderent,
3081 5251 3196 5305 dixi
3221 5251 3300 5304 ita
3323 5264 3491 5321 posse
3514 5245 3684 5314 intel-

2045 5350 2147 5422 ligi
2180 5363 2413 5405 omnem
2436 5349 2648 5401 terram
2673 5343 2892 5408 datam,
2917 5341 3054 5413 quia
3074 5357 3140 5395 ea
3157 5357 3281 5411 quae
3302 5339 3434 5392 data
3463 5353 3573 5392 non
3597 5339 3683 5399 est

2044 5441 2102 5494 in
2124 5437 2576 5511 possessionem,
2594 5436 2726 5491 data
2741 5437 2829 5488 est
2845 5432 2900 5485 in
2923 5431 3236 5502 quamdam
3256 5425 3680 5489 exercitationis

2106 5541 2122 5573 1
2157 5538 2269 5585 Am.
2298 5536 2381 5584 Er.
2408 5539 2461 5584 et
2484 5535 2628 5593 Lov.,
2672 5528 3010 5593 Carialharbe
3049 5525 3362 5593 vel_Sepher.
3394 5525 3460 5593 l_\t
3486 5529 3602 5593 Mss.
3631 5527 3683 5572 et

2042 5597 2468 5665 Rat.,_Cariathar
2487 5586 2778 5665 vogrsep‘her.
2797 5592 2945 5665 Apud
2962 5586 3681 5665 LXX,Kariatharbocseph’e5.

2104 5665 2125 5698 ²
2152 5649 2436 5712 'l‘hnaneus
2465 5649 2645 5709 codcx'
2663 5656 2747 5705 hic
2775 5659 2827 5705 et
2841 5649 3004 5714 infra,
3028 5653 3183 5702 movit
3201 5665 3332 5702 eam.
3349 5651 3514 5701 Graec.
3537 5649 3679 5711 LXX,

2043 5724 2312 5792 epeseisem
2341 5721 2511 5774 auten.
