4030 6182
482 300 602 358 795

474 432 783 487 utilitatem
800 430 1085 502 (Quasstdn
1104 432 1484 501 Josue,qusest.
1507 428 1597 499 21)
1623 443 1635 482 :
1661 428 1771 482 hoc
1794 425 1979 481 multo
2000 426 2117 482 evi-

473 518 1564 592 dentiushicapparet,quandoquidem
1581 520 2119 572 commemorantur

474 611 734 666 civitates
766 628 912 681 quas
937 627 1049 663 non
1079 608 1439 664 haereditavit
1470 608 1675 671 Judas,
1709 610 1764 661 et
1794 607 2029 671 dicitur,
2052 607 2119 661 Et

475 704 593 756 erat
619 702 883 755 Dominus
913 716 1034 755 cum
1061 698 1221 765 Juda,
1255 706 1304 752 et
1332 698 1675 753 haereditavz‘t
1704 705 1961 762 montem,
1994 711 2119 768 quo-

474 791 627 844 niam
652 806 763 845 non
789 792 1079 860 potuerunt
1106 788 1435 843 haereditare
1464 787 1835 842 inhabitantes
1866 788 1926 841 in
1954 780 2116 841 valle.

477 879 615 942 Quis
647 877 799 933 enim
822 895 935 933 non
956 877 1244 948 intelligat
1260 878 1435 931 etiam
1464 877 1568 932 hoc
1590 877 1786 947 ipsum
1811 876 1880 931 ad
1906 876 1961 930 id
1986 892 2115 946 per-

479 967 744 1037 tinuisse,
780 968 933 1038 quod
968 971 1089 1022 erat
1123 966 1402 1022 Dominus
1434 983 1567 1021 cum
1623 967 1795 1034 Juda,
1830 984 1900 1021 ne
1933 969 2119 1021 totum

475 1062 714 1129 repente
732 1057 1044 1112 obtinendo
1062 1056 1643 1120 extolleretur?Quod
1659 1056 1814 1111 enim
1830 1055 2119 1127 adjungit,

476 1148 733 1218 quoniam
751 1147 957 1203 Rechab
990 1149 1203 1203 obstitit
1230 1149 1328 1213 eis,
1349 1150 1398 1201 et
1426 1162 1626 1202 currus
1657 1151 1814 1201 erant
1846 1149 1896 1201 ei
1923 1146 2121 1217 ferrei;

476 1253 621 1306 quos
652 1254 859 1292 currus
889 1236 1411 1305 timuerit,dictum
1442 1240 1549 1304 est,
1570 1254 1681 1292 non
1717 1236 2000 1291 Dominus
2020 1234 2121 1305 qui

478 1331 603 1381 erat
631 1326 689 1380 in
722 1328 891 1396 Juda,
925 1328 1025 1381 sed
1056 1326 1180 1397 ipse
1205 1326 1389 1381 Judas
1423 1343 1435 1380 :
1473 1342 1575 1380 cur
1603 1330 1800 1381 autem
1841 1324 2118 1389 timuerit,

480 1433 611 1470 cum
646 1433 760 1487 quo
792 1416 1075 1471 Dominus
1119 1420 1261 1481 erat,
1297 1416 1344 1470 si
1376 1417 1674 1486 quaeritur,
1708 1416 1815 1470 hoc
1846 1418 1936 1469 est
1966 1413 2120 1485 quod

480 1505 1263 1577 prudentcrintelligendum
1282 1510 1388 1574 est,
1414 1506 1763 1576 refringerei
1791 1505 1973 1559 Deum
1999 1521 2121 1575 pro-

479 1593 689 1665 pitium
704 1594 879 1649 etiam
896 1596 953 1649 in
968 1596 1241 1650 cordibus
1254 1612 1493 1650 suorum
1512 1595 1703 1649 nimiae
1718 1593 2123 1666 prosperitatis

478 1700 773 1751 excessus,
802 1689 864 1739 ut
880 1684 936 1738 in
958 1701 1129 1738 usum
1153 1701 1351 1739 eorum
1372 1689 1672 1741 convertat
1694 1684 1984 1752 inimicos,
2006 1700 2122 1737 non

479 1772 670 1826 solum
694 1774 926 1842 quando
946 1774 1265 1829 vincuntur
1292 1773 1537 1843 inimici,
1563 1774 1661 1827 sed
1687 1774 1860 1828 etiam
1889 1773 2121 1843 quando

478 1867 862 1931 metuuntur;
909 1862 1055 1917 illud
1098 1865 1167 1919 ad
1221 1864 1747 1918 commendandam
1796 1862 2123 1931 largitatem

476 1968 668 2017 suam,
715 1952 860 2007 illud
912 1954 983 2007 ad
1036 1969 1235 2008 eorum
1297 1953 1730 2023 reprimendum
1789 1952 2121 2007 elationem.

474 2040 620 2096 Nam
657 2041 855 2113 utique
886 2042 1162 2098 inimicus
1206 2048 1542 2098 sanctorum
1574 2047 1663 2097 est
1695 2041 1940 2113 angelus
1970 2046 2123 2097 sata-

476 2147 561 2184 nas
590 2149 603 2197 ;
637 2148 812 2202 quem
843 2136 1039 2187 tamen
1091 2133 1200 2188 sibi
1252 2133 1455 2187 datum
1489 2131 1952 2203 colaphisantem
1987 2130 2125 2185 dicit

476 2220 811 2291 Apostolus,
844 2237 917 2275 ne
947 2221 1352 2293 magnitudine
1380 2220 1800 2276 revelationum
1832 2220 2126 2276 extollere-

478 2314 575 2363 tur
606 2310 675 2380 (II
710 2310 829 2366 Cor.
862 2328 963 2377 x11,
995 2312 1073 2381 7).

548 2399 642 2453 VI.
678 2400 782 2467 [1b.
818 2416 858 2469 ι,
888 2401 1004 2468 20.]
1027 2402 1091 2454 Et
1111 2399 1372 2454 dederunt
1406 2400 1562 2455 Caleb
1597 2399 1862 2465 Chebron,
1885 2401 2024 2453 sicut
2045 2399 2124 2453 Io-

480 2497 636 2541 cutus
665 2490 739 2541 est
793 2491 1050 2557 Moyses;
1098 2492 1150 2542 et
1180 2488 1522 2543 haaredz'tavit
1568 2489 1699 2543 inde
1744 2494 1855 2543 tres
1884 2489 2127 2542 civitates

479 2576 722 2645 ﬁliorum
750 2576 964 2646 Enach,
987 2582 1036 2632 et
1066 2578 1291 2633 abstulit
1312 2579 1438 2634 inde
1469 2583 1574 2633 tres
1596 2579 1743 2649 ﬁlios
1764 2577 1969 2633 Enac/z.
1995 2576 2025 2632 J
2033 2593 2126 2631 am

482 2665 589 2720 hoc
620 2665 844 2720 dictum
866 2671 955 2721 est
987 2667 1046 2720 in
1078 2667 1227 2722 libro
1250 2668 1389 2723 Jesu
1413 2668 1566 2722 Nave
1584 2670 1763 2737 (Iosue
1778 2685 1871 2734 xv,
1898 2668 1986 2733 13,
2016 2667 2125 2733 14),

482 2755 757 2825 quoniam
783 2755 881 2810 illo
899 2755 1024 2811 vivo
1043 2758 1257 2811 factum
1282 2763 1368 2812 est
1395 2782 1408 2823 ;
1442 2758 1543 2811 sed
1566 2756 1659 2811 hic
1689 2756 2125 2828 recapitulando

483 2850 1008 2899 commemoratum
1040 2852 1147 2911 est,
1173 2863 1306 2901 cum
1340 2847 1410 2901 de
1440 2847 1595 2901 tribu
1628 2847 1801 2915 Juda,
1835 2847 1987 2901 unde
2020 2846 2129 2900 fuit

481 2932 674 3000 Caleb,
707 2934 1007 3004 Scriptura
1033 2935 1397 3007 loqueretur.

553 3022 670 3077 VII.
704 3023 807 3093 [1b.
844 3041 883 3089 ι,
914 3024 1004 3090 21,
1036 3024 1114 3097 8.]
1145 3025 1435 3089 Quaeritur
1466 3027 1759 3097 quomodo
1782 3025 2005 3081 dictum
2030 3024 2125 3094 sit,

479 3112 544 3165 Et
563 3112 655 3167 Jeb
664 3127 873 3168 usaeum
889 3112 1228 3169 habitantem
1246 3116 1301 3168 in
1320 3116 1617 3170 Jerusalem
1632 3131 1741 3169 non
1759 3114 2128 3171 haereditate-

478 3211 610 3255 runt
640 3202 750 3272 ﬁlii
796 3204 1113 3273 Benja-min,
1146 3208 1197 3259 et
1226 3204 1491 3259 habitavit
1536 3205 1803 3260 Jebaszeus
1828 3206 1961 3273 ,cum
1993 3204 2128 3274 ﬁliis

480 3292 777 3361 Benjamin
792 3294 851 3347 in
866 3294 1169 3349 Jerusalem
1186 3310 1356 3365 usque
1379 3296 1437 3348 in
1458 3294 1785 3349 hodiernum
1797 3295 1971 3361 diem,
1993 3309 2126 3347 cum

480 3381 751 3453 superius
772 3383 1002 3454 legatur
1021 3384 1222 3438 eadem
1237 3384 1438 3438 civitas
1461 3401 1493 3438 a
1513 3384 1667 3438 Juda
1680 3388 1847 3454 capta
1860 3388 1915 3438 et
1935 3383 2127 3438 inccn-

482 3486 566 3536 sa,
607 3471 927 3526 interfectis
959 3472 1016 3526 in
1050 3489 1116 3527 ea
1146 3472 1476 3528 Jebusasis?
1504 3474 1617 3527 Sed
1652 3472 2123 3544 cognoscendum

483 3562 572 3611 est
602 3558 778 3613 istam
811 3558 1099 3615 civitatem
1133 3578 1509 3617 communem
1542 3561 1819 3617 habuisse
1856 3562 2002 3616 duas
2024 3560 2127 3614 tri-

481 3646 613 3716 bus,
645 3646 859 3702 Judam
889 3654 947 3703 et
985 3650 1311 3719 Benjamin,
1342 3650 1495 3705 sicut
1538 3650 1792 3705 ostendit
1821 3650 1950 3722 ipsa
1980 3650 2127 3705 divi-

483 3735 569 3790 sio
600 3740 913 3807 terrarum,
946 3755 1075 3809 quae
1108 3739 1259 3794 facta
1308 3744 1395 3795 est
1426 3757 1459 3795 a
1486 3740 1626 3795 Jesu
1657 3740 1811 3795 Nave
1843 3741 2001 3810 (Ibid.
2034 3741 2125 3807 63,

484 3828 534 3880 et
564 3843 724 3891 xvm,
750 3828 862 3899 28).
898 3829 1032 3899 Ipsa
1061 3834 1149 3884 est
1178 3829 1333 3884 enim
1364 3829 1545 3885 Jebus
1598 3847 1723 3901 quae
1750 3828 2074 3886 Jerusalem
2110 3846 2122 3885 :

480 3914 611 3971 ideo
643 3916 769 3971 duae
799 3916 923 3973 istae
955 3919 1147 3974 tribus
1170 3923 1581 3975 remanserunt
1606 3920 1675 3975 ad
1698 3920 1983 3992 templum
2015 3919 2125 3974 Do-

481 4005 648 4074 mini,
682 4009 917 4078 quando
944 4013 1177 4077 caeterzn,
1202 4015 1441 4082 excepta
1474 4010 1605 4065 Levi
1638 4027 1763 4081 quae
1796 4011 2125 4065 sacerdota-

478 4094 553 4150 lis
586 4096 695 4151 fuit
722 4102 779 4152 et
808 4101 993 4153 terras
1025 4098 1083 4152 in
1135 4098 1478 4155 divisionem
1531 4116 1647 4155 non
1680 4099 1924 4170 accepit,
1957 4114 2125 4170 sepa-

481 4194 754 4239 raverunt
780 4203 842 4242 se
873 4204 905 4241 a
952 4204 1130 4259 regno
1160 4188 1313 4243 Juda
1345 4205 1476 4243 cum
1524 4188 1857 4243 Jeroboam.
1904 4187 2127 4243 Intelli-

482 4273 736 4343 gendum
768 4280 855 4329 est
886 4291 1019 4347 ergo
1053 4294 1086 4331 a
1115 4276 1267 4331 Juda
1297 4276 1534 4347 quidem
1568 4277 1857 4332 civitatem
1892 4281 2124 4347 captam

480 4366 537 4417 et
578 4363 902 4432 incensam,
934 4364 1258 4420 interfectis
1311 4366 1408 4436 qui
1439 4365 1557 4420 illic
1606 4367 1813 4437 reperti
1846 4366 2077 4421 fuerant
2108 4382 2121 4420 :

483 4452 583 4506 sed
618 4468 731 4506 non
764 4470 966 4509 omnes
998 4454 1294 4510 Jebusaeos
1322 4471 1450 4509 esse
1480 4455 1805 4524 extinctos;
1838 4456 1956 4511 sive
1988 4455 2125 4527 quia

480 4548 647 4598 erant
672 4548 833 4599 extra
864 4543 1021 4599 illam
1046 4544 1499 4613 civitatem,sive
1526 4546 1665 4616 quia
1688 4546 1885 4616 fugere
1918 4551 2124 4617 potue-

480 4636 644 4686 runt:
665 4648 814 4703 quos
846 4632 1103 4706 reliquos
1124 4634 1423 4690 Jebusaeos
1454 4635 1743 4690 admissos
1776 4652 1904 4691 esse
1935 4652 1966 4690 a
1990 4634 2125 4691 ﬁliis

477 4721 806 4793 Benjamin,
841 4724 1057 4795 quibus
1090 4741 1224 4781 cum
1266 4725 1421 4780 Juda
1450 4730 1572 4781 erat
1603 4724 1805 4781 civitas
1836 4724 1935 4780 illa
1964 4742 2124 4781 com-

480 4811 699 4877 munis,
732 4812 790 4866 in
823 4829 889 4868 ea
938 4814 1111 4869 simul
1164 4814 1445 4871 habitare.
1499 4815 1660 4879 Quod
1712 4831 1847 4887 ergo
1879 4814 2121 4883 dictum,

478 4898 597 4953 Non
627 4899 1094 4959 haereditaverunt
1121 4906 1431 4962 Jebusa’um
1462 4906 1572 4975 ﬁlii
1600 4906 1915 4976 Benjamin,
1947 4904 2127 4959 intel-

480 4986 783 5059 ligendum
816 4995 901 5045 est
942 4994 1095 5062 quod
1130 5010 1233 5049 nec
1278 4994 1621 5050 tributarios
1671 5010 1769 5049 eos
1801 4995 1987 5048 facere
2018 5010 2125 5064 po-

404 5074 405 5077 “
479 5081 737 5148 tuerunt,
777 5080 895 5135 sive
938 5082 1264 5137 voluerunt.
1298 5086 1411 5139 Aut
1458 5089 1608 5139 certe
1638 5101 1747 5139 non
1777 5083 2126 5141 ha’reditavit

476 5168 811 5236 Jebuszeum,
864 5170 1085 5225 dictum
1136 5178 1244 5239 est,
1278 5174 1415 5244 quia
1466 5191 1581 5229 non
1630 5174 1756 5229 sine
1810 5172 1907 5229 illo
1938 5174 2127 5228 tenuit

481 5264 696 5316 terram
730 5278 856 5332 quae
890 5260 958 5315 ab
993 5260 1091 5315 illo
1124 5262 1554 5331 possidebatur.

550 5351 700 5407 VIII.
736 5352 842 5423 [lb.
878 5368 914 5421 ι,
947 5351 1061 5422 27.]
1083 5354 1141 5405 El
1164 5368 1270 5407 non
1298 5352 1652 5409 hmreditavit
1680 5355 1943 5409 Manasses
1962 5358 2123 5409 Beth-

479 5458 599 5511 san,
634 5458 752 5512 quae
781 5444 857 5497 est
890 5440 1215 5511 Scytharum
1242 5443 1457 5497 civitas.
1491 5443 1623 5515 Ipsa
1652 5444 1822 5500 hodie
1855 5443 2122 5516 perhibe-

479 5534 579 5585 tur
599 5531 965 5604 Scythopolis
997 5532 1132 5588 dici.
1151 5535 1348 5589 Potest
1377 5538 1572 5589 autem
1606 5550 1853 5601 movere,
1879 5550 2122 5605 quomo-

482 5620 555 5675 do
586 5620 703 5677 illis
735 5623 1003 5694 partibus
1053 5622 1305 5679 multum
1355 5624 1425 5679 ab
1460 5623 1694 5696 Scythia
1743 5623 1989 5683 diversis
2019 5641 2123 5696 po-

549 5808 565 5845 ί
595 5807 679 5861 Sic
696 5806 822 5861 Mss.
838 5808 892 5863 et
910 5811 1071 5864 editio
1086 5812 1203 5864 Rat.
1216 5809 1346 5865 Alia
1361 5822 1485 5861 vero
1503 5809 1783 5873 editiones,
1796 5808 2125 5874 restringere.

1216 296 1747 367 QUxES'I‘lONUM
1798 296 1861 353 S.
1910 294 2334 354 AUGUSTINI
2383 294 2460 352 IN
2508 292 3149 354 HEPTATEUCHUM
3741 293 3838 352 796

2234 426 2416 481 tuerit
2448 442 2575 482 esse
2603 425 2952 498 Scytharum
2985 424 3211 480 civitas.
3247 423 3363 480 Sed
3389 422 3654 478 similiter
3682 429 3843 495 potest

2234 533 2486 582 movere,
2522 516 2815 587 quomodo
2847 520 2965 571 tam
2998 514 3171 587 longe
3202 532 3234 570 a
3280 513 3615 569 Macedonia
3641 513 3844 571 Macedo

2233 606 2560 661 Alexander
2590 606 2918 661 condiderit
2938 604 3346 660 Alexandriam
3382 603 3692 666 civitatem;
3718 606 3842 674 quod

2234 695 2437 766 utique
2466 696 2599 751 fecit
2620 696 2789 768 longe
2813 696 3045 767 lateque
3074 695 3347 751 bellando
3376 712 3389 749 :
3415 694 3491 749 ila
3518 694 3709 762 etiam,
3730 712 3839 749 cum

2232 785 2456 856 Scythae
2487 785 2801 856 aliquando
2832 785 3101 841 bellando
3120 785 3181 839 in
3214 784 3538 855 longinqua
3566 785 3843 855 progrede-

2236 878 2459 943 rentur,
2494 875 2671 931 istam
2721 876 2970 932 condere
3000 879 3342 947 potuerunt.
3384 875 3529 929 Nam
3579 872 3845 944 legiturin

2235 964 2482 1021 historia
2511 966 2797 1037 gentium,
2832 966 3161 1022 universam
3213 980 3361 1037 pene
3411 964 3607 1018 Asiam
3635 963 3846 1034 Scythas

2236 1054 2551 1126 aliquando
2583 1056 2865 1124 tenuisse,
2898 1072 3033 1112 cum
3074 1056 3195 1127 regi
3224 1053 3627 1127 Egyptiorum
3659 1051 3736 1107 illi
3767 1053 3845 1124 qui

2234 1146 2319 1200 eis
2352 1145 2505 1201 ultro
2538 1145 2757 1201 bellum
2801 1146 3109 1211 indixerat,
3142 1145 3294 1201 irent
3343 1143 3595 1209 obviam,
3628 1159 3845 1213 quorum

2234 1234 2485 1289 adventu
2518 1237 2781 1305 territus,
2813 1235 2870 1289 in
2904 1252 3078 1291 suum
3110 1251 3172 1289 se
3203 1248 3452 1305 regnum
3483 1232 3712 1304 recepit.

2306 1324 2398 1378 IX.
2440 1325 2545 1395 [Ib.
2582 1343 2622 1391 1,
2649 1327 2764 1395 27.]
2799 1326 2863 1380 Et
2890 1341 2998 1380 non
3032 1324 3389 1379 hereditavit
3420 1324 3686 1378 Manasses
3712 1322 3848 1376 Beth-

2231 1431 2355 1481 san,
2391 1431 2506 1485 qua:
2536 1419 2611 1469 est
2637 1414 2966 1486 Scytharum
2997 1416 3214 1484 civitas,
3247 1429 3431 1483 neque
3458 1411 3610 1483 ﬁlias
3638 1412 3759 1483 ejus.
3788 1414 3853 1465 Fi-

2234 1505 2349 1559 lias
2378 1505 2496 1574 ejus
2528 1504 2669 1559 dicit
2697 1504 2959 1560 civitates
2990 1521 3137 1575 quas
3166 1504 3297 1575 ipsa
3331 1502 3520 1574 fquasi
3552 1500 3853 1573 metropolis

2232 1593 2591 1648 instituerat.

2304 1683 2368 1737 X.
2407 1683 2511 1754 [Ib.
2550 1701 2586 1749 1,
2618 1683 2730 1749 28.]
2764 1684 2827 1738 Et
2855 1685 3069 1753 factum
3096 1686 3191 1751 est,
3227 1681 3448 1753 quando
3477 1679 3755 1752 praevaluit
3782 1684 3848 1734 Is-

2231 1773 2373 1840 rael,
2404 1778 2457 1827 et
2484 1775 2669 1844 posuit
2713 1773 3089 1830 Chauanaeum
3117 1774 3177 1829 in
3221 1774 3522 1839 tributum,
3552 1779 3602 1826 et
3629 1776 3849 1840 auferens

2232 1879 2340 1918 non
2373 1862 2605 1917 abstulit
2634 1879 2777 1917 eum.
2811 1863 2937 1917 Jam
2974 1862 3089 1917 tale
3119 1861 3341 1933 aliquid
3364 1861 3589 1916 dictum
3620 1864 3705 1915 est
3726 1860 3773 1914 in
3802 1860 3848 1913 li-

2232 1952 2335 2006 bro
2366 1952 2506 2007 Jesu
2541 1952 2715 2021 Nave,
2765 1969 2911 2023 pene
2943 1951 3087 2023 ipsis
3130 1952 3325 2007 verbis
3378 1953 3573 2022 (Josue
3600 1965 3730 2016 xvn,
3760 1949 3844 2016 13].

2234 2041 2481 2097 Proinde
2520 2046 2621 2097 aut
2664 2041 2756 2096 hic
2806 2057 2908 2113 per
2938 2041 3467 2113 anacepbalaeosim
3520 2040 3741 2108 dicitur,
3771 2046 3847 2092 aut

2234 2131 2353 2186 illic
2381 2147 2483 2201 per
2511 2132 2827 2203 prolepsim
2861 2131 3081 2186 dictum
3105 2136 3220 2198 est;
3248 2132 3305 2185 id
3339 2134 3453 2195 est,
3480 2134 3580 2185 aut
3608 2129 3697 2184 hic
3727 2144 3847 2183 reca-

2234 2220 2565 2292 pitulando,
2599 2224 2699 2276 aut
2730 2220 2849 2277 illic
2882 2222 3366 2293 praeoccupando.

2305 2311 2395 2365 XI.
2432 2311 2538 2381 [1b.
2572 2327 2610 2377 ι,
2641 2311 2753 2378 34.]
2792 2312 2853 2365 Et
2902 2311 3303 2367 contribulavit
3352 2309 3699 2364 Amorrhzeus
3736 2307 3848 2375 ﬁlios

2239 2406 2359 2456 Dan
2388 2401 2447 2454 in
2477 2405 2681 2468 monte,
2726 2402 2984 2471 quoniam
3016 2416 3123 2455 non
3170 2400 3429 2471 permisit
3459 2414 3549 2455 eos
3579 2397 3851 2453 descendere

2236 2492 2296 2545 in
2324 2491 2545 2546 vallem.
2581 2491 2646 2545 Et
2677 2490 2785 2545 hoc
2816 2490 3109 2556 similiter,
3142 2494 3242 2545 aut
3272 2490 3333 2545 in
3368 2489 3521 2545 libro
3563 2488 3697 2544 Jesu
3725 2487 3847 2541 Nave

2237 2580 2694 2651 praeoccupando
2727 2583 3252 2635 commemoratum
3275 2584 3368 2636 est
3389 2579 3491 2651 (Id.
3523 2595 3637 2647 x1x,
3670 2578 3846 2642 48,:ec.

2238 2670 2420 2739 LXX),
2455 2674 2556 2724 aut
2585 2669 2677 2724 hic
2712 2669 3172 2741 recapitulando.

2307 2759 2427 2813 XII.
2459 2760 2562 2828 [1b.
2596 2776 2659 2825 ιι,
2694 2758 2769 2831 1.]
2799 2761 2864 2813 Et
2892 2758 3137 2815 ascendit
3189 2757 3435 2828 angelus
3483 2757 3695 2813 Domini
3718 2769 3849 2825 super

2238 2849 2605 2904 Clauthmona
2619 2857 2877 2904 montem.
2894 2848 3297 2921 Scriptorlibri
3314 2848 3427 2903 hoc
3444 2848 3675 2903 nomine
3695 2842 3850 2915 appel-

2235 2936 2377 2992 lavit
2394 2936 2609 3007 locum,
2626 2938 2762 3009 quia
2785 2942 2986 3010 postea
3004 2937 3276 3009 scripsit:
3304 2954 3445 2992 nam
3467 2936 3693 3008 quando
3714 2948 3848 3003 auge-

2235 3025 2328 3082 lus
2347 3027 2578 3082 Domini
2602 3045 2777 3098 super
2794 3045 2925 3082 cum
2948 3027 3231 3092 ascendit,
3255 3028 3521 3082 nondum
3546 3025 3626 3081 sic
3641 3020 3849 3095 appella-

2228 3116 2428 3170 batur.
2453 3117 2497 3169 A
2529 3116 2851 3187 ploratione
2883 3117 3100 3188 quippe
3122 3132 3337 3171 nomen
3373 3115 3613 3185 accepit,
3638 3130 3698 3168 eo
3726 3109 3846 3182 quod

2236 3221 2418 3277 graece
2442 3200 2723 3275 κλαυθμός
2754 3204 3009 3275 ’ρΙοῐ-αῐὶο
3041 3204 3274 3260 dicitur.
3332 3205 3417 3259 Ibi
3450 3203 3604 3259 enim
3634 3198 3847 3273 populus

2234 3293 2409 3358 ﬂevit,
2444 3311 2577 3348 cum
2611 3293 2873 3349 audisset
2900 3294 2973 3348 ab
3007 3294 3211 3365 angelo
3242 3295 3422 3349 verba
3454 3292 3671 3348 Domini
3701 3287 3847 3343 vindi-

2235 3383 2425 3437 cantis
2458 3383 2514 3437 in
2549 3401 2669 3449 eos,
2696 3384 2850 3455 quod
2882 3382 3286 3438 inobedientes
3309 3384 3585 3447 fuissent,
3612 3379 3738 3453 quia
3758 3392 3843 3431 non

2235 3473 2772 3529 extorminaverunt
2785 3472 3034 3544 populos
3049 3474 3305 3528 secundu
3318 3489 3377 3527 In
3394 3474 3731 3545 praeceptum
3748 3466 3846 3537 ejus

2234 3561 3195 3633 quibusprasvaluerunt.eligentes
3209 3578 3309 3617 eos
3323 3562 3512 3617 tacere
3526 3556 3845 3620 tributarios,

2234 3668 2411 3722 quam
2426 3651 2757 3707 interimere
2772 3656 2827 3706 et
2843 3646 3841 3722 perdere,quemadmodumjusscrat

2233 3740 2538 3796 Dominus.
2573 3741 2733 3807 Quod
2768 3742 2885 3797 sive
2916 3744 3251 3811 contempto
3281 3739 3386 3795 Dei
3437 3739 3723 3800 mandato,
3750 3733 3839 3786 sive

2233 3830 2446 3885 timore
2478 3830 2741 3898 fecerint,
2776 3846 2849 3885 ne
2884 3829 3087 3886 hostes
3117 3829 3429 3884 adversum
3460 3844 3523 3883 se
3552 3825 3728 3881 acrius
3753 3836 3838 3893 pu-

2233 3933 2412 3989 gnare
2442 3936 2545 3991 pro
2577 3919 2766 3975 salute
2796 3919 3134 3986 obtinenda,
3170 3934 3349 3988 quam
3386 3934 3487 3990 pro
3518 3916 3720 3972 tributo
3747 3924 3837 3964 non

2232 4008 2425 4064 dando
2456 4012 2749 4080 cogerent,
2784 4008 2909 4063 sine
2939 4007 3120 4062 dubio
3149 4010 3559 4079 peccaverunt,
3592 4002 3675 4058 vel
3703 4013 3834 4070 sper-

2233 4098 2423 4152 nendo
2444 4098 2596 4168 quod
2616 4097 2896 4152 divinitus
2918 4097 3271 4169 imperatum
3290 4101 3399 4163 est,
3423 4094 3509 4150 vel
3532 4110 3639 4149 non
3662 4101 3837 4161 praesu-

2233 4186 2445 4240 mendo
2474 4186 2628 4257 quod
2662 4201 2760 4240 eos
2784 4189 2999 4256 posset,
3019 4184 3118 4255 qui
3152 4184 3557 4254 imperaverat,
3581 4181 3833 4251 adjuvare.

2232 4274 2392 4338 Quod
2426 4274 2554 4329 ideo
2577 4274 2894 4346 perJesum
2928 4274 3115 4329 noluit
3136 4274 3219 4329 eis
3251 4274 3444 4329 dicere
3465 4272 3536 4341 (si
3555 4275 3733 4325 tamen
3752 4263 3833 4319 ad-

2231 4362 2346 4419 huc
2377 4379 2442 4419 eo
2481 4364 2709 4421 vivente
2750 4365 2877 4435 jam
2912 4367 3164 4436 coeperat
3213 4363 3338 4418 ﬁeri
3363 4366 3404 4435 ι,
3438 4369 3494 4417 et
3539 4376 3647 4415 non
3676 4352 3834 4428 potius

2233 4455 2687 4525 praeoccupando
2707 4458 3231 4510 commemoratum
3252 4446 3703 4523 fueratquodillo
3717 4456 3833 4497 mor-

2230 4548 2330 4599 tuo
2363 4544 2485 4598 fieri
2509 4545 2726 4615 coepit),
2743 4543 2883 4615 quia
2906 4544 3009 4599 hoc
3032 4542 3307 4598 omnibus
3328 4541 3511 4598 voluit
3530 4535 3832 4610 exprobrare

2233 4650 2334 4704 per
2364 4632 2946 4705 angelummondum
2981 4636 3175 4688 autem
3200 4648 3406 4687 omnes
3436 4631 3491 4685 id
3524 4616 3830 4684 fecerantvi-

2230 4728 2397 4777 vente
2424 4723 2587 4792 Jesu,
2618 4722 2726 4779 etsi
2758 4722 2939 4793 aliqui
2967 4722 3115 4777 forte
3139 4722 3264 4792 jam
3289 4722 3594 4793 coeperant.
3617 4706 3831 4772 Credibi-

2230 4811 2345 4866 lius
2378 4816 2467 4867 est
2500 4816 2692 4868 tamen
2722 4811 2868 4866 nihil
2900 4810 3016 4867 tale
3047 4810 3170 4866 ﬁeri
3203 4815 3451 4882 cceptum
3484 4807 3691 4862 vivente
3714 4802 3825 4853 Jcsu

2232 4902 2404 4967 Nave,
2438 4905 2782 4972 tantumque
2812 4906 3102 4957 terrarum
3147 4901 3258 4957 sub
3307 4899 3406 4955 illo
3438 4895 3679 4953 tenuisse
3706 4885 3826 4942 ﬁlios

2229 4991 2724 5062 Israel,quautum
2737 4991 2820 5048 eis
2834 4992 2904 5046 ad
2917 4990 3343 5047 considendum
3358 4988 3824 5051 sufﬁceret,quam-

2228 5082 2315 5136 vis
2339 5082 2394 5135 in
2421 5081 2676 5137 sortibus
2702 5081 2829 5137 suis
2850 5081 3132 5137 haberent
3152 5079 3307 5134 unde
3330 5075 3626 5135 crescendo
3646 5074 3695 5126 et
3713 5078 3821 5121 con‘

2229 5170 2571 5227 valescendo
2586 5172 2774 5227 adhuc
2787 5170 3151 5227 adversarios
3163 5151 3819 5225 exterminarent.Proind6

2230 5266 2360 5333 post
2384 5262 2805 5333 mortemJesu,
2828 5267 3212 5334 posteaquam
3238 5257 3644 5331 praevaluerunt
3664 5252 3716 5303 ut
3733 5244 3817 5298 hoc

2230 5358 2471 5424 possent
2487 5354 2696 5421 facere,
2722 5352 3060 5407 maluerunt
3079 5367 3177 5406 eos
3197 5350 3409 5407 habere
3430 5339 3733 5403 tributarios
3750 5345 3814 5385 se-

2231 5444 2487 5498 cundum
2511 5442 2869 5498 voluntatem
2899 5456 3284 5512 suam,quam
3309 5438 3625 5495 interimere
3647 5432 3811 5496 αἴρετ’

2232 5532 2367 5588 dere
2390 5532 2716 5588 secundum
2737 5531 3097 5587 voluntatem
3124 5529 3224 5584 Dei
3251 5547 3263 5584 :
3292 5532 3522 5601 propter
3541 5523 3635 5578 hoc
3655 5513 3713 5571 ad
3736 5520 3811 5563 608

2230 5621 2631 5693 corripiendos
2654 5621 2899 5694 angelus
2920 5620 3141 5676 missus
3163 5623 3268 5675 est.
3288 5619 3449 5684 Quod
3461 5628 3580 5672 vero
3599 5612 3806 5665 comme-

2302 5748 2315 5781 ι
2340 5745 2478 5794 Editi
2504 5760 2518 5796 :
2550 5746 2625 5795 Eo
2649 5746 2846 5796 vivente
2864 5744 2983 5812 jam
2998 5741 3130 5860 [ﬁeri
3155 5743 3479 5815 praeceperat.
3504 5733 3666 5794 Verius
3691 5717 3802 5775 Vali-

2302 5808 2363 5860 ni
2393 5808 2626 5860 codices.
2655 5809 2764 5860 iam
2793 5821 2990 5860 omnem
3044 5807 3198 5860 ﬁeri.

2242 5808 2363 5861 cani
2393 5808 2626 5874 codices,
2652 5809 2764 5874 iam
2793 5807 3017 5872 cecinerat
3042 5807 3198 5873 ﬁeri.
