3940 6178
161 272 274 334 813

161 401 317 469 ham,
332 401 517 458 donec
532 402 885 474 perﬁciendo
910 402 1064 474 quod
1082 405 1311 459 voverat
1328 402 1406 458 sei
1414 416 1585 475 psum
1610 415 1814 472 percu-

161 494 306 546 teret
334 492 583 546 orbitate
604 492 970 564 gravissima,
999 497 1176 548 Deum
1210 496 1403 547 autem
1434 505 1805 562 nequaquam

161 580 417 635 hominis
447 581 849 637 immolatione
867 581 1120 653 placaret
1138 599 1149 637 :
1165 586 1221 637 et
1248 581 1377 637 ideo
1400 577 1807 651 hujuscemodi

166 670 308 740 patri
342 687 573 741 poenam
603 670 784 726 fuisse
809 671 1175 741 retributam,
1200 686 1271 725 ne
1293 669 1651 742 impunitum
1674 666 1808 722 talis

161 758 272 813 voti
291 758 1564 831 relinquereturexemplum,utautmagnum
1588 755 1805 826 aliquid

161 864 223 904 se
251 864 459 903 vovere
490 849 605 904 Deo
627 853 902 921 putarent
932 848 1221 918 homines,
1247 865 1382 904 cum
1404 847 1671 903 victimas
1699 846 1808 900 hu-

161 953 367 992 manas
399 941 691 1002 voverent,
725 943 805 1003 et,
830 939 981 1009 quod
1014 941 1105 993 est
1132 936 1494 1004 horribilius,
1516 934 1803 1002 ﬁliorum;

159 1030 260 1081 aut
291 1043 408 1081 non
443 1043 595 1096 vera,
642 1027 743 1082 sed
777 1027 971 1098 potius
1014 1026 1291 1081 simulata
1320 1027 1521 1081 eadem
1554 1028 1685 1079 vota
1714 1041 1805 1079 es-

158 1120 315 1183 sent,
348 1133 479 1172 cum
511 1116 667 1172 velut
695 1116 959 1188 exemplo
986 1116 1231 1171 Abrahae
1262 1118 1563 1188 sperarent
1593 1113 1691 1185 qui
1716 1130 1808 1168 vo-

155 1206 405 1270 vissent,
437 1206 620 1261 Deum
672 1205 1105 1276 prohibiturum
1156 1202 1298 1259 talia
1343 1208 1475 1259 vota
1506 1202 1804 1274 compleri.

230 1293 955 1365 Possemus,inquam,haec
967 1292 1295 1360 dicere,nisi
1312 1293 1381 1347 ab
1396 1293 1507 1346 ista
1520 1291 1811 1347 sententia

155 1385 277 1440 duo
300 1401 406 1438 nos
430 1383 717 1455 praecipue
738 1382 1069 1437 divinarum
1093 1381 1805 1454 Scripturarumtestimo-

155 1472 259 1527 nia
308 1472 710 1538 retardarent;
763 1476 827 1527 ut
856 1471 1007 1526 hanc
1060 1487 1181 1526 rem
1213 1475 1436 1537 gestam
1469 1475 1525 1525 et
1554 1470 1611 1525 in
1641 1469 1808 1525 libris

154 1566 337 1617 tanta:
385 1560 751 1617 auctoritatis
795 1560 1089 1615 memoriae
1143 1560 1635 1627 commendatam,
1677 1558 1807 1613 dili-

152 1651 395 1723 gentius
426 1654 714 1722 quantum
749 1649 1029 1704 Dominus
1060 1649 1319 1719 adjuvat,
1350 1652 1405 1703 et
1434 1648 1663 1704 cautius
1687 1664 1810 1720 per-

154 1745 516 1810 scrutemur,
549 1755 621 1794 ne
651 1739 710 1793 in
758 1737 941 1793 ullam
973 1742 1195 1810 partem
1235 1738 1531 1810 judicium
1563 1741 1810 1792 temera-

151 1830 319 1885 rium
352 1828 741 1900 proferamus.
779 1827 993 1895 Unum,
1024 1828 1172 1898 quod
1205 1826 1262 1881 in
1297 1825 1558 1899 Epistola
1601 1826 1671 1881 ad
1699 1827 1810 1882 He-

151 1919 351 1974 braeos
392 1919 503 1974 iste
549 1917 757 1989 Jephte
806 1916 958 1972 inter
1004 1916 1149 1972 tales
1198 1920 1712 1985 commemoratur,
1746 1919 1813 1970 ut

152 2024 299 2063 eum
330 2007 568 2080 culpare
598 2022 922 2074 vereamur,
956 2006 1054 2060 ubi
1107 2005 1192 2061 sic
1239 2006 1526 2076 scriptum
1558 2008 1648 2059 est
1681 2021 1693 2059 :
1747 2006 1813 2059 Et

152 2098 295 2170 quid
323 2097 501 2153 adhuc
526 2096 704 2152 dicam
725 2099 750 2150 .9
778 2096 969 2165 Deﬁcit
989 2096 1137 2150 enim
1164 2111 1251 2149 me
1275 2099 1485 2166 tempus
1505 2094 1813 2150 enarrandi

153 2188 236 2243 de
264 2184 496 2249 Gedeon,
549 2187 750 2251 Barac,
804 2182 1058 2249 Samson,
1092 2192 1144 2238 et
1189 2182 1399 2250 Jephte,
1430 2190 1484 2237 et
1530 2183 1723 2247 David,
1755 2186 1811 2236 et

156 2276 412 2344 Samuel,
446 2278 498 2330 et
527 2274 811 2345 Pr0phetis
829 2289 849 2334 ;
879 2272 974 2344 qui
996 2288 1099 2343 per
1126 2271 1289 2342 ﬁdem
1338 2274 1586 2327 vicerunt
1616 2288 1807 2341 regna,

150 2373 449 2439 operantes
463 2365 747 2437 justitiam
768 2364 1048 2418 consecuti
1060 2367 1190 2417 sunt
1215 2363 1608 2433 promissiones
1626 2362 1809 2433 (Hebr.

154 2474 243 2521 ιι,
272 2457 385 2524 32).
417 2453 715 2523 {Alterum,
749 2453 903 2522 quod
937 2451 1035 2506 ubi
1084 2452 1153 2507 de
1185 2450 1283 2506 illo
1316 2451 1428 2507 ista
1476 2454 1811 2515 narrantur,

152 2546 322 2617 quod
375 2545 489 2599 tale
536 2541 754 2598 voverit
796 2546 853 2595 et
898 2540 1226 2612 impleverit
1272 2545 1496 2607 votum,
1531 2540 1814 2610 praemisit

150 2635 473 2706 Scriptura
502 2632 727 2697 dicens,
756 2633 822 2686 Et
849 2633 1031 2702 factus
1057 2638 1135 2687 est
1162 2646 1325 2701 super
1349 2629 1545 2699 Jephte
1573 2629 1814 2700 Spiritus

154 2725 416 2789 Domini,
450 2724 499 2777 et
552 2721 801 2793 perrexit
851 2719 1055 2776 Gataad
1102 2728 1151 2775 et
1197 2724 1479 2786 Manasse,
1512 2722 1561 2774 et
1591 2719 1817 2773 transiit

150 2811 445 2886 speculam
471 2809 695 2877 Galaad,
725 2817 779 2864 et
807 2808 873 2863 de
899 2809 1123 2880 specula
1152 2807 1363 2864 Gataad
1392 2808 1461 2863 ad
1490 2816 1643 2863 trans
1671 2808 1815 2878 filios

152 2903 418 2967 Ammon,
453 2908 503 2954 et
532 2902 716 2955 votum
744 2899 891 2953 vovit
918 2898 1107 2969 Jephte
1134 2898 1386 2963 Domino,
1417 2902 1475 2953 et
1505 2900 1712 2952 caetera
1742 2897 1813 2951 ad

148 2993 273 3048 hoc
303 2991 501 3059 ipsum
534 2992 729 3044 votum
764 2988 1149 3059 pertinentia;
1184 2992 1247 3042 ut
1276 2986 1474 3042 omnia
1502 3003 1628 3058 quae
1651 2985 1813 3041 dein-

151 3097 304 3152 ceps
325 3080 480 3134 facta
499 3081 943 3147 sunt,tanquam
966 3093 1140 3148 opera
1161 3076 1415 3148 Spiritus
1436 3074 1690 3142 Domini,
1715 3073 1815 3146 qui

148 3184 345 3241 super
375 3183 509 3222 eum
554 3166 743 3221 factus
785 3169 895 3234 est,
929 3164 1310 3236 intelligenda
1340 3164 1665 3219 videantur.
1701 3164 1817 3218 Ista

146 3255 509 3313 testimonia
538 3272 645 3311 nos
675 3254 1038 3326 compellunt
1080 3269 1336 3326 quaerere
1367 3254 1562 3325 potius
1594 3269 1698 3307 cur
1727 3252 1815 3307 fa-

146 3353 331 3403 ctum
364 3346 457 3410 sit,
492 3361 669 3416 quam
705 3344 869 3399 facile
897 3343 1232 3415 improbare
1269 3344 1423 3415 quod
1458 3343 1676 3398 factum
1707 3345 1812 3397 est.

235 3436 353 3491 Sed
370 3434 558 3507 primo
574 3433 721 3488 illud
743 3435 897 3506 quod
928 3450 996 3489 ex
1020 3432 1280 3505 Epistola
1301 3449 1423 3501 qua
1446 3432 1517 3487 ad
1546 3432 1815 3487 Hebraeos

146 3531 275 3595 est,
312 3523 787 3589 commemoravi,
818 3523 971 3577 inter
1000 3521 1131 3577 illos
1174 3520 1498 3576 laudabiles
1528 3520 1682 3575 viros
1714 3519 1813 3592 qui

147 3615 391 3671 ibidem
442 3612 798 3683 recoluntur,
832 3628 948 3667 non
999 3610 1189 3667 solum
1222 3615 1309 3666 est
1355 3610 1583 3682 Jephte,
1616 3626 1815 3665 verum

146 3704 345 3761 etiam
367 3702 619 3769 Gedeon,
652 3701 721 3756 de
754 3717 869 3773 quo
892 3700 1166 3756 similiter
1185 3698 1485 3770 Scriptura
1514 3697 1674 3765 dicit,
1699 3698 1819 3769 Spi-

142 3797 310 3849 ritus
342 3793 560 3847 Domini
588 3792 927 3861 co-nfortavit
949 3789 1153 3845 Gedeon
1178 3788 1374 3860 (Judic.
1399 3805 1473 3855 vx,
1498 3789 1587 3856 34)
1614 3805 1626 3843 :
1651 3792 1707 3843 et
1726 3792 1817 3842 ta-

142 3898 305 3939 men
322 3880 706 3953 ejusfactum,
727 3879 881 3951 quod
914 3880 985 3933 de
1010 3877 1110 3933 illo
1143 3894 1282 3932 auro
1314 3879 1520 3948 praedae
1542 3880 1816 3949 operatus

142 3978 253 4029 est
286 3970 508 4042 ephud,
532 3974 588 4025 et
617 3969 936 4025 fornicatus
959 3976 1044 4023 est
1071 3970 1201 4038 post
1233 3966 1377 4021 illud
1401 3967 1591 4022 omnis
1616 3965 1818 4034 Israel,

142 4066 220 4118 et
252 4061 473 4115 factum
506 4063 596 4115 est
620 4057 822 4114 domui
854 4057 1087 4113 Gedeon
1110 4057 1168 4110 in
1204 4055 1547 4111 scandalum
1570 4055 1671 4128 (Id.
1695 4072 1818 4121 vur,

140 4152 277 4222 2’7),
303 4166 423 4205 non
442 4149 633 4205 solum
656 4148 898 4203 laudare
919 4164 1034 4202 non
1050 4163 1396 4218 possumus;
1422 4162 1621 4201 verum
1646 4146 1819 4201 etiam

145 4242 307 4313 quia
341 4239 639 4310 Scriptura
669 4238 764 4292 hic
795 4236 1162 4306 apertissime
1186 4235 1487 4305 judicavit,
1513 4236 1822 4306 reprobare

150 4331 419 4386 minime
437 4327 806 4382 dubitamus:
830 4341 933 4381 nec
950 4331 1145 4380 tamen
1166 4340 1232 4379 ex
1256 4324 1362 4380 hoc
1382 4323 1499 4379 ulla
1523 4326 1587 4379 ﬁt
1609 4323 1826 4394 injuria

145 4418 419 4492 Spiritui
454 4417 704 4486 Domini,
734 4415 833 4487 qui
865 4431 999 4470 eum
1030 4413 1394 4481 confortavit,
1422 4418 1483 4468 ut
1504 4414 1699 4468 hostes
1722 4430 1822 4484 po-

154 4508 295 4583 puli
327 4508 456 4579 ejus
472 4510 635 4562 tanta
653 4505 929 4560 facilitate
946 4508 1266 4575 superaret.
1293 4503 1409 4557 Cur
1429 4519 1565 4575 ergo
1586 4502 1739 4557 inter
1764 4502 1827 4557 i1-

150 4600 258 4655 los
281 4600 802 4661 commemoratur,
826 4596 921 4665 qui
934 4610 1034 4665 per
1048 4593 1205 4662 ﬁdem
1226 4594 1470 4647 vicerunt
1492 4608 1678 4661 regna,
1702 4608 1827 4663 ope-

154 4693 365 4745 rante:
379 4686 700 4758 justitiam;
723 4683 835 4739 nisi
861 4682 1000 4755 quia
1021 4687 1224 4738 sancta
1244 4681 1564 4752 Scriptura,
1583 4698 1831 4750 quorum

158 4778 355 4833 ﬁdem
378 4773 865 4846 atquejustitiam
888 4771 1169 4829 veraciter
1186 4770 1408 4835 laudat,
1433 4787 1546 4825 non
1570 4770 1705 4825 hinc
1730 4771 1832 4825 im-

161 4867 416 4941 peditur
436 4881 634 4920 eorum
648 4863 821 4919 etiam
840 4862 1153 4935 peccata,si
1178 4878 1295 4932 qua
1314 4861 1555 4927 novit,et
1575 4864 1836 4931 oportere

152 4957 637 5031 judicat,notare
656 4952 975 5009 veraciter?
998 4952 1143 5006 Nam
1167 4950 1292 5005 etin
1307 4968 1371 5005 eo
1392 4952 1545 5022 quod
1563 4950 1714 5005 idem
1736 4955 1837 5011 Ge.

164 5048 331 5102 deon
366 5044 603 5116 signum
625 5046 850 5114 petens,
872 5041 1022 5097 sicut
1044 5040 1170 5113 ipse
1201 5038 1433 5095 locutus
1465 5044 1572 5103 est,
1597 5041 1839 5095 tentavit

170 5138 242 5193 in
264 5134 482 5190 vellere
504 5132 607 5203 (Id.
632 5150 706 5201 v1,
731 5132 841 5204 39),
868 5130 1063 5186 nescio
1090 5134 1287 5185 utrum
1313 5146 1425 5183 non
1451 5128 1626 5184 fuerit
1646 5134 1836 5184 trans-

165 5241 428 5300 gressus
460 5227 814 5295 przeceptum
838 5221 992 5292 quod
1014 5219 1299 5290 scriptum
1332 5222 1443 5289 est,
1467 5218 1583 5273 Non
1606 5220 1840 5274 tentabis

172 5314 489 5371 Dominum
533 5313 701 5365 Deum
748 5315 900 5365 tuum
954 5311 1128 5379 (Deut.
1161 5325 1237 5378 v1,
1272 5308 1357 5377 16)
1393 5323 1404 5360 :
1440 5311 1840 5363 verumtamen

172 5404 359 5461 etiam
387 5406 445 5457 in
471 5402 599 5472 ejus
623 5400 944 5456 tentationc
966 5399 1247 5453 Dominus
1271 5397 1424 5468 quod
1450 5398 1843 5468 praenuntiare

173 5493 418 5550 volebat
438 5491 725 5558 ostendit;
744 5490 805 5545 in
830 5488 1131 5559 compluto
1158 5486 1381 5542 scilicet
1401 5484 1612 5541 vellere
1632 5490 1688 5542 et
1710 5503 1845 5542 area

180 5588 311 5639 tota
328 5583 793 5651 circumquaque
815 5579 990 5647 sicca,
1007 5578 1259 5649 ﬁgurare
1282 5575 1534 5647 primum
1565 5575 1845 5648 pepulum

182 5670 366 5731 Israel
402 5669 503 5727 ubi
526 5674 693 5727 erant
715 5666 903 5726 sancti
929 5682 1062 5723 cum
1086 5663 1271 5737 gratia
1301 5660 1541 5734 ccelesti,
1564 5667 1845 5736 tanquam

1519 270 1749 331 LIBER
1794 268 2208 333 SEPTIMUS.

3444 276 3567 336 8M

1918 398 2118 472 pluvia
2136 400 2429 473 spirituali
2456 426 2470 469 ;
2503 405 2558 457 et
2579 404 2777 472 postea
2798 399 3096 473 compluta
3119 417 3253 457 area
3270 402 3426 460 sicco
3444 404 3567 460 vel-
3660 410 3665 415 ’

1916 488 2055 556 lere,
2084 489 2334 561 ﬁgurare
2366 489 2681 546 Ecclesiam
2704 493 2825 545 toto
2854 490 2991 545 orbe
3022 489 3320 559 diffusam,
3342 491 3566 549 haben-

1916 581 2036 632 tem
2074 596 2185 634 non
2221 580 2276 633 in
2328 578 2537 634 vellere
2582 582 2865 649 tanquam
2909 578 2969 633 in
3017 578 3327 650 velamine,
3376 583 3475 636 sed
3506 582 3567 637 in

1918 670 2115 738 aperto
2144 667 2439 723 caelestem
2488 668 2761 739 gratiam,
2794 667 2893 723 illo
2934 668 3124 739 priore
3156 669 3368 741 populo
3413 670 3570 739 velut

1919 756 1991 810 ab
2022 756 2287 826 ejusdem
2321 755 2519 828 gratia:
2551 774 2679 811 rore
2711 756 2961 811 alienato
2984 762 3160 827 atque
3191 757 3425 813 siccato.
3451 759 3566 816 Nec

1916 848 2113 900 tamen
2150 845 2370 900 frustra
2400 846 2551 901 inter
2580 844 2780 900 ﬁdeles
2810 849 2867 900 et
2898 851 3206 917 operantes
3243 846 3564 917 justitiam,

1918 938 2157 1005 propter
2186 935 2401 989 bonam
2432 934 2782 1005 ﬁdelemque
2807 935 3009 1000 vitam,
3042 936 3098 989 in
3134 952 3250 1006 qua
3279 952 3412 991 eum
3438 954 3565 993 cre-

1920 1023 2177 1078 dendum
2217 1027 2303 1080 est
2356 1039 2483 1079 esse
2534 1024 2899 1089 defunctum,
2931 1023 3047 1080 tale
3092 1024 3151 1080 in
3204 1024 3460 1097 Epistola
3490 1028 3561 1083 ad

1918 1113 2188 1169 Hebraeos
2218 1113 2428 1169 meruit
2458 1112 2884 1169 testimonium.

1988 1202 2196 1257 Utrum
2216 1206 2409 1256 autem
2434 1202 2573 1273 quia
2590 1205 2966 1274 posteaquam
2987 1203 3206 1258 dictum
3232 1208 3339 1272 est,
3358 1207 3565 1263 Factus

1916 1300 1991 1348 est
2008 1308 2175 1364 super
2192 1292 2378 1357 Jephte
2393 1291 2630 1363 Spiritus
2653 1292 2967 1359 Domini,ea
2987 1296 3188 1348 secuta
3208 1298 3438 1359 sunt,ut
3461 1313 3563 1351 vo-

1917 1386 2045 1437 tum
2080 1380 2223 1435 illud
2256 1386 2503 1442 voveret,
2536 1386 2711 1452 atque
2742 1381 2940 1436 hostes
2970 1381 3245 1450 vinceret,
3303 1388 3361 1438 et
3407 1387 3564 1455 quod

1915 1474 2149 1527 voverat
2171 1470 2457 1538 redderet,
2483 1470 2727 1541 Spiritui
2754 1470 2981 1525 Domini
3014 1472 3213 1527 omnia
3232 1472 3569 1544 deputanda

1918 1558 2379 1631 sint,utperinde
2395 1559 2681 1614 habeatur
2694 1563 2750 1614 et
2772 1559 2878 1615 hoc
2895 1560 3269 1629 sacriﬁcium,
3283 1566 3568 1635 tanquam

1918 1649 1974 1703 id
2009 1647 2294 1704 Dominus
2326 1648 2477 1703 sicut
2503 1648 2747 1703 Abrahae
2799 1648 2922 1703 ﬁeri
2952 1649 3216 1719 jusserit,
3252 1668 3367 1707 non
3399 1652 3566 1709 facile

1920 1739 2165 1794 dixerim
2192 1762 2206 1806 ;
2239 1754 2373 1792 cum
2407 1737 2610 1808 utique
2642 1738 2711 1792 de
2741 1737 2973 1793 Gedeon
3001 1740 3190 1809 possit
3220 1740 3342 1795 haec
3374 1741 3569 1797 aﬁ‘erri

1919 1826 2409 1898 diﬁ‘erentia,quia
2434 1830 2564 1899 post
2584 1831 2885 1898 peccatum
2909 1828 3061 1899 quod
3077 1828 3471 1901 fecit,quando
3494 1833 3572 1887 fe-

1920 1918 1998 1973 cit
2020 1917 2212 1988 ephud
2246 1920 2381 1988 post
2429 1916 2585 1987 quod
2619 1915 2927 1972 universus
2958 1918 3211 1989 populus
3246 1919 3569 1977 fornicatus

1920 2012 2031 2077 est,
2064 2006 2226 2062 nulla
2257 2010 2345 2061 est
2369 2006 2498 2075 ejus
2528 2011 2987 2062 commemorata
3016 2009 3408 2080 prosperitas:
3436 2028 3568 2082 pos-

1919 2102 2013 2153 tea
2037 2112 2172 2152 vero
2200 2111 2378 2168 quam
2407 2094 2612 2167 Jephte
2643 2098 2841 2151 votum
2872 2096 3045 2165 vovit,
3070 2096 3171 2153 illa
3200 2103 3290 2154 est
3319 2098 3570 2171 insignis

1920 2188 2050 2258 ejus
2078 2185 2324 2241 victoria
2372 2189 2707 2255 consecuta,
2740 2188 2977 2257 propter
3026 2203 3202 2258 quam
3236 2187 3571 2260 adipiscen-

1923 2277 2056 2331 dam
2106 2278 2357 2345 voverat,
2388 2278 2444 2329 et
2474 2291 2593 2345 qua
2642 2274 2852 2345 adepta
2882 2276 3037 2346 quod
3088 2280 3319 2331 voverat
3366 2277 3561 2334 solvit.

1923 2367 2150 2420 Rursus
2181 2364 2337 2419 enim
2362 2363 2857 2419 considerandum
2885 2364 3151 2436 est,quia
3182 2365 3435 2438 Gedeon,
3463 2366 3572 2423 etsi

1924 2471 2036 2510 non
2088 2457 2470 2525 posteaquam
2508 2452 2642 2508 fecit
2690 2452 2905 2524 ephud,
2940 2456 3139 2509 tamen
3188 2459 3572 2527 posteaquam

1921 2543 2162 2598 tentavit
2195 2542 2530 2608 Dominum,
2564 2543 2719 2613 quod
2743 2542 2944 2611 utique
2977 2546 3277 2612 peccatum
3313 2547 3420 2611 est,
3447 2560 3570 2599 ma-

1906 2650 2039 2705 .gna
2069 2636 2259 2701 strage
2290 2629 2557 2685 hostibus
2606 2631 2774 2685 caesis
2806 2634 2982 2700 atque
3029 2632 3322 2702 superatis
3352 2632 3567 2704 populo

1924 2720 2235 2793 acquisivit
2264 2718 2536 2774 salutem.
2564 2718 2622 2773 Si
2656 2720 2813 2773 enim
2847 2719 3131 2791 scriptum
3163 2724 3251 2775 est
3281 2737 3295 2776 :
3327 2725 3393 2776 Et
3420 2722 3570 2777 dixit

1926 2810 2133 2867 Gedeon
2162 2809 2233 2865 ad
2262 2810 2580 2874 Dominum,
2611 2809 2727 2864 Νυη
2751 2810 3024 2865 irascatur
3053 2809 3364 2879 indignatio
3391 2815 3489 2866 tua
3511 2812 3571 2867 in

1924 2917 2028 2968 me,
2063 2903 2114 2955 et
2145 2900 2337 2972 loquar
2365 2898 2542 2953 adhuc
2567 2898 2757 2966 semet,
2789 2901 2838 2953 et
2867 2899 3081 2955 tentato
3111 2899 3286 2955 adhuc
3312 2902 3478 2957 semet
3508 2903 3570 2957 in

1924 2990 2140 3052 vellere,
2171 2994 2229 3044 et
2257 2994 2481 3042 caetera.
2518 2988 2665 3042 Iram
2699 2987 2915 3060 quippe
2946 2988 3047 3043 Dei
3082 2991 3397 3058 metuebat,
3432 2990 3571 3063 quia

1925 3084 2162 3136 noverat
2188 3078 2466 3133 tentando
2489 3093 2551 3132 se
2572 3094 2829 3149 peccare,
2847 3079 3002 3150 quod
3033 3078 3185 3134 Deus
3216 3079 3275 3134 in
3299 3080 3445 3151 Lege
3467 3097 3576 3137 sua

1925 3166 2407 3224 manifestissime
2435 3166 2724 3237 prohibet.
2749 3167 2865 3222 Hoc
2888 3172 3081 3222 tamen
3118 3172 3416 3239 peccatum
3446 3170 3575 3241 ejus

1924 3262 1983 3315 et
2012 3256 2301 3313 mirabilis
2333 3255 2485 3328 signi
2508 3255 2799 3311 evidentia
2827 3261 2883 3312 et
2913 3273 3127 3328 magna
3157 3257 3407 3313 victoriae
3440 3275 3573 3331 pro-

1924 3345 2173 3419 speritas
2203 3344 2685 3417 liberationisque
2714 3346 2911 3418 pepuli
2960 3350 3277 3402 consecuta
3306 3352 3414 3404 est.
3445 3352 3576 3404 Jam

1925 3436 2081 3491 enim
2114 3436 2267 3491 Deus
2297 3438 2584 3490 statuerat
2626 3434 2843 3490 afflicto
2877 3434 3092 3507 populo
3126 3435 3457 3505 subvenire,
3491 3442 3579 3492 at-

1926 3542 2038 3598 que
2068 3525 2243 3595 hujus
2275 3523 2462 3591 ducis,
2505 3539 2678 3594 quem
2713 3524 2785 3578 ad
2817 3526 2925 3579 hoc
2979 3541 3125 3597 opus
3154 3529 3577 3596 assumpserat,

1926 3616 2203 3671 utebatur
2216 3612 2414 3669 animo
2433 3629 2547 3668 non
2566 3612 2756 3669 solum
2780 3612 2935 3668 ﬁdeli
2962 3617 3017 3668 et
3031 3612 3145 3686 pio,
3176 3629 3377 3670 verum
3401 3614 3576 3671 etiam

1927 3703 2346 3760 subdeﬁciente
2394 3707 2451 3759 et
2498 3701 2895 3774 delinquente,
2929 3708 2986 3757 et
3018 3704 3087 3759 ad
3139 3704 3577 3774 praznuntianda

1928 3811 2056 3866 quae
2082 3793 2330 3862 volebat,
2358 3796 2414 3847 et
2443 3791 2792 3863 complenda
2815 3808 2942 3863 qua:
2973 3791 3214 3848 dixerat.

1998 3888 2124 3937 Non
2156 3881 2310 3936 enim
2342 3898 2446 3952 per
2467 3880 2610 3936 istos
2640 3884 2893 3946 tantum,
2918 3881 3017 3951 qui
3039 3882 3270 3937 etiamsi
3302 3898 3572 3954 peccave-

1930 3976 2085 4039 runt,
2118 3971 2271 4024 inter
2293 3970 2491 4040 justos
2521 3973 2720 4024 tamen
2772 3974 3105 4036 narrantur,
3135 3971 3234 4025 sed
3266 3970 3439 4026 etiam
3474 3988 3579 4043 per

1928 4061 2125 4133 ipsum
2149 4058 2379 4114 Saiilem
2403 4058 2561 4113 omni
2596 4058 2767 4112 modo
2795 4058 3193 4128 reprobatum,
3211 4057 3397 4113 multa
3419 4059 3574 4115 Deus

1931 4148 2145 4223 populo
2177 4165 2283 4202 suo
2328 4145 2619 4218 praestitit,
2652 4146 2709 4200 in
2761 4162 2933 4218 quem
2967 4145 3210 4201 insilivit
3237 4147 3415 4203 etiam
3448 4148 3580 4219 Spi-

1933 4240 2081 4293 ritus
2122 4238 2243 4305 Dei,
2279 4242 2334 4291 et
2383 4235 2790 4307 prophetavit;
2846 4251 2959 4291 non
2992 4251 3127 4290 cum
3169 4236 3330 4306 juste
3364 4240 3580 4313 ageret,

1934 4329 2035 4384 sed
2069 4344 2203 4383 cum
2236 4327 2293 4381 in
2339 4325 2526 4381 virum
2562 4330 2833 4380 sanctum
2882 4324 3060 4380 David
3092 4325 3586 4398 innocentemque

1935 4417 2161 4474 saeviret
2188 4416 2234 4489 (I
2264 4418 2389 4487 Reg.
2423 4432 2537 4485 XIX,
2568 4415 2786 4487 20-23).
2822 4415 2956 4486 Agit
3003 4416 3157 4470 enim
3190 4416 3440 4488 Spiritus
3471 4420 3582 4471 Do-

1937 4507 2080 4562 mini
2114 4510 2171 4562 et
2202 4523 2302 4578 per
2334 4506 2514 4560 bonos
2556 4509 2614 4559 et
2641 4521 2746 4576 per
2792 4504 2999 4570 malos,
3032 4508 3088 4559 et
3118 4521 3220 4576 per
3248 4505 3501 4560 scientes
3532 4508 3589 4561 et

1939 4612 2041 4667 per
2073 4594 2419 4661 nescientes,
2472 4595 2625 4665 quod
2675 4594 2967 4665 agendum
3018 4595 3196 4659 novit,
3230 4598 3287 4647 et
3332 4594 3586 4650 statuit:

1941 4684 2043 4755 qui
2073 4684 2248 4739 etiam
2282 4700 2383 4755 per
2411 4682 2693 4753 Caipham
2746 4682 3097 4736 acerrimum
3134 4680 3359 4736 Domini
3392 4697 3590 4754 perse-

1943 4778 2227 4840 cutorem,
2263 4772 2623 4827 nescientem
2673 4770 2812 4841 quid
2866 4770 3099 4837 dixerit,
3131 4769 3424 4843 insignem
3457 4787 3590 4843 pro-

1942 4861 2079 4917 tulit
2126 4859 2512 4934 prophetiam,
2566 4860 2719 4931 quod
2769 4864 3060 4929 oporteret
3099 4858 3394 4915 Christum
3446 4860 3598 4915 mori

1946 4969 2048 5024 pro
2091 4956 2261 5024 gente
2315 4951 2493 5021 (Joan.
2546 4966 2624 5016 x1,
2677 4948 2886 5019 49-51).
2937 4947 3077 5013 Quis
3125 4948 3281 5003 enim
3333 4948 3453 5021 egit
3482 4948 3596 5004 nisi

1947 5041 2199 5112 Spiritus
2257 5038 2503 5108 Domini,
2537 5054 2749 5093 curans
2800 5037 3191 5108 praenuntiam
3238 5041 3499 5107 ventura,
3535 5042 3599 5093 ut

1943 5129 2123 5200 judici
2155 5128 2385 5183 Gedeon
2409 5130 2632 5181 tentare
2654 5124 2865 5181 volenti
2890 5125 3220 5193 Dominum,
3248 5131 3303 5183 et
3335 5144 3450 5183 non
3472 5144 3595 5182 cre-

1949 5220 2106 5274 denti
2139 5218 2293 5289 quod
2326 5217 2376 5273 ei
2411 5217 2597 5271 fuerat
2622 5232 2720 5287 per
2742 5232 2981 5270 manum
3012 5218 3141 5286 ejus
3175 5218 3244 5272 de
3274 5216 3461 5273 salute
3493 5232 3599 5287 po-

1951 5308 2071 5380 puli
2097 5309 2220 5379 jam
2255 5307 2506 5372 locutus,
2540 5306 2645 5361 hoc
2679 5305 3052 5378 potissimum
3086 5307 3156 5360 de
3200 5306 3408 5363 vellere
3438 5305 3603 5377 prius

1952 5396 2273 5469 compluto,
2291 5398 2665 5469 postmodum
2687 5396 2863 5461 sicco,
2888 5399 2944 5449 et
2967 5397 3037 5451 de
3060 5411 3193 5450 area
3216 5394 3474 5466 primum
3500 5393 3607 5450 sic-

1953 5504 2040 5555 ca,
2076 5492 2279 5559 postea
2312 5487 2499 5559 rigata
2519 5486 2738 5543 veniret
2764 5486 2823 5540 in
2855 5489 3108 5540 mentem
3129 5484 3158 5539 ?
3187 5484 3261 5540 Ut
3280 5484 3436 5555 quod
3460 5485 3607 5539 sub-

1954 5577 2164 5632 dcfecit
2189 5594 2219 5631 a
2242 5578 2374 5644 ﬁde,
2400 5576 2730 5632 inﬁrmitati
2752 5576 2879 5648 ejus
2912 5575 3237 5647 delictoque
3260 5576 3608 5647 deputetur;

1957 5667 2114 5740 quod
2145 5684 2278 5725 vero
2299 5667 2475 5725 etiam
2500 5667 2602 5724 tali
2634 5668 2761 5739 ejus
2783 5665 2980 5723 animo
3004 5664 3073 5721 ad
3097 5665 3204 5722 hoc
3233 5666 3386 5740 quod
3410 5665 3609 5739 generi
