4030 6182
428 328 547 389 815

432 462 691 517 humano
740 448 1059 524 signiﬁcari
1112 444 1412 517 oportebat
1455 458 1600 497 usus
1653 442 1740 494 est
1785 438 1959 503 Deus,
2007 436 2078 491 ad

435 551 560 620 ejus
592 543 956 614 intelligatur
999 533 1457 591 misericordiam
1503 534 1557 586 et
1589 527 1912 585 mirabilem
1949 540 2081 599 pro-

436 633 755 693 videntiam
790 627 1099 702 pertinere.

515 725 575 781 Si
606 722 740 792 quis
770 723 965 774 autem
997 714 1139 769 dicit
1160 711 1359 767 omnia
1385 710 1663 764 scientem
1699 708 1905 760 fecisse
1929 709 1980 760 et
2005 705 2087 758 di-

439 816 596 873 xisse
628 812 858 866 Gedeon
892 823 959 860 ex
980 802 1327 859 revelatione
1359 797 1719 870 prophetica,
1745 802 1807 850 ut
1829 812 1932 867 per
1950 809 2085 848 eum

446 906 615 977 signa
644 899 786 955 talia
818 894 1325 955 monstrarentur;
1360 904 1464 943 nec
1496 886 1779 941 defecisse
1802 903 1834 939 a
1858 885 2000 950 ﬁde;
2035 889 2084 935 et

446 970 602 1066 quod
644 990 692 1045 ei
718 989 844 1059 jam
894 982 1245 1056 promiserat
1276 977 1559 1033 Dominus
1594 974 1913 1029 credidisse
1942 990 1954 1038 ;
1988 970 2089 1026 sed

446 1065 673 1139 actione
699 1074 1037 1149 prophetica
1058 1070 1116 1124 in
1149 1068 1359 1123 vellere
1378 1065 1631 1121 voluisse
1650 1067 1895 1126 tentare,
1918 1065 2093 1131 atque

445 1175 527 1229 ita
554 1169 715 1226 illius
736 1161 1117 1221 tentationem
1142 1158 1324 1212 fuisse
1344 1152 1779 1225 inculpabilem,
1812 1152 1965 1205 sicut
1988 1150 2093 1203 do-

446 1264 568 1319 lum
600 1256 956 1326 Jacob(Gen.
980 1266 1151 1313 xxvn,
1179 1249 1264 1313 15,
1302 1247 1383 1310 16)
1411 1262 1423 1309 ;
1459 1248 1513 1297 et
1543 1242 1683 1296 illud
1716 1241 1867 1310 quod
1902 1236 2094 1294 Domi-

449 1370 522 1409 no
554 1350 653 1417 ait,
688 1347 803 1401 Non
834 1343 1108 1397 irascatur
1135 1336 1445 1403 indignatio
1477 1341 1578 1388 tua
1607 1332 1665 1385 in
1696 1345 1800 1395 me,
1828 1345 1941 1384 non
1964 1328 2094 1383 ideo

449 1441 666 1497 dixisse
697 1433 847 1506 quod
869 1432 1014 1483 iram
1037 1428 1165 1496 ejus
1185 1426 1435 1485 timeret,
1462 1423 1558 1476 sed
1596 1420 1743 1491 quod
1768 1436 1900 1473 eum
1922 1420 2098 1472 conit-

450 1532 612 1586 deret
653 1541 767 1579 non
802 1520 996 1581 irasci,
1031 1532 1160 1570 cum
1197 1531 1263 1569 ea
1297 1516 1509 1566 faceret
1556 1528 1681 1580 qua:
1713 1507 1931 1579 Spiritu
1968 1508 2095 1571 eius

449 1620 707 1675 dictante
740 1609 1007 1667 facienda
1038 1621 1165 1660 esse
1197 1610 1475 1673 tanquam
1506 1599 1788 1670 prepheta
1810 1597 2051 1653 sentiret
2079 1615 2091 1653 :

449 1710 606 1765 dicat
647 1709 710 1759 ut
757 1702 1002 1765 videtur,
1057 1697 1192 1748 dum
1229 1693 1401 1747 modo
1450 1690 1591 1744 illud
1644 1689 1797 1758 quod
1832 1689 1902 1741 de
1947 1688 2095 1743 facto

450 1797 645 1871 ephud
672 1792 969 1862 Scriptura
1001 1786 1128 1857 ipsa
1149 1780 1425 1853 culpavit,
1451 1778 1752 1851 quodlibet
1783 1776 2091 1847 signiﬁcet,

452 1865 567 1943 non
599 1882 805 1940 audeat
840 1888 1115 1933 excusare
1149 1889 1181 1925 a
1213 1872 1466 1941 peccato.
1500 1868 1643 1922 Nam
1676 1871 1734 1920 et
1765 1866 1902 1920 illud
1940 1865 2093 1937 quod

450 1972 694 2034 trecenti
728 1968 835 2022 viri
871 1966 939 2019 ad
975 1964 1211 2033 signum
1259 1958 1447 2013 crucis
1477 1957 1605 2028 ipso
1637 1971 1880 2009 numero
1914 1954 2093 2025 perti-

454 2069 680 2132 nentes,
712 2056 952 2130 hyclrias
984 2050 1187 2105 ﬁctiles
1210 2049 1578 2117 acceperunt,
1601 2044 1802 2115 eisque
1824 2046 2096 2098 ardentes

454 2151 678 2210 faculas
708 2144 1097 2207 incluserunt,
1126 2138 1343 2208 quibus
1376 2133 1599 2206 hydriis
1630 2133 1830 2186 fractis
1862 2136 2099 2202 repente

450 2242 679 2299 lumina
708 2246 1020 2291 numerose
1055 2225 1331 2282 micantia
1351 2228 1573 2278 tantam
1609 2222 1863 2276 hostium
1900 2222 2099 2275 multi-

451 2330 719 2389 tudinem
751 2320 1090 2378 terruerunt
1120 2313 1317 2385 (ludio.
1348 2329 1449 2378 vn,
1484 2311 1686 2380 16-22),
1722 2315 1998 2380 tanquam
2033 2326 2102 2364 ex

453 2436 559 2477 suo
585 2412 826 2473 arbitrio
850 2409 1078 2464 videtur
1097 2403 1302 2459 fecisse
1323 2401 1553 2455 Gedeon
1582 2417 1595 2465 ;
1630 2416 1741 2452 non
1769 2400 1924 2453 enim
1949 2398 2101 2452 Scri-

452 2516 628 2583 ptura
658 2502 801 2558 dicit
846 2495 1157 2553 Dominum
1195 2488 1569 2544 admonuisse
1603 2491 1667 2541 ut
1695 2487 1804 2541 hoc
1837 2487 2049 2540 faceret
2085 2501 2097 2541 :

452 2575 509 2655 et
530 2602 725 2652 tamen
752 2594 873 2645 tam
897 2583 1114 2658 grande
1137 2582 1368 2649 signum
1395 2577 1527 2647 quis
1553 2576 1680 2645 ejus
1712 2575 1907 2630 animo
1930 2579 2102 2644 atque

452 2683 697 2745 oonsilio
733 2675 1090 2740 faciendum,
1126 2667 1237 2723 nisi
1269 2666 1572 2735 Dominus,
1604 2664 1963 2735 inspiravit?
1993 2663 2104 2726 Qui

452 2768 851 2851 przeﬁguravit
880 2766 1117 2820 sanctos
1138 2774 1278 2813 suos
1311 2756 1652 2810 thesaurum
1685 2754 1999 2825 evangelici
2020 2754 2105 2809 lu-

455 2843 646 2923 minis
666 2862 725 2915 in
755 2854 910 2911 vasis
942 2849 1222 2906 ﬁctilibus
1252 2844 1580 2908 habituros,
1608 2843 1761 2897 sicut
1788 2844 2102 2914 Apostolus

455 2954 617 3020 dicit,
652 2949 921 3005 Habemus
949 2944 1132 2995 autem
1156 2938 1477 2990 thesaurum
1509 2935 1677 2987 istum
1702 2936 1755 2986 in
1788 2934 1936 2987 vasis
1965 2932 2105 3003 ﬁcti-

456 3044 598 3101 libus
628 3040 697 3113 (II
728 3038 855 3095 Cor.
888 3048 963 3097 iv,
994 3032 1051 3098 7)
1104 3044 1116 3081 :
1169 3024 1382 3097 quibus
1427 3022 1484 3075 in
1520 3021 1791 3093 passione
1841 3022 2104 3095 martyrii

455 3110 737 3203 tanquam
768 3119 1022 3178 vasculis
1054 3114 1276 3183 fractis,
1312 3113 1498 3181 major
1525 3126 1726 3164 eorum
1759 3110 1953 3182 gloria:
1986 3111 2104 3165 ful-

457 3239 562 3296 gor
578 3198 845 3280 emicuit,
881 3225 1007 3281 quae
1038 3203 1251 3276 impios
1282 3198 1627 3271 evangelicae
1675 3199 2104 3269 praedicationis

456 3286 727 3367 inimicos
758 3299 1063 3373 inopinata
1092 3294 1209 3347 illis
1241 3289 1454 3346 Christi
1491 3286 1754 3342 claritate
1784 3290 2103 3361 superavit.

532 3400 645 3454 Seu
677 3408 815 3465 ergo
845 3404 949 3462 per
973 3384 1244 3450 scientes,
1278 3395 1379 3434 seu
1414 3394 1515 3448 per
1542 3377 1893 3445 nescientes,
1920 3379 2108 3449 praeﬁ-

463 3485 829 3563 gurationem
864 3471 1454 3550 prmdicationemque
1484 3465 1814 3519 futurorum
1847 3466 2109 3537 Spiritus

465 3556 699 3635 Domini
729 3562 1080 3642 propheticis
1131 3556 1495 3629 temporibus
1544 3558 1819 3625 operatus
1849 3558 1974 3611 est:
2008 3574 2113 3613 nec

467 3667 598 3722 ideo
630 3662 865 3735 peccata
895 3666 1094 3709 eorum
1137 3646 1447 3703 dicendum
1480 3647 1569 3699 est
1597 3660 1712 3698 non
1768 3644 1947 3700 fuisse
1978 3662 2112 3717 pec-

470 3758 601 3814 cata
625 3732 813 3823 quia
852 3748 907 3800 et
936 3743 1111 3807 Deus,
1146 3737 1245 3810 qui
1276 3740 1334 3791 et
1382 3732 1553 3789 malis
1586 3734 1803 3789 nostris
1853 3734 1997 3790 bene
2028 3736 2115 3792 uti

468 3847 649 3915 novit,
680 3841 852 3899 etiam
887 3836 1031 3908 ipsis
1063 3846 1263 3887 eorum
1313 3826 1566 3900 peccatis
1597 3843 1741 3882 usus
1773 3831 1863 3882 est
1892 3828 1963 3883 ad
1995 3828 2114 3899 sig-

467 3934 763 3996 niﬁcanda
794 3945 920 4002 quae
967 3922 1169 3979 voluit.
1208 3918 1451 3974 Proinde
1502 3916 1548 3971 si
1585 3920 1886 3989 propterea
1915 3934 2110 3990 pecca.

464 4033 590 4084 tum
621 4040 736 4080 non
769 4020 896 4085 fuit,
932 4015 1052 4071 sive
1100 4008 1416 4081 cujuslibet
1458 4006 1615 4061 necis
1665 4005 1955 4076 humanae,
1990 4008 2109 4065 sive

465 4116 640 4174 etiam
673 4104 1020 4185 parricidale
1068 4097 1421 4155 sacriﬁcium
1454 4094 1540 4149 vel
1593 4110 1820 4166 vovere,
1850 4096 1941 4150 vel
1973 4099 2110 4152 red-

465 4210 622 4272 dere,
655 4202 794 4274 quia
825 4210 1104 4268 magnum
1138 4189 1356 4262 aliquid
1390 4192 1445 4242 et
1476 4185 1784 4259 spirituale
1808 4188 2108 4260 signiﬁca-

461 4297 580 4364 vit;
617 4294 832 4348 frustra
862 4293 1014 4341 l)eus
1044 4280 1187 4336 talia
1235 4276 1553 4350 prohibuit,
1587 4280 1644 4331 et
1671 4293 1733 4332 se
1763 4277 1957 4333 odisse
1989 4283 2108 4335 tes-

460 4389 620 4443 tatus
651 4384 777 4448 est;
811 4373 1084 4449 quoniam
1117 4372 1174 4424 et
1220 4367 1321 4421 illa
1351 4383 1477 4437 qua:
1510 4365 1634 4420 ﬁeri
1674 4367 1871 4436 jussit,
1907 4369 2111 4440 utique

460 4475 531 4532 ad
586 4472 844 4542 aliquam
903 4458 1390 4535 signiﬁcationem
1458 4470 1654 4509 rerum
1711 4455 2108 4527 spiritualium

458 4570 927 4638 magnarumque
950 4546 1436 4608 rcferuntur.Cur
1468 4560 1603 4616 ergo
1626 4542 1726 4599 illa
1758 4545 2104 4620 prohiberet,

457 4634 931 4726 quandoquidem
983 4640 1253 4715 poterant
1302 4637 1535 4709 propter
1591 4634 1855 4689 eamdem
1910 4652 2105 4692 rerum

455 4741 793 4799 earumdem
845 4729 1362 4807 signiﬁcationem,
1395 4726 1631 4795 propter
1685 4740 1863 4795 quam
1912 4730 1969 4781 et
1997 4726 2108 4784 ista

452 4832 609 4887 licito
638 4828 876 4891 ﬁebant,
910 4818 1295 4878 nihilominus
1319 4813 1475 4869 licite
1507 4812 1629 4866 ﬁeri
1660 4838 1672 4880 ;
1706 4812 1817 4866 nisi
1842 4814 1979 4884 quia
2002 4833 2106 4872 nec

452 4919 567 4976 tale
599 4914 821 4986 aliquid
846 4905 1245 4985 signiﬁcantia
1266 4921 1338 4975 qu
1352 4903 1436 4958 ale
1459 4901 1687 4973 expedit
1714 4903 1965 4972 credere,
1991 4904 2103 4960 hu-

452 5024 627 5066 mana
656 5005 770 5060 Deo
796 4999 1078 5057 sacriﬁcia
1110 4996 1475 5068 placuerunt,
1494 4991 1730 5062 quando
1755 5008 1868 5046 non
1894 4994 2103 5065 proju-

452 5097 614 5155 stitia
636 5092 880 5166 quisque
897 5082 1405 5153 abinimicis,quia
1428 5083 1581 5135 recte
1599 5080 1785 5135 vivere
1808 5080 2104 5139 voluitaut

450 5201 691 5263 peccare
725 5180 932 5245 noluit,
989 5172 1369 5239 interimitur,
1402 5170 1501 5225 sed
1534 5169 1709 5223 homo
1763 5169 1834 5224 ab
1866 5169 2103 5231 homine

450 5258 730 5351 tanquam
764 5270 944 5327 electa
978 5263 1167 5321 hostia
1200 5278 1360 5315 more
1389 5259 1612 5332 pecoris
1644 5258 2031 5316 immolatur?

520 5349 665 5433 Quid
684 5361 841 5434 si,ait
862 5355 1097 5430 aliquis,
1116 5350 1389 5424 quoniam
1410 5364 1685 5422 pecorum
1711 5349 1957 5405 victimae
1976 5352 2099 5423 jam

447 5475 512 5514 co
541 5457 665 5529 ipso
690 5470 801 5525 quo
833 5448 1059 5504 fuerant
1086 5442 1333 5509 usitatae,
1364 5438 1629 5511 quamvis
1652 5442 1705 5492 et
1729 5438 1867 5509 ipsa:
1892 5457 1925 5497 ο,
1950 5446 2099 5499 recte

444 5527 914 5616 intelligentibus
928 5538 997 5594 ad
1013 5530 1497 5603 signiﬁcationem
1516 5527 1910 5598 spiritualium
1927 5533 2097 5588 refer.

447 5642 668 5697 rentur,
688 5633 884 5685 minus
906 5636 1099 5683 tamen
1128 5622 1415 5675 faciebant
1440 5619 1693 5672 intentus
1716 5620 1787 5673 ad
1815 5637 2093 5689 magnum

444 5726 879 5785 sacramentum
904 5712 1117 5775 Christi
1148 5715 1205 5768 et
1225 5708 1492 5766 Ecclesiae
1517 5707 2097 5781 requirendumzpro-

1186 308 1713 385 QUIESTIDNUM
1765 309 1829 366 S.
1874 303 2296 367 AUGUSTINI
2346 306 2423 364 ΙΝ
2467 307 3110 375 HEPTATEUCHUM

3703 310 3803 371 816

2190 440 2386 508 pterea
2398 438 2552 493 Deus
2585 457 2643 495 re
2668 440 2884 515 insigni
2906 448 2961 500 et
2987 444 3287 518 inopinata
3305 443 3500 500 volens
3523 443 3679 515 quasi
3698 443 3809 497 dor-

2193 525 2440 582 mientes
2474 528 2775 588 hominum
2812 534 3041 590 animos
3090 535 3360 601 excitare,
3393 548 3457 588 eo
3505 532 3685 604 magis
3713 549 3809 605 quo

2194 615 2335 670 talia
2384 618 2493 672 sibi
2545 620 2832 678 sacriﬁcia
2888 624 3079 679 offerri
3134 627 3415 688 vetuerat,
3460 621 3673 676 curavit
3717 622 3809 675 sibi

2196 706 2488 775 ejusmodi
2537 709 2760 781 aliquid
2810 714 3196 782 ott‘erendum,
3247 717 3312 768 ut
3359 712 3486 784 ipsa
3531 710 3813 767 admiratio

2200 810 2474 867 magnam
2508 800 2770 871 gigneret
2818 803 3223 873 quaestionem,
3255 805 3315 857 et
3359 816 3570 872 magna
3598 799 3814 870 quaestio

2202 885 2270 939 ad
2320 889 2805 957 perscrutandum
2859 908 3141 964 magnum
3194 890 3534 964 mysterium
3580 888 3814 944 studium

2202 974 2308 1045 piae
2339 976 2553 1033 mentis
2584 979 2851 1051 erigeret,
2884 981 2975 1053 pie
3004 977 3441 1037 vero’scrutans
3471 995 3632 1034 mens
3659 978 3819 1032 homi-

2204 1063 2296 1118 nis
2329 1063 2693 1121 altitudinem
2729 1070 3064 1140 prophetiie,
3096 1070 3254 1126 velut
3283 1070 3458 1125 hamo
3490 1068 3700 1139 piscem
3725 1067 3818 1122 Do-

2206 1152 2431 1207 minum
2466 1154 2759 1210 Christum
2791 1159 2861 1213 de
2906 1160 3194 1231 profundo
3223 1159 3653 1229 Scripturarum
3691 1155 3821 1211 leva-

2204 1242 2339 1297 ret?
2368 1243 2511 1298 Huic
2544 1262 2650 1300 nos
2680 1247 2889 1303 rationi
2922 1252 2980 1303 et
3026 1246 3488 1305 considerationi
3518 1262 3630 1301 non
3661 1244 3823 1299 obsis-

2203 1331 2405 1386 timus.
2440 1334 2546 1387 Sed
2580 1333 2694 1389 alia
2726 1337 2969 1407 quinctio
2991 1342 3079 1392 est
3109 1338 3176 1392 de
3198 1337 3399 1391 animo
3430 1334 3705 1402 voveatis,
3734 1332 3827 1387 alia

2208 1422 2277 1473 de
2311 1422 2670 1491 providentia
2691 1424 2787 1479 Dei
2814 1426 3229 1497 qualicumque
3251 1426 3452 1480 animo
3482 1425 3610 1494 ejus
3638 1422 3825 1494 optime

2208 1511 2447 1564 utentis.
2480 1511 2868 1575 Quamobrem
2902 1516 2951 1571 si
2984 1515 3236 1587 Spiritus
3273 1512 3505 1569 Domini
3539 1511 3633 1583 qui
3667 1511 3826 1566 factus

2207 1603 2291 1653 est
2326 1616 2503 1670 super
2531 1600 2757 1672 Jepbte,
2792 1608 2856 1657 ut
2888 1603 2997 1659 hoc
3026 1608 3257 1660 voveret
3286 1603 3534 1658 omnino
3565 1600 3824 1673 praecepit,

2209 1689 2362 1759 quod
2395 1689 2631 1760 quidem
2665 1692 2967 1764 Scriptura
2998 1710 3112 1748 non
3145 1691 3417 1765 aperuit;
3454 1695 3645 1746 tamen
3677 1689 3717 1744 si
3739 1688 3827 1742 hoc

2206 1776 2303 1833 illc
2327 1778 2617 1850 praecepit,
2646 1781 2814 1851 cujus
2840 1799 2952 1837 non
2979 1781 3298 1853 licetjussa
3330 1786 3826 1848 contemnere,non

2207 1864 2397 1920 solum
2430 1866 2769 1939 insipientia
2812 1870 3104 1943 culpanda
3135 1887 3250 1926 non
3283 1876 3397 1935 est,
3448 1884 3644 1924 verum
3676 1866 3826 1922 etiam

2205 1953 2498 2009 laudanda
2515 1956 2843 2013 obedientia
2864 1964 2971 2013 est.
2994 1963 3113 2013 I‘Ioc
3141 1959 3321 2029 enim,
3348 1956 3579 2012 etiamsi
3603 1972 3661 2011 se
3680 1954 3827 2008 homo

2205 2043 2332 2115 ipse
2354 2042 2669 2111 interimat,
2696 2048 2847 2117 quod
2870 2046 3070 2120 utique
3091 2047 3354 2102 humana
3374 2044 3673 2100 voluntate
3688 2048 3829 2113 atque

2208 2133 2450 2189 consilio
2480 2135 2664 2189 facere
2694 2137 2857 2192 nefas
2888 2142 2994 2204 est,
3017 2138 3271 2208 profecto
3296 2134 3741 2206 intelligendum
3760 2138 3829 2185 est

2208 2222 2545 2277 obedienter
2576 2224 2695 2279 fieri
2749 2226 2940 2297 potius
2971 2242 3143 2297 quam
3179 2224 3451 2286 sceleste,
3501 2223 3551 2277 si
3583 2221 3829 2274 divinitus

2205 2312 2441 2381 jussum
2474 2317 2562 2368 est
2595 2330 2607 2367 :
2643 2315 2713 2368 de
2736 2330 2849 2385 qua
2880 2314 3199 2386 quaestione
3235 2315 3386 2367 satis
3419 2312 3477 2366 in
3504 2308 3830 2384 primolibrc

2212 2400 2282 2454 de
2303 2399 2543 2455 Civitate
2570 2402 2661 2456 Dei
2696 2402 3131 2474 disputavimus
3153 2403 3247 2473 (De
3271 2402 3437 2457 Ciait.
3473 2401 3589 2465 Dei,
3617 2399 3703 2453 lib.
3736 2398 3831 2459 t,c.

2212 2488 2323 2559 21).
2350 2488 2407 2544 Si
2434 2490 3187 2561 autemJephtehumanum
3213 2494 3458 2546 secutus
3480 2486 3832 2549 errorem,hu-

2214 2594 2452 2632 manum
2478 2579 2829 2634 sacriﬁcium
2853 2582 3175 2636 vovendum
3203 2579 3457 2651 putavit,
3481 2579 3608 2649 ejus
3629 2575 3832 2647 quidem

2215 2671 2515 2738 peccatum
2540 2668 2928 2725 deunicaﬁlia
2949 2670 3075 2740 iure
3099 2669 3375 2741 punitum
3401 2666 3664 2738 est,quod
3684 2664 3831 2719 etiam

2211 2754 2337 2827 ipse
2362 2755 2552 2811 verbis
2576 2756 2700 2812 suis
2720 2758 2861 2812 satis
2891 2749 3122 2813 videtur
3143 2758 3479 2822 ostendere,
3497 2755 3595 2810 ubi
3628 2755 3720 2822 ait,
3742 2753 3831 2805 Heu

2212 2860 2318 2911 τηε»
2350 2845 2471 2915 ﬁlia
2500 2861 2640 2915 mea,
2674 2847 2951 2918 impedisti
2978 2863 3065 2901 me
3081 2863 3102 2908 ;
3135 2846 3193 2900 in
3220 2842 3621 2917 offendiculum
3640 2845 3771 2913 facta
3788 2854 3831 2894 es

2212 2935 2275 2987 in
2301 2935 2470 2988 oculis
2499 2938 2674 2997 meis;
2708 2934 2970 2991 discissis
2992 2936 3171 2991 etiam
3186 2934 3560 2991 vestimentis
3587 2931 3719 2987 suis.
3743 2932 3829 2982 Ve-

2214 3027 2544 3077 rumtamen
2579 3024 2755 3078 etiam
2780 3024 2877 3078 hic
2903 3025 3032 3096 ejus
3062 3040 3223 3079 error
3249 3024 3433 3078 habet
3450 3020 3697 3093 aliquam
3728 3017 3829 3072 lau-

2215 3111 2346 3165 dem
2371 3110 2525 3177 ﬁdei,
2550 3129 2664 3183 qua
2686 3113 2869 3167 Deum
2891 3112 3112 3180 timuit,
3136 3117 3201 3167 ut
3224 3113 3383 3183 quod
3406 3112 3641 3167 voverat
3661 3107 3835 3163 redde-

2218 3203 2321 3266 ret,
2357 3217 2460 3255 nec
2492 3200 2672 3255 divini
2705 3202 2763 3255 in
2796 3218 2856 3257 se
2880 3202 3091 3272 judicii
3124 3202 3481 3258 sententiam
3517 3194 3833 3258 declinavit;

2218 3288 2336 3343 sive
2357 3306 2601 3361 sperans
2616 3290 2795 3345 Deum
2822 3290 3113 3362 prohibita
3124 3290 3439 3357 rum,sicut
3460 3286 3592 3344 fecit
3606 3284 3834 3346 Abrahae,

2221 3378 2338 3433 sive
2358 3379 2486 3450 ejus
2504 3378 2865 3434 voluntatem
2889 3381 3063 3435 etiam
3083 3396 3197 3435 non
3223 3376 3595 3451 prohibentis
3612 3371 3834 3429 intellec-

2221 3471 2339 3521 tam
2377 3467 2561 3525 facere
2594 3468 2790 3540 potius
2824 3485 2996 3541 quam
3031 3472 3409 3523 contemnere
3441 3471 3719 3520 statuens.

2294 3557 2641 3629 Quanquam
2674 3562 2731 3612 et
2757 3558 2847 3613 hic
2874 3557 3079 3612 merito
3111 3556 3290 3628 quaeri
3317 3560 3509 3628 potest
3540 3560 3728 3609 utrum
3756 3564 3833 3601 ve-

2224 3646 2347 3701 rius
2376 3645 2727 3719 intelligitur
2755 3646 2864 3702 hoc
2898 3647 3083 3703 Deum
3133 3645 3286 3701 nolle
3317 3644 3465 3712 ﬁeri,
3499 3647 3555 3699 et
3584 3642 3638 3696 in
3669 3656 3726 3696 eo
3755 3653 3832 3709 p0-

2224 3735 2342 3790 tius
2373 3735 2509 3800 Deo,
2542 3736 2589 3791 si
2621 3753 2736 3791 non
2769 3737 2953 3806 ﬁeret,
2986 3735 3341 3801 obediretur,
3368 3732 3647 3807 quoniam
3676 3729 3835 3783 hocse

2226 3823 2379 3880 nolle
2409 3829 2465 3880 et
2492 3825 2548 3879 in
2582 3825 2824 3880 Abrahae
2858 3824 2976 3879 ﬁlio
3007 3828 3063 3878 et
3090 3824 3148 3878 in
3180 3822 3451 3894 legitima
3483 3817 3833 3893 prohibitione

2224 3916 2666 3969 monstraverat.
2689 3913 3102 3969 Verumtamen
3129 3912 3175 3967 si
3201 3915 3513 3984 propterea
3532 3907 3723 3978 Jepbte
3744 3917 3833 3957 non

2224 4003 2458 4067 faceret,
2491 4002 2600 4057 sibi
2636 4002 2829 4074 potius
2858 4001 2927 4056 in'
2954 4002 3126 4056 unica
3157 3999 3513 4072 pepercisse,
3563 4010 3727 4069 quam
3754 3988 3832 4047 Dei

2220 4091 2577 4146 voluntatem
2607 4096 2846 4146 secutus
2870 4108 2997 4146 esse
3014 4089 3327 4145 videretur.
3352 4087 3539 4160 Magis
3553 4101 3679 4153 ergo
3699 4078 3832 4136 intel-

2220 4180 2360 4236 lexit
2391 4182 2449 4235 in
2479 4197 2544 4236 eo
2576 4182 2728 4253 quod
2764 4180 2814 4235 ei
2840 4181 2959 4235 ﬁlia
2982 4178 3254 4247 occurrit,
3274 4176 3525 4233 ultorem
3554 4170 3831 4240 Deum,ju-

2222 4274 2443 4342 staeque
2473 4286 2653 4342 pmnzs
2676 4286 2736 4323 se
2768 4268 3016 4323 ﬁdeliter
3036 4266 3550 4337 subdidit,timens
3574 4260 3830 4318 saeviorem

2220 4364 2499 4431 tanquam
2517 4360 2587 4414 de
2602 4352 3698 4429 tergiversationevindictam.Credebat
3709 4344 3833 4402 enim

2221 4448 2395 4503 etiam
2411 4449 2573 4502 bonae
2589 4452 2645 4502 et
2661 4446 2903 4519 virginis
2919 4446 3176 4500 animam
3194 4442 3322 4497 ﬁliae
3336 4443 3485 4499 bene
3507 4430 3827 4511 recipi,qu0d

2221 4554 2331 4592 non
2362 4536 2553 4608 seipsa
2576 4540 2808 4593 voverat
2829 4532 3276 4603 immolandam,
3301 4532 3403 4587 sed
3429 4535 3557 4585 voto
3580 4533 3633 4583 et
3653 4523 3826 4580 volun-

2216 4627 2319 4681 tati
2355 4643 2467 4680 non
2500 4626 2795 4681 restiterat
2826 4623 3030 4696 patris,
3056 4627 3114 4678 et
3129 4622 3228 4677 Dei
3265 4622 3456 4676 fuerat
3485 4609 3823 4685 secutajudi-

2219 4717 2394 4771 cium.
2422 4720 2573 4771 Mors
2603 4715 2756 4772 enim
2793 4715 2945 4769 sicut
2976 4729 3079 4768 nec
3102 4712 3211 4767 sibi
3248 4728 3281 4765 a
3311 4724 3607 4782 quoquam
3630 4704 3823 4775 sponte,

2220 4823 2323 4862 nec
2345 4805 2618 4878 cuiquam
2640 4810 2843 4875 sponte
2860 4804 2916 4857 in
2930 4802 3163 4857 ferenda
3180 4804 3265 4855 est
3291 4818 3303 4868 ;
3339 4800 3440 4865 ita,
3467 4790 3821 4864 Deojubente,

2217 4895 2540 4950 recusanda
2566 4910 2681 4949 non
2716 4897 2824 4956 est,
2850 4892 3016 4962 cujus
3050 4889 3469 4945 constitutione
3492 4889 3822 4957 quocumque

2214 4984 2495 5057 temporis
2527 4984 2793 5037 obeunda
2818 4984 2905 5036 est
2930 4998 2942 5035 :
2968 4996 3074 5035 nec
3103 4980 3414 5051 quisquam
3447 4976 3544 5048 qui
3574 4986 3687 5028 eam
3707 4980 3817 5039 per.

2215 5052 2736 5146 peti—detrectatmt
2765 5069 3004 5126 omnino
3036 5067 3417 5134 evitetur,sed
3449 5052 3813 5119 tantummodo

2214 5143 2279 5217 ut
2324 5162 2644 5227 differatur,
2693 5161 2981 5216 laborat‘.
3034 5158 3165 5213 Haec
3214 5160 3407 5211 autem
3442 5143 3811 5208 festinantibus

2214 5252 2383 5308 nobis
2413 5253 2481 5306 de
2513 5250 2787 5323 praedicta
2817 5248 3135 5321 quaestione
3189 5245 3336 5300 satis
3383 5259 3507 5299 esse
3536 5242 3809 5301 utcumque

2213 5343 2449 5397 dicussa
2479 5358 2581 5413 pro
2613 5340 2720 5395 hac
2755 5339 2989 5411 quidem
3027 5338 3187 5408 parte
3217 5335 3342 5389 visa
3373 5335 3527 5389 sunt.

2280 5432 2444 5487 Nunc
2461 5433 2583 5504 jam
2614 5430 2751 5501 quid
2775 5407 3040 5500 Spiritus
3060 5423 3307 5489 Domini,
3333 5423 3448 5478 sive
3472 5435 3568 5493 per
3587 5407 3803 5469 nescien-

2208 5527 2325 5579 tem
2358 5522 2563 5594 erhtc
2597 5520 2714 5575 sive
2737 5535 2839 5591 per
2870 5518 3172 5585 scientem,
3196 5514 3316 5569 sive
3347 5529 3445 5586 per
3473 5509 3591 5580 ejus
3612 5504 3799 5571 imiim'

2274 5654 2285 5683 ι
2315 5650 2442 5707 Quae
2460 5650 2776 5710 sequuntur,
2795 5644 3008 5710 scilicet,
3029 5642 3131 5710 haec
3146 5643 3317 5710 autem
3332 5625 3792 5710 [esttnqrgfiéfffnfjfp

2200 5692 2977 5777 ιιε(ιιῗρ“ἆλ“τὶἇὴο”ἶάιῆ,’άιέέυὴι
2998 5692 3028 5756 ξι
3047 5706 3169 5755 Mss.
3185 5692 3452 5754 Vaticanis
3472 5702 3520 5748 et
3536 5692 3790 5746 Gallicanis.
