3940 6178
143 358 255 417 817

1496 350 1725 411 LIBER
1769 349 2183 414 SEPTIMUS.

3433 358 3554 420 8l8

139 488 397 544 dentiam
428 487 549 543 sive
579 504 682 559 per
703 486 1119 554 obedientiam,
1137 485 1259 542 sive
1282 499 1383 557 por
1405 482 1787 540 offensionem
1897 484 2087 555 gentis
2115 501 2230 540 non
2252 485 2545 541 viderunt.
2569 483 2860 541 Habitavit
2891 485 3086 539 autem
3118 483 3175 538 in
3200 488 3351 541 terra
3370 486 3546 554 bona,

138 577 251 633 sive
274 594 377 648 per
403 576 597 642 fidem,
627 577 686 630 in
716 576 823 632 hac
844 593 903 631 re
925 581 1092 648 gesta
1116 574 1786 647 prazﬁguraverit,quan-

1896 573 2425 646 vel,utexpressius
2448 574 2735 643 dicamus,
2764 572 3148 645 opima.Quod
3174 574 3328 629 enim
3358 592 3549 647 graece

140 672 261 721 tum
285 665 438 721 Deus
474 665 735 735 adjuvat,
762 667 1153 736 requiramus,
1179 664 1547 733 breviterque
1565 662 1788 734 penda-
1896 658 2120 735 ἀγαθόν,
2149 662 2255 719 hoc
2283 662 2462 719 latine
2486 662 2749 735 Opimum
2781 662 3029 718 dicitur:
3059 662 3114 717 id
3141 667 3333 719 autem
3355 663 3542 720 inter-

138 772 288 810 mus.
318 756 605 809 Admonet
628 755 783 809 enim
808 771 913 809 nos
942 758 998 809 et
1026 757 1193 826 urget
1216 752 1470 824 quodam
1490 750 1786 807 modoisto
1897 755 2158 822 pretatur
2185 752 2326 809 Tob.
2360 751 2466 807 Ubi
2502 751 2645 807 mihi
2676 752 2904 806 videtur
2935 750 3319 823 intelligenda
3349 754 3479 824 ejus
3512 771 3545 811 a

137 847 476 899 sanctarum
502 843 937 915 Scripturarum
964 841 1125 898 locus
1169 842 1425 913 cogitare
1468 840 1782 913 quemdam
1895 841 2142 897 mortuis
2177 841 2546 897 resurrectio.
2589 841 2733 899 Nam
2760 858 2886 912 quae
2920 845 3073 897 terra
3104 842 3295 914 magis
3322 843 3541 913 opima,

134 938 429 1005 potentem
449 932 850 989 virtute.Talis
868 932 1024 987 enim
1041 930 1259 986 dicitur
1277 930 1666 1002 Jephte,quod
1686 945 1785 984 no-

134 1037 266 1076 men
290 1021 712 1092 interpretatur
734 1020 1033 1092 Aperiens.
1063 1019 1342 1075 Dominus
1368 1022 1563 1074 autem
1592 1016 1782 1075 Chris-

128 1109 410 1176 tus,sicut
439 1109 1054 1181 indicatEvangelium
1080 1107 1389 1180 discipulis
1413 1108 1538 1164 suis
1564 1109 1781 1180 aperuit

126 1216 371 1268 sensum,
396 1207 457 1254 ut
474 1199 846 1270 intelligerent
867 1198 1182 1271 Scripturas
1203 1202 1355 1267 (Luc.
1380 1214 1532 1267 xxxv,
1552 1198 1638 1264 45,
1662 1198 1774 1269 ἓῖ).

124 1286 508 1359 HuncJephte
522 1288 727 1344 fratres
742 1288 871 1359 ejus
890 1288 1429 1360 reprobaverunt,et
1450 1287 1518 1341 de
1540 1290 1778 1358 paterna

124 1379 301 1435 domo
318 1377 691 1451 expulerunt,
711 1377 1053 1449 objicientes
1075 1377 1126 1433 ei
1144 1378 1299 1449 quod
1322 1377 1642 1433 essetﬁlius
1668 1377 1778 1432 f'or-

122 1469 671 1540 nicariaa,tanquam
699 1467 814 1540 ipsi
836 1472 1035 1523 essent
1057 1468 1127 1522 de
1149 1466 1602 1539 uxorelegitima
1632 1467 1772 1521 nati.

120 1558 240 1614 Hoc
262 1557 442 1614 etiam
466 1563 713 1629 egerunt
735 1558 1015 1613 adversus
1038 1557 1346 1613 Dominum
1361 1554 1652 1627 principes
1676 1573 1773 1611 sa-

117 1648 429 1704 cerdotum
453 1652 509 1703 et
529 1647 746 1702 Scriba:
771 1651 827 1702 et
849 1646 1144 1715 Pharisaei,
1168 1646 1269 1717 qui
1292 1646 1362 1701 de
1386 1645 1551 1716 Legis
1576 1645 1773 1701 obser-

114 1738 352 1794 vatione
378 1736 617 1809 gloriari
647 1735 1012 1805 videbantur,
1058 1740 1342 1807 tanquam
1384 1734 1483 1790 ille
1525 1734 1775 1790 solveret

120 1828 361 1899 Legem,
384 1824 591 1898 etQideo
615 1824 798 1881 veluti
819 1842 933 1881 non
957 1828 1113 1880 esset
1136 1823 1436 1896 legitimus
1485 1822 1663 1879 filius.
1704 1827 1773 1878 Et

116 1931 465 1987 quanquam
482 1915 553 1969 de
566 1918 767 1970 sancta
785 1914 1024 1985 quidem
1038 1913 1273 1986 Virgine
1286 1930 1494 1985 corpus
1507 1929 1704 1968 assum
1712 1929 1772 1984 p-

114 2008 296 2071 serat,
324 2004 480 2075 quod
506 2002 778 2059 fidelibus
801 2008 1005 2058 notum
1030 2007 1149 2070 est;
1174 2007 1369 2057 tamen
1393 2002 1520 2073 ejus
1557 2007 1765 2073 mater,

113 2096 414 2165 quantum
436 2093 507 2149 ad
535 2096 768 2165 gentem
794 2092 1251 2165 pertinet,etiam
1284 2090 1385 2146 illa
1401 2091 1431 2146 J
1442 2091 1647 2147 udaica
1672 2108 1766 2164 sy-

111 2198 351 2254 nagoga
371 2181 486 2237 dici
509 2180 1001 2253 potest.Revolvat
1013 2179 1114 2252 qui
1128 2179 1372 2236 voluerit
1396 2181 1765 2253 propheticos

110 2272 341 2339 Libros,
364 2275 421 2327 et
442 2270 890 2342 videatjquoties
914 2275 971 2326 et
997 2275 1219 2342 quanta
1258 2270 1420 2325 verbi
1461 2270 1767 2326 severitate

108 2366 295 2432 atque
319 2359 720 2433 indignatione
745 2360 995 2428 Domini,
1026 2359 1126 2414 illa
1139 2376 1281 2431 gens
1298 2358 1767 2430 velutimpudica

110 2448 425 2505 mulier'de
448 2450 573 2504 suis
609 2448 1093 2504 fornicationibus
1139 2454 1439 2521 arguatur.
1482 2447 1643 2504 Unde
1676 2452 1766 2505 est

108 2540 295 2594 etiam
322 2536 470 2593 illud
494 2539 551 2593 in
577 2537 845 2594 hoclibro
870 2537 1458 2607 recentissimum,vel
1476 2555 1608 2592 cum
1637 2541 1768 2609 post

114 2628 323 2700 ephud
345 2628 500 2698 quod
526 2626 660 2683 fecit
682 2626 1135 2695 Gedeon,omnis
1158 2626 1333 2682 Israel
1353 2626 1567 2699 legitur
1593 2628 1767 2683 forni-

114 2720 315 2783 catus,
340 2714 428 2771 vel
450 2716 605 2787 quod
637 2716 908 2772 abieruut
930 2721 1063 2787 post
1086 2716 1223 2771 deos
1245 2716 1504 2789 gentium
1553 2718 1765 2786 quibus

114 2810 291 2860 erant
310 2804 680 2859 circumdati.
705 2803 868 2860 Unde
891 2804 948 2860 in
974 2804 1103 2860 illos
1134 2805 1330 2861 divina
1352 2806 1439 2860 ira
1473 2811 1766 2862 commota

111 2896 227 2958 est,
253 2897 323 2947 ut
346 2908 448 2964 per
478 2910 664 2949 annos
687 2893 887 2949 decem
901 2898 958 2948 et
975 2898 1101 2949 octo
1116 2899 1553 2950 contererentur
1572 2912 1605 2950 a
1628 2895 1765 2952 filiis

112 2989 375 3037 Ammon
400 2982 599 3053 (ludio.
623 2998 747 3047 VIII,
769 2983 861 3049 27,
885 2990 934 3037 et
953 3000 1011 3047 χ,
1033 2985 1067 3037 6
1096 2983 1170 3054 8).
1192 2983 1303 3038 Sed
1332 2984 1621 3055 numquid
1648 3002 1761 3039 non

104 3089 178 3127 ex
192 3074 402 3127 eadem
421 3076 593 3143 gente
608 3071 970 3143 Israelietiam
993 3071 1080 3126 illi
1098 3063 1760 3143 natierantsacerdotes,

102 3167 163 3217 et
184 3159 428 3228 Scribis,
452 3165 510 3216 et
537 3160 832 3230 Pharisaei,
878 3177 1026 3232 quos
1062 3160 1120 3216 in
1163 3162 1247 3217 eis
1286 3161 1542 3218 diximus
1581 3163 1763 3219 fuisse

106 3250 546 3322 praefiguratos,
568 3249 667 3321 qui
708 3249 938 3321 Jephte,
976 3255 1257 3322 tanquam
1305 3250 1401 3306 isti
1444 3252 1759 3308 Dominum

100 3337 623 3409 Cbristum,veluti
648 3356 763 3394 non
788 3338 1118 3411 legitimum
1142 3339 1328 3394 filium
1356 3342 1644 3412 persecuti
1661 3359 1762 3397 ex-

96 3426 392 3501 pulerunt
411 3426 434 3481 ?
456 3428 567 3483 Sed
592 3429 649 3482 in
677 3444 743 3483 eo
765 3427 1091 3484 similitudo
1115 3430 1183 3483 ad
1196 3430 1467 3486 umbrata
1479 3435 1587 3503 est,
1604 3433 1760 3504 quod

93 3517 230 3587 isti,
267 3521 337 3571 ut
368 3515 508 3586 dixi,
560 3516 734 3572 veluti
794 3516 958 3587 Legis
1006 3518 1427 3587 observatores,
1479 3536 1608 3575 eum
1659 3521 1758 3592 qui

95 3610 320 3662 contra
352 3610 638 3677 prmcepta
669 3605 838 3677 Legis
870 3606 1059 3662 facere
1087 3607 1413 3673 videbatur,
1473 3613 1758 3681 tanquam

94 3693 364 3767 legitimi
391 3711 506 3749 non
539 3693 891 3767 legitimum,
917 3696 1051 3765 jure
1072 3696 1182 3751 sibi
1207 3696 1312 3751 visi
1336 3704 1472 3753 sunt
1494 3699 1753 3769 ejecisse.

94 3783 449 3838 Secundum
482 3781 591 3837 hoc
612 3782 968 3855 enim'plebs
1003 3783 1103 3839 illa
1133 3785 1286 3840 dicta
1318 3790 1406 3841 est
1464 3787 1756 3857 fornicari,

93 3871 263 3943 quod
302 3870 471 3941 Legis
504 3876 789 3943 praecepta
821 3888 935 3927 non
986 3888 1249 3943 servans,
1301 3878 1581 3945 tanquam
1636 3877 1757 3934 viro

90 3977 220 4015 non
256 3958 571 4014 exhibebat
603 3960 800 4017 fidem.

167 4047 271 4103 Sic
297 4051 493 4102 autem
519 4048 805 4120 scriptum
831 4053 919 4104 est
940 4050 1011 4105 de
1026 4050 1330 4122 Jephte,Et
1352 4054 1760 4123 creverunt/itii

85 4137 321 4204 uxoris,
346 4137 683 4205 eteiecerunt
701 4137 1172 4208 Jephte.Verbum
1197 4141 1350 4212 quod
1375 4143 1627 4212 positum
1645 4148 1753 4211 est,

83 4230 416 4292 creverunt,
438 4225 803 4298 significatin
828 4229 1036 4300 figura,
1060 4232 1669 4303 prmvalueruntzquod
1694 4232 1754 4288 in

81 4314 328 4371 Judaeis
358 4314 670 4387 impletum
703 4322 813 4383 est,
848 4318 947 4389 qui
975 4318 1402 4389 praevaluerunt
1424 4320 1754 4377 infirmitati

83 4403 344 4470 Christi,
370 4405 510 4476 quia
530 4405 611 4460 ita
629 4405 832 4473 voluit,
860 4410 927 4461 ut
951 4407 1022 4462 ab
1044 4407 1128 4462 eis
1152 4424 1277 4479 quae
1300 4410 1604 4480 oportebat
1624 4428 1753 4482 pas-

85 4494 268 4549 sione
297 4493 596 4565 prmferret
625 4512 637 4560 ;
663 4494 817 4550 sicut
855 4495 963 4551 hoc
1000 4496 1156 4551 idem
1202 4498 1543 4569 signiﬁcans
1571 4500 1750 4556 Jacob

85 4581 414 4654 praevaluit
438 4582 665 4655 angelo,
690 4599 823 4638 cum
848 4600 962 4656 quo
990 4590 1053 4639 ut
1072 4585 1330 4658 idipsum
1379 4590 1753 4658 portenderet

86 4671 444 4727 luctabatur
490 4672 646 4743 (Gen.
702 4689 879 4743 xxxn,
924 4673 1131 4746 24-28).
1187 4675 1469 4731 Dixerunt
1510 4694 1645 4750 ergo
1678 4680 1749 4735 ad

81 4759 334 4830 Jephte,
364 4762 493 4815 Non
514 4760 869 4817 hareditabis
889 4764 951 4818 in
980 4761 1134 4819 domo
1147 4766 1330 4835 patri:
1374 4769 1569 4837 nostri,
1614 4784 1751 4838 quo-

80 4849 252 4905 niam
275 4848 430 4919 ﬁlius
449 4851 707 4907 mulieris
720 4852 1049 4921 fornicariw
1070 4854 1463 4926 tu.Tanquam
1491 4856 1751 4912 dicerent

80 4939 254 5010 quod
286 4939 965 5013 Evangeliumloquitur,
990 4942 1105 4998 Non
1128 4948 1206 4999 est
1238 4946 1341 4999 iste
1377 4946 1533 5001 homo
1568 4965 1600 5000 ιι
1620 4948 1745 5016 Deo,

77 5030 187 5099 qui
214 5032 309 5084 sic
335 5028 493 5084 solvit
524 5030 811 5086 sabbatum
836 5031 1016 5100 (Joan.
1043 5049 1121 5099 ix,
1146 5033 1233 5102 16)
1258 5059 1272 5101 ;
1295 5050 1357 5089 se
1378 5040 1571 5091 autem
1595 5036 1751 5093 velut

64 5118 387 5188 jactantes
406 5118 702 5192 legitimos
725 5119 877 5176 ﬁlios
900 5120 1147 5176 Domino
1202 5123 1494 5193 dixerunt,
1541 5126 1648 5181 Nos
1676 5142 1748 5181 ea:

1892 946 2067 1001 quam
2100 935 2393 988 terrenum
2426 948 2639 1002 corpus
2672 930 3017 986 excellentia
3078 930 3543 989 immortalitatis

1890 1023 1946 1074 et
1974 1020 2430 1092 incorruptionis
2462 1020 2737 1075 indutum
2760 1018 2787 1074 ‘l

1961 1109 2124 1173 Quod
2139 1118 2333 1165 autem
2349 1109 2559 1165 dicitur
2574 1108 3033 1181 deJepbte,quia
3052 1112 3436 1181 posteaquam
3458 1110 3540 1167 fu-

1886 1197 2053 1268 giens
2074 1217 2107 1254 a
2128 1199 2272 1255 facie
2297 1200 2543 1254 fratrum
2564 1214 2805 1254 suorum
2830 1197 3116 1253 habitavit
3133 1198 3193 1253 in
3217 1202 3372 1254 terra
3390 1199 3534 1272 Tob,

1886 1286 2314 1361 colligebantur
2336 1289 2407 1344 ad
2430 1304 2563 1344 eum
2587 1287 2691 1343 viri
2712 1286 3053 1355 latrones,et
3075 1287 3537 1344 obambulabant

1885 1393 2018 1432 cum
2050 1377 2208 1449 ipso;
2242 1394 2579 1449 quanquam
2613 1381 2669 1433 et
2698 1382 2831 1432 ante
2862 1376 3191 1448 passionem
3236 1377 3533 1447 objectum

1884 1466 2059 1522 fuerit
2076 1466 2345 1539 Domino,
2371 1467 2525 1538 quod
2558 1483 2689 1522 cum
2706 1465 3037 1538 publicanis
3055 1470 3111 1522 et
3128 1466 3531 1537 peccatoribus

1883 1557 2284 1625 manducaret,
2320 1558 2554 1627 quando
2588 1556 2911 1628 respondit,
2946 1572 3062 1611 non
3097 1572 3227 1611 esse
3260 1572 3531 1611 necessa-

1882 1645 2035 1701 rium
2054 1646 2215 1701 sanis
2237 1646 2551 1716 medicum,
2578 1645 2679 1702 sed
2707 1646 2939 1719 aegrotis
2960 1644 3173 1718 (Matth.
3200 1663 3277 1716 1x,
3303 1646 3486 1715 11,12)
3513 1670 3528 1714 ;

1880 1737 1935 1789 et
1959 1734 2111 1790 inter
2131 1736 2368 1807 iniquos
2390 1736 2706 1807 deputatus
2732 1738 2819 1791 est
2843 1735 2990 1808 (lsai.
3016 1752 3136 1805 Lm,
3170 1735 3256 1805 12,
3291 1734 3527 1805 quando

1880 1822 2033 1879 inter
2051 1824 2307 1881 latrones
2331 1825 2643 1881 crucifixus
2667 1829 2842 1894 est,et
2862 1841 3045 1880 unum
3064 1841 3131 1880 ex
3154 1824 3238 1880 eis
3264 1824 3334 1879 de
3356 1840 3528 1880 cruce

1877 1912 1935 1967 in
1969 1914 2310 1985 paradisum
2340 1914 2639 1970 transtulit
2670 1914 2818 1986 (Luc.
2851 1931 3009 1970 χχιιι.
3040 1914 3129 1985 33,
3164 1913 3252 1986 43)
3279 1929 3292 1969 ;
3326 1918 3525 1970 tamen

1877 2007 2256 2075 posteaquam
2280 2002 2617 2070 resurrexit,
2650 2008 2706 2059 et
2730 2020 2860 2059 esse
2889 2004 3083 2074 coepit,
3117 2003 3442 2059 secundum
3465 2002 3525 2058 id

1876 2092 2028 2161 quod
2052 2110 2231 2165 supra
2260 2093 2663 2166 exposuimus,
2695 2093 2752 2147 in
2782 2096 2937 2149 terra
2957 2092 3103 2163 Tob,
3131 2092 3355 2148 collecti
3377 2095 3517 2147 sunt

1875 2181 1945 2236 ad
1958 2180 2128 2237 illum
2141 2182 2407 2239 scelerati
2426 2182 2693 2238 homines
2712 2186 2949 2254 propter
2963 2181 3369 2238 remissionem
3389 2198 3518 2254 pec-

1876 2276 2137 2327 catorum
2164 2290 2177 2339 ;
2213 2271 2312 2344 qui
2344 2289 2477 2327 cum
2497 2271 2594 2327 illo
2618 2271 3170 2343 ambulabant,quia
3190 2271 3517 2327 secundum

1875 2362 2003 2431 ejus
2021 2367 2307 2433 praecepta
2333 2360 2624 2417 vivebant.
2663 2361 2860 2432 Neque
2878 2360 2986 2416 hoc
3011 2360 3132 2415 fieri
3178 2359 3389 2416 desinit
3418 2376 3519 2415 us-

1877 2466 1990 2521 que
2022 2468 2194 2522 nunc,
2223 2457 2279 2506 et
2300 2451 2997 2523 deinceps,quousquead
3022 2466 3155 2505 eum
3174 2449 3522 2521 confugiunt

1877 2539 2038 2607 mali,
2075 2546 2140 2595 ut
2163 2539 2449 2611 justificct
2468 2539 2681 2612 impios
2704 2540 2802 2612 qui
2829 2540 2898 2595 ad
2923 2556 3056 2595 eum
3076 2542 3519 2608 convertuntur,

1877 2633 1933 2684 et
1965 2629 2196 2684 discant
2226 2629 2413 2701 iniqui
2442 2629 2567 2685 vias
2597 2630 2726 2699 ejus
2756 2626 2934 2699 (Psal.
2970 2645 3018 2698 L,
3055 2627 3163 2699 15).

1944 2718 2422 2789 Jamillud,quod
2445 2717 2619 2790 hiqui
2641 2716 3351 2789 abjecerantJephts(erat
3364 2714 3521 2771 enim

1876 2807 2250 2877 Galaadites),
2285 2806 2547 2863 conversi
2579 2813 2719 2862 sunt
2750 2808 2819 2862 ad
2852 2823 3008 2872 eum,
3043 2810 3097 2860 et
3129 2804 3523 2876 quaesiverunt

1873 2913 2030 2967 eum,
2066 2914 2167 2968 per
2189 2913 2362 2969 quem
2394 2896 2780 2951 liberarentur
2804 2896 2875 2950 ab
2900 2894 3156 2949 inimicis
3182 2893 3515 2964 suis;quam

1873 2986 2030 3042 clara
2049 2986 2520 3057 praefiguratione
2551 2984 2863 3056 significat,
2888 2984 3037 3056 quod
3074 2983 3132 3039 bi
3157 2983 3258 3056 qui
3286 2984 3515 3054 abjece-

1874 3080 2013 3130 runt
2034 3074 2353 3142 Christum,
2374 3075 2445 3130 ad
2470 3090 2602 3130 eum
2625 3091 2830 3128 rursus
2853 3073 3135 3143 conversi,
3157 3072 3217 3126 in
3237 3070 3333 3126 illo
3356 3088 3518 3143 repe-

1872 3164 2033 3220 riunt
2058 3164 2343 3220 salutem!
2394 3164 2513 3219 sive
2558 3162 2641 3217 illi
2682 3161 3089 3234 intelligantur
3127 3178 3271 3233 quos
3312 3161 3517 3216 Petrus

1870 3253 2171 3326 apostolus
2194 3271 2323 3310 cum
2352 3255 2421 3308 de
2445 3254 2569 3324 ipso
2593 3251 2809 3308 scelere
2836 3249 3383 3323 arguisset,sicutin
3409 3254 3518 3303 Ac-

1871 3343 2028 3398 tibus
2048 3342 2462 3415 Apostolorum
2500 3341 2735 3413 legitur,
2760 3345 2816 3396 et
2839 3340 3103 3396 hortatus
3146 3342 3301 3394 esset
3344 3342 3407 3393 ut
3442 3339 3516 3394 ad

1870 3450 2003 3489 eum
2027 3435 2519 3501 converterentur,
2552 3446 2727 3502 quem
2758 3430 2991 3486 fuerant
3022 3428 3333 3502 persecuti,
3366 3443 3519 3483 com-

1870 3523 2071 3594 puncti
2106 3527 2246 3577 sunt
2279 3522 2475 3590 corde,
2507 3525 2566 3576 et
2594 3522 2665 3575 ab
2697 3518 2795 3574 illo
2827 3534 2999 3591 quem
3033 3534 3067 3574 a
3123 3534 3184 3574 se
3229 3516 3517 3573 alienave-

1868 3617 2018 3681 rant,
2039 3612 2519 3668 desideraverunt
2542 3609 2790 3664 salutem
2817 3607 2981 3679 (quid
3004 3612 3094 3663 est
3134 3610 3329 3663 autem
3371 3606 3516 3661 libe-

1868 3701 1985 3757 rari
2008 3702 2080 3756 ab
2108 3699 2387 3766 inimicis,
2413 3699 2525 3755 nisi
2572 3716 2605 3753 a
2636 3697 2938 3770 peccatis?
2971 3697 3054 3753 sic
3074 3696 3230 3752 enim
3254 3695 3370 3751 illis
3410 3695 3511 3761 ait,

1867 3791 2021 3861 Agite
2035 3791 2301 3861 pa’nitent
2311 3790 2443 3852 iam,
2468 3790 2517 3842 et
2548 3785 2857 3856 baptizatur
2876 3786 3252 3855 unusquisque
3273 3785 3516 3838 vestrum

1870 3878 1923 3932 in
1942 3880 2164 3933 nomine
2182 3877 2405 3933 Domini
2435 3877 2562 3931 Jesu
2612 3874 2849 3936 Christi;
2890 3882 2940 3928 et
2971 3874 3313 3929 remittentur
3358 3871 3510 3926 vobis

1861 3975 2081 4039 peccata
2106 3970 2282 4022 vestra
2302 3966 2438 4034 (Act.
2464 3981 2525 4030 ιι,
2546 3963 2778 4034 22-28):
2804 3962 2925 4017 sive
2946 3960 3255 4032 illapotius
3278 3959 3504 4031 signifi-

1866 4063 2046 4127 cetur,
2082 4072 2208 4128 quas
2240 4055 2300 4109 in
2331 4055 2445 4108 fine
2477 4056 2747 4123 speratur
2790 4050 3013 4106 vocatio
3059 4048 3250 4121 gentis
3305 4048 3500 4106 Israel.

1864 4145 2048 4218 Magis
2080 4145 2294 4217 quippe
2319 4144 2445 4215 ipsa
2474 4141 2705 4197 videtur
2735 4156 3013 4212 apparere
3044 4140 3103 4194 in
3134 4155 3199 4194 eo
3233 4138 3387 4210 quod
3421 4137 3510 4192 di-

1864 4236 2034 4292 citur.
2071 4238 2131 4291 Et
2161 4236 2457 4305 factumest
2475 4234 2595 4303 post
2617 4230 2730 4286 dies
2752 4248 2771 4285 :
2794 4229 2949 4300 quod
2981 4229 3184 4300 utique
3205 4232 3335 4300 post
3358 4232 3512 4283 tem-

1863 4342 1974 4397 pus
2004 4324 2333 4396 significat;
2366 4326 2423 4377 et
2454 4336 2554 4393 per
2585 4318 2693 4375 hoc
2726 4317 2990 4373 insinuat
3020 4334 3135 4373 non
3158 4316 3302 4372 illud
3337 4314 3509 4371 intel-

1860 4413 2163 4485 ligendum
2196 4411 2350 4484 quod
2386 4407 2600 4465 recenti
2634 4407 2863 4463 Domini
2924 4406 3199 4479 passione
3244 4409 3353 4473 est,
3403 4405 3505 4460 sed

1862 4502 2017 4573 quod
2050 4506 2252 4574 postea
2282 4499 2548 4554 futurum
2596 4500 2706 4552 est.
2758 4498 2880 4560 Quo
2932 4494 3161 4552 videtur
3216 4495 3393 4551 etiam
3445 4494 3505 4548 id

1861 4589 2330 4663 pertinere,quod
2354 4584 2854 4658 senioresﬁalaad
2872 4590 3155 4640 venerunt
3178 4584 3247 4639 ad
3272 4582 3502 4655 Jephte,

1862 4684 1926 4735 ut
1947 4696 2049 4751 per
2078 4683 2306 4733 (etatem
2338 4675 2581 4731 senilem
2606 4674 2924 4747 posteriora
2943 4679 3000 4729 et
3024 4672 3503 4729 novissimatem-

1860 4786 2001 4841 pora
2030 4767 2368 4839 accipienda
2401 4767 2537 4821 sint.
2576 4764 3001 4835 Interpretatur
3031 4766 3226 4817 autem
3283 4760 3500 4817 Galaad

1857 4857 2172 4928 Abjiciens,
2208 4856 2327 4913 sive
2358 4852 2668 4910 Revelatio.
2705 4853 2963 4916 Quorum
2995 4856 3313 4923 utrumque
3354 4851 3500 4908 satis

1859 4953 1991 5018 apte
2047 4946 2184 5002 huic
2243 4945 2324 5001 rei
2380 4943 2688 5015 congruit;
2749 4941 2889 5011 quia
2948 4941 3135 5013 primo
3188 4940 3500 4996 Dominum

1856 5038 2154 5094 Christum
2186 5036 2545 5107 abjecerunt,
2580 5031 2784 5101 eisque
2816 5035 3015 5102 postea
3057 5030 3426 5086 revelabitur.

1926 5128 2088 5191 Quod
2119 5142 2251 5181 vero
2280 5127 2480 5179 contra
2512 5120 2662 5176 ﬁlios
2698 5123 2943 5175 Ammon
2976 5120 3092 5176 dux
3125 5121 3497 5192 querebatur

68 5207 465 5276 fornicatione
494 5224 605 5264 non
627 5225 821 5264 sumus
840 5211 1000 5272 nati;
1022 5227 1194 5267 unum
1230 5221 1443 5283 patrem
1485 5213 1745 5270 habemus
1851 5215 2302 5288 Jephte,quibus
2324 5214 2490 5267 victis
2513 5210 3105 5281 liberarentur,quieo
3133 5210 3490 5266 ducsadver-

72 5296 265 5350 Deum
284 5296 389 5364 (Id.
413 5313 536 5365 VIII,
560 5298 670 5369 41).
695 5300 763 5354 Et
778 5301 925 5370 fugit
945 5300 1135 5371 Iephte
1149 5318 1181 5356 a
1201 5304 1345 5371 [acie
1365 5306 1602 5374 [rutrum
1622 5322 1746 5359 suo-

1854 5322 1955 5359 sus
1990 5303 2120 5359 illos
2154 5302 2368 5358 bellare
2399 5298 2733 5371 cupiebant,
2769 5298 3044 5369 quoniam
3078 5298 3494 5370 interpretatur

71 5401 237 5455 rum,
264 5389 321 5440 et
344 5386 613 5443 habitavit
635 5388 694 5442 in
734 5390 890 5443 terra
941 5390 1062 5445 Tob.
1116 5391 1309 5462 Fugit,
1354 5393 1633 5465 quoniam
1683 5410 1745 5448 se
1850 5395 2096 5449 Ammon
2125 5392 2305 5448 Filius
2339 5389 2538 5463 populi
2572 5388 2709 5455 mei,
2744 5386 2862 5442 sive
2888 5387 3147 5459 Populus
3190 5386 3493 5455 maeroris;

74 5480 357 5546 quantus
377 5481 535 5532 esset
555 5477 883 5545 abscondit;
902 5477 1359 5550 fugit,quoniam
1382 5497 1480 5537 eos
1503 5482 1743 5538 saevien-

1853 5484 2110 5553 prof‘ecto
2124 5480 2320 5537 autilli
2335 5478 2746 5553 signiﬁcantur
2763 5475 3191 5547 inimici,quiex
3211 5477 3337 5547 ipsa
3349 5492 3496 5548 gen-

72 5568 173 5619 tes
197 5562 381 5619 latuit
405 5583 417 5621 :
443 5568 510 5623 Si
532 5568 683 5622 enim
702 5568 1099 5636 cognovissent,
1120 5586 1410 5642 nunquam
1453 5572 1744 5627 Dominum
1849 5577 1905 5627 te
1928 5575 2365 5643 perseverantes
2388 5570 2448 5623 in
2466 5564 2811 5623 infidelitate
2825 5566 3495 5637 praedictisuntzautom-

73 5653 297 5721 gloriae
315 5656 721 5726 cruciﬁzissent
742 5657 786 5729 (Ι
805 5655 924 5713 Cor.
945 5659 1098 5731 11,8).
1119 5661 1594 5734 Fugit,quoniam
1618 5679 1743 5718 mo-

80 5740 309 5798 rientis
329 5743 735 5803 infirmitatem
754 5744 845 5802 vid
853 5762 953 5802 eru
962 5747 1327 5814 nt,virtutem
1340 5756 1536 5809 autem
1550 5767 1744 5809 resur-

1852 5660 1990 5717 nino
2013 5676 2218 5717 omnes
2240 5660 2516 5733 gehennae
2540 5653 3063 5728 praedestinati,ubi
3084 5654 3194 5710 erit
3213 5654 3298 5711 eis
3320 5654 3492 5711 ﬂetus

1852 5756 1908 5806 et
1930 5748 2147 5806 stridor
2162 5751 2425 5807 dentium
2447 5742 2654 5819 (Matth.
2683 5759 2813 5808 xxv,
2831 5743 2943 5815 30),
2970 5748 3252 5816 tanquam
3275 5744 3488 5820 populo
