4030 6182
213 373 332 434 849

204 502 324 560 sim
345 508 463 559 tam
481 506 816 571 sanctus,ut
834 504 1170 576 perveniam
1198 504 1271 560 ad
1293 520 1496 561 eorum
1522 518 1855 572 numerum,

206 593 311 664 qui
338 593 506 648 sedes
523 594 651 663 ejus
674 598 1006 649 sunt.Tunc
1032 594 1188 649 enim
1214 611 1457 666 possum
1483 594 1675 648 dicere
1695 608 1851 661 vera,

205 687 264 738 et
278 683 500 737 audire:
529 684 684 738 unde
699 688 753 737 et
778 683 901 738 οωΙί
922 684 1201 738 dicuntur
1220 684 1425 739 sancti.
1451 687 1516 739 Et
1537 698 1857 753 cognoscam

202 773 701 843 causationesquas
718 773 972 844 loquetur
992 773 1514 828 mihi:redditiones
1533 788 1855 839 causarum,

203 862 425 933 quibus
439 877 500 915 se
513 861 1149 932 omniajustejudicare
1164 862 1857 917 demonstrat.Etsentiam

203 967 331 1022 quae
354 951 655 1005 annuntiat
674 950 854 1005 mihi:
882 952 1008 1021 jam
1042 951 1346 1021 proximus
1369 952 1442 1006 ei.
1464 953 1547 1005 An
1588 952 1646 1005 in
1672 948 1854 1004 multa

200 1041 408 1095 virtute
426 1039 840 1111 diiudicabitur
850 1044 1158 1097 mecummt
1170 1058 1273 1112 per
1286 1040 1607 1111 potentiam
1621 1038 1855 1094 resistat

199 1128 768 1200 mihi?Nequaquam
781 1129 999 1185 .Tamen
1017 1130 1079 1185 in
1098 1134 1314 1185 terrore
1335 1145 1445 1185 non
1463 1129 1723 1184 abutatur
1737 1145 1850 1183 me:

201 1222 446 1290 propter
466 1221 705 1288 peccata
734 1234 885 1285 mea,
911 1235 1013 1289 pro
1055 1217 1271 1290 quibus
1298 1218 1476 1273 timeo
1501 1218 1694 1284 modo,
1719 1233 1852 1271 cum

205 1324 348 1362 sum
380 1307 439 1361 in
471 1310 711 1374 terrore,
747 1324 859 1363 non
884 1308 1161 1363 abutatur
1191 1326 1304 1363 me.
1345 1310 1616 1365 Caeterum
1635 1325 1758 1362 cum
1786 1307 1857 1361 ad

198 1412 332 1452 eum
347 1397 631 1451 venero:in
645 1395 747 1451 illa
765 1395 1033 1452 libertate
1058 1414 1174 1469 qua
1197 1414 1301 1469 ego
1318 1397 1749 1453 annumerabor
1768 1412 1858 1452 so-

200 1484 288 1540 lio
303 1486 964 1555 ejus,omniaamabo,et
977 1503 1090 1541 non
1107 1486 1251 1541 mihi
1265 1486 1690 1542 resistetvirtus
1702 1486 1751 1555 ej
1764 1502 1853 1551 us;

208 1572 493 1645 quamvis
510 1573 681 1628 modo
701 1574 886 1644 possit
904 1591 996 1628 me
1018 1575 1200 1643 abuti,
1227 1580 1426 1647 utpote
1448 1580 1769 1646 peccatore:
1796 1574 1852 1627 id

201 1667 318 1730 est,
347 1662 525 1716 faciat
554 1662 623 1717 de
644 1678 738 1716 me
776 1663 932 1734 quod
957 1661 1102 1729 vult,
1126 1664 1300 1719 etiam
1340 1680 1473 1719 cum
1506 1680 1675 1735 poena
1700 1679 1851 1727 mea,

188 1751 366 1821 juste
388 1754 606 1805 tamen.
645 1750 857 1805 Veritas
877 1752 1029 1805 enim
1057 1754 1108 1806 et
1146 1753 1452 1821 increpatio
1474 1756 1552 1807 est
1576 1754 1644 1807 ab
1674 1767 1765 1806 eo:
1793 1751 1851 1805 id

198 1843 316 1905 est,
354 1856 470 1894 non
492 1837 712 1909 injuste
734 1839 1021 1910 increpat.
1053 1840 1249 1896 Educit
1277 1843 1336 1895 in
1368 1842 1533 1910 ﬁnem
1583 1840 1854 1907 judicium

197 1943 410 1983 meum.
438 1927 622 1982 Etiam
645 1927 695 1982 si
718 1927 889 1983 modo
912 1928 1170 2001 corripit,
1193 1933 1393 2000 postea
1427 1928 1847 1984 manifestabit.

189 2019 340 2075 Nam
354 2019 405 2072 si
422 2020 635 2088 primus
648 2018 1016 2085 ambulavero,
1043 2022 1233 2089 postea
1257 2036 1365 2074 non
1400 2035 1520 2074 ero.
1541 2019 1665 2076 Non
1691 2036 1848 2073 arro-

188 2112 803 2178 gantersperem,non
819 2107 1133 2163 inﬁdeliter
1150 2108 1588 2180 desperemzhoc
1600 2112 1709 2178 est,
1734 2124 1850 2162 non

189 2194 497 2251 declinare
510 2196 711 2251 dextra
733 2201 833 2251 aut
849 2196 1254 2253 sinistra.Inde
1277 2202 1384 2267 est,
1404 2197 1463 2252 Si
1480 2196 1768 2252 ascendere
1791 2198 1851 2250 in

189 2285 487 2349 ccelum,tu
508 2285 588 2339 ibi
622 2301 679 2339 es
700 2285 878 2356 (Psal.
906 2303 1169 2356 cxxxvm,
1196 2287 1270 2356 8).
1307 2286 1446 2351 Quis
1469 2303 1561 2341 me
1581 2286 1717 2341 inde
1748 2302 1849 2357 po-

190 2378 318 2428 test
341 2372 581 2444 pellere?
604 2374 760 2429 etc.A
793 2372 933 2428 laeva
951 2374 1084 2447 quid
1131 2384 1389 2445 aget,non
1419 2374 1847 2447 apprehendam.

189 2462 510 2533 Superiora
530 2463 751 2531 repetit.
780 2469 827 2515 Α
848 2462 991 2517 laeva
1020 2468 1216 2518 autem
1236 2463 1376 2519 dicit
1412 2481 1525 2519 non
1550 2480 1611 2520 se
1642 2480 1849 2535 appre-

189 2550 1849 2623 hensurumdeditumtemporalibus.Converteturadde;r-

193 2648 407 2708 teram,
429 2649 597 2694 etnon
610 2639 826 2695 videbo.
852 2640 987 2695 Ideo
1011 2657 1129 2695 non
1143 2641 1321 2697 debeo
1334 2642 1680 2697 essealaava.
1708 2642 1844 2697 Con-

192 2732 451 2784 vertetur
473 2733 668 2783 autem
701 2724 839 2799 dixi,’
863 2728 999 2798 quia
1028 2731 1153 2801 ipse
1201 2731 1261 2784 in
1304 2731 1711 2802 spiritualibus
1736 2735 1845 2798 est,

194 2818 360 2873 unde
382 2834 489 2889 ego
511 2833 604 2872 me
620 2822 833 2885 averto,
869 2817 918 2872 si
962 2835 995 2873 a
1026 2818 1164 2874 laeva
1200 2819 1385 2875 fuero.
1421 2820 1532 2874 Scit
1564 2820 1675 2889 ipse
1698 2820 1847 2873 viam

188 2922 417 2961 meam:
442 2909 506 2959 ut
528 2905 760 2961 etiamsi
782 2922 885 2977 per
908 2905 1317 2962 tribulationes
1351 2924 1441 2963 me
1474 2907 1724 2971 duxerit,
1755 2922 1844 2962 se-

192 3011 366 3064 quar.
396 2994 655 3050 Probavit
684 3010 767 3049 me
788 2996 927 3049 sicut
943 3011 1145 3050 aurum
1163 3013 1182 3050 :
1204 2995 1263 3049 in
1298 2994 1777 3050 tribulationibus
1803 2998 1842 3050 ί.

190 3083 466 3152 Egredior
486 3085 547 3138 in
570 3086 862 3155 praeceptis
885 3085 1022 3156 ejus.
1055 3089 1129 3139 De
1151 3085 1407 3140 tenebris
1431 3084 1576 3139 meis
1619 3100 1842 3151 exeam,

195 3173 299 3228 sed
321 3177 518 3227 tamen
542 3172 599 3226 in
624 3172 931 3244 praeceptis
952 3174 1100 3244 ejus.
1125 3173 1187 3229 Si
1206 3182 1388 3229 autem
1425 3174 1541 3245 ipse
1570 3174 1846 3245 judicavit

192 3264 309 3317 sic:
334 3266 398 3315 ut
422 3277 523 3333 per
544 3260 953 3316 tribulationes
978 3279 1067 3317 me
1087 3266 1367 3331 tanquam
1390 3278 1596 3316 aurum
1618 3262 1842 3332 probet.

194 3354 498 3419 Propterea
519 3350 592 3404 ad
611 3365 735 3404 eum
756 3352 1019 3420 [estinavi
1041 3368 1053 3405 :
1079 3349 1217 3421 quia
1238 3367 1330 3405 me
1362 3348 1680 3415 tribulavit,
1714 3350 1843 3404 ideo

194 3438 419 3493 relictis
438 3438 861 3509 temporalibus
875 3439 944 3493 ad
963 3456 1096 3493 eum
1116 3438 1474 3495 festinavi.Et
1486 3439 1845 3495 commonitus

190 3529 467 3584 sollicitus
486 3527 659 3598 [uide
693 3543 790 3583 eo:
835 3532 899 3582 ut
938 3526 1030 3582 his
1053 3528 1233 3599 painis
1269 3527 1601 3583 carnalibus
1632 3532 1845 3582 aeterna

194 3615 495 3687 supplicia
524 3614 1074 3670 devitaredecirco
1093 3632 1127 3669 a
1140 3616 1285 3685 [acie
1304 3617 1420 3685 ejus
1440 3615 1844 3670 turbabanttu-

185 3705 262 3760 do
290 3704 603 3772 turbabor,
627 3708 691 3758 ut
710 3720 942 3759 caveam
960 3704 1224 3776 cogitans
1247 3704 1509 3758 futurum
1526 3704 1841 3774 judicium,

184 3794 287 3848 ubi
318 3793 431 3848 erit
460 3794 586 3864 ejus
618 3792 1032 3848 manifestatio.
1064 3793 1131 3847 Et
1174 3792 1435 3847 Dominus
1464 3792 1700 3847 mollivit
1752 3807 1845 3845 cor

186 3881 471 3936 meum.Et
489 3881 683 3951 ipsum
700 3880 1047 3952 timere,quo
1066 3885 1226 3935 cavet
1244 3880 1472 3935 futuras
1493 3896 1713 3950 poenas,
1741 3878 1843 3932 mi-

188 3969 528 4026 sericordia:
550 3968 651 4024 Dei
675 3969 1070 4039 deputat.Non
1092 3969 1247 4024 enim
1271 3968 1842 4039 sciretsuperventu-

187 4077 287 4115 ras
313 4075 517 4129 poenas
542 4062 600 4113 et
620 4059 893 4113 tenebras
917 4057 1109 4126 malis,
1134 4058 1248 4113 nisi
1272 4057 1556 4112 Dominus
1589 4055 1844 4111 molliret

190 4164 291 4203 cor
312 4148 444 4218 ejus
470 4146 854 4217 praesentibus
870 4145 1655 4201 tribulationibuszadversus
1672 4144 1839 4212 illud,

188 4239 349 4308 quod
372 4234 613 4290 indurat
640 4239 787 4290 Deus
818 4252 916 4289 cor
946 4234 1267 4290 Pharaonis
1291 4236 1492 4304 (Exod.
1524 4251 1624 4303 vn,
1656 4233 1731 4305 3).

258 4326 367 4392 [1b.
401 4328 576 4391 χχιιι]
613 4324 795 4392 Quare
824 4326 1119 4380 Dominum
1155 4339 1265 4379 non
1323 4323 1605 4380 latuerunt
1656 4324 1836 4378 horas:

180 4413 609 4478 Quamobrem,
640 4412 752 4479 vel,
791 4414 1011 4484 Itaque.
1070 4415 1266 4470 Finem
1322 4414 1625 4483 trangressi
1676 4420 1835 4467 sunt:

177 4502 519 4559 Christum.
553 4503 619 4556 Et
647 4500 1059 4557 inclinaverunt
1084 4518 1354 4573 pauperes
1382 4518 1417 4556 a
1445 4503 1535 4556 via
1556 4502 1706 4573 justa
1729 4518 1747 4555 :
1777 4503 1841 4555 ut

182 4590 275 4647 vel
307 4591 689 4646 imitarentur
718 4606 838 4659 eos,
868 4590 957 4646 vel
977 4591 1114 4647 inde
1135 4591 1560 4647 arbitrarentur
1582 4608 1696 4645 non
1712 4605 1842 4645 esse

187 4678 796 4750 divinumjudicium,
830 4680 967 4751 quia
990 4680 1340 4753 impunitam
1360 4680 1636 4736 videbant
1669 4678 1838 4735 mali-

192 4770 344 4825 tiam
372 4783 487 4839 qua
503 4767 587 4822 eis
618 4768 904 4823 nocebant
920 4768 1314 4839 relinquentes
1322 4769 1638 4840 justitiam.
1659 4768 1840 4823 Simul

187 4855 504 4913 absconditi
522 4865 648 4911 sunt
662 4858 823 4912 mites
842 4861 1168 4914 terrsezcum
1183 4857 1274 4913 his
1289 4857 1388 4928 qui
1402 4858 1842 4913 declinaverunt

183 4964 219 5002 a
246 4945 878 5016 viajusta,absconditi
898 4952 1038 5001 sunt
1056 4947 1330 5014 mites,ne
1344 4946 1488 5000 mihi
1502 4946 1720 5001 ferrent
1741 4964 1841 5001 au-

185 5034 426 5090 xilium.
456 5033 597 5089 Nam
622 5033 886 5090 triasunt
905 5051 1119 5107 genera
1137 5035 1441 5090 hominum
1473 5035 1532 5090 in
1567 5035 1839 5104 Ecclesia,

187 5138 331 5179 cum
365 5120 431 5175 ﬁt
462 5122 822 5192 persecutio:
856 5121 952 5176 alii
986 5123 1143 5177 enim
1174 5122 1569 5187 consentiunt,
1603 5122 1703 5177 alii
1751 5123 1841 5177 fu-

192 5208 492 5284 giunt,alii
516 5210 1093 5282 patiuntur,quorum
1117 5227 1425 5283 personam
1448 5211 1695 5267 sustinet
1711 5212 1841 5268 Job.

199 5307 265 5358 Et
290 5301 583 5354 irruerunt
598 5301 753 5355 asini
760 5302 871 5373 feri
888 5302 947 5356 in
968 5318 1104 5371 agro
1123 5317 1286 5373 super
1302 5301 1585 5357 me.Stulti
1606 5306 1664 5357 et
1683 5302 1846 5359 indo-

191 5388 498 5458 miti,etob
516 5388 625 5444 hoc
649 5391 908 5461 superbi,
938 5391 1235 5446 irruerunt
1255 5408 1434 5463 super
1450 5409 1541 5447 me
1563 5393 1844 5449 conﬁten-

191 5484 341 5547 tem,
368 5477 594 5534 scilicet
613 5480 954 5536 Ecclesiam.
1004 5482 1072 5535 Et
1113 5490 1373 5537 exeuntes
1403 5481 1472 5536 ad
1501 5497 1635 5553 opus
1659 5499 1843 5540 suum.

192 5567 318 5624 Hoc
331 5566 490 5623 enim
514 5584 662 5641 opus
680 5573 1079 5639 esteorum,ut
1097 5569 1159 5627 in
1181 5586 1274 5628 me
1302 5570 1617 5640 irruant,id
1637 5577 1746 5639 est,
1772 5572 1845 5628 ad

264 5756 283 5790 ι
318 5752 442 5805 Mss.
475 5757 600 5807 tres.
630 5754 1014 5810 tentationibus.

1666 374 1900 434 LIBER
1943 374 2179 436 UNUS.

3501 386 3624 446 850

1971 505 2080 561 hoc
2101 504 2365 576 deputati
2388 509 2529 561 sunt
2550 524 2584 562 a
2604 506 2740 563 Deo.
2776 507 2974 564 Suavis
2994 510 3174 580 [actus
3195 513 3270 565 est
3309 512 3362 566 ei
3370 515 3535 582 panis
3556 516 3621 568 in

1969 595 2542 666 adolescentes.lmpio
2558 600 2614 651 et
2630 598 2987 667 persecutori
3002 615 3241 653 suavem
3256 616 3457 671 panem
3481 601 3624 657 dicit

1968 681 2026 736 id
2050 688 2159 750 est,
2183 685 2669 754 persecutionem,
2703 703 2817 756 qua
2837 685 3087 741 libenter
3116 688 3439 757 fruebatur,
3486 704 3620 743 cum

1969 788 2096 826 eam
2121 773 2333 827 faceret
2361 774 2861 830 adolescentibus:
2884 780 2947 829 ut
2968 776 3369 832 adolescentes
3392 782 3493 832 aut
3511 795 3616 849 pro

1969 861 2328 916 amatoribus
2359 862 2720 933 voluptatum
2739 864 3276 936 accipiamus,quia
3303 865 3412 936 ipsi
3450 866 3618 921 facile

1968 948 2184 1003 talibus
2205 950 2717 1018 consentiunt;aut
2738 968 2841 1022 pro
2868 952 2949 1006 eis
2974 953 3074 1023 qui
3096 958 3323 1008 tantum
3346 953 3405 1007 in
3428 953 3618 1009 Eccle-

1968 1037 2055 1092 sia
2082 1039 2471 1109 profecerunt,
2503 1044 2564 1094 ut
2597 1040 2858 1111 pueritia:
2891 1041 3127 1112 quidem
3172 1042 3617 1113 simplicitatem

1966 1127 2326 1195 transierint,
2359 1130 2457 1183 sed
2478 1130 2742 1184 nondum
2770 1130 3134 1201 pervenerint
3156 1130 3227 1185 ad
3265 1131 3442 1185 robur
3469 1130 3616 1186 illud

1965 1215 2275 1287 virile,quo
2299 1217 2473 1272 etiam
2494 1222 2832 1289 persecutor
2849 1218 3476 1289 contemnitur.Agrum
3489 1221 3617 1274 ante

1965 1309 2176 1376 tempus
2198 1322 2305 1361 non
2320 1323 2482 1360 suum
2503 1306 2930 1363 demessuerunt.
2952 1310 3067 1361 Aut
3088 1324 3304 1378 genera
3325 1308 3466 1361 dicit
3481 1323 3612 1378 per-

1965 1393 2356 1465 secutionum,
2391 1400 2454 1449 ut
2483 1396 2739 1466 aliquem
2772 1396 2894 1468 agri
2917 1396 3131 1451 damno
3162 1399 3476 1451 terrerent:
3512 1400 3615 1451 aut

1966 1500 2070 1553 pro
2092 1500 2230 1555 agro
2252 1484 2508 1538 Ecclesia
2527 1483 3118 1556 intelligenda,quam
3143 1488 3276 1539 ante
3298 1484 3610 1539 maturita-

1963 1574 2079 1625 tem
2104 1570 2609 1642 persecutionibus
2635 1580 2849 1626 metere
2874 1572 3205 1639 voluerunt,
3230 1571 3287 1627 id
3313 1577 3419 1639 est,
3446 1576 3613 1626 ante-

1964 1676 2139 1730 quam
2163 1658 2338 1714 simul
2352 1660 2707 1715 zizaniacres
2718 1664 3000 1729 cerent,ut
3013 1664 3275 1732 tempore
3295 1661 3505 1715 messis
3520 1677 3613 1715 se-

1962 1756 2312 1819 pararentur
2328 1748 2779 1820 (Matth.xm,29,
2792 1749 2902 1818 30).
2932 1753 3013 1803 De
3025 1750 3327 1803 stillicidiis
3342 1751 3610 1803 montium

1960 1838 2698 1909 madescent:confugientes
2717 1837 2859 1892 nudi
2882 1838 2953 1892 ad
2980 1837 3311 1909 speluncas,
3338 1838 3437 1893 ubi
3464 1855 3605 1893 saxa

1961 1926 2266 1981 distillant.
2292 1928 2605 1998 [tepuerunt
2622 1926 2696 1982 ab
2718 1927 2883 1982 ubere
2901 1928 3285 1997 pupillum.Pu
3297 1926 3419 1998 pilli
3452 1932 3509 1981 et
3528 1927 3607 1981 vi-

1961 2015 2087 2069 duae
2111 2015 2457 2087 plerumque
2478 2032 2547 2071 ex
2568 2033 2815 2087 persona
2833 2015 3098 2071 Ecclesia:
3120 2015 3441 2087 accipiendi
3469 2034 3481 2072 :
3515 2019 3605 2071 est

1958 2104 2211 2176 populus
2234 2106 2343 2159 sub
2362 2109 2750 2161 tormento.Et
2767 2121 2891 2159 eum
2912 2106 3005 2175 qui
3023 2104 3599 2173 ceciderat,humitia—

1960 2206 2184 2249 verunt:
2214 2194 2511 2249 desertum
2532 2192 2619 2249 vel
2643 2192 2858 2249 auxilio
2882 2194 3003 2260 Dei,
3025 2193 3113 2249 vel
3137 2193 3407 2264 alicujus;
3443 2194 3599 2264 quod

1957 2286 2048 2337 est
2070 2298 2292 2353 magna:
2313 2281 2688 2349 saavitiae,non
2710 2281 2930 2337 talibus
2953 2299 3204 2354 parcere.
3230 2284 3292 2337 In
3332 2283 3605 2353 angustiis

1956 2370 2217 2425 insidiati
2235 2380 2362 2427 sunt
2378 2372 2589 2441 inique:
2608 2372 2667 2425 in
2681 2371 3234 2427 necessitatibus.De
3248 2374 3466 2428 civitate
3477 2373 3603 2427 etde

1954 2459 2203 2515 domibus
2223 2460 2612 2531 ejiciebantur.
2635 2461 2719 2515 Ab
2747 2460 2831 2516 eis
2852 2461 3239 2530 ejiciebantur
3261 2460 3380 2516 alii.
3404 2461 3607 2515 Anima

1953 2565 2079 2603 vero
2092 2550 2451 2620 parvulorum
2472 2552 2531 2603 in
2551 2551 2761 2619 gemitu
2786 2549 2966 2605 valde:
2988 2550 3239 2620 fuithse
3259 2558 3439 2605 autem
3462 2551 3603 2605 Deus

1953 2654 2144 2693 eorum
2158 2654 2351 2693 curam
2373 2654 2482 2692 non
2493 2638 2787 2693 habuit:im
2798 2638 3197 2709 piorum,quia
3211 2639 3383 2692 modo
3397 2654 3601 2692 curam

1954 2743 2158 2782 eorum
2182 2744 2293 2781 non
2320 2726 2611 2793 habendo,
2640 2727 2775 2781 fecit
2805 2742 2903 2781 eos
2936 2726 3246 2796 desperare
3277 2726 3347 2779 de
3370 2724 3597 2795 judicio

1955 2816 2081 2883 Dei;
2107 2815 2245 2886 quia
2264 2815 2507 2886 impune
2528 2815 2682 2870 mala
2702 2814 3083 2869 faciebant.Et
3103 2813 3225 2869 ideo
3255 2814 3315 2867 in
3344 2813 3596 2869 tenebras

1952 2905 2147 2960 traditi
2169 2914 2326 2968 sunt:
2349 2904 2689 2976 ignorantiae
2700 2904 2909 2975 judicii
2929 2903 3122 2958 Dei.Et
3140 2908 3363 2975 repente
3384 2906 3441 2958 ut
3461 2904 3556 2974 fur
3572 2921 3593 2958 :

1953 3010 2050 3049 eos
2074 2994 2384 3066 occupabit
2399 2993 2524 3049 dies
2547 2992 2663 3049 ille.
2687 2993 2886 3049 Oculus
2911 2992 3155 3048 adulteri
3177 2993 3426 3048 observat
3448 3000 3593 3048 tene-

1953 3076 2425 3139 bras.0stendere
2436 3082 2560 3138 vult
2580 3081 2638 3137 in
2654 3099 2801 3153 quas
2814 3083 3087 3138 tenebras
3108 3081 3504 3137 tradanturim
3514 3082 3593 3154 pii

1951 3189 2054 3243 per
2073 3172 2487 3244 impunitatem
2513 3189 2526 3227 :
2561 3188 2678 3226 non
2701 3171 2857 3227 enim
2880 3187 2979 3227 eas
3010 3187 3157 3242 quas
3178 3174 3417 3242 captant
3433 3171 3596 3227 adul-

1952 3261 2082 3329 teri,
2104 3266 2162 3316 et
2183 3261 2369 3316 cisteri
2395 3261 2495 3333 qui
2515 3259 2667 3315 male
2688 3260 2917 3315 faciunt
2932 3277 3035 3331 per
3050 3264 3299 3328 noctem,
3327 3276 3399 3314 ne
3416 3276 3594 3333 agno-

1950 3354 2192 3405 scantur
2222 3365 2323 3420 per
2340 3349 2492 3404 diem
2515 3374 2528 3415 ;
2551 3349 2651 3404 sed
2674 3347 2807 3403 illas
2830 3365 2955 3419 quas
2983 3348 3159 3404 etiam
3186 3364 3357 3404 mane
3377 3352 3393 3384 ί
3419 3364 3598 3419 super

1950 3454 2051 3493 eos
2074 3441 2235 3493 sunt.
2271 3437 2501 3509 Suffodit
2532 3439 2857 3493 intenebris
2879 3437 3082 3493 domos.
3106 3436 3234 3493 Alia
3262 3437 3419 3492 mala
3448 3437 3600 3492 facta

1950 3531 2393 3583 commemorat.
2415 3528 2523 3581 Per
2538 3526 2683 3581 diem
2701 3527 3125 3595 obsignaverunt
3144 3528 3481 3597 semetipsos:
3503 3543 3591 3582 oo-

1949 3614 2244 3671 oultaveru
2255 3617 2461 3671 nt.Non
2478 3622 2843 3686 cognoverunt
2857 3616 3187 3687 lucem,quia
3202 3617 3375 3671 simul
3385 3618 3463 3671 eis
3477 3632 3595 3670 ma-

1945 3706 2068 3760 net'
2089 3705 2285 3760 umbra
2303 3707 2494 3759 mortis
2525 3721 2544 3759 :
2573 3721 2687 3760 non
2711 3704 2849 3776 quia
2870 3721 2982 3760 nox
3004 3704 3263 3775 recessit,
3288 3710 3594 3775 propterea

1948 3810 2047 3849 eos
2079 3793 2340 3848 deseruit
2370 3794 2580 3847 umbra
2609 3794 2837 3848 mortis.
2870 3794 3025 3848 Levis
3072 3802 3149 3848 est
3187 3808 3349 3863 super
3390 3794 3591 3862 faciem

1945 3897 2108 3953 aquae
2134 3899 2146 3935 :
2172 3883 2244 3936 ad
2268 3881 2759 3952 comparationem
2787 3886 2974 3951 terrai,
2995 3881 3421 3953 splendidiores
3443 3880 3589 3935 acci-

1946 3970 2140 4041 piendi
2167 3974 2323 4035 sunt,
2348 3985 2495 4039 quos
2514 3967 2615 4022 lux
2637 3974 2906 4039 penetrat
2926 3974 2982 4023 et
3005 3968 3462 4040 imagolevitatis
3496 3984 3509 4033 ;
3535 3970 3592 4021 et

1947 4060 2077 4113 ideo
2102 4057 2243 4112 levis
2266 4064 2353 4112 est
2395 4073 2572 4128 super
2588 4073 2686 4111 eos
2710 4057 2919 4112 umbra
2958 4057 3183 4111 mortis.
3214 4055 3360 4111 Nam
3391 4060 3447 4110 et
3477 4054 3591 4125 ipsi

1946 4151 2182 4218 portant
2201 4161 2328 4200 eam
2357 4162 2461 4217 per
2480 4146 2876 4200 conditionem
2900 4145 3112 4200 carnis.
3163 4145 3289 4211 Vel,
3331 4144 3484 4199 Levis
3514 4147 3595 4198 est

1943 4252 2105 4307 super
2123 4236 2323 4305 faciem
2342 4250 2497 4307 aqua
2520 4235 2687 4302 dixit,
2711 4251 2889 4306 super
2923 4250 3022 4289 eos
3061 4233 3161 4305 qui
3204 4234 3264 4287 in
3296 4232 3593 4304 Baptismo

1944 4323 2691 4380 confitentur.Maledicatur
2709 4340 2842 4394 pars
2861 4340 3054 4379 eorum
3066 4338 3235 4392 super
3248 4324 3596 4377 terram.Ste-

1944 4412 2051 4468 rile
2073 4412 2150 4468 sit
2171 4413 2327 4483 quod
2351 4413 2712 4484 delegerunt.
2733 4414 2805 4468 De
2824 4413 2952 4468 sinu
2982 4414 3134 4467 enim
3149 4412 3491 4483 pupillorum
3504 4427 3595 4465 ra-

1941 4502 2284 4571 puerunt:de
2296 4502 2465 4557 corde
2478 4502 2848 4557 inﬁrmorum
2860 4502 3097 4558 verbum
3112 4518 3214 4572 per
3231 4498 3444 4555 malam
3459 4515 3594 4554 sua-

1946 4592 2192 4647 sionem.
2216 4592 2423 4646 Deinde
2444 4595 2870 4646 rememoratum
2891 4594 2968 4645 est
2983 4589 3417 4660 peccatumeius:
3439 4587 3594 4657 quod

1944 4681 2191 4752 putabat
2211 4681 2268 4734 in
2291 4679 3203 4736 oblivionemvenire.Conteratur
3219 4680 3360 4732 sicut
3380 4676 3595 4747 lignum

1939 4769 2253 4826 insanabile
2263 4770 2443 4824 omnis
2459 4769 2700 4841 iniquus:
2713 4769 2867 4839 quod
2888 4785 3003 4822 non
3017 4770 3185 4822 sanat
3201 4765 3438 4821 3.Sterili
3448 4764 3597 4821 enim

1940 4875 2053 4915 non
2079 4860 2209 4929 fecit
2241 4859 2372 4913 bene
2396 4876 2413 4911 :
2441 4874 2563 4927 quae
2596 4857 2722 4913 sine
2740 4856 3139 4911 consolatione
3171 4854 3435 4909 filiorum
3480 4858 3592 4922 est,

1946 4948 2292 5019 Consurgens
2320 4962 2444 5017 ergo
2466 4962 2576 5000 non
2604 4946 2787 5000 credit
2808 4948 2998 5000 contra
3028 4945 3205 5001 vitam
3250 4958 3435 4998 suam:
3480 4959 3597 4999 non

1945 5035 2131 5092 credit
2161 5037 2444 5093 adversus
2475 5034 2657 5090 vitam
2699 5051 2867 5089 suam
2893 5052 2906 5102 ;
2941 5034 3143 5089 debuit
3174 5032 3331 5088 enim
3364 5032 3597 5088 credere

1947 5125 2163 5180 malam
2186 5142 2249 5180 se
2268 5124 2486 5179 habere
2507 5124 2705 5189 vitam,
2730 5128 2788 5178 et
2817 5140 2883 5178 eo
2901 5122 3029 5194 ipso
3054 5139 3426 5194 consurgere.
3464 5121 3599 5175 Cum

1946 5215 2231 5285 inﬁrmari
2257 5216 2496 5285 coeperit,
2523 5229 2629 5268 non
2661 5213 3165 5284 speretsanitatem:
3198 5209 3602 5266 tribulari.Sed

1947 5303 2095 5358 cadit
2126 5304 2184 5358 in
2206 5303 2547 5373 languorem.
2568 5301 2734 5357 Tales
2756 5302 2913 5357 enim
2936 5300 3155 5372 impius
3175 5297 3602 5355 consolationes

1949 5392 2157 5464 quaerit
2178 5390 2236 5446 in
2258 5391 2435 5447 rebus
2451 5389 2953 5461 adversis,quibus
2976 5389 3264 5445 infirmior
3277 5388 3600 5442 fiat.Emar-

2016 5633 2032 5665 ¹
2060 5630 2218 5689 Editi,
2252 5630 2387 5679 male
2416 5632 2559 5692 Mss.,
2589 5644 2758 5680 mane.

2015 5694 2036 5728 ²
2065 5693 2149 5743 Sic
2176 5693 2303 5743 editi
2333 5698 2386 5743 et
2413 5693 2536 5742 Mss.
2567 5694 2633 5743 At
2653 5692 2792 5752 LXX,
2824 5705 2889 5739 ou
2918 5691 3037 5753 prai
3061 5702 3229 5739 mane.

2015 5756 2037 5792 ³
2057 5756 2181 5807 Lov.
2210 5755 2444 5808 sanatur.
2474 5755 2577 5807 Alii
2595 5755 2804 5806 codices
2833 5753 2964 5804 editi
2990 5757 3043 5804 et
3070 5754 3214 5815 Μαι,
3242 5753 3405 5798 sanet.
