  <div class='ocr_page' id='page_1' title='image "/cluster/home/n/w/nwhite01/storage/ocr_20150623/34/hvd.32044096580576/431.png"; bbox 0 0 3940 6178; ppageno 0'>
   <div class='ocr_carea' id='block_1_1' title="bbox 498 390 611 451">
    <p class='ocr_par' dir='ltr' id='par_1_1' title="bbox 498 390 611 451">
     <span class='ocr_line' id='line_1_1' title="bbox 498 390 611 451; baseline 0 -1"><span class='ocrx_word' id='word_1_1' title='bbox 498 390 611 451; x_wconf 72' lang='grc'>851</span> 
     </span>
    </p>
   </div>
   <div class='ocr_carea' id='block_1_2' title="bbox 503 522 2153 603">
    <p class='ocr_par' dir='ltr' id='par_1_2' title="bbox 503 522 2153 603">
     <span class='ocr_line' id='line_1_2' title="bbox 503 522 2153 603; baseline 0.007 -26"><span class='ocrx_word' id='word_1_2' title='bbox 503 524 620 578; x_wconf 90' lang='lat' dir='ltr'>cuit</span> <span class='ocrx_word' id='word_1_3' title='bbox 641 522 785 579; x_wconf 86' lang='lat' dir='ltr'>sicut</span> <span class='ocrx_word' id='word_1_4' title='bbox 806 526 991 580; x_wconf 85' lang='lat' dir='ltr'><strong><em>malva</em></strong></span> <span class='ocrx_word' id='word_1_5' title='bbox 1018 528 1075 581; x_wconf 84' lang='lat' dir='ltr'>in</span> <span class='ocrx_word' id='word_1_6' title='bbox 1096 534 1235 584; x_wconf 62' lang='lat' dir='ltr'>aestu</span> <span class='ocrx_word' id='word_1_7' title='bbox 1256 528 1492 585; x_wconf 85' lang='lat' dir='ltr'>altitudo</span> <span class='ocrx_word' id='word_1_8' title='bbox 1521 531 1639 602; x_wconf 90' lang='lat' dir='ltr'>ejus</span> <span class='ocrx_word' id='word_1_9' title='bbox 1667 548 1679 585; x_wconf 89' lang='lat'><strong>:</strong></span> <span class='ocrx_word' id='word_1_10' title='bbox 1704 531 1843 603; x_wconf 83' lang='lat' dir='ltr'>quia</span> <span class='ocrx_word' id='word_1_11' title='bbox 1873 548 1988 588; x_wconf 93' lang='lat' dir='ltr'>non</span> <span class='ocrx_word' id='word_1_12' title='bbox 2018 532 2153 588; x_wconf 87' lang='lat' dir='ltr'>tulit</span> 
     </span>
    </p>
   </div>
   <div class='ocr_carea' id='block_1_3' title="bbox 504 614 2156 693">
    <p class='ocr_par' dir='ltr' id='par_1_3' title="bbox 504 614 2156 693">
     <span class='ocr_line' id='line_1_3' title="bbox 504 614 2156 693; baseline 0.006 -26"><span class='ocrx_word' id='word_1_13' title='bbox 504 617 714 669; x_wconf 75' lang='lat' dir='ltr'>testum</span> <span class='ocrx_word' id='word_1_14' title='bbox 747 614 1182 683; x_wconf 82' lang='lat' dir='ltr'>tribulationis;</span> <span class='ocrx_word' id='word_1_15' title='bbox 1222 617 1413 673; x_wconf 84' lang='lat' dir='ltr'>malva</span> <span class='ocrx_word' id='word_1_16' title='bbox 1443 623 1660 688; x_wconf 89' lang='lat' dir='ltr'>autem,</span> <span class='ocrx_word' id='word_1_17' title='bbox 1712 627 1945 693; x_wconf 77' lang='lat' dir='ltr'>propter</span> <span class='ocrx_word' id='word_1_18' title='bbox 1993 622 2156 677; x_wconf 83' lang='lat' dir='ltr'>inﬁr-</span> 
     </span>
    </p>
   </div>
   <div class='ocr_carea' id='block_1_4' title="bbox 506 702 2157 783">
    <p class='ocr_par' dir='ltr' id='par_1_4' title="bbox 506 702 2157 783">
     <span class='ocr_line' id='line_1_4' title="bbox 506 702 2157 783; baseline 0.007 -28"><span class='ocrx_word' id='word_1_19' title='bbox 506 702 796 758; x_wconf 90' lang='lat' dir='ltr'>mitatem.</span> <span class='ocrx_word' id='word_1_20' title='bbox 830 705 937 759; x_wconf 82' lang='lat' dir='ltr'>Aut</span> <span class='ocrx_word' id='word_1_21' title='bbox 959 707 1097 759; x_wconf 87' lang='lat' dir='ltr'>sicut</span> <span class='ocrx_word' id='word_1_22' title='bbox 1128 706 1192 761; x_wconf 86' lang='lat' dir='ltr'>de</span> <span class='ocrx_word' id='word_1_23' title='bbox 1221 709 1427 779; x_wconf 79' lang='lat' dir='ltr'>stipula</span> <span class='ocrx_word' id='word_1_24' title='bbox 1455 712 1609 780; x_wconf 84' lang='lat' dir='ltr'>spica</span> <span class='ocrx_word' id='word_1_25' title='bbox 1660 710 1921 766; x_wconf 78' lang='lat' dir='ltr'>decidens</span> <span class='ocrx_word' id='word_1_26' title='bbox 1968 720 2157 783; x_wconf 87' lang='lat' dir='ltr'>sponte</span> 
     </span>
    </p>
   </div>
   <div class='ocr_carea' id='block_1_5' title="bbox 505 791 2154 872">
    <p class='ocr_par' dir='ltr' id='par_1_5' title="bbox 505 791 2154 872">
     <span class='ocr_line' id='line_1_5' title="bbox 505 791 2154 872; baseline 0.007 -28"><span class='ocrx_word' id='word_1_27' title='bbox 505 792 644 861; x_wconf 90' lang='lat' dir='ltr'>ejus.</span> <span class='ocrx_word' id='word_1_28' title='bbox 679 791 821 858; x_wconf 81' lang='lat' dir='ltr'>Quia</span> <span class='ocrx_word' id='word_1_29' title='bbox 854 809 1023 848; x_wconf 88' lang='lat' dir='ltr'>mane</span> <span class='ocrx_word' id='word_1_30' title='bbox 1062 800 1186 849; x_wconf 90' lang='lat' dir='ltr'>erat</span> <span class='ocrx_word' id='word_1_31' title='bbox 1217 796 1275 851; x_wconf 89' lang='lat' dir='ltr'>in</span> <span class='ocrx_word' id='word_1_32' title='bbox 1309 798 1565 853; x_wconf 85' lang='lat' dir='ltr'>culmine</span> <span class='ocrx_word' id='word_1_33' title='bbox 1599 799 1808 871; x_wconf 86' lang='lat' dir='ltr'>ipsius.</span> <span class='ocrx_word' id='word_1_34' title='bbox 1839 801 1968 872; x_wconf 85' lang='lat' dir='ltr'>Ipse</span> <span class='ocrx_word' id='word_1_35' title='bbox 1999 801 2154 856; x_wconf 89' lang='lat' dir='ltr'>enim</span> 
     </span>
    </p>
   </div>
   <div class='ocr_carea' id='block_1_6' title="bbox 509 878 2154 961">
    <p class='ocr_par' dir='ltr' id='par_1_6' title="bbox 509 878 2154 961">
     <span class='ocr_line' id='line_1_6' title="bbox 509 878 2154 961; baseline 0.008 -28"><span class='ocrx_word' id='word_1_36' title='bbox 509 878 621 933; x_wconf 83' lang='lat' dir='ltr'>sibi</span> <span class='ocrx_word' id='word_1_37' title='bbox 653 878 826 951; x_wconf 83' lang='lat' dir='ltr'>elegit</span> <span class='ocrx_word' id='word_1_38' title='bbox 857 880 1002 937; x_wconf 82' lang='lat' dir='ltr'>tales</span> <span class='ocrx_word' id='word_1_39' title='bbox 1035 885 1462 942; x_wconf 76' lang='lat' dir='ltr'>consolationes</span> <span class='ocrx_word' id='word_1_40' title='bbox 1496 888 1710 959; x_wconf 87' lang='lat' dir='ltr'>quibus</span> <span class='ocrx_word' id='word_1_41' title='bbox 1770 891 1935 961; x_wconf 82' lang='lat' dir='ltr'>pejus</span> <span class='ocrx_word' id='word_1_42' title='bbox 1994 891 2154 945; x_wconf 84' lang='lat' dir='ltr'>inﬁr-</span> 
     </span>
    </p>
   </div>
   <div class='ocr_carea' id='block_1_7' title="bbox 509 970 2156 1048">
    <p class='ocr_par' dir='ltr' id='par_1_7' title="bbox 509 970 2156 1048">
     <span class='ocr_line' id='line_1_7' title="bbox 509 970 2156 1048; baseline 0.009 -28"><span class='ocrx_word' id='word_1_43' title='bbox 509 971 720 1023; x_wconf 91' lang='lat' dir='ltr'>metur.</span> <span class='ocrx_word' id='word_1_44' title='bbox 754 970 1018 1042; x_wconf 86' lang='lat' dir='ltr'>Alioquin</span> <span class='ocrx_word' id='word_1_45' title='bbox 1050 976 1169 1043; x_wconf 90' lang='lat' dir='ltr'>quis</span> <span class='ocrx_word' id='word_1_46' title='bbox 1195 984 1270 1029; x_wconf 82' lang='lat' dir='ltr'>est</span> <span class='ocrx_word' id='word_1_47' title='bbox 1300 978 1399 1047; x_wconf 89' lang='lat' dir='ltr'>qui</span> <span class='ocrx_word' id='word_1_48' title='bbox 1431 978 1688 1048; x_wconf 78' lang='lat' dir='ltr'>loquatur</span> <span class='ocrx_word' id='word_1_49' title='bbox 1705 978 2047 1034; x_wconf 81' lang='lat' dir='ltr'>mendacium</span> <span class='ocrx_word' id='word_1_50' title='bbox 2071 996 2156 1035; x_wconf 89' lang='lat' dir='ltr'>me</span> 
     </span>
    </p>
   </div>
   <div class='ocr_carea' id='block_1_8' title="bbox 511 1055 1298 1119">
    <p class='ocr_par' dir='ltr' id='par_1_8' title="bbox 511 1055 1298 1119">
     <span class='ocr_line' id='line_1_8' title="bbox 511 1055 1298 1119; baseline 0.011 -9"><span class='ocrx_word' id='word_1_51' title='bbox 511 1055 700 1112; x_wconf 85' lang='lat' dir='ltr'>dicere</span> <span class='ocrx_word' id='word_1_52' title='bbox 727 1060 749 1111; x_wconf 79' lang='lat' dir='ltr'><strong><em>P</em></strong></span> <span class='ocrx_word' id='word_1_53' title='bbox 779 1058 827 1114; x_wconf 88' lang='lat' dir='ltr'>si</span> <span class='ocrx_word' id='word_1_54' title='bbox 860 1066 917 1115; x_wconf 90' lang='lat' dir='ltr'>et</span> <span class='ocrx_word' id='word_1_55' title='bbox 946 1061 1110 1117; x_wconf 84' lang='lat' dir='ltr'>aliter</span> <span class='ocrx_word' id='word_1_56' title='bbox 1141 1070 1298 1119; x_wconf 91' lang='lat' dir='ltr'>sunt.</span> 
     </span>
    </p>
   </div>
   <div class='ocr_carea' id='block_1_9' title="bbox 583 1147 2154 1225">
    <p class='ocr_par' dir='ltr' id='par_1_9' title="bbox 583 1147 2154 1225">
     <span class='ocr_line' id='line_1_9' title="bbox 583 1147 2154 1225; baseline 0.008 -25"><span class='ocrx_word' id='word_1_57' title='bbox 583 1147 849 1219; x_wconf 77' lang='lat' dir='ltr'>[Ib.xxv.]</span> <span class='ocrx_word' id='word_1_58' title='bbox 874 1150 1064 1206; x_wconf 89' lang='lat' dir='ltr'>Verba</span> <span class='ocrx_word' id='word_1_59' title='bbox 1096 1152 1313 1208; x_wconf 82' lang='lat' dir='ltr'>Baldad</span> <span class='ocrx_word' id='word_1_60' title='bbox 1333 1155 1645 1211; x_wconf 89' lang='lat' dir='ltr'>Sauchitis.</span> <span class='ocrx_word' id='word_1_61' title='bbox 1672 1157 1811 1225; x_wconf 84' lang='lat' dir='ltr'>Quid</span> <span class='ocrx_word' id='word_1_62' title='bbox 1830 1158 1975 1213; x_wconf 89' lang='lat' dir='ltr'>enim</span> <span class='ocrx_word' id='word_1_63' title='bbox 1995 1174 2154 1215; x_wconf 73' lang='lat' dir='ltr'>exor-</span> 
     </span>
    </p>
   </div>
   <div class='ocr_carea' id='block_1_10' title="bbox 509 1234 2155 1315">
    <p class='ocr_par' dir='ltr' id='par_1_10' title="bbox 509 1234 2155 1315">
     <span class='ocr_line' id='line_1_10' title="bbox 509 1234 2155 1315; baseline 0.009 -26"><span class='ocrx_word' id='word_1_64' title='bbox 509 1234 667 1290; x_wconf 94' lang='lat' dir='ltr'>dium</span> <span class='ocrx_word' id='word_1_65' title='bbox 690 1254 856 1308; x_wconf 90' lang='lat' dir='ltr'>quam</span> <span class='ocrx_word' id='word_1_66' title='bbox 878 1241 1044 1295; x_wconf 83' lang='lat' dir='ltr'>timor</span> <span class='ocrx_word' id='word_1_67' title='bbox 1064 1242 1130 1295; x_wconf 91' lang='lat' dir='ltr'>ab</span> <span class='ocrx_word' id='word_1_68' title='bbox 1146 1260 1211 1296; x_wconf 88' lang='lat' dir='ltr'>eo</span> <span class='ocrx_word' id='word_1_69' title='bbox 1232 1246 1257 1295; x_wconf 71' lang='lat'>.9</span> <span class='ocrx_word' id='word_1_70' title='bbox 1280 1245 1396 1299; x_wconf 87' lang='lat' dir='ltr'>Ista</span> <span class='ocrx_word' id='word_1_71' title='bbox 1418 1245 1755 1315; x_wconf 90' lang='lat' dir='ltr'>subjunctio</span> <span class='ocrx_word' id='word_1_72' title='bbox 1786 1247 2015 1303; x_wconf 91' lang='lat' dir='ltr'>videtur</span> <span class='ocrx_word' id='word_1_73' title='bbox 2036 1247 2155 1304; x_wconf 89' lang='lat' dir='ltr'>illis</span> 
     </span>
    </p>
   </div>
   <div class='ocr_carea' id='block_1_11' title="bbox 508 1326 2156 1408">
    <p class='ocr_par' dir='ltr' id='par_1_11' title="bbox 508 1326 2156 1408">
     <span class='ocr_line' id='line_1_11' title="bbox 508 1326 2156 1408; baseline 0.009 -29"><span class='ocrx_word' id='word_1_74' title='bbox 508 1326 702 1382; x_wconf 82' lang='lat' dir='ltr'>verbis</span> <span class='ocrx_word' id='word_1_75' title='bbox 729 1332 1078 1399; x_wconf 89' lang='lat' dir='ltr'>consentire,</span> <span class='ocrx_word' id='word_1_76' title='bbox 1112 1332 1327 1402; x_wconf 88' lang='lat' dir='ltr'>quibus</span> <span class='ocrx_word' id='word_1_77' title='bbox 1356 1334 1496 1388; x_wconf 88' lang='lat' dir='ltr'>dicit</span> <span class='ocrx_word' id='word_1_78' title='bbox 1540 1335 1671 1406; x_wconf 86' lang='lat' dir='ltr'>Job,</span> <span class='ocrx_word' id='word_1_79' title='bbox 1707 1336 1909 1392; x_wconf 83' lang='lat' dir='ltr'>Idcirco</span> <span class='ocrx_word' id='word_1_80' title='bbox 1945 1355 1983 1394; x_wconf 85' lang='grc' dir='ltr'><em>α</em></span> <span class='ocrx_word' id='word_1_81' title='bbox 2011 1339 2156 1408; x_wconf 81' lang='lat' dir='ltr'>[acie</span> 
     </span>
    </p>
   </div>
   <div class='ocr_carea' id='block_1_12' title="bbox 510 1414 2152 1497">
    <p class='ocr_par' dir='ltr' id='par_1_12' title="bbox 510 1414 2152 1497">
     <span class='ocr_line' id='line_1_12' title="bbox 510 1414 2152 1497; baseline 0.008 -28"><span class='ocrx_word' id='word_1_82' title='bbox 510 1414 630 1485; x_wconf 86' lang='lat' dir='ltr'>ejus</span> <span class='ocrx_word' id='word_1_83' title='bbox 648 1417 930 1484; x_wconf 87' lang='lat' dir='ltr'>turbabor,</span> <span class='ocrx_word' id='word_1_84' title='bbox 952 1420 1336 1489; x_wconf 81' lang='lat' dir='ltr'>considerabo,</span> <span class='ocrx_word' id='word_1_85' title='bbox 1357 1429 1409 1477; x_wconf 88' lang='lat' dir='ltr'>et</span> <span class='ocrx_word' id='word_1_86' title='bbox 1427 1424 1629 1479; x_wconf 88' lang='lat' dir='ltr'>timebo</span> <span class='ocrx_word' id='word_1_87' title='bbox 1651 1424 1716 1479; x_wconf 93' lang='lat' dir='ltr'>ab</span> <span class='ocrx_word' id='word_1_88' title='bbox 1741 1442 1799 1481; x_wconf 88' lang='lat' dir='ltr'>eo</span> <span class='ocrx_word' id='word_1_89' title='bbox 1818 1426 1953 1497; x_wconf 89' lang='lat' dir='ltr'>(Job.</span> <span class='ocrx_word' id='word_1_90' title='bbox 1991 1444 2152 1496; x_wconf 84' lang='lat' dir='ltr'>xxm,</span> 
     </span>
    </p>
   </div>
   <div class='ocr_carea' id='block_1_13' title="bbox 514 1504 2155 1582">
    <p class='ocr_par' dir='ltr' id='par_1_13' title="bbox 514 1504 2155 1582">
     <span class='ocr_line' id='line_1_13' title="bbox 514 1504 2155 1582; baseline 0.009 -24"><span class='ocrx_word' id='word_1_91' title='bbox 514 1504 627 1574; x_wconf 89' lang='grc'>15).</span> <span class='ocrx_word' id='word_1_92' title='bbox 659 1506 825 1561; x_wconf 80' lang='lat' dir='ltr'>Nemo</span> <span class='ocrx_word' id='word_1_93' title='bbox 842 1514 1003 1578; x_wconf 87' lang='lat' dir='ltr'>putet</span> <span class='ocrx_word' id='word_1_94' title='bbox 1021 1526 1137 1565; x_wconf 87' lang='lat' dir='ltr'>esse</span> <span class='ocrx_word' id='word_1_95' title='bbox 1148 1527 1358 1565; x_wconf 85' lang='lat' dir='ltr'>moram</span> <span class='ocrx_word' id='word_1_96' title='bbox 1378 1515 1596 1582; x_wconf 76' lang='lat' dir='ltr'>piratis.</span> <span class='ocrx_word' id='word_1_97' title='bbox 1620 1513 1752 1569; x_wconf 86' lang='lat' dir='ltr'>Sine</span> <span class='ocrx_word' id='word_1_98' title='bbox 1771 1532 1935 1570; x_wconf 90' lang='lat' dir='ltr'>mora</span> <span class='ocrx_word' id='word_1_99' title='bbox 1947 1533 2155 1571; x_wconf 90' lang='lat' dir='ltr'>secun-</span> 
     </span>
    </p>
   </div>
   <div class='ocr_carea' id='block_1_14' title="bbox 509 1593 2155 1672">
    <p class='ocr_par' dir='ltr' id='par_1_14' title="bbox 509 1593 2155 1672">
     <span class='ocr_line' id='line_1_14' title="bbox 509 1593 2155 1672; baseline 0.009 -26"><span class='ocrx_word' id='word_1_100' title='bbox 509 1593 651 1647; x_wconf 88' lang='lat' dir='ltr'>dum</span> <span class='ocrx_word' id='word_1_101' title='bbox 676 1596 1031 1664; x_wconf 89' lang='lat' dir='ltr'>permissum</span> <span class='ocrx_word' id='word_1_102' title='bbox 1055 1598 1103 1668; x_wconf 94' lang='lat' dir='ltr'>ej</span> <span class='ocrx_word' id='word_1_103' title='bbox 1117 1615 1183 1653; x_wconf 91' lang='lat' dir='ltr'>us</span> <span class='ocrx_word' id='word_1_104' title='bbox 1204 1603 1445 1655; x_wconf 85' lang='lat' dir='ltr'>tentant.</span> <span class='ocrx_word' id='word_1_105' title='bbox 1478 1606 1540 1655; x_wconf 88' lang='lat' dir='ltr'>In</span> <span class='ocrx_word' id='word_1_106' title='bbox 1562 1619 1715 1672; x_wconf 83' lang='lat' dir='ltr'>quem</span> <span class='ocrx_word' id='word_1_107' title='bbox 1737 1605 1885 1658; x_wconf 88' lang='lat' dir='ltr'>enim</span> <span class='ocrx_word' id='word_1_108' title='bbox 1926 1620 2036 1659; x_wconf 89' lang='lat' dir='ltr'>non</span> <span class='ocrx_word' id='word_1_109' title='bbox 2069 1621 2155 1660; x_wconf 84' lang='lat' dir='ltr'>ve-</span> 
     </span>
    </p>
   </div>
   <div class='ocr_carea' id='block_1_15' title="bbox 498 1682 2155 1763">
    <p class='ocr_par' dir='ltr' id='par_1_15' title="bbox 498 1682 2155 1763">
     <span class='ocr_line' id='line_1_15' title="bbox 498 1682 2155 1763; baseline 0.008 -28"><span class='ocrx_word' id='word_1_110' title='bbox 498 1682 1439 1756; x_wconf 76' lang='lat' dir='ltr'>nientinsidiambeo?bocest,cum</span> <span class='ocrx_word' id='word_1_111' title='bbox 1455 1689 1579 1761; x_wconf 86' lang='lat' dir='ltr'>ipse</span> <span class='ocrx_word' id='word_1_112' title='bbox 1593 1693 1793 1763; x_wconf 74' lang='lat' dir='ltr'>permit</span> <span class='ocrx_word' id='word_1_113' title='bbox 1807 1693 2155 1749; x_wconf 84' lang='lat' dir='ltr'>tit.Insidias</span> 
     </span>
    </p>
   </div>
   <div class='ocr_carea' id='block_1_16' title="bbox 509 1773 2156 1853">
    <p class='ocr_par' dir='ltr' id='par_1_16' title="bbox 509 1773 2156 1853">
     <span class='ocr_line' id='line_1_16' title="bbox 509 1773 2156 1853; baseline 0.008 -29"><span class='ocrx_word' id='word_1_114' title='bbox 509 1777 705 1826; x_wconf 89' lang='lat' dir='ltr'>autem</span> <span class='ocrx_word' id='word_1_115' title='bbox 723 1773 862 1829; x_wconf 90' lang='lat' dir='ltr'>dicit</span> <span class='ocrx_word' id='word_1_116' title='bbox 884 1776 1366 1833; x_wconf 85' lang='lat' dir='ltr'>tentationes.Aut</span> <span class='ocrx_word' id='word_1_117' title='bbox 1394 1781 1659 1849; x_wconf 91' lang='lat' dir='ltr'>quomodo</span> <span class='ocrx_word' id='word_1_118' title='bbox 1680 1783 1783 1836; x_wconf 86' lang='lat' dir='ltr'>erit</span> <span class='ocrx_word' id='word_1_119' title='bbox 1805 1782 1964 1838; x_wconf 84' lang='lat' dir='ltr'>homo</span> <span class='ocrx_word' id='word_1_120' title='bbox 1971 1784 2156 1853; x_wconf 89' lang='lat' dir='ltr'>justus</span> 
     </span>
    </p>
   </div>
   <div class='ocr_carea' id='block_1_17' title="bbox 508 1863 2158 1942">
    <p class='ocr_par' dir='ltr' id='par_1_17' title="bbox 508 1863 2158 1942">
     <span class='ocr_line' id='line_1_17' title="bbox 508 1863 2158 1942; baseline 0.008 -29"><span class='ocrx_word' id='word_1_121' title='bbox 508 1875 697 1915; x_wconf 90' lang='lat' dir='ltr'>coram</span> <span class='ocrx_word' id='word_1_122' title='bbox 718 1863 945 1919; x_wconf 90' lang='lat' dir='ltr'>Domino</span> <span class='ocrx_word' id='word_1_123' title='bbox 965 1867 990 1916; x_wconf 63' lang='grc' dir='ltr'><strong><em>Ρ</em></strong></span> <span class='ocrx_word' id='word_1_124' title='bbox 1009 1864 1156 1937; x_wconf 89' lang='lat' dir='ltr'>Ergo</span> <span class='ocrx_word' id='word_1_125' title='bbox 1170 1866 1332 1936; x_wconf 89' lang='lat' dir='ltr'>juste</span> <span class='ocrx_word' id='word_1_126' title='bbox 1352 1883 1485 1922; x_wconf 90' lang='lat' dir='ltr'>eum</span> <span class='ocrx_word' id='word_1_127' title='bbox 1509 1871 1718 1924; x_wconf 82' lang='lat' dir='ltr'>tentari</span> <span class='ocrx_word' id='word_1_128' title='bbox 1739 1872 2042 1942; x_wconf 88' lang='lat' dir='ltr'>permittit.</span> <span class='ocrx_word' id='word_1_129' title='bbox 2067 1872 2158 1927; x_wconf 91' lang='lat' dir='ltr'>Vel</span> 
     </span>
    </p>
   </div>
   <div class='ocr_carea' id='block_1_18' title="bbox 512 1952 2159 2019">
    <p class='ocr_par' dir='ltr' id='par_1_18' title="bbox 512 1952 2159 2019">
     <span class='ocr_line' id='line_1_18' title="bbox 512 1952 2159 2019; baseline 0.007 -15"><span class='ocrx_word' id='word_1_130' title='bbox 512 1952 774 2019; x_wconf 89' lang='lat' dir='ltr'>quomodo</span> <span class='ocrx_word' id='word_1_131' title='bbox 795 1969 853 2007; x_wconf 92' lang='lat' dir='ltr'>se</span> <span class='ocrx_word' id='word_1_132' title='bbox 890 1954 1182 2010; x_wconf 89' lang='lat' dir='ltr'>mundabit</span> <span class='ocrx_word' id='word_1_133' title='bbox 1210 1960 1374 2011; x_wconf 87' lang='lat' dir='ltr'>natus</span> <span class='ocrx_word' id='word_1_134' title='bbox 1394 1973 1462 2011; x_wconf 72' lang='lat' dir='ltr'>ea:</span> <span class='ocrx_word' id='word_1_135' title='bbox 1482 1959 1717 2014; x_wconf 85' lang='lat' dir='ltr'>muliere</span> <span class='ocrx_word' id='word_1_136' title='bbox 1738 1959 1765 2013; x_wconf 87' lang='lat'><strong>?</strong></span> <span class='ocrx_word' id='word_1_137' title='bbox 1797 1960 1910 2015; x_wconf 88' lang='lat' dir='ltr'>nisi</span> <span class='ocrx_word' id='word_1_138' title='bbox 1946 1961 2100 2016; x_wconf 90' lang='lat' dir='ltr'>enim</span> <span class='ocrx_word' id='word_1_139' title='bbox 2125 1977 2159 2015; x_wconf 89' lang='lat' dir='ltr'>a</span> 
     </span>
    </p>
   </div>
   <div class='ocr_carea' id='block_1_19' title="bbox 508 2039 2156 2121">
    <p class='ocr_par' dir='ltr' id='par_1_19' title="bbox 508 2039 2156 2121">
     <span class='ocr_line' id='line_1_19' title="bbox 508 2039 2156 2121; baseline 0.007 -27"><span class='ocrx_word' id='word_1_140' title='bbox 508 2039 625 2095; x_wconf 90' lang='lat' dir='ltr'>Deo</span> <span class='ocrx_word' id='word_1_141' title='bbox 647 2043 967 2098; x_wconf 89' lang='lat' dir='ltr'>mundatus</span> <span class='ocrx_word' id='word_1_142' title='bbox 990 2043 1187 2111; x_wconf 81' lang='lat' dir='ltr'>fuerit,</span> <span class='ocrx_word' id='word_1_143' title='bbox 1210 2044 1553 2101; x_wconf 88' lang='lat' dir='ltr'>immundus</span> <span class='ocrx_word' id='word_1_144' title='bbox 1576 2051 1682 2102; x_wconf 89' lang='lat' dir='ltr'>est.</span> <span class='ocrx_word' id='word_1_145' title='bbox 1705 2048 1765 2102; x_wconf 90' lang='lat' dir='ltr'>Si</span> <span class='ocrx_word' id='word_1_146' title='bbox 1781 2049 1934 2106; x_wconf 70' lang='lat' dir='ltr'>lunae</span> <span class='ocrx_word' id='word_1_147' title='bbox 1949 2051 2156 2121; x_wconf 58' lang='lat' dir='ltr'>praeci-</span> 
     </span>
    </p>
   </div>
   <div class='ocr_carea' id='block_1_20' title="bbox 513 2131 2157 2206">
    <p class='ocr_par' dir='ltr' id='par_1_20' title="bbox 513 2131 2157 2206">
     <span class='ocr_line' id='line_1_20' title="bbox 513 2131 2157 2206; baseline 0.007 -24"><span class='ocrx_word' id='word_1_148' title='bbox 513 2131 620 2199; x_wconf 88' lang='lat' dir='ltr'>pit,</span> <span class='ocrx_word' id='word_1_149' title='bbox 639 2135 688 2184; x_wconf 87' lang='lat' dir='ltr'>et</span> <span class='ocrx_word' id='word_1_150' title='bbox 708 2149 823 2186; x_wconf 87' lang='lat' dir='ltr'>non</span> <span class='ocrx_word' id='word_1_151' title='bbox 844 2132 1006 2187; x_wconf 88' lang='lat' dir='ltr'>lucet.</span> <span class='ocrx_word' id='word_1_152' title='bbox 1023 2131 1308 2196; x_wconf 87' lang='lat' dir='ltr'>Quoniam</span> <span class='ocrx_word' id='word_1_153' title='bbox 1331 2133 1380 2188; x_wconf 89' lang='lat' dir='ltr'>si</span> <span class='ocrx_word' id='word_1_154' title='bbox 1408 2136 1641 2206; x_wconf 83' lang='lat' dir='ltr'>exigant</span> <span class='ocrx_word' id='word_1_155' title='bbox 1662 2138 1917 2193; x_wconf 81' lang='lat' dir='ltr'>rationes</span> <span class='ocrx_word' id='word_1_156' title='bbox 1940 2142 1996 2193; x_wconf 88' lang='lat' dir='ltr'>et</span> <span class='ocrx_word' id='word_1_157' title='bbox 2016 2139 2157 2193; x_wconf 84' lang='lat' dir='ltr'>ordo</span> 
     </span>
    </p>
   </div>
   <div class='ocr_carea' id='block_1_21' title="bbox 518 2218 2160 2298">
    <p class='ocr_par' dir='ltr' id='par_1_21' title="bbox 518 2218 2160 2298">
     <span class='ocr_line' id='line_1_21' title="bbox 518 2218 2160 2298; baseline 0.005 -26"><span class='ocrx_word' id='word_1_158' title='bbox 518 2218 893 2288; x_wconf 62' lang='lat' dir='ltr'>providentia</span> <span class='ocrx_word' id='word_1_159' title='bbox 918 2221 1127 2292; x_wconf 88' lang='lat' dir='ltr'>ipsius,</span> <span class='ocrx_word' id='word_1_160' title='bbox 1153 2225 1215 2275; x_wconf 92' lang='lat' dir='ltr'>ut</span> <span class='ocrx_word' id='word_1_161' title='bbox 1236 2221 1377 2277; x_wconf 89' lang='lat' dir='ltr'>luna</span> <span class='ocrx_word' id='word_1_162' title='bbox 1398 2239 1510 2278; x_wconf 92' lang='lat' dir='ltr'>non</span> <span class='ocrx_word' id='word_1_163' title='bbox 1535 2223 1749 2290; x_wconf 88' lang='lat' dir='ltr'>luceat,</span> <span class='ocrx_word' id='word_1_164' title='bbox 1783 2227 2077 2298; x_wconf 80' lang='lat' dir='ltr'>praecipiet</span> <span class='ocrx_word' id='word_1_165' title='bbox 2098 2230 2160 2282; x_wconf 85' lang='lat' dir='ltr'>ut</span> 
     </span>
    </p>
   </div>
   <div class='ocr_carea' id='block_1_22' title="bbox 518 2307 2158 2384">
    <p class='ocr_par' dir='ltr' id='par_1_22' title="bbox 518 2307 2158 2384">
     <span class='ocr_line' id='line_1_22' title="bbox 518 2307 2158 2384; baseline 0.006 -23"><span class='ocrx_word' id='word_1_166' title='bbox 518 2323 633 2362; x_wconf 89' lang='lat' dir='ltr'>non</span> <span class='ocrx_word' id='word_1_167' title='bbox 656 2307 868 2374; x_wconf 86' lang='lat' dir='ltr'>luceat,</span> <span class='ocrx_word' id='word_1_168' title='bbox 891 2313 947 2364; x_wconf 90' lang='lat' dir='ltr'>et</span> <span class='ocrx_word' id='word_1_169' title='bbox 978 2326 1093 2363; x_wconf 92' lang='lat' dir='ltr'>non</span> <span class='ocrx_word' id='word_1_170' title='bbox 1124 2309 1360 2368; x_wconf 88' lang='lat' dir='ltr'>lucebit.</span> <span class='ocrx_word' id='word_1_171' title='bbox 1392 2312 1502 2367; x_wconf 88' lang='lat' dir='ltr'>Sed</span> <span class='ocrx_word' id='word_1_172' title='bbox 1537 2330 1716 2384; x_wconf 86' lang='lat' dir='ltr'>quare</span> <span class='ocrx_word' id='word_1_173' title='bbox 1736 2314 1763 2368; x_wconf 85' lang='lat'><strong><em>?</em></strong></span> <span class='ocrx_word' id='word_1_174' title='bbox 1793 2315 1999 2370; x_wconf 87' lang='lat' dir='ltr'>Utrum</span> <span class='ocrx_word' id='word_1_175' title='bbox 2022 2315 2158 2372; x_wconf 90' lang='lat' dir='ltr'>inde</span> 
     </span>
    </p>
   </div>
   <div class='ocr_carea' id='block_1_23' title="bbox 516 2396 2157 2476">
    <p class='ocr_par' dir='ltr' id='par_1_23' title="bbox 516 2396 2157 2476">
     <span class='ocr_line' id='line_1_23' title="bbox 516 2396 2157 2476; baseline 0.006 -25"><span class='ocrx_word' id='word_1_176' title='bbox 516 2396 641 2451; x_wconf 88' lang='lat' dir='ltr'>vult</span> <span class='ocrx_word' id='word_1_177' title='bbox 661 2398 843 2453; x_wconf 88' lang='lat' dir='ltr'>videri</span> <span class='ocrx_word' id='word_1_178' title='bbox 865 2415 981 2453; x_wconf 92' lang='lat' dir='ltr'>non</span> <span class='ocrx_word' id='word_1_179' title='bbox 1002 2402 1282 2455; x_wconf 88' lang='lat' dir='ltr'>mundam</span> <span class='ocrx_word' id='word_1_180' title='bbox 1301 2400 1498 2456; x_wconf 89' lang='lat' dir='ltr'>lunam</span> <span class='ocrx_word' id='word_1_181' title='bbox 1522 2419 1716 2458; x_wconf 89' lang='lat' dir='ltr'>coram</span> <span class='ocrx_word' id='word_1_182' title='bbox 1741 2406 1982 2476; x_wconf 84' lang='lat' dir='ltr'>eo,quia</span> <span class='ocrx_word' id='word_1_183' title='bbox 2010 2422 2157 2476; x_wconf 72' lang='lat' dir='ltr'>prie-</span> 
     </span>
    </p>
   </div>
   <div class='ocr_carea' id='block_1_24' title="bbox 514 2485 2158 2556">
    <p class='ocr_par' dir='ltr' id='par_1_24' title="bbox 514 2485 2158 2556">
     <span class='ocr_line' id='line_1_24' title="bbox 514 2485 2158 2556; baseline 0.005 -16"><span class='ocrx_word' id='word_1_184' title='bbox 514 2485 657 2556; x_wconf 89' lang='lat' dir='ltr'>cipit</span> <span class='ocrx_word' id='word_1_185' title='bbox 672 2486 933 2554; x_wconf 89' lang='lat' dir='ltr'>ei,etnon</span> <span class='ocrx_word' id='word_1_186' title='bbox 950 2486 1134 2543; x_wconf 84' lang='lat' dir='ltr'>lucet?</span> <span class='ocrx_word' id='word_1_187' title='bbox 1156 2506 1228 2543; x_wconf 92' lang='lat' dir='ltr'>an</span> <span class='ocrx_word' id='word_1_188' title='bbox 1246 2489 1391 2545; x_wconf 81' lang='lat' dir='ltr'>forte</span> <span class='ocrx_word' id='word_1_189' title='bbox 1405 2491 1708 2547; x_wconf 88' lang='lat' dir='ltr'>rationalis</span> <span class='ocrx_word' id='word_1_190' title='bbox 1722 2494 1930 2547; x_wconf 68' lang='lat' dir='ltr'>animae</span> <span class='ocrx_word' id='word_1_191' title='bbox 1947 2500 2158 2549; x_wconf 89' lang='lat' dir='ltr'>natura</span> 
     </span>
    </p>
   </div>
   <div class='ocr_carea' id='block_1_25' title="bbox 510 2575 2154 2652">
    <p class='ocr_par' dir='ltr' id='par_1_25' title="bbox 510 2575 2154 2652">
     <span class='ocr_line' id='line_1_25' title="bbox 510 2575 2154 2652; baseline 0.006 -23"><span class='ocrx_word' id='word_1_192' title='bbox 510 2575 759 2646; x_wconf 79' lang='lat' dir='ltr'>figurate</span> <span class='ocrx_word' id='word_1_193' title='bbox 781 2575 1334 2645; x_wconf 89' lang='lat' dir='ltr'>hicinsinuatur,cui</span> <span class='ocrx_word' id='word_1_194' title='bbox 1351 2578 1436 2634; x_wconf 90' lang='lat' dir='ltr'>sol</span> <span class='ocrx_word' id='word_1_195' title='bbox 1457 2580 2154 2652; x_wconf 88' lang='lat' dir='ltr'>intelligibilisestlumen</span> 
     </span>
    </p>
   </div>
   <div class='ocr_carea' id='block_1_26' title="bbox 510 2662 2151 2743">
    <p class='ocr_par' dir='ltr' id='par_1_26' title="bbox 510 2662 2151 2743">
     <span class='ocr_line' id='line_1_26' title="bbox 510 2662 2151 2743; baseline 0.007 -26"><span class='ocrx_word' id='word_1_196' title='bbox 510 2662 657 2719; x_wconf 91' lang='lat' dir='ltr'>illud</span> <span class='ocrx_word' id='word_1_197' title='bbox 680 2666 1066 2736; x_wconf 89' lang='lat' dir='ltr'>verum,quod</span> <span class='ocrx_word' id='word_1_198' title='bbox 1094 2665 1392 2722; x_wconf 90' lang='lat' dir='ltr'>illuminat</span> <span class='ocrx_word' id='word_1_199' title='bbox 1412 2685 1648 2725; x_wconf 88' lang='lat' dir='ltr'>omnem</span> <span class='ocrx_word' id='word_1_200' title='bbox 1669 2669 2151 2743; x_wconf 86' lang='lat' dir='ltr'>hominem(.loan.</span> 
     </span>
    </p>
   </div>
   <div class='ocr_carea' id='block_1_27' title="bbox 508 2752 2154 2826">
    <p class='ocr_par' dir='ltr' id='par_1_27' title="bbox 508 2752 2154 2826">
     <span class='ocr_line' id='line_1_27' title="bbox 508 2752 2154 2826; baseline 0.007 -21"><span class='ocrx_word' id='word_1_201' title='bbox 508 2768 549 2820; x_wconf 96' lang='lat'>1,</span> <span class='ocrx_word' id='word_1_202' title='bbox 580 2752 679 2823; x_wconf 84' lang='lat'>9)?</span> <span class='ocrx_word' id='word_1_203' title='bbox 701 2756 769 2805; x_wconf 90' lang='lat' dir='ltr'>Et</span> <span class='ocrx_word' id='word_1_204' title='bbox 800 2752 1075 2823; x_wconf 88' lang='lat' dir='ltr'>quoniam</span> <span class='ocrx_word' id='word_1_205' title='bbox 1107 2758 1265 2809; x_wconf 90' lang='lat' dir='ltr'>tanto</span> <span class='ocrx_word' id='word_1_206' title='bbox 1295 2756 1484 2826; x_wconf 90' lang='lat' dir='ltr'>magis</span> <span class='ocrx_word' id='word_1_207' title='bbox 1514 2755 1654 2812; x_wconf 90' lang='lat' dir='ltr'>luna</span> <span class='ocrx_word' id='word_1_208' title='bbox 1709 2757 1863 2814; x_wconf 88' lang='lat' dir='ltr'>lucet</span> <span class='ocrx_word' id='word_1_209' title='bbox 1910 2761 2154 2817; x_wconf 83' lang='lat' dir='ltr'>terrenis</span> 
     </span>
    </p>
   </div>
   <div class='ocr_carea' id='block_1_28' title="bbox 510 2841 2153 2915">
    <p class='ocr_par' dir='ltr' id='par_1_28' title="bbox 510 2841 2153 2915">
     <span class='ocr_line' id='line_1_28' title="bbox 510 2841 2153 2915; baseline 0.005 -20"><span class='ocrx_word' id='word_1_210' title='bbox 510 2841 864 2911; x_wconf 84' lang='lat' dir='ltr'>aspectibus,</span> <span class='ocrx_word' id='word_1_211' title='bbox 884 2848 1102 2912; x_wconf 90' lang='lat' dir='ltr'>quanto</span> <span class='ocrx_word' id='word_1_212' title='bbox 1126 2842 1313 2915; x_wconf 89' lang='lat' dir='ltr'>magis</span> <span class='ocrx_word' id='word_1_213' title='bbox 1334 2846 1550 2899; x_wconf 88' lang='lat' dir='ltr'>recedit</span> <span class='ocrx_word' id='word_1_214' title='bbox 1569 2863 1602 2901; x_wconf 88' lang='lat' dir='ltr'>a</span> <span class='ocrx_word' id='word_1_215' title='bbox 1623 2846 1773 2913; x_wconf 90' lang='lat' dir='ltr'>sole;</span> <span class='ocrx_word' id='word_1_216' title='bbox 1798 2864 1930 2902; x_wconf 92' lang='lat' dir='ltr'>cum</span> <span class='ocrx_word' id='word_1_217' title='bbox 1955 2854 2153 2904; x_wconf 87' lang='lat' dir='ltr'>autem</span> 
     </span>
    </p>
   </div>
   <div class='ocr_carea' id='block_1_29' title="bbox 508 2929 2156 3007">
    <p class='ocr_par' dir='ltr' id='par_1_29' title="bbox 508 2929 2156 3007">
     <span class='ocr_line' id='line_1_29' title="bbox 508 2929 2156 3007; baseline 0.005 -24"><span class='ocrx_word' id='word_1_218' title='bbox 508 2930 864 3001; x_wconf 84' lang='lat' dir='ltr'>propinquat</span> <span class='ocrx_word' id='word_1_219' title='bbox 888 2929 1019 2998; x_wconf 90' lang='lat' dir='ltr'>soli,</span> <span class='ocrx_word' id='word_1_220' title='bbox 1045 2931 1401 2987; x_wconf 88' lang='lat' dir='ltr'>interimitur</span> <span class='ocrx_word' id='word_1_221' title='bbox 1419 2934 2018 3007; x_wconf 81' lang='lat' dir='ltr'>terriszintelligamus</span> <span class='ocrx_word' id='word_1_222' title='bbox 2034 2938 2156 2991; x_wconf 86' lang='lat' dir='ltr'>ani-</span> 
     </span>
    </p>
   </div>
   <div class='ocr_carea' id='block_1_30' title="bbox 512 3017 2154 3093">
    <p class='ocr_par' dir='ltr' id='par_1_30' title="bbox 512 3017 2154 3093">
     <span class='ocr_line' id='line_1_30' title="bbox 512 3017 2154 3093; baseline 0.006 -22"><span class='ocrx_word' id='word_1_223' title='bbox 512 3033 619 3071; x_wconf 81' lang='lat' dir='ltr'>mae</span> <span class='ocrx_word' id='word_1_224' title='bbox 642 3017 925 3073; x_wconf 88' lang='lat' dir='ltr'>divinitus</span> <span class='ocrx_word' id='word_1_225' title='bbox 957 3020 1283 3091; x_wconf 78' lang='lat' dir='ltr'>praecipi,ut</span> <span class='ocrx_word' id='word_1_226' title='bbox 1311 3028 1587 3093; x_wconf 89' lang='lat' dir='ltr'>superata</span> <span class='ocrx_word' id='word_1_227' title='bbox 1607 3024 1907 3080; x_wconf 85' lang='lat' dir='ltr'>nativitate</span> <span class='ocrx_word' id='word_1_228' title='bbox 1922 3031 2154 3081; x_wconf 87' lang='lat' dir='ltr'>terrena</span> 
     </span>
    </p>
   </div>
   <div class='ocr_carea' id='block_1_31' title="bbox 509 3108 2153 3183">
    <p class='ocr_par' dir='ltr' id='par_1_31' title="bbox 509 3108 2153 3183">
     <span class='ocr_line' id='line_1_31' title="bbox 509 3108 2153 3183; baseline 0.006 -23"><span class='ocrx_word' id='word_1_229' title='bbox 509 3110 684 3177; x_wconf 83' lang='lat' dir='ltr'>atque</span> <span class='ocrx_word' id='word_1_230' title='bbox 719 3108 964 3176; x_wconf 85' lang='lat' dir='ltr'>mortali,</span> <span class='ocrx_word' id='word_1_231' title='bbox 997 3123 1114 3178; x_wconf 88' lang='lat' dir='ltr'>qua</span> <span class='ocrx_word' id='word_1_232' title='bbox 1144 3108 1420 3180; x_wconf 85' lang='lat' dir='ltr'>splendor</span> <span class='ocrx_word' id='word_1_233' title='bbox 1468 3112 1596 3181; x_wconf 86' lang='lat' dir='ltr'>ejus</span> <span class='ocrx_word' id='word_1_234' title='bbox 1641 3118 1883 3183; x_wconf 88' lang='lat' dir='ltr'>apparet</span> <span class='ocrx_word' id='word_1_235' title='bbox 1923 3119 2153 3170; x_wconf 89' lang='lat' dir='ltr'>terreno</span> 
     </span>
    </p>
   </div>
   <div class='ocr_carea' id='block_1_32' title="bbox 508 3196 2153 3273">
    <p class='ocr_par' dir='ltr' id='par_1_32' title="bbox 508 3196 2153 3273">
     <span class='ocr_line' id='line_1_32' title="bbox 508 3196 2153 3273; baseline 0.005 -23"><span class='ocrx_word' id='word_1_236' title='bbox 508 3211 687 3251; x_wconf 85' lang='lat' dir='ltr'>sensu</span> <span class='ocrx_word' id='word_1_237' title='bbox 716 3196 1071 3262; x_wconf 83' lang='lat' dir='ltr'>videntibus,</span> <span class='ocrx_word' id='word_1_238' title='bbox 1104 3203 1379 3269; x_wconf 86' lang='lat' dir='ltr'>appareat</span> <span class='ocrx_word' id='word_1_239' title='bbox 1408 3204 1464 3254; x_wconf 93' lang='lat' dir='ltr'>et</span> <span class='ocrx_word' id='word_1_240' title='bbox 1490 3201 2153 3273; x_wconf 87' lang='lat' dir='ltr'>propinquet,subjuge-</span> 
     </span>
    </p>
   </div>
   <div class='ocr_carea' id='block_1_33' title="bbox 509 3285 2154 3357">
    <p class='ocr_par' dir='ltr' id='par_1_33' title="bbox 509 3285 2154 3357">
     <span class='ocr_line' id='line_1_33' title="bbox 509 3285 2154 3357; baseline 0.004 -18"><span class='ocrx_word' id='word_1_241' title='bbox 509 3290 725 3356; x_wconf 87' lang='lat' dir='ltr'>turque</span> <span class='ocrx_word' id='word_1_242' title='bbox 751 3285 1193 3357; x_wconf 54' lang='lat' dir='ltr'>sapientiaeque</span> <span class='ocrx_word' id='word_1_243' title='bbox 1212 3288 1339 3357; x_wconf 86' lang='lat' dir='ltr'>ejus</span> <span class='ocrx_word' id='word_1_244' title='bbox 1361 3285 1488 3343; x_wconf 85' lang='lat' dir='ltr'>luce</span> <span class='ocrx_word' id='word_1_245' title='bbox 1514 3290 1908 3345; x_wconf 81' lang='lat' dir='ltr'>secretissima</span> <span class='ocrx_word' id='word_1_246' title='bbox 1928 3292 1943 3325; x_wconf 84' lang='grc'>¹</span> <span class='ocrx_word' id='word_1_247' title='bbox 1967 3291 2154 3346; x_wconf 84' lang='lat' dir='ltr'>exsul-</span> 
     </span>
    </p>
   </div>
   <div class='ocr_carea' id='block_1_34' title="bbox 507 3374 2150 3449">
    <p class='ocr_par' dir='ltr' id='par_1_34' title="bbox 507 3374 2150 3449">
     <span class='ocr_line' id='line_1_34' title="bbox 507 3374 2150 3449; baseline 0.005 -21"><span class='ocrx_word' id='word_1_248' title='bbox 507 3378 867 3439; x_wconf 88' lang='lat' dir='ltr'>tans,caveat</span> <span class='ocrx_word' id='word_1_249' title='bbox 880 3374 1066 3430; x_wconf 80' lang='lat' dir='ltr'>facere</span> <span class='ocrx_word' id='word_1_250' title='bbox 1081 3375 1375 3445; x_wconf 79' lang='lat' dir='ltr'>justitiam</span> <span class='ocrx_word' id='word_1_251' title='bbox 1395 3393 1562 3432; x_wconf 88' lang='lat' dir='ltr'>suam</span> <span class='ocrx_word' id='word_1_252' title='bbox 1582 3395 1774 3433; x_wconf 87' lang='lat' dir='ltr'>coram</span> <span class='ocrx_word' id='word_1_253' title='bbox 1790 3379 2150 3449; x_wconf 89' lang='lat' dir='ltr'>hominibus,</span> 
     </span>
    </p>
   </div>
   <div class='ocr_carea' id='block_1_35' title="bbox 507 3462 2148 3540">
    <p class='ocr_par' dir='ltr' id='par_1_35' title="bbox 507 3462 2148 3540">
     <span class='ocr_line' id='line_1_35' title="bbox 507 3462 2148 3540; baseline 0.004 -23"><span class='ocrx_word' id='word_1_254' title='bbox 507 3468 572 3517; x_wconf 89' lang='lat' dir='ltr'>ut</span> <span class='ocrx_word' id='word_1_255' title='bbox 591 3462 857 3518; x_wconf 88' lang='lat' dir='ltr'>videatur</span> <span class='ocrx_word' id='word_1_256' title='bbox 878 3464 949 3518; x_wconf 90' lang='lat' dir='ltr'>ab</span> <span class='ocrx_word' id='word_1_257' title='bbox 974 3463 1058 3518; x_wconf 91' lang='lat' dir='ltr'>eis</span> <span class='ocrx_word' id='word_1_258' title='bbox 1078 3463 1286 3534; x_wconf 81' lang='lat' dir='ltr'>(Matth.</span> <span class='ocrx_word' id='word_1_259' title='bbox 1313 3481 1392 3532; x_wconf 90' lang='lat' dir='ltr'>v1,</span> <span class='ocrx_word' id='word_1_260' title='bbox 1422 3466 1495 3534; x_wconf 83' lang='lat'>1),</span> <span class='ocrx_word' id='word_1_261' title='bbox 1520 3468 1621 3521; x_wconf 89' lang='lat' dir='ltr'>sed</span> <span class='ocrx_word' id='word_1_262' title='bbox 1674 3484 1807 3522; x_wconf 89' lang='lat' dir='ltr'>cum</span> <span class='ocrx_word' id='word_1_263' title='bbox 1844 3468 2148 3540; x_wconf 85' lang='lat' dir='ltr'>gloriatur,</span> 
     </span>
    </p>
   </div>
   <div class='ocr_carea' id='block_1_36' title="bbox 509 3548 2151 3630">
    <p class='ocr_par' dir='ltr' id='par_1_36' title="bbox 509 3548 2151 3630">
     <span class='ocr_line' id='line_1_36' title="bbox 509 3548 2151 3630; baseline 0.005 -26"><span class='ocrx_word' id='word_1_264' title='bbox 509 3550 568 3604; x_wconf 91' lang='lat' dir='ltr'>in</span> <span class='ocrx_word' id='word_1_265' title='bbox 591 3548 837 3605; x_wconf 88' lang='lat' dir='ltr'>Domino</span> <span class='ocrx_word' id='word_1_266' title='bbox 858 3551 1203 3623; x_wconf 87' lang='lat' dir='ltr'>glorietur(l</span> <span class='ocrx_word' id='word_1_267' title='bbox 1228 3552 1346 3608; x_wconf 84' lang='lat' dir='ltr'>Cor.</span> <span class='ocrx_word' id='word_1_268' title='bbox 1373 3570 1411 3619; x_wconf 93' lang='lat'>1,</span> <span class='ocrx_word' id='word_1_269' title='bbox 1453 3555 1564 3625; x_wconf 87' lang='grc'>31).</span> <span class='ocrx_word' id='word_1_270' title='bbox 1605 3555 1752 3620; x_wconf 90' lang='lat' dir='ltr'>Quia</span> <span class='ocrx_word' id='word_1_271' title='bbox 1792 3562 1849 3611; x_wconf 87' lang='lat' dir='ltr'>et</span> <span class='ocrx_word' id='word_1_272' title='bbox 1880 3574 2013 3612; x_wconf 90' lang='lat' dir='ltr'>cum</span> <span class='ocrx_word' id='word_1_273' title='bbox 2048 3576 2151 3630; x_wconf 91' lang='lat' dir='ltr'>ap-</span> 
     </span>
    </p>
   </div>
   <div class='ocr_carea' id='block_1_37' title="bbox 509 3638 2152 3714">
    <p class='ocr_par' dir='ltr' id='par_1_37' title="bbox 509 3638 2152 3714">
     <span class='ocr_line' id='line_1_37' title="bbox 509 3638 2152 3714; baseline 0.006 -21"><span class='ocrx_word' id='word_1_274' title='bbox 509 3643 676 3709; x_wconf 91' lang='lat' dir='ltr'>paret</span> <span class='ocrx_word' id='word_1_275' title='bbox 693 3638 1055 3708; x_wconf 90' lang='lat' dir='ltr'>hominibus,</span> <span class='ocrx_word' id='word_1_276' title='bbox 1078 3641 1231 3695; x_wconf 92' lang='lat' dir='ltr'>dono</span> <span class='ocrx_word' id='word_1_277' title='bbox 1251 3640 1541 3697; x_wconf 86' lang='lat' dir='ltr'>Creatoris</span> <span class='ocrx_word' id='word_1_278' title='bbox 1564 3649 1824 3714; x_wconf 87' lang='lat' dir='ltr'>apparet,</span> <span class='ocrx_word' id='word_1_279' title='bbox 1844 3649 1958 3701; x_wconf 82' lang='lat' dir='ltr'>Nec</span> <span class='ocrx_word' id='word_1_280' title='bbox 1974 3647 2152 3704; x_wconf 67' lang='lat' dir='ltr'>stellae</span> 
     </span>
    </p>
   </div>
   <div class='ocr_carea' id='block_1_38' title="bbox 507 3727 1958 3805">
    <p class='ocr_par' dir='ltr' id='par_1_38' title="bbox 507 3727 1958 3805">
     <span class='ocr_line' id='line_1_38' title="bbox 507 3727 1958 3805; baseline 0.006 -23"><span class='ocrx_word' id='word_1_281' title='bbox 507 3727 874 3782; x_wconf 72' lang='lat' dir='ltr'>sunlmundae</span> <span class='ocrx_word' id='word_1_282' title='bbox 894 3728 1213 3798; x_wconf 88' lang='lat' dir='ltr'>apudeum:</span> <span class='ocrx_word' id='word_1_283' title='bbox 1249 3729 1307 3783; x_wconf 93' lang='lat' dir='ltr'>in</span> <span class='ocrx_word' id='word_1_284' title='bbox 1340 3732 1777 3802; x_wconf 87' lang='lat' dir='ltr'>comparatione</span> <span class='ocrx_word' id='word_1_285' title='bbox 1810 3735 1958 3805; x_wconf 88' lang='lat' dir='ltr'>ejus.</span> 
     </span>
    </p>
   </div>
   <div class='ocr_carea' id='block_1_39' title="bbox 583 3816 2151 3897">
    <p class='ocr_par' dir='ltr' id='par_1_39' title="bbox 583 3816 2151 3897">
     <span class='ocr_line' id='line_1_39' title="bbox 583 3816 2151 3897; baseline 0.007 -27"><span class='ocrx_word' id='word_1_286' title='bbox 583 3817 868 3887; x_wconf 78' lang='lat' dir='ltr'>[lb.xxv1.]</span> <span class='ocrx_word' id='word_1_287' title='bbox 898 3816 1081 3872; x_wconf 88' lang='lat' dir='ltr'>Verba</span> <span class='ocrx_word' id='word_1_288' title='bbox 1098 3816 1227 3872; x_wconf 89' lang='lat' dir='ltr'>Job.</span> <span class='ocrx_word' id='word_1_289' title='bbox 1260 3817 1362 3872; x_wconf 83' lang='lat' dir='ltr'>Cui</span> <span class='ocrx_word' id='word_1_290' title='bbox 1380 3820 1529 3875; x_wconf 84' lang='lat' dir='ltr'>ades:</span> <span class='ocrx_word' id='word_1_291' title='bbox 1557 3822 1644 3876; x_wconf 87' lang='lat' dir='ltr'>vel</span> <span class='ocrx_word' id='word_1_292' title='bbox 1663 3838 1823 3893; x_wconf 85' lang='lat' dir='ltr'>quem</span> <span class='ocrx_word' id='word_1_293' title='bbox 1855 3824 2151 3897; x_wconf 87' lang='lat' dir='ltr'>adjuturus</span> 
     </span>
    </p>
   </div>
   <div class='ocr_carea' id='block_1_40' title="bbox 506 3905 2152 3985">
    <p class='ocr_par' dir='ltr' id='par_1_40' title="bbox 506 3905 2152 3985">
     <span class='ocr_line' id='line_1_40' title="bbox 506 3905 2152 3985; baseline 0.005 -23"><span class='ocrx_word' id='word_1_294' title='bbox 506 3910 724 3962; x_wconf 58' lang='lat' dir='ltr'>esfcum</span> <span class='ocrx_word' id='word_1_295' title='bbox 740 3905 1350 3978; x_wconf 81' lang='lat' dir='ltr'>indignanstanquam</span> <span class='ocrx_word' id='word_1_296' title='bbox 1372 3908 2152 3985; x_wconf 69' lang='lat' dir='ltr'>injustitiazeorum,putaret</span> 
     </span>
    </p>
   </div>
   <div class='ocr_carea' id='block_1_41' title="bbox 506 3994 2149 4075">
    <p class='ocr_par' dir='ltr' id='par_1_41' title="bbox 506 3994 2149 4075">
     <span class='ocr_line' id='line_1_41' title="bbox 506 3994 2149 4075; baseline 0.005 -24"><span class='ocrx_word' id='word_1_297' title='bbox 506 3999 775 4051; x_wconf 88' lang='lat' dir='ltr'>eosaDeo</span> <span class='ocrx_word' id='word_1_298' title='bbox 788 3994 1352 4067; x_wconf 88' lang='lat' dir='ltr'>puniendos.Verum</span> <span class='ocrx_word' id='word_1_299' title='bbox 1366 3997 1478 4052; x_wconf 85' lang='lat' dir='ltr'>sibi</span> <span class='ocrx_word' id='word_1_300' title='bbox 1493 3998 1508 4053; x_wconf 91' lang='lat' dir='ltr'>i</span> <span class='ocrx_word' id='word_1_301' title='bbox 1518 3998 1875 4072; x_wconf 85' lang='lat' dir='ltr'>pseloquens</span> <span class='ocrx_word' id='word_1_302' title='bbox 1888 4002 1968 4057; x_wconf 87' lang='lat' dir='ltr'>sei</span> <span class='ocrx_word' id='word_1_303' title='bbox 1976 4020 2149 4075; x_wconf 88' lang='lat' dir='ltr'>psum</span> 
     </span>
    </p>
   </div>
   <div class='ocr_carea' id='block_1_42' title="bbox 506 4084 2150 4158">
    <p class='ocr_par' dir='ltr' id='par_1_42' title="bbox 506 4084 2150 4158">
     <span class='ocr_line' id='line_1_42' title="bbox 506 4084 2150 4158; baseline 0.006 -19"><span class='ocrx_word' id='word_1_304' title='bbox 506 4088 759 4154; x_wconf 87' lang='lat' dir='ltr'>revocat,</span> <span class='ocrx_word' id='word_1_305' title='bbox 783 4088 848 4138; x_wconf 90' lang='lat' dir='ltr'>ut</span> <span class='ocrx_word' id='word_1_306' title='bbox 868 4088 981 4139; x_wconf 91' lang='lat' dir='ltr'>Deo</span> <span class='ocrx_word' id='word_1_307' title='bbox 1005 4084 1197 4156; x_wconf 88' lang='lat' dir='ltr'>potius</span> <span class='ocrx_word' id='word_1_308' title='bbox 1222 4085 1483 4142; x_wconf 87' lang='lat' dir='ltr'>dimittat</span> <span class='ocrx_word' id='word_1_309' title='bbox 1505 4088 1799 4158; x_wconf 89' lang='lat' dir='ltr'>judicium</span> <span class='ocrx_word' id='word_1_310' title='bbox 1828 4108 2051 4158; x_wconf 89' lang='lat' dir='ltr'>eorum,</span> <span class='ocrx_word' id='word_1_311' title='bbox 2079 4110 2150 4149; x_wconf 90' lang='lat' dir='ltr'>ne</span> 
     </span>
    </p>
   </div>
   <div class='ocr_carea' id='block_1_43' title="bbox 506 4173 2145 4251">
    <p class='ocr_par' dir='ltr' id='par_1_43' title="bbox 506 4173 2145 4251">
     <span class='ocr_line' id='line_1_43' title="bbox 506 4173 2145 4251; baseline 0.006 -24"><span class='ocrx_word' id='word_1_312' title='bbox 506 4177 608 4228; x_wconf 89' lang='lat' dir='ltr'>aut</span> <span class='ocrx_word' id='word_1_313' title='bbox 631 4174 838 4228; x_wconf 88' lang='lat' dir='ltr'>adesse</span> <span class='ocrx_word' id='word_1_314' title='bbox 876 4173 991 4228; x_wconf 88' lang='lat' dir='ltr'>Deo</span> <span class='ocrx_word' id='word_1_315' title='bbox 1041 4173 1324 4242; x_wconf 88' lang='lat' dir='ltr'>videatur,</span> <span class='ocrx_word' id='word_1_316' title='bbox 1376 4181 1477 4230; x_wconf 89' lang='lat' dir='ltr'>aut</span> <span class='ocrx_word' id='word_1_317' title='bbox 1506 4178 1783 4247; x_wconf 87' lang='lat' dir='ltr'>adjuvare</span> <span class='ocrx_word' id='word_1_318' title='bbox 1814 4196 1949 4235; x_wconf 90' lang='lat' dir='ltr'>eum</span> <span class='ocrx_word' id='word_1_319' title='bbox 1980 4180 2145 4251; x_wconf 87' lang='lat' dir='ltr'>velle,</span> 
     </span>
    </p>
   </div>
   <div class='ocr_carea' id='block_1_44' title="bbox 507 4264 2147 4341">
    <p class='ocr_par' dir='ltr' id='par_1_44' title="bbox 507 4264 2147 4341">
     <span class='ocr_line' id='line_1_44' title="bbox 507 4264 2147 4341; baseline 0.006 -23"><span class='ocrx_word' id='word_1_320' title='bbox 507 4264 676 4333; x_wconf 89' lang='lat' dir='ltr'>quasi</span> <span class='ocrx_word' id='word_1_321' title='bbox 693 4264 1037 4330; x_wconf 90' lang='lat' dir='ltr'>invalidum,</span> <span class='ocrx_word' id='word_1_322' title='bbox 1061 4264 1133 4318; x_wconf 90' lang='lat' dir='ltr'>ad</span> <span class='ocrx_word' id='word_1_323' title='bbox 1164 4266 1515 4321; x_wconf 91' lang='lat' dir='ltr'>coercendos</span> <span class='ocrx_word' id='word_1_324' title='bbox 1538 4270 1623 4322; x_wconf 91' lang='lat' dir='ltr'>vel</span> <span class='ocrx_word' id='word_1_325' title='bbox 1643 4270 2017 4341; x_wconf 88' lang='lat' dir='ltr'>corrigendos</span> <span class='ocrx_word' id='word_1_326' title='bbox 2040 4272 2147 4328; x_wconf 90' lang='lat' dir='ltr'>ho-</span> 
     </span>
    </p>
   </div>
   <div class='ocr_carea' id='block_1_45' title="bbox 506 4350 2150 4431">
    <p class='ocr_par' dir='ltr' id='par_1_45' title="bbox 506 4350 2150 4431">
     <span class='ocr_line' id='line_1_45' title="bbox 506 4350 2150 4431; baseline 0.007 -25"><span class='ocrx_word' id='word_1_327' title='bbox 506 4350 724 4418; x_wconf 86' lang='lat' dir='ltr'>mines;</span> <span class='ocrx_word' id='word_1_328' title='bbox 748 4356 852 4406; x_wconf 91' lang='lat' dir='ltr'>aut</span> <span class='ocrx_word' id='word_1_329' title='bbox 873 4350 1182 4407; x_wconf 90' lang='lat' dir='ltr'>consilium</span> <span class='ocrx_word' id='word_1_330' title='bbox 1206 4353 1366 4419; x_wconf 86' lang='lat' dir='ltr'>dare,</span> <span class='ocrx_word' id='word_1_331' title='bbox 1394 4354 1533 4425; x_wconf 88' lang='lat' dir='ltr'>quid</span> <span class='ocrx_word' id='word_1_332' title='bbox 1558 4371 1689 4410; x_wconf 90' lang='lat' dir='ltr'>cum</span> <span class='ocrx_word' id='word_1_333' title='bbox 1716 4356 1831 4412; x_wconf 87' lang='lat' dir='ltr'>illis</span> <span class='ocrx_word' id='word_1_334' title='bbox 1854 4365 2023 4431; x_wconf 89' lang='lat' dir='ltr'>agat;</span> <span class='ocrx_word' id='word_1_335' title='bbox 2050 4367 2150 4417; x_wconf 90' lang='lat' dir='ltr'>aut</span> 
     </span>
    </p>
   </div>
   <div class='ocr_carea' id='block_1_46' title="bbox 504 4439 2147 4516">
    <p class='ocr_par' dir='ltr' id='par_1_46' title="bbox 504 4439 2147 4516">
     <span class='ocr_line' id='line_1_46' title="bbox 504 4439 2147 4516; baseline 0.005 -20"><span class='ocrx_word' id='word_1_336' title='bbox 504 4439 670 4512; x_wconf 86' lang='lat' dir='ltr'>sequi</span> <span class='ocrx_word' id='word_1_337' title='bbox 684 4444 1130 4511; x_wconf 87' lang='lat' dir='ltr'>eum,tanquam</span> <span class='ocrx_word' id='word_1_338' title='bbox 1154 4446 1530 4496; x_wconf 85' lang='lat' dir='ltr'>assecuturus</span> <span class='ocrx_word' id='word_1_339' title='bbox 1544 4460 1779 4499; x_wconf 87' lang='lat' dir='ltr'>causam</span> <span class='ocrx_word' id='word_1_340' title='bbox 1802 4462 1980 4516; x_wconf 88' lang='lat' dir='ltr'>quare</span> <span class='ocrx_word' id='word_1_341' title='bbox 1993 4449 2147 4505; x_wconf 91' lang='lat' dir='ltr'>dolo-</span> 
     </span>
    </p>
   </div>
   <div class='ocr_carea' id='block_1_47' title="bbox 503 4529 2150 4609">
    <p class='ocr_par' dir='ltr' id='par_1_47' title="bbox 503 4529 2150 4609">
     <span class='ocr_line' id='line_1_47' title="bbox 503 4529 2150 4609; baseline 0.003 -20"><span class='ocrx_word' id='word_1_342' title='bbox 503 4547 604 4589; x_wconf 78' lang='lat' dir='ltr'>sos</span> <span class='ocrx_word' id='word_1_343' title='bbox 634 4529 903 4585; x_wconf 87' lang='lat' dir='ltr'>homines</span> <span class='ocrx_word' id='word_1_344' title='bbox 936 4546 1066 4585; x_wconf 89' lang='lat' dir='ltr'>esse</span> <span class='ocrx_word' id='word_1_345' title='bbox 1096 4534 1152 4585; x_wconf 89' lang='lat' dir='ltr'>et</span> <span class='ocrx_word' id='word_1_346' title='bbox 1182 4530 1370 4585; x_wconf 87' lang='lat' dir='ltr'>vivere</span> <span class='ocrx_word' id='word_1_347' title='bbox 1403 4532 1675 4601; x_wconf 87' lang='lat' dir='ltr'>patiatur,</span> <span class='ocrx_word' id='word_1_348' title='bbox 1729 4550 1861 4589; x_wconf 90' lang='lat' dir='ltr'>cum</span> <span class='ocrx_word' id='word_1_349' title='bbox 1914 4542 2150 4609; x_wconf 89' lang='lat' dir='ltr'>superet</span> 
     </span>
    </p>
   </div>
   <div class='ocr_carea' id='block_1_48' title="bbox 506 4618 2149 4694">
    <p class='ocr_par' dir='ltr' id='par_1_48' title="bbox 506 4618 2149 4694">
     <span class='ocr_line' id='line_1_48' title="bbox 506 4618 2149 4694; baseline 0.004 -18"><span class='ocrx_word' id='word_1_350' title='bbox 506 4635 741 4676; x_wconf 90' lang='lat' dir='ltr'>omnem</span> <span class='ocrx_word' id='word_1_351' title='bbox 766 4618 1024 4675; x_wconf 89' lang='lat' dir='ltr'>animam</span> <span class='ocrx_word' id='word_1_352' title='bbox 1048 4624 1405 4690; x_wconf 75' lang='lat' dir='ltr'>quaerentem</span> <span class='ocrx_word' id='word_1_353' title='bbox 1426 4620 2149 4694; x_wconf 88' lang='lat' dir='ltr'>virtuteincomprebensi-</span> 
     </span>
    </p>
   </div>
   <div class='ocr_carea' id='block_1_49' title="bbox 507 4708 2145 4783">
    <p class='ocr_par' dir='ltr' id='par_1_49' title="bbox 507 4708 2145 4783">
     <span class='ocr_line' id='line_1_49' title="bbox 507 4708 2145 4783; baseline 0.006 -20"><span class='ocrx_word' id='word_1_354' title='bbox 507 4708 923 4781; x_wconf 89' lang='lat' dir='ltr'>bili;autquasi</span> <span class='ocrx_word' id='word_1_355' title='bbox 950 4709 1304 4764; x_wconf 86' lang='lat' dir='ltr'>annuntiare</span> <span class='ocrx_word' id='word_1_356' title='bbox 1326 4708 1410 4763; x_wconf 93' lang='lat' dir='ltr'>illi</span> <span class='ocrx_word' id='word_1_357' title='bbox 1434 4709 1656 4782; x_wconf 89' lang='lat' dir='ltr'>aliquid</span> <span class='ocrx_word' id='word_1_358' title='bbox 1682 4711 1749 4765; x_wconf 90' lang='lat' dir='ltr'>de</span> <span class='ocrx_word' id='word_1_359' title='bbox 1771 4712 2051 4783; x_wconf 90' lang='lat' dir='ltr'>illis,cum</span> <span class='ocrx_word' id='word_1_360' title='bbox 2076 4717 2145 4773; x_wconf 89' lang='lat' dir='ltr'>ab</span> 
     </span>
    </p>
   </div>
   <div class='ocr_carea' id='block_1_50' title="bbox 506 4796 2144 4871">
    <p class='ocr_par' dir='ltr' id='par_1_50' title="bbox 506 4796 2144 4871">
     <span class='ocr_line' id='line_1_50' title="bbox 506 4796 2144 4871; baseline 0.005 -21"><span class='ocrx_word' id='word_1_361' title='bbox 506 4796 634 4867; x_wconf 90' lang='lat' dir='ltr'>ipso</span> <span class='ocrx_word' id='word_1_362' title='bbox 656 4797 868 4852; x_wconf 89' lang='lat' dir='ltr'>habeat</span> <span class='ocrx_word' id='word_1_363' title='bbox 883 4797 1057 4853; x_wconf 90' lang='lat' dir='ltr'>homo</span> <span class='ocrx_word' id='word_1_364' title='bbox 1074 4802 1130 4853; x_wconf 87' lang='lat' dir='ltr'>et</span> <span class='ocrx_word' id='word_1_365' title='bbox 1147 4797 1604 4869; x_wconf 75' lang='lat' dir='ltr'>spiramen,cum</span> <span class='ocrx_word' id='word_1_366' title='bbox 1622 4799 1840 4871; x_wconf 86' lang='lat' dir='ltr'>aliquid</span> <span class='ocrx_word' id='word_1_367' title='bbox 1856 4805 2144 4860; x_wconf 89' lang='lat' dir='ltr'>enuntiat.</span> 
     </span>
    </p>
   </div>
   <div class='ocr_carea' id='block_1_51' title="bbox 508 4884 2147 4965">
    <p class='ocr_par' dir='ltr' id='par_1_51' title="bbox 508 4884 2147 4965">
     <span class='ocr_line' id='line_1_51' title="bbox 508 4884 2147 4965; baseline 0.006 -26"><span class='ocrx_word' id='word_1_368' title='bbox 508 4884 782 4954; x_wconf 82' lang='lat' dir='ltr'>Numquid</span> <span class='ocrx_word' id='word_1_369' title='bbox 809 4888 1057 4956; x_wconf 76' lang='lat' dir='ltr'>gigantes</span> <span class='ocrx_word' id='word_1_370' title='bbox 1082 4887 1403 4955; x_wconf 84' lang='lat' dir='ltr'>redigentur</span> <span class='ocrx_word' id='word_1_371' title='bbox 1434 4889 1490 4942; x_wconf 88' lang='lat' dir='ltr'>in</span> <span class='ocrx_word' id='word_1_372' title='bbox 1534 4888 1776 4943; x_wconf 86' lang='lat' dir='ltr'>nihilum</span> <span class='ocrx_word' id='word_1_373' title='bbox 1795 4890 1824 4944; x_wconf 85' lang='lat'><strong><em>?</em></strong></span> <span class='ocrx_word' id='word_1_374' title='bbox 1856 4891 1979 4946; x_wconf 90' lang='lat' dir='ltr'>Non</span> <span class='ocrx_word' id='word_1_375' title='bbox 2012 4910 2147 4965; x_wconf 91' lang='lat' dir='ltr'>ergo</span> 
     </span>
    </p>
   </div>
   <div class='ocr_carea' id='block_1_52' title="bbox 508 4971 2146 5050">
    <p class='ocr_par' dir='ltr' id='par_1_52' title="bbox 508 4971 2146 5050">
     <span class='ocr_line' id='line_1_52' title="bbox 508 4971 2146 5050; baseline 0.006 -22"><span class='ocrx_word' id='word_1_376' title='bbox 508 4971 844 5028; x_wconf 89' lang='lat' dir='ltr'>mirandum</span> <span class='ocrx_word' id='word_1_377' title='bbox 867 4976 917 5029; x_wconf 90' lang='lat' dir='ltr'>si</span> <span class='ocrx_word' id='word_1_378' title='bbox 941 4976 1069 5030; x_wconf 90' lang='lat' dir='ltr'>istis</span> <span class='ocrx_word' id='word_1_379' title='bbox 1095 4981 1244 5032; x_wconf 90' lang='lat' dir='ltr'>Deus</span> <span class='ocrx_word' id='word_1_380' title='bbox 1265 4976 1472 5047; x_wconf 89' lang='lat' dir='ltr'>parcit,</span> <span class='ocrx_word' id='word_1_381' title='bbox 1497 4979 1731 5049; x_wconf 88' lang='lat' dir='ltr'>quando</span> <span class='ocrx_word' id='word_1_382' title='bbox 1752 4980 2014 5050; x_wconf 81' lang='lat' dir='ltr'>gigantes</span> <span class='ocrx_word' id='word_1_383' title='bbox 2032 4999 2146 5037; x_wconf 92' lang='lat' dir='ltr'>non</span> 
     </span>
    </p>
   </div>
   <div class='ocr_carea' id='block_1_53' title="bbox 508 5060 2147 5135">
    <p class='ocr_par' dir='ltr' id='par_1_53' title="bbox 508 5060 2147 5135">
     <span class='ocr_line' id='line_1_53' title="bbox 508 5060 2147 5135; baseline 0.005 -18"><span class='ocrx_word' id='word_1_384' title='bbox 508 5060 721 5133; x_wconf 89' lang='lat' dir='ltr'>redigit</span> <span class='ocrx_word' id='word_1_385' title='bbox 756 5060 817 5116; x_wconf 89' lang='lat' dir='ltr'>in</span> <span class='ocrx_word' id='word_1_386' title='bbox 840 5062 1114 5119; x_wconf 90' lang='lat' dir='ltr'>nihilum.</span> <span class='ocrx_word' id='word_1_387' title='bbox 1139 5065 1209 5119; x_wconf 85' lang='lat' dir='ltr'>Et</span> <span class='ocrx_word' id='word_1_388' title='bbox 1229 5080 1302 5121; x_wconf 85' lang='lat' dir='ltr'>ne</span> <span class='ocrx_word' id='word_1_389' title='bbox 1340 5066 1649 5135; x_wconf 89' lang='lat' dir='ltr'>diceretur,</span> <span class='ocrx_word' id='word_1_390' title='bbox 1683 5068 1792 5123; x_wconf 90' lang='lat' dir='ltr'>Sed</span> <span class='ocrx_word' id='word_1_391' title='bbox 1826 5069 1897 5123; x_wconf 88' lang='lat' dir='ltr'>ad</span> <span class='ocrx_word' id='word_1_392' title='bbox 1929 5069 2147 5128; x_wconf 85' lang='lat' dir='ltr'>inferos</span> 
     </span>
    </p>
   </div>
   <div class='ocr_carea' id='block_1_54' title="bbox 506 5149 2147 5223">
    <p class='ocr_par' dir='ltr' id='par_1_54' title="bbox 506 5149 2147 5223">
     <span class='ocr_line' id='line_1_54' title="bbox 506 5149 2147 5223; baseline 0.005 -18"><span class='ocrx_word' id='word_1_393' title='bbox 506 5149 729 5205; x_wconf 88' lang='lat' dir='ltr'>detrusi</span> <span class='ocrx_word' id='word_1_394' title='bbox 753 5154 891 5204; x_wconf 89' lang='lat' dir='ltr'>sunt</span> <span class='ocrx_word' id='word_1_395' title='bbox 915 5168 927 5216; x_wconf 94' lang='lat'>;</span> <span class='ocrx_word' id='word_1_396' title='bbox 949 5152 1197 5221; x_wconf 86' lang='lat' dir='ltr'>subjecit</span> <span class='ocrx_word' id='word_1_397' title='bbox 1229 5154 1365 5223; x_wconf 88' lang='lat' dir='ltr'>quia</span> <span class='ocrx_word' id='word_1_398' title='bbox 1391 5155 1681 5210; x_wconf 77' lang='lat' dir='ltr'>infernum</span> <span class='ocrx_word' id='word_1_399' title='bbox 1704 5156 1858 5211; x_wconf 91' lang='lat' dir='ltr'>videt</span> <span class='ocrx_word' id='word_1_400' title='bbox 1880 5157 2031 5213; x_wconf 89' lang='lat' dir='ltr'>Deus</span> <span class='ocrx_word' id='word_1_401' title='bbox 2054 5176 2066 5214; x_wconf 88' lang='lat'>:</span> <span class='ocrx_word' id='word_1_402' title='bbox 2091 5163 2147 5213; x_wconf 91' lang='lat' dir='ltr'>et</span> 
     </span>
    </p>
   </div>
   <div class='ocr_carea' id='block_1_55' title="bbox 501 5238 2146 5314">
    <p class='ocr_par' dir='ltr' id='par_1_55' title="bbox 501 5238 2146 5314">
     <span class='ocr_line' id='line_1_55' title="bbox 501 5238 2146 5314; baseline 0.005 -20"><span class='ocrx_word' id='word_1_403' title='bbox 501 5244 701 5294; x_wconf 89' lang='lat' dir='ltr'>tamen</span> <span class='ocrx_word' id='word_1_404' title='bbox 740 5254 839 5293; x_wconf 90' lang='lat' dir='ltr'>eos</span> <span class='ocrx_word' id='word_1_405' title='bbox 862 5238 941 5291; x_wconf 88' lang='lat' dir='ltr'>ibi</span> <span class='ocrx_word' id='word_1_406' title='bbox 970 5241 1259 5295; x_wconf 89' lang='lat' dir='ltr'>ordinavit</span> <span class='ocrx_word' id='word_1_407' title='bbox 1290 5242 1389 5295; x_wconf 91' lang='lat' dir='ltr'>ubi</span> <span class='ocrx_word' id='word_1_408' title='bbox 1421 5258 1549 5298; x_wconf 90' lang='lat' dir='ltr'>esse</span> <span class='ocrx_word' id='word_1_409' title='bbox 1583 5250 1959 5314; x_wconf 88' lang='lat' dir='ltr'>meruerunt;</span> <span class='ocrx_word' id='word_1_410' title='bbox 1995 5246 2146 5302; x_wconf 92' lang='lat' dir='ltr'>sicut</span> 
     </span>
    </p>
   </div>
   <div class='ocr_carea' id='block_1_56' title="bbox 494 5327 2141 5406">
    <p class='ocr_par' dir='ltr' id='par_1_56' title="bbox 494 5327 2141 5406">
     <span class='ocr_line' id='line_1_56' title="bbox 494 5327 2141 5406; baseline 0.004 -23"><span class='ocrx_word' id='word_1_411' title='bbox 494 5330 691 5399; x_wconf 91' lang='lat' dir='ltr'>justos</span> <span class='ocrx_word' id='word_1_412' title='bbox 712 5327 831 5383; x_wconf 88' lang='lat' dir='ltr'>sive</span> <span class='ocrx_word' id='word_1_413' title='bbox 854 5343 1008 5382; x_wconf 92' lang='lat' dir='ltr'>nunc</span> <span class='ocrx_word' id='word_1_414' title='bbox 1029 5328 1180 5383; x_wconf 90' lang='lat' dir='ltr'>sicut</span> <span class='ocrx_word' id='word_1_415' title='bbox 1202 5334 1358 5396; x_wconf 89' lang='lat' dir='ltr'>sunt,</span> <span class='ocrx_word' id='word_1_416' title='bbox 1398 5331 1515 5386; x_wconf 88' lang='lat' dir='ltr'>sive</span> <span class='ocrx_word' id='word_1_417' title='bbox 1537 5338 1740 5403; x_wconf 79' lang='lat' dir='ltr'>postea</span> <span class='ocrx_word' id='word_1_418' title='bbox 1770 5334 1921 5389; x_wconf 90' lang='lat' dir='ltr'>sicut</span> <span class='ocrx_word' id='word_1_419' title='bbox 1950 5340 2141 5406; x_wconf 89' lang='lat' dir='ltr'>erunt,</span> 
     </span>
    </p>
   </div>
   <div class='ocr_carea' id='block_1_57' title="bbox 504 5416 2146 5495">
    <p class='ocr_par' dir='ltr' id='par_1_57' title="bbox 504 5416 2146 5495">
     <span class='ocr_line' id='line_1_57' title="bbox 504 5416 2146 5495; baseline 0.005 -24"><span class='ocrx_word' id='word_1_420' title='bbox 504 5416 772 5489; x_wconf 85' lang='lat' dir='ltr'>quamvis</span> <span class='ocrx_word' id='word_1_421' title='bbox 803 5434 902 5472; x_wconf 91' lang='lat' dir='ltr'>eos</span> <span class='ocrx_word' id='word_1_422' title='bbox 935 5434 1237 5487; x_wconf 90' lang='lat' dir='ltr'>nunquam</span> <span class='ocrx_word' id='word_1_423' title='bbox 1269 5424 1562 5475; x_wconf 88' lang='lat' dir='ltr'>removeat</span> <span class='ocrx_word' id='word_1_424' title='bbox 1592 5438 1624 5476; x_wconf 93' lang='lat' dir='ltr'>a</span> <span class='ocrx_word' id='word_1_425' title='bbox 1661 5422 1806 5478; x_wconf 74' lang='lat' dir='ltr'>facie</span> <span class='ocrx_word' id='word_1_426' title='bbox 1836 5440 1967 5495; x_wconf 89' lang='lat' dir='ltr'>sua,</span> <span class='ocrx_word' id='word_1_427' title='bbox 2008 5425 2146 5495; x_wconf 89' lang='lat' dir='ltr'>quia</span> 
     </span>
    </p>
   </div>
   <div class='ocr_carea' id='block_1_58' title="bbox 505 5504 2145 5584">
    <p class='ocr_par' dir='ltr' id='par_1_58' title="bbox 505 5504 2145 5584">
     <span class='ocr_line' id='line_1_58' title="bbox 505 5504 2145 5584; baseline 0.005 -23"><span class='ocrx_word' id='word_1_428' title='bbox 505 5504 703 5561; x_wconf 89' lang='lat' dir='ltr'>omnia</span> <span class='ocrx_word' id='word_1_429' title='bbox 725 5506 881 5561; x_wconf 89' lang='lat' dir='ltr'>nuda</span> <span class='ocrx_word' id='word_1_430' title='bbox 902 5512 1041 5562; x_wconf 86' lang='lat' dir='ltr'>sunt</span> <span class='ocrx_word' id='word_1_431' title='bbox 1056 5522 1251 5562; x_wconf 89' lang='lat' dir='ltr'>coram</span> <span class='ocrx_word' id='word_1_432' title='bbox 1270 5523 1365 5575; x_wconf 89' lang='lat' dir='ltr'>eo;</span> <span class='ocrx_word' id='word_1_433' title='bbox 1390 5507 1470 5562; x_wconf 88' lang='lat' dir='ltr'>ita</span> <span class='ocrx_word' id='word_1_434' title='bbox 1487 5512 1553 5562; x_wconf 90' lang='lat' dir='ltr'>ut</span> <span class='ocrx_word' id='word_1_435' title='bbox 1574 5510 1867 5581; x_wconf 87' lang='lat' dir='ltr'>proximos</span> <span class='ocrx_word' id='word_1_436' title='bbox 1884 5513 2145 5584; x_wconf 81' lang='lat' dir='ltr'>gigantes</span> 
     </span>
    </p>
   </div>
   <div class='ocr_carea' id='block_1_59' title="bbox 504 5593 2145 5670">
    <p class='ocr_par' dir='ltr' id='par_1_59' title="bbox 504 5593 2145 5670">
     <span class='ocr_line' id='line_1_59' title="bbox 504 5593 2145 5670; baseline 0.006 -21"><span class='ocrx_word' id='word_1_437' title='bbox 504 5593 683 5649; x_wconf 87' lang='lat' dir='ltr'>etiam</span> <span class='ocrx_word' id='word_1_438' title='bbox 715 5594 859 5651; x_wconf 86' lang='lat' dir='ltr'>istos</span> <span class='ocrx_word' id='word_1_439' title='bbox 891 5594 1285 5652; x_wconf 88' lang='lat' dir='ltr'>consolatores</span> <span class='ocrx_word' id='word_1_440' title='bbox 1315 5596 1600 5667; x_wconf 88' lang='lat' dir='ltr'>superbos</span> <span class='ocrx_word' id='word_1_441' title='bbox 1626 5598 1896 5670; x_wconf 88' lang='lat' dir='ltr'>accipias.</span> <span class='ocrx_word' id='word_1_442' title='bbox 1946 5602 2145 5661; x_wconf 81' lang='lat' dir='ltr'>Subter</span> 
     </span>
    </p>
   </div>
   <div class='ocr_carea' id='block_1_60' title="bbox 571 5779 1736 5849">
    <p class='ocr_par' dir='ltr' id='par_1_60' title="bbox 571 5779 1736 5849">
     <span class='ocr_line' id='line_1_60' title="bbox 571 5779 1736 5849; baseline 0.003 -16"><span class='ocrx_word' id='word_1_443' title='bbox 571 5782 589 5818; x_wconf 83' lang='grc'>¹</span> <span class='ocrx_word' id='word_1_444' title='bbox 622 5779 707 5833; x_wconf 86' lang='lat' dir='ltr'>Sic</span> <span class='ocrx_word' id='word_1_445' title='bbox 736 5782 791 5833; x_wconf 88' lang='lat' dir='ltr'>in</span> <span class='ocrx_word' id='word_1_446' title='bbox 820 5782 945 5835; x_wconf 82' lang='lat' dir='ltr'>Mss.</span> <span class='ocrx_word' id='word_1_447' title='bbox 982 5784 1050 5837; x_wconf 85' lang='lat' dir='ltr'>At</span> <span class='ocrx_word' id='word_1_448' title='bbox 1082 5785 1139 5836; x_wconf 88' lang='lat' dir='ltr'>in</span> <span class='ocrx_word' id='word_1_449' title='bbox 1169 5785 1345 5849; x_wconf 81' lang='lat' dir='ltr'>editis,</span> <span class='ocrx_word' id='word_1_450' title='bbox 1377 5782 1736 5841; x_wconf 70' lang='lat' dir='ltr'>secretissima.</span> 
     </span>
    </p>
   </div>
   <div class='ocr_carea' id='block_1_61' title="bbox 3444 10 3895 90">
    <p class='ocr_par' dir='ltr' id='par_1_61' title="bbox 3444 10 3895 90">
     <span class='ocr_line' id='line_1_61' title="bbox 3444 10 3895 90; baseline -0.009 -27"><span class='ocrx_word' id='word_1_451' title='bbox 3444 10 3603 63; x_wconf 55' lang='grc' dir='ltr'>ἠν-</span> <span class='ocrx_word' id='word_1_452' title='bbox 3624 10 3895 90; x_wconf 54' lang='grc' dir='ltr'>της</span> 
     </span>
    </p>
   </div>
   <div class='ocr_carea' id='block_1_62' title="bbox 1438 396 3815 474">
    <p class='ocr_par' dir='ltr' id='par_1_62' title="bbox 1438 396 3815 474">
     <span class='ocr_line' id='line_1_62' title="bbox 1438 396 3815 474; baseline 0.008 -19"><span class='ocrx_word' id='word_1_453' title='bbox 1438 396 2061 458; x_wconf 82' lang='lat' dir='ltr'>ANNOTATIONUM</span> <span class='ocrx_word' id='word_1_454' title='bbox 2110 398 2186 457; x_wconf 85' lang='grc' dir='ltr'>ΙΝ</span> <span class='ocrx_word' id='word_1_455' title='bbox 2231 398 2393 473; x_wconf 82' lang='lat' dir='ltr'>JOB,</span> <span class='ocrx_word' id='word_1_456' title='bbox 2443 402 2504 461; x_wconf 91' lang='lat' dir='ltr'>S.</span> <span class='ocrx_word' id='word_1_457' title='bbox 2554 406 2983 469; x_wconf 81' lang='lat' dir='ltr'>AUGUSTINI</span> <span class='ocrx_word' id='word_1_458' title='bbox 3728 413 3815 474; x_wconf 76' lang='lat'>852</span> 
     </span>
    </p>
   </div>
   <div class='ocr_carea' id='block_1_63' title="bbox 2259 536 3815 611">
    <p class='ocr_par' dir='ltr' id='par_1_63' title="bbox 2259 536 3815 611">
     <span class='ocr_line' id='line_1_63' title="bbox 2259 536 3815 611; baseline 0.01 -24"><span class='ocrx_word' id='word_1_459' title='bbox 2259 549 2459 604; x_wconf 90' lang='lat' dir='ltr'>aquam</span> <span class='ocrx_word' id='word_1_460' title='bbox 2480 541 2532 591; x_wconf 84' lang='lat' dir='ltr'>et</span> <span class='ocrx_word' id='word_1_461' title='bbox 2557 538 2811 609; x_wconf 75' lang='lat' dir='ltr'>proximi</span> <span class='ocrx_word' id='word_1_462' title='bbox 2840 553 3051 594; x_wconf 87' lang='lat' dir='ltr'>eorum.</span> <span class='ocrx_word' id='word_1_463' title='bbox 3082 538 3169 592; x_wconf 84' lang='lat' dir='ltr'>An</span> <span class='ocrx_word' id='word_1_464' title='bbox 3202 536 3388 593; x_wconf 80' lang='lat' dir='ltr'>Subter</span> <span class='ocrx_word' id='word_1_465' title='bbox 3413 555 3611 611; x_wconf 89' lang='lat' dir='ltr'>aquam,</span> <span class='ocrx_word' id='word_1_466' title='bbox 3652 544 3815 604; x_wconf 71' lang='lat' dir='ltr'>subau.</span> 
     </span>
    </p>
   </div>
   <div class='ocr_carea' id='block_1_64' title="bbox 2226 622 3815 697">
    <p class='ocr_par' dir='ltr' id='par_1_64' title="bbox 2226 622 3815 697">
     <span class='ocr_line' id='line_1_64' title="bbox 2226 622 3815 697; baseline 0.004 -16"><span class='ocrx_word' id='word_1_467' title='bbox 2226 676 2233 681; x_wconf 79' lang='lat'>.</span> <span class='ocrx_word' id='word_1_468' title='bbox 2260 622 2560 694; x_wconf 88' lang='lat' dir='ltr'>diendum,</span> <span class='ocrx_word' id='word_1_469' title='bbox 2587 631 2881 696; x_wconf 87' lang='lat' dir='ltr'>tenentur,</span> <span class='ocrx_word' id='word_1_470' title='bbox 2905 626 2996 681; x_wconf 88' lang='lat' dir='ltr'>vel</span> <span class='ocrx_word' id='word_1_471' title='bbox 3012 626 3233 697; x_wconf 76' lang='lat' dir='ltr'>aliquid</span> <span class='ocrx_word' id='word_1_472' title='bbox 3252 626 3407 682; x_wconf 85' lang='lat' dir='ltr'>tale?</span> <span class='ocrx_word' id='word_1_473' title='bbox 3434 631 3491 683; x_wconf 87' lang='lat' dir='ltr'>Et</span> <span class='ocrx_word' id='word_1_474' title='bbox 3504 646 3599 684; x_wconf 83' lang='lat' dir='ltr'>non</span> <span class='ocrx_word' id='word_1_475' title='bbox 3617 646 3682 685; x_wconf 83' lang='lat' dir='ltr'>est</span> <span class='ocrx_word' id='word_1_476' title='bbox 3710 634 3815 688; x_wconf 83' lang='lat' dir='ltr'>vela-</span> 
     </span>
    </p>
   </div>
   <div class='ocr_carea' id='block_1_65' title="bbox 2258 715 3816 787">
    <p class='ocr_par' dir='ltr' id='par_1_65' title="bbox 2258 715 3816 787">
     <span class='ocr_line' id='line_1_65' title="bbox 2258 715 3816 787; baseline 0.008 -23"><span class='ocrx_word' id='word_1_477' title='bbox 2258 728 2382 767; x_wconf 84' lang='lat' dir='ltr'>men</span> <span class='ocrx_word' id='word_1_478' title='bbox 2404 715 2727 784; x_wconf 77' lang='lat' dir='ltr'>perditioni.</span> <span class='ocrx_word' id='word_1_479' title='bbox 2752 716 2938 771; x_wconf 86' lang='lat' dir='ltr'>Etiam</span> <span class='ocrx_word' id='word_1_480' title='bbox 2969 716 3218 787; x_wconf 91' lang='lat' dir='ltr'>perditio</span> <span class='ocrx_word' id='word_1_481' title='bbox 3240 734 3371 772; x_wconf 90' lang='lat' dir='ltr'>eum</span> <span class='ocrx_word' id='word_1_482' title='bbox 3396 735 3499 772; x_wconf 91' lang='lat' dir='ltr'>non</span> <span class='ocrx_word' id='word_1_483' title='bbox 3520 718 3816 777; x_wconf 78' lang='lat' dir='ltr'>latet.EJ:ten-</span> 
     </span>
    </p>
   </div>
   <div class='ocr_carea' id='block_1_66' title="bbox 2258 800 3819 877">
    <p class='ocr_par' dir='ltr' id='par_1_66' title="bbox 2258 800 3819 877">
     <span class='ocr_line' id='line_1_66' title="bbox 2258 800 3819 877; baseline 0.008 -23"><span class='ocrx_word' id='word_1_484' title='bbox 2258 800 2387 856; x_wconf 88' lang='lat' dir='ltr'>dens</span> <span class='ocrx_word' id='word_1_485' title='bbox 2402 804 2899 876; x_wconf 76' lang='lat' dir='ltr'>aquilonemsuper</span> <span class='ocrx_word' id='word_1_486' title='bbox 2918 805 3380 861; x_wconf 85' lang='lat' dir='ltr'>nihilum.Potest</span> <span class='ocrx_word' id='word_1_487' title='bbox 3398 807 3575 877; x_wconf 87' lang='lat' dir='ltr'>aquilo</span> <span class='ocrx_word' id='word_1_488' title='bbox 3587 809 3819 867; x_wconf 87' lang='lat' dir='ltr'>diabolum</span> 
     </span>
    </p>
   </div>
   <div class='ocr_carea' id='block_1_67' title="bbox 2258 892 3819 966">
    <p class='ocr_par' dir='ltr' id='par_1_67' title="bbox 2258 892 3819 966">
     <span class='ocr_line' id='line_1_67' title="bbox 2258 892 3819 966; baseline 0.006 -22"><span class='ocrx_word' id='word_1_489' title='bbox 2258 892 2677 962; x_wconf 82' lang='lat' dir='ltr'>signiﬁcare,et</span> <span class='ocrx_word' id='word_1_490' title='bbox 2692 899 2845 949; x_wconf 84' lang='lat' dir='ltr'>terra</span> <span class='ocrx_word' id='word_1_491' title='bbox 2863 899 3247 964; x_wconf 86' lang='lat' dir='ltr'>peccatorem;</span> <span class='ocrx_word' id='word_1_492' title='bbox 3275 896 3540 966; x_wconf 88' lang='lat' dir='ltr'>quoniam</span> <span class='ocrx_word' id='word_1_493' title='bbox 3553 902 3601 951; x_wconf 87' lang='lat' dir='ltr'>et</span> <span class='ocrx_word' id='word_1_494' title='bbox 3618 897 3686 951; x_wconf 88' lang='lat' dir='ltr'>illi</span> <span class='ocrx_word' id='word_1_495' title='bbox 3701 906 3744 953; x_wconf 85' lang='lat' dir='ltr'>et</span> <span class='ocrx_word' id='word_1_496' title='bbox 3761 900 3819 954; x_wconf 84' lang='lat' dir='ltr'>illi</span> 
     </span>
    </p>
   </div>
   <div class='ocr_carea' id='block_1_68' title="bbox 2259 979 3822 1056">
    <p class='ocr_par' dir='ltr' id='par_1_68' title="bbox 2259 979 3822 1056">
     <span class='ocr_line' id='line_1_68' title="bbox 2259 979 3822 1056; baseline 0.006 -23"><span class='ocrx_word' id='word_1_497' title='bbox 2259 979 2454 1036; x_wconf 88' lang='lat' dir='ltr'>inanis</span> <span class='ocrx_word' id='word_1_498' title='bbox 2477 988 2565 1037; x_wconf 87' lang='lat' dir='ltr'>est</span> <span class='ocrx_word' id='word_1_499' title='bbox 2589 999 2745 1053; x_wconf 89' lang='lat' dir='ltr'>spes.</span> <span class='ocrx_word' id='word_1_500' title='bbox 2771 984 3120 1055; x_wconf 83' lang='lat' dir='ltr'>Suspendens</span> <span class='ocrx_word' id='word_1_501' title='bbox 3138 989 3353 1038; x_wconf 85' lang='lat' dir='ltr'>terram</span> <span class='ocrx_word' id='word_1_502' title='bbox 3372 1001 3527 1055; x_wconf 85' lang='lat' dir='ltr'>super</span> <span class='ocrx_word' id='word_1_503' title='bbox 3548 985 3769 1056; x_wconf 75' lang='lat' dir='ltr'>nihilum,</span> <span class='ocrx_word' id='word_1_504' title='bbox 3785 989 3822 1042; x_wconf 84' lang='lat' dir='ltr'>in</span> 
     </span>
    </p>
   </div>
   <div class='ocr_carea' id='block_1_69' title="bbox 2257 1072 3823 1145">
    <p class='ocr_par' dir='ltr' id='par_1_69' title="bbox 2257 1072 3823 1145">
     <span class='ocr_line' id='line_1_69' title="bbox 2257 1072 3823 1145; baseline 0.004 -22"><span class='ocrx_word' id='word_1_505' title='bbox 2257 1072 2687 1139; x_wconf 85' lang='lat' dir='ltr'>aerem.Ligans</span> <span class='ocrx_word' id='word_1_506' title='bbox 2708 1089 2913 1143; x_wconf 88' lang='lat' dir='ltr'>aquam</span> <span class='ocrx_word' id='word_1_507' title='bbox 2936 1074 2995 1126; x_wconf 87' lang='lat' dir='ltr'>in</span> <span class='ocrx_word' id='word_1_508' title='bbox 3010 1072 3247 1127; x_wconf 85' lang='lat' dir='ltr'>nubibus</span> <span class='ocrx_word' id='word_1_509' title='bbox 3268 1074 3386 1127; x_wconf 85' lang='lat' dir='ltr'>suis</span> <span class='ocrx_word' id='word_1_510' title='bbox 3407 1092 3425 1126; x_wconf 90' lang='lat'><strong><em>:</em></strong></span> <span class='ocrx_word' id='word_1_511' title='bbox 3448 1079 3659 1145; x_wconf 88' lang='lat' dir='ltr'>propter</span> <span class='ocrx_word' id='word_1_512' title='bbox 3672 1075 3823 1129; x_wconf 85' lang='lat' dir='ltr'>obscu-</span> 
     </span>
    </p>
   </div>
   <div class='ocr_carea' id='block_1_70' title="bbox 2258 1157 3823 1231">
    <p class='ocr_par' dir='ltr' id='par_1_70' title="bbox 2258 1157 3823 1231">
     <span class='ocr_line' id='line_1_70' title="bbox 2258 1157 3823 1231; baseline 0.004 -20"><span class='ocrx_word' id='word_1_513' title='bbox 2258 1157 2489 1213; x_wconf 88' lang='lat' dir='ltr'>ritatem</span> <span class='ocrx_word' id='word_1_514' title='bbox 2504 1160 2849 1231; x_wconf 73' lang='lat' dir='ltr'>prophetiae.</span> <span class='ocrx_word' id='word_1_515' title='bbox 2883 1166 2950 1216; x_wconf 81' lang='lat' dir='ltr'>Et</span> <span class='ocrx_word' id='word_1_516' title='bbox 2970 1177 3079 1217; x_wconf 86' lang='lat' dir='ltr'>non</span> <span class='ocrx_word' id='word_1_517' title='bbox 3096 1166 3175 1216; x_wconf 88' lang='lat' dir='ltr'>est</span> <span class='ocrx_word' id='word_1_518' title='bbox 3196 1161 3362 1216; x_wconf 85' lang='lat' dir='ltr'>scissa</span> <span class='ocrx_word' id='word_1_519' title='bbox 3382 1161 3641 1217; x_wconf 87' lang='lat' dir='ltr'>nubessub</span> <span class='ocrx_word' id='word_1_520' title='bbox 3658 1179 3731 1218; x_wconf 86' lang='lat' dir='ltr'>eo:</span> <span class='ocrx_word' id='word_1_521' title='bbox 3751 1164 3823 1217; x_wconf 88' lang='lat' dir='ltr'>sub</span> 
     </span>
    </p>
   </div>
   <div class='ocr_carea' id='block_1_71' title="bbox 2258 1244 3823 1321">
    <p class='ocr_par' dir='ltr' id='par_1_71' title="bbox 2258 1244 3823 1321">
     <span class='ocr_line' id='line_1_71' title="bbox 2258 1244 3823 1321; baseline 0.004 -24"><span class='ocrx_word' id='word_1_522' title='bbox 2258 1244 2496 1300; x_wconf 88' lang='lat' dir='ltr'>veritate</span> <span class='ocrx_word' id='word_1_523' title='bbox 2518 1263 2693 1317; x_wconf 86' lang='lat' dir='ltr'>quam</span> <span class='ocrx_word' id='word_1_524' title='bbox 2719 1248 2927 1303; x_wconf 85' lang='lat' dir='ltr'>habuit</span> <span class='ocrx_word' id='word_1_525' title='bbox 2950 1248 3289 1321; x_wconf 72' lang='lat' dir='ltr'>nubes,quaa</span> <span class='ocrx_word' id='word_1_526' title='bbox 3317 1266 3430 1303; x_wconf 92' lang='lat' dir='ltr'>non</span> <span class='ocrx_word' id='word_1_527' title='bbox 3457 1250 3823 1305; x_wconf 81' lang='lat' dir='ltr'>scinditurScri-</span> 
     </span>
    </p>
   </div>
   <div class='ocr_carea' id='block_1_72' title="bbox 2259 1334 3824 1408">
    <p class='ocr_par' dir='ltr' id='par_1_72' title="bbox 2259 1334 3824 1408">
     <span class='ocr_line' id='line_1_72' title="bbox 2259 1334 3824 1408; baseline 0.004 -22"><span class='ocrx_word' id='word_1_528' title='bbox 2259 1337 2359 1404; x_wconf 93' lang='lat' dir='ltr'>ptu</span> <span class='ocrx_word' id='word_1_529' title='bbox 2368 1351 2462 1389; x_wconf 90' lang='lat' dir='ltr'>ras</span> <span class='ocrx_word' id='word_1_530' title='bbox 2477 1334 3086 1408; x_wconf 78' lang='lat' dir='ltr'>intelligentibusznon</span> <span class='ocrx_word' id='word_1_531' title='bbox 3100 1338 3256 1392; x_wconf 90' lang='lat' dir='ltr'>enim</span> <span class='ocrx_word' id='word_1_532' title='bbox 3271 1338 3591 1393; x_wconf 89' lang='lat' dir='ltr'>adversaria</span> <span class='ocrx_word' id='word_1_533' title='bbox 3601 1339 3824 1408; x_wconf 81' lang='lat' dir='ltr'>dicuntur,</span> 
     </span>
    </p>
   </div>
   <div class='ocr_carea' id='block_1_73' title="bbox 2258 1421 3823 1497">
    <p class='ocr_par' dir='ltr' id='par_1_73' title="bbox 2258 1421 3823 1497">
     <span class='ocr_line' id='line_1_73' title="bbox 2258 1421 3823 1497; baseline 0.004 -22"><span class='ocrx_word' id='word_1_534' title='bbox 2258 1421 2429 1476; x_wconf 90' lang='lat' dir='ltr'>sicuti</span> <span class='ocrx_word' id='word_1_535' title='bbox 2463 1427 2672 1494; x_wconf 87' lang='lat' dir='ltr'>putant</span> <span class='ocrx_word' id='word_1_536' title='bbox 2704 1442 2819 1479; x_wconf 93' lang='lat' dir='ltr'>non</span> <span class='ocrx_word' id='word_1_537' title='bbox 2851 1424 3266 1497; x_wconf 86' lang='lat' dir='ltr'>intelligentes.</span> <span class='ocrx_word' id='word_1_538' title='bbox 3298 1427 3409 1494; x_wconf 86' lang='lat' dir='ltr'>Qui</span> <span class='ocrx_word' id='word_1_539' title='bbox 3434 1430 3573 1482; x_wconf 89' lang='lat' dir='ltr'>tenet</span> <span class='ocrx_word' id='word_1_540' title='bbox 3594 1428 3823 1497; x_wconf 62' lang='lat' dir='ltr'>[aciemsa</span> 
     </span>
    </p>
   </div>
   <div class='ocr_carea' id='block_1_74' title="bbox 2260 1512 3825 1587">
    <p class='ocr_par' dir='ltr' id='par_1_74' title="bbox 2260 1512 3825 1587">
     <span class='ocr_line' id='line_1_74' title="bbox 2260 1512 3825 1587; baseline 0.004 -23"><span class='ocrx_word' id='word_1_541' title='bbox 2260 1512 2330 1564; x_wconf 89' lang='lat' dir='ltr'>tis</span> <span class='ocrx_word' id='word_1_542' title='bbox 2362 1512 2435 1582; x_wconf 90' lang='lat' dir='ltr'>(a)</span> <span class='ocrx_word' id='word_1_543' title='bbox 2470 1528 2541 1567; x_wconf 93' lang='lat' dir='ltr'>ne</span> <span class='ocrx_word' id='word_1_544' title='bbox 2573 1521 2991 1585; x_wconf 88' lang='lat' dir='ltr'>agnosceretur</span> <span class='ocrx_word' id='word_1_545' title='bbox 3020 1516 3091 1570; x_wconf 90' lang='lat' dir='ltr'>ab</span> <span class='ocrx_word' id='word_1_546' title='bbox 3121 1516 3322 1587; x_wconf 91' lang='lat' dir='ltr'>impiis</span> <span class='ocrx_word' id='word_1_547' title='bbox 3352 1515 3463 1585; x_wconf 60' lang='lat' dir='ltr'>isol</span> <span class='ocrx_word' id='word_1_548' title='bbox 3512 1516 3743 1586; x_wconf 65' lang='lat' dir='ltr'>justitiaa.</span> <span class='ocrx_word' id='word_1_549' title='bbox 3779 1518 3825 1571; x_wconf 86' lang='lat' dir='ltr'>Et</span> 
     </span>
    </p>
   </div>
   <div class='ocr_carea' id='block_1_75' title="bbox 2258 1601 3823 1674">
    <p class='ocr_par' dir='ltr' id='par_1_75' title="bbox 2258 1601 3823 1674">
     <span class='ocr_line' id='line_1_75' title="bbox 2258 1601 3823 1674; baseline 0.001 -20"><span class='ocrx_word' id='word_1_550' title='bbox 2258 1601 2507 1656; x_wconf 74' lang='lat' dir='ltr'>extendit</span> <span class='ocrx_word' id='word_1_551' title='bbox 2519 1619 2683 1673; x_wconf 88' lang='lat' dir='ltr'>super</span> <span class='ocrx_word' id='word_1_552' title='bbox 2704 1620 2828 1658; x_wconf 90' lang='lat' dir='ltr'>eum</span> <span class='ocrx_word' id='word_1_553' title='bbox 2852 1605 3051 1659; x_wconf 88' lang='lat' dir='ltr'>nubem</span> <span class='ocrx_word' id='word_1_554' title='bbox 3072 1620 3491 1659; x_wconf 88' lang='lat' dir='ltr'>suam:carnem</span> <span class='ocrx_word' id='word_1_555' title='bbox 3510 1621 3665 1674; x_wconf 87' lang='lat' dir='ltr'>quam</span> <span class='ocrx_word' id='word_1_556' title='bbox 3684 1604 3823 1659; x_wconf 82' lang='lat' dir='ltr'>Domi-</span> 
     </span>
    </p>
   </div>
   <div class='ocr_carea' id='block_1_76' title="bbox 2262 1692 3826 1764">
    <p class='ocr_par' dir='ltr' id='par_1_76' title="bbox 2262 1692 3826 1764">
     <span class='ocr_line' id='line_1_76' title="bbox 2262 1692 3826 1764; baseline 0.002 -21"><span class='ocrx_word' id='word_1_557' title='bbox 2262 1705 2373 1744; x_wconf 89' lang='lat' dir='ltr'>nus</span> <span class='ocrx_word' id='word_1_558' title='bbox 2406 1692 2684 1762; x_wconf 89' lang='lat' dir='ltr'>suscepit.</span> <span class='ocrx_word' id='word_1_559' title='bbox 2717 1693 3059 1764; x_wconf 69' lang='lat' dir='ltr'>Prwceptum</span> <span class='ocrx_word' id='word_1_560' title='bbox 3087 1694 3455 1748; x_wconf 87' lang='lat' dir='ltr'>circumdebit</span> <span class='ocrx_word' id='word_1_561' title='bbox 3495 1708 3644 1763; x_wconf 86' lang='lat' dir='ltr'>super</span> <span class='ocrx_word' id='word_1_562' title='bbox 3690 1694 3826 1761; x_wconf 59' lang='grc' dir='ltr'>[λειω</span> 
     </span>
    </p>
   </div>
   <div class='ocr_carea' id='block_1_77' title="bbox 2260 1779 3824 1853">
    <p class='ocr_par' dir='ltr' id='par_1_77' title="bbox 2260 1779 3824 1853">
     <span class='ocr_line' id='line_1_77' title="bbox 2260 1779 3824 1853; baseline 0.001 -22"><span class='ocrx_word' id='word_1_563' title='bbox 2260 1794 2450 1848; x_wconf 74' lang='lat' dir='ltr'>aquae;</span> <span class='ocrx_word' id='word_1_564' title='bbox 2477 1779 2746 1849; x_wconf 89' lang='lat' dir='ltr'>populos.</span> <span class='ocrx_word' id='word_1_565' title='bbox 2783 1782 2953 1853; x_wconf 87' lang='lat' dir='ltr'>Usque</span> <span class='ocrx_word' id='word_1_566' title='bbox 2980 1782 3049 1835; x_wconf 88' lang='lat' dir='ltr'>ad</span> <span class='ocrx_word' id='word_1_567' title='bbox 3069 1782 3741 1842; x_wconf 80' lang='lat' dir='ltr'>consummationemlucis;</span> <span class='ocrx_word' id='word_1_568' title='bbox 3761 1782 3824 1834; x_wconf 86' lang='lat' dir='ltr'>bu-</span> 
     </span>
    </p>
   </div>
   <div class='ocr_carea' id='block_1_78' title="bbox 2255 1865 3825 1940">
    <p class='ocr_par' dir='ltr' id='par_1_78' title="bbox 2255 1865 3825 1940">
     <span class='ocr_line' id='line_1_78' title="bbox 2255 1865 3825 1940; baseline 0.001 -20"><span class='ocrx_word' id='word_1_569' title='bbox 2255 1866 2353 1936; x_wconf 89' lang='lat' dir='ltr'>jus</span> <span class='ocrx_word' id='word_1_570' title='bbox 2377 1865 2506 1921; x_wconf 66' lang='lat' dir='ltr'>vitae</span> <span class='ocrx_word' id='word_1_571' title='bbox 2529 1867 2725 1935; x_wconf 81' lang='lat' dir='ltr'>finem,</span> <span class='ocrx_word' id='word_1_572' title='bbox 2757 1869 2861 1923; x_wconf 90' lang='lat' dir='ltr'>hoc</span> <span class='ocrx_word' id='word_1_573' title='bbox 2884 1875 2972 1924; x_wconf 89' lang='lat' dir='ltr'>est</span> <span class='ocrx_word' id='word_1_574' title='bbox 2994 1869 3169 1924; x_wconf 85' lang='lat' dir='ltr'>ﬁnem</span> <span class='ocrx_word' id='word_1_575' title='bbox 3197 1870 3417 1938; x_wconf 69' lang='lat' dir='ltr'>saeculi,</span> <span class='ocrx_word' id='word_1_576' title='bbox 3465 1875 3563 1924; x_wconf 91' lang='lat' dir='ltr'>aut</span> <span class='ocrx_word' id='word_1_577' title='bbox 3597 1884 3825 1940; x_wconf 79' lang='lat' dir='ltr'>quousque</span> 
     </span>
    </p>
   </div>
   <div class='ocr_carea' id='block_1_79' title="bbox 2262 1957 3825 2029">
    <p class='ocr_par' dir='ltr' id='par_1_79' title="bbox 2262 1957 3825 2029">
     <span class='ocr_line' id='line_1_79' title="bbox 2262 1957 3825 2029; baseline -0.001 -18"><span class='ocrx_word' id='word_1_578' title='bbox 2262 1957 2837 2024; x_wconf 90' lang='lat' dir='ltr'>consummentur,id</span> <span class='ocrx_word' id='word_1_579' title='bbox 2869 1962 2978 2023; x_wconf 88' lang='lat' dir='ltr'>est,</span> <span class='ocrx_word' id='word_1_580' title='bbox 3002 1958 3825 2029; x_wconf 79' lang='lat' dir='ltr'>perﬁcianturhomines,quibus</span> 
     </span>
    </p>
   </div>
   <div class='ocr_carea' id='block_1_80' title="bbox 2263 2044 3825 2118">
    <p class='ocr_par' dir='ltr' id='par_1_80' title="bbox 2263 2044 3825 2118">
     <span class='ocr_line' id='line_1_80' title="bbox 2263 2044 3825 2118; baseline 0.001 -21"><span class='ocrx_word' id='word_1_581' title='bbox 2263 2044 2485 2098; x_wconf 91' lang='lat' dir='ltr'>dictum</span> <span class='ocrx_word' id='word_1_582' title='bbox 2511 2051 2619 2111; x_wconf 90' lang='lat' dir='ltr'>est,</span> <span class='ocrx_word' id='word_1_583' title='bbox 2649 2046 2849 2101; x_wconf 75' lang='lat' dir='ltr'>Fuisti:</span> <span class='ocrx_word' id='word_1_584' title='bbox 2872 2048 3024 2102; x_wconf 89' lang='lat' dir='ltr'>enim</span> <span class='ocrx_word' id='word_1_585' title='bbox 3046 2048 3349 2118; x_wconf 86' lang='lat' dir='ltr'>aliquando</span> <span class='ocrx_word' id='word_1_586' title='bbox 3371 2051 3744 2107; x_wconf 56' lang='lat' dir='ltr'>tenebra&#39;nunc</span> <span class='ocrx_word' id='word_1_587' title='bbox 3762 2062 3825 2099; x_wconf 79' lang='lat' dir='ltr'>au-</span> 
     </span>
    </p>
   </div>
   <div class='ocr_carea' id='block_1_81' title="bbox 2262 2134 3823 2207">
    <p class='ocr_par' dir='ltr' id='par_1_81' title="bbox 2262 2134 3823 2207">
     <span class='ocr_line' id='line_1_81' title="bbox 2262 2134 3823 2207; baseline 0.001 -20"><span class='ocrx_word' id='word_1_588' title='bbox 2262 2141 2369 2187; x_wconf 90' lang='lat' dir='ltr'>tem</span> <span class='ocrx_word' id='word_1_589' title='bbox 2388 2134 2486 2187; x_wconf 73' lang='lat' dir='ltr'>lux</span> <span class='ocrx_word' id='word_1_590' title='bbox 2506 2135 2565 2187; x_wconf 87' lang='lat' dir='ltr'>in</span> <span class='ocrx_word' id='word_1_591' title='bbox 2586 2135 2817 2189; x_wconf 88' lang='lat' dir='ltr'>Domino</span> <span class='ocrx_word' id='word_1_592' title='bbox 2840 2136 3117 2205; x_wconf 83' lang='lat' dir='ltr'>(Ephes.v,</span> <span class='ocrx_word' id='word_1_593' title='bbox 3140 2136 3215 2207; x_wconf 86' lang='lat'>8).</span> <span class='ocrx_word' id='word_1_594' title='bbox 3242 2136 3530 2192; x_wconf 71' lang='lat' dir='ltr'>Columna:</span> <span class='ocrx_word' id='word_1_595' title='bbox 3548 2136 3658 2190; x_wconf 78' lang='lat' dir='ltr'>cazli</span> <span class='ocrx_word' id='word_1_596' title='bbox 3672 2144 3823 2189; x_wconf 73' lang='lat' dir='ltr'>contre-</span> 
     </span>
    </p>
   </div>
   <div class='ocr_carea' id='block_1_82' title="bbox 2261 2223 3821 2296">
    <p class='ocr_par' dir='ltr' id='par_1_82' title="bbox 2261 2223 3821 2296">
     <span class='ocr_line' id='line_1_82' title="bbox 2261 2223 3821 2296; baseline 0.001 -21"><span class='ocrx_word' id='word_1_597' title='bbox 2261 2226 2546 2290; x_wconf 87' lang='lat' dir='ltr'>muerunt,</span> <span class='ocrx_word' id='word_1_598' title='bbox 2581 2230 2630 2276; x_wconf 87' lang='lat' dir='ltr'>et</span> <span class='ocrx_word' id='word_1_599' title='bbox 2659 2223 3019 2293; x_wconf 86' lang='lat' dir='ltr'>obstuperunt</span> <span class='ocrx_word' id='word_1_600' title='bbox 3048 2225 3117 2279; x_wconf 91' lang='lat' dir='ltr'>ab</span> <span class='ocrx_word' id='word_1_601' title='bbox 3146 2228 3525 2296; x_wconf 84' lang='lat' dir='ltr'>increpatione</span> <span class='ocrx_word' id='word_1_602' title='bbox 3556 2225 3687 2294; x_wconf 88' lang='lat' dir='ltr'>ejus:</span> <span class='ocrx_word' id='word_1_603' title='bbox 3722 2223 3821 2294; x_wconf 91' lang='lat' dir='ltr'>quod</span> 
     </span>
    </p>
   </div>
   <div class='ocr_carea' id='block_1_83' title="bbox 2264 2310 3825 2382">
    <p class='ocr_par' dir='ltr' id='par_1_83' title="bbox 2264 2310 3825 2382">
     <span class='ocr_line' id='line_1_83' title="bbox 2264 2310 3825 2382; baseline -0.001 -17"><span class='ocrx_word' id='word_1_604' title='bbox 2264 2310 2507 2382; x_wconf 91' lang='lat' dir='ltr'>contigit</span> <span class='ocrx_word' id='word_1_605' title='bbox 2528 2315 2695 2366; x_wconf 79' lang='lat' dir='ltr'>Petro</span> <span class='ocrx_word' id='word_1_606' title='bbox 2722 2327 2821 2381; x_wconf 90' lang='lat' dir='ltr'>per</span> <span class='ocrx_word' id='word_1_607' title='bbox 2846 2312 3092 2367; x_wconf 89' lang='lat' dir='ltr'>Paulum</span> <span class='ocrx_word' id='word_1_608' title='bbox 3113 2312 3321 2381; x_wconf 86' lang='lat' dir='ltr'>(Gatat.</span> <span class='ocrx_word' id='word_1_609' title='bbox 3348 2331 3410 2378; x_wconf 91' lang='lat'>11,</span> <span class='ocrx_word' id='word_1_610' title='bbox 3434 2315 3539 2379; x_wconf 92' lang='grc'>11).</span> <span class='ocrx_word' id='word_1_611' title='bbox 3574 2314 3744 2368; x_wconf 79' lang='lat' dir='ltr'>Virtute</span> <span class='ocrx_word' id='word_1_612' title='bbox 3763 2328 3825 2365; x_wconf 77' lang='lat' dir='ltr'>tua</span> 
     </span>
    </p>
   </div>
   <div class='ocr_carea' id='block_1_84' title="bbox 2262 2398 3823 2473">
    <p class='ocr_par' dir='ltr' id='par_1_84' title="bbox 2262 2398 3823 2473">
     <span class='ocr_line' id='line_1_84' title="bbox 2262 2398 3823 2473; baseline -0.001 -20"><span class='ocrx_word' id='word_1_613' title='bbox 2262 2398 2469 2454; x_wconf 83' lang='lat' dir='ltr'>sedavit</span> <span class='ocrx_word' id='word_1_614' title='bbox 2483 2401 2913 2471; x_wconf 83' lang='lat' dir='ltr'>mare:placavit</span> <span class='ocrx_word' id='word_1_615' title='bbox 2934 2401 3237 2469; x_wconf 70' lang='lat' dir='ltr'>seaculum,</span> <span class='ocrx_word' id='word_1_616' title='bbox 3260 2420 3292 2457; x_wconf 86' lang='lat' dir='ltr'>a</span> <span class='ocrx_word' id='word_1_617' title='bbox 3308 2420 3342 2473; x_wconf 90' lang='lat' dir='ltr'>q</span> <span class='ocrx_word' id='word_1_618' title='bbox 3354 2420 3427 2457; x_wconf 89' lang='lat' dir='ltr'>uo</span> <span class='ocrx_word' id='word_1_619' title='bbox 3446 2401 3823 2473; x_wconf 76' lang='lat' dir='ltr'>persecutionem</span> 
     </span>
    </p>
   </div>
   <div class='ocr_carea' id='block_1_85' title="bbox 2263 2488 3828 2559">
    <p class='ocr_par' dir='ltr' id='par_1_85' title="bbox 2263 2488 3828 2559">
     <span class='ocr_line' id='line_1_85' title="bbox 2263 2488 3828 2559; baseline -0.001 -17"><span class='ocrx_word' id='word_1_620' title='bbox 2263 2488 2593 2559; x_wconf 87' lang='lat' dir='ltr'>patiebatur</span> <span class='ocrx_word' id='word_1_621' title='bbox 2616 2488 2891 2545; x_wconf 89' lang='lat' dir='ltr'>Ecclesia.</span> <span class='ocrx_word' id='word_1_622' title='bbox 2928 2489 3087 2545; x_wconf 91' lang='lat' dir='ltr'>Unde</span> <span class='ocrx_word' id='word_1_623' title='bbox 3111 2492 3286 2545; x_wconf 90' lang='lat' dir='ltr'>etiam</span> <span class='ocrx_word' id='word_1_624' title='bbox 3313 2490 3613 2546; x_wconf 85' lang='lat' dir='ltr'>columnas</span> <span class='ocrx_word' id='word_1_625' title='bbox 3630 2488 3828 2545; x_wconf 78' lang='lat' dir='ltr'>ccslicon-</span> 
     </span>
    </p>
   </div>
   <div class='ocr_carea' id='block_1_86' title="bbox 2262 2577 3826 2650">
    <p class='ocr_par' dir='ltr' id='par_1_86' title="bbox 2262 2577 3826 2650">
     <span class='ocr_line' id='line_1_86' title="bbox 2262 2577 3826 2650; baseline 0.001 -21"><span class='ocrx_word' id='word_1_626' title='bbox 2262 2577 2573 2631; x_wconf 87' lang='lat' dir='ltr'>tremuisse</span> <span class='ocrx_word' id='word_1_627' title='bbox 2602 2577 2674 2631; x_wconf 90' lang='lat' dir='ltr'>ab</span> <span class='ocrx_word' id='word_1_628' title='bbox 2706 2577 3101 2648; x_wconf 90' lang='lat' dir='ltr'>increpatione</span> <span class='ocrx_word' id='word_1_629' title='bbox 3132 2580 3283 2649; x_wconf 89' lang='lat' dir='ltr'>ejus,</span> <span class='ocrx_word' id='word_1_630' title='bbox 3338 2585 3530 2650; x_wconf 84' lang='lat' dir='ltr'>potest</span> <span class='ocrx_word' id='word_1_631' title='bbox 3578 2579 3673 2633; x_wconf 93' lang='lat' dir='ltr'>hoc</span> <span class='ocrx_word' id='word_1_632' title='bbox 3712 2578 3826 2632; x_wconf 86' lang='lat' dir='ltr'>modo</span> 
     </span>
    </p>
   </div>
   <div class='ocr_carea' id='block_1_87' title="bbox 2262 2663 3826 2736">
    <p class='ocr_par' dir='ltr' id='par_1_87' title="bbox 2262 2663 3826 2736">
     <span class='ocr_line' id='line_1_87' title="bbox 2262 2663 3826 2736; baseline 0 -18"><span class='ocrx_word' id='word_1_633' title='bbox 2262 2663 2606 2736; x_wconf 86' lang='lat' dir='ltr'>intelligi,ut</span> <span class='ocrx_word' id='word_1_634' title='bbox 2626 2666 3022 2722; x_wconf 87' lang='lat' dir='ltr'>robustissimi</span> <span class='ocrx_word' id='word_1_635' title='bbox 3048 2667 3313 2722; x_wconf 68' lang='lat' dir='ltr'>Ecclesiae</span> <span class='ocrx_word' id='word_1_636' title='bbox 3330 2666 3826 2736; x_wconf 78' lang='lat' dir='ltr'>contremuerintpm</span> 
     </span>
    </p>
   </div>
   <div class='ocr_carea' id='block_1_88' title="bbox 2262 2752 3828 2827">
    <p class='ocr_par' dir='ltr' id='par_1_88' title="bbox 2262 2752 3828 2827">
     <span class='ocr_line' id='line_1_88' title="bbox 2262 2752 3828 2827; baseline -0.001 -21"><span class='ocrx_word' id='word_1_637' title='bbox 2262 2752 2611 2819; x_wconf 80' lang='lat' dir='ltr'>inﬁrmis,ab</span> <span class='ocrx_word' id='word_1_638' title='bbox 2632 2754 3029 2825; x_wconf 87' lang='lat' dir='ltr'>increpatione</span> <span class='ocrx_word' id='word_1_639' title='bbox 3050 2754 3287 2809; x_wconf 90' lang='lat' dir='ltr'>Domini</span> <span class='ocrx_word' id='word_1_640' title='bbox 3311 2754 3688 2827; x_wconf 86' lang='lat' dir='ltr'>permittentis</span> <span class='ocrx_word' id='word_1_641' title='bbox 3708 2758 3828 2807; x_wconf 85' lang='lat' dir='ltr'>tenta-</span> 
     </span>
    </p>
   </div>
   <div class='ocr_carea' id='block_1_89' title="bbox 2262 2840 3827 2913">
    <p class='ocr_par' dir='ltr' id='par_1_89' title="bbox 2262 2840 3827 2913">
     <span class='ocr_line' id='line_1_89' title="bbox 2262 2840 3827 2913; baseline -0.003 -16"><span class='ocrx_word' id='word_1_642' title='bbox 2262 2842 2451 2897; x_wconf 87' lang='lat' dir='ltr'>tiones</span> <span class='ocrx_word' id='word_1_643' title='bbox 2482 2843 2927 2913; x_wconf 88' lang='lat' dir='ltr'>persecutionis.</span> <span class='ocrx_word' id='word_1_644' title='bbox 2960 2840 3242 2898; x_wconf 83' lang='lat' dir='ltr'>Columna</span> <span class='ocrx_word' id='word_1_645' title='bbox 3273 2845 3436 2898; x_wconf 91' lang='lat' dir='ltr'>enim</span> <span class='ocrx_word' id='word_1_646' title='bbox 3468 2843 3696 2899; x_wconf 91' lang='lat' dir='ltr'>clamat:</span> <span class='ocrx_word' id='word_1_647' title='bbox 3742 2842 3827 2908; x_wconf 68' lang='lat' dir='ltr'>Qui:</span> 
     </span>
    </p>
   </div>
   <div class='ocr_carea' id='block_1_90' title="bbox 2260 2932 3827 3003">
    <p class='ocr_par' dir='ltr' id='par_1_90' title="bbox 2260 2932 3827 3003">
     <span class='ocr_line' id='line_1_90' title="bbox 2260 2932 3827 3003; baseline -0.002 -19"><span class='ocrx_word' id='word_1_648' title='bbox 2260 2932 2598 2999; x_wconf 84' lang='lat' dir='ltr'>inﬁrmatur,</span> <span class='ocrx_word' id='word_1_649' title='bbox 2618 2934 2669 2986; x_wconf 91' lang='lat' dir='ltr'>et</span> <span class='ocrx_word' id='word_1_650' title='bbox 2687 2947 2787 2999; x_wconf 84' lang='lat' dir='ltr'>ego</span> <span class='ocrx_word' id='word_1_651' title='bbox 2812 2947 2917 2986; x_wconf 89' lang='lat' dir='ltr'>non</span> <span class='ocrx_word' id='word_1_652' title='bbox 2942 2932 3196 3001; x_wconf 79' lang='lat' dir='ltr'>inﬁrmor</span> <span class='ocrx_word' id='word_1_653' title='bbox 3213 2936 3239 2985; x_wconf 71' lang='lat'>.9</span> <span class='ocrx_word' id='word_1_654' title='bbox 3257 2934 3383 3003; x_wconf 87' lang='lat' dir='ltr'>quis</span> <span class='ocrx_word' id='word_1_655' title='bbox 3407 2934 3783 2993; x_wconf 63' lang='lat' dir='ltr'>scandalizatur,</span> <span class='ocrx_word' id='word_1_656' title='bbox 3798 2932 3827 2981; x_wconf 73' lang='lat' dir='ltr'>et</span> 
     </span>
    </p>
   </div>
   <div class='ocr_carea' id='block_1_91' title="bbox 2260 3019 3825 3090">
    <p class='ocr_par' dir='ltr' id='par_1_91' title="bbox 2260 3019 3825 3090">
     <span class='ocr_line' id='line_1_91' title="bbox 2260 3019 3825 3090; baseline -0.003 -17"><span class='ocrx_word' id='word_1_657' title='bbox 2260 3035 2366 3074; x_wconf 82' lang='lat' dir='ltr'>non</span> <span class='ocrx_word' id='word_1_658' title='bbox 2383 3035 2476 3089; x_wconf 86' lang='lat' dir='ltr'>ego</span> <span class='ocrx_word' id='word_1_659' title='bbox 2500 3035 2629 3073; x_wconf 91' lang='lat' dir='ltr'>uror</span> <span class='ocrx_word' id='word_1_660' title='bbox 2650 3020 2723 3090; x_wconf 91' lang='lat' dir='ltr'>(ll</span> <span class='ocrx_word' id='word_1_661' title='bbox 2750 3020 2876 3075; x_wconf 84' lang='lat' dir='ltr'>Cor.</span> <span class='ocrx_word' id='word_1_662' title='bbox 2897 3037 2972 3088; x_wconf 81' lang='lat' dir='ltr'>x1,</span> <span class='ocrx_word' id='word_1_663' title='bbox 3013 3019 3139 3090; x_wconf 84' lang='lat'>29)?</span> <span class='ocrx_word' id='word_1_664' title='bbox 3159 3021 3473 3076; x_wconf 84' lang='lat' dir='ltr'>Prudentia</span> <span class='ocrx_word' id='word_1_665' title='bbox 3508 3023 3619 3090; x_wconf 76' lang='lat' dir='ltr'>eius</span> <span class='ocrx_word' id='word_1_666' title='bbox 3637 3020 3825 3074; x_wconf 81' lang='lat' dir='ltr'>vulnera-</span> 
     </span>
    </p>
   </div>
   <div class='ocr_carea' id='block_1_92' title="bbox 2261 3107 3825 3177">
    <p class='ocr_par' dir='ltr' id='par_1_92' title="bbox 2261 3107 3825 3177">
     <span class='ocr_line' id='line_1_92' title="bbox 2261 3107 3825 3177; baseline -0.004 -14"><span class='ocrx_word' id='word_1_667' title='bbox 2261 3117 2345 3164; x_wconf 90' lang='lat' dir='ltr'>tus</span> <span class='ocrx_word' id='word_1_668' title='bbox 2372 3113 2449 3163; x_wconf 86' lang='lat' dir='ltr'>est</span> <span class='ocrx_word' id='word_1_669' title='bbox 2471 3113 2639 3163; x_wconf 87' lang='lat' dir='ltr'>cetus.</span> <span class='ocrx_word' id='word_1_670' title='bbox 2664 3107 3048 3163; x_wconf 87' lang='lat' dir='ltr'>Vulneratum</span> <span class='ocrx_word' id='word_1_671' title='bbox 3077 3109 3218 3163; x_wconf 88' lang='lat' dir='ltr'>dicit</span> <span class='ocrx_word' id='word_1_672' title='bbox 3238 3110 3543 3165; x_wconf 83' lang='lat' dir='ltr'>diabolum</span> <span class='ocrx_word' id='word_1_673' title='bbox 3566 3109 3825 3177; x_wconf 86' lang='lat' dir='ltr'>dolore,quo</span> 
     </span>
    </p>
   </div>
   <div class='ocr_carea' id='block_1_93' title="bbox 2261 3197 3826 3267">
    <p class='ocr_par' dir='ltr' id='par_1_93' title="bbox 2261 3197 3826 3267">
     <span class='ocr_line' id='line_1_93' title="bbox 2261 3197 3826 3267; baseline -0.004 -15"><span class='ocrx_word' id='word_1_674' title='bbox 2261 3198 2311 3253; x_wconf 88' lang='lat' dir='ltr'>ei</span> <span class='ocrx_word' id='word_1_675' title='bbox 2323 3198 2472 3267; x_wconf 86' lang='lat' dir='ltr'>justi</span> <span class='ocrx_word' id='word_1_676' title='bbox 2496 3214 2610 3251; x_wconf 89' lang='lat' dir='ltr'>non</span> <span class='ocrx_word' id='word_1_677' title='bbox 2636 3197 2935 3251; x_wconf 89' lang='lat' dir='ltr'>cedebant.</span> <span class='ocrx_word' id='word_1_678' title='bbox 2960 3199 3033 3251; x_wconf 87' lang='lat' dir='ltr'>Et</span> <span class='ocrx_word' id='word_1_679' title='bbox 3053 3198 3302 3251; x_wconf 86' lang='lat' dir='ltr'>claustra</span> <span class='ocrx_word' id='word_1_680' title='bbox 3322 3199 3448 3252; x_wconf 73' lang='lat' dir='ltr'>cadi</span> <span class='ocrx_word' id='word_1_681' title='bbox 3470 3201 3697 3253; x_wconf 85' lang='lat' dir='ltr'>metuunt</span> <span class='ocrx_word' id='word_1_682' title='bbox 3712 3209 3826 3249; x_wconf 78' lang='lat' dir='ltr'>eum:</span> 
     </span>
    </p>
   </div>
   <div class='ocr_carea' id='block_1_94' title="bbox 2260 3283 3824 3358">
    <p class='ocr_par' dir='ltr' id='par_1_94' title="bbox 2260 3283 3824 3358">
     <span class='ocr_line' id='line_1_94' title="bbox 2260 3283 3824 3358; baseline -0.004 -18"><span class='ocrx_word' id='word_1_683' title='bbox 2260 3285 2347 3340; x_wconf 93' lang='lat' dir='ltr'>vel</span> <span class='ocrx_word' id='word_1_684' title='bbox 2370 3284 2594 3355; x_wconf 89' lang='lat' dir='ltr'>Angeli,</span> <span class='ocrx_word' id='word_1_685' title='bbox 2617 3283 2703 3339; x_wconf 90' lang='lat' dir='ltr'>vel</span> <span class='ocrx_word' id='word_1_686' title='bbox 2728 3285 2825 3355; x_wconf 93' lang='lat' dir='ltr'>qui</span> <span class='ocrx_word' id='word_1_687' title='bbox 2842 3291 3189 3353; x_wconf 89' lang='lat' dir='ltr'>acceperunt</span> <span class='ocrx_word' id='word_1_688' title='bbox 3209 3284 3402 3341; x_wconf 89' lang='lat' dir='ltr'>claves</span> <span class='ocrx_word' id='word_1_689' title='bbox 3426 3287 3585 3358; x_wconf 87' lang='lat' dir='ltr'>regni</span> <span class='ocrx_word' id='word_1_690' title='bbox 3606 3284 3824 3341; x_wconf 65' lang='lat' dir='ltr'>caelorum.</span> 
     </span>
    </p>
   </div>
   <div class='ocr_carea' id='block_1_95' title="bbox 2258 3374 3826 3446">
    <p class='ocr_par' dir='ltr' id='par_1_95' title="bbox 2258 3374 3826 3446">
     <span class='ocr_line' id='line_1_95' title="bbox 2258 3374 3826 3446; baseline -0.005 -16"><span class='ocrx_word' id='word_1_691' title='bbox 2258 3377 2530 3446; x_wconf 63' lang='lat' dir='ltr'>Praecepto</span> <span class='ocrx_word' id='word_1_692' title='bbox 2560 3382 2743 3428; x_wconf 86' lang='lat' dir='ltr'>autem</span> <span class='ocrx_word' id='word_1_693' title='bbox 2768 3376 3005 3445; x_wconf 87' lang='lat' dir='ltr'>peremit</span> <span class='ocrx_word' id='word_1_694' title='bbox 3033 3374 3334 3429; x_wconf 85' lang='lat' dir='ltr'>draconem</span> <span class='ocrx_word' id='word_1_695' title='bbox 3363 3375 3693 3432; x_wconf 83' lang='lat' dir='ltr'>desertorem.</span> <span class='ocrx_word' id='word_1_696' title='bbox 3711 3376 3826 3425; x_wconf 85' lang='lat' dir='ltr'>Eum-</span> 
     </span>
    </p>
   </div>
   <div class='ocr_carea' id='block_1_96' title="bbox 2261 3456 3827 3535">
    <p class='ocr_par' dir='ltr' id='par_1_96' title="bbox 2261 3456 3827 3535">
     <span class='ocr_line' id='line_1_96' title="bbox 2261 3456 3827 3535; baseline -0.007 -16"><span class='ocrx_word' id='word_1_697' title='bbox 2261 3465 2393 3519; x_wconf 89' lang='lat' dir='ltr'>dem</span> <span class='ocrx_word' id='word_1_698' title='bbox 2418 3464 2563 3518; x_wconf 85' lang='lat' dir='ltr'>dixit</span> <span class='ocrx_word' id='word_1_699' title='bbox 2591 3468 2646 3518; x_wconf 90' lang='lat' dir='ltr'>et</span> <span class='ocrx_word' id='word_1_700' title='bbox 2676 3467 2893 3517; x_wconf 90' lang='lat' dir='ltr'>cetum.</span> <span class='ocrx_word' id='word_1_701' title='bbox 2915 3462 3025 3517; x_wconf 89' lang='lat' dir='ltr'>Sed</span> <span class='ocrx_word' id='word_1_702' title='bbox 3058 3480 3215 3518; x_wconf 92' lang='lat' dir='ltr'>nunc</span> <span class='ocrx_word' id='word_1_703' title='bbox 3236 3464 3500 3519; x_wconf 86' lang='lat' dir='ltr'>ostendit</span> <span class='ocrx_word' id='word_1_704' title='bbox 3523 3456 3827 3535; x_wconf 78' lang='lat' dir='ltr'>quomodosit</span> 
     </span>
    </p>
   </div>
   <div class='ocr_carea' id='block_1_97' title="bbox 2259 3552 3828 3624">
    <p class='ocr_par' dir='ltr' id='par_1_97' title="bbox 2259 3552 3828 3624">
     <span class='ocr_line' id='line_1_97' title="bbox 2259 3552 3828 3624; baseline -0.006 -16"><span class='ocrx_word' id='word_1_705' title='bbox 2259 3553 2759 3620; x_wconf 85' lang='lat' dir='ltr'>vulneratus,cum</span> <span class='ocrx_word' id='word_1_706' title='bbox 2774 3552 3828 3624; x_wconf 70' lang='lat' dir='ltr'>acceperuntpraeceptum,quieirenun-</span> 
     </span>
    </p>
   </div>
   <div class='ocr_carea' id='block_1_98' title="bbox 2259 3639 3825 3713">
    <p class='ocr_par' dir='ltr' id='par_1_98' title="bbox 2259 3639 3825 3713">
     <span class='ocr_line' id='line_1_98' title="bbox 2259 3639 3825 3713; baseline -0.003 -16"><span class='ocrx_word' id='word_1_707' title='bbox 2259 3643 2571 3697; x_wconf 86' lang='lat' dir='ltr'>tiaverunt.</span> <span class='ocrx_word' id='word_1_708' title='bbox 2605 3642 2736 3695; x_wconf 85' lang='lat' dir='ltr'>Ecce</span> <span class='ocrx_word' id='word_1_709' title='bbox 2758 3639 2849 3696; x_wconf 68' lang='lat' dir='ltr'>hae</span> <span class='ocrx_word' id='word_1_710' title='bbox 2863 3644 3051 3711; x_wconf 85' lang='lat' dir='ltr'>partes</span> <span class='ocrx_word' id='word_1_711' title='bbox 3071 3642 3179 3695; x_wconf 69' lang='lat' dir='ltr'>via?</span> <span class='ocrx_word' id='word_1_712' title='bbox 3193 3641 3343 3711; x_wconf 86' lang='lat' dir='ltr'>ejus:</span> <span class='ocrx_word' id='word_1_713' title='bbox 3374 3658 3493 3713; x_wconf 89' lang='lat' dir='ltr'>qua</span> <span class='ocrx_word' id='word_1_714' title='bbox 3513 3641 3582 3697; x_wconf 89' lang='lat' dir='ltr'>ad</span> <span class='ocrx_word' id='word_1_715' title='bbox 3605 3640 3751 3696; x_wconf 86' lang='lat' dir='ltr'>Deum</span> <span class='ocrx_word' id='word_1_716' title='bbox 3767 3649 3825 3688; x_wconf 69' lang='lat' dir='ltr'>ve-</span> 
     </span>
    </p>
   </div>
   <div class='ocr_carea' id='block_1_99' title="bbox 2260 3722 3823 3801">
    <p class='ocr_par' dir='ltr' id='par_1_99' title="bbox 2260 3722 3823 3801">
     <span class='ocr_line' id='line_1_99' title="bbox 2260 3722 3823 3801; baseline -0.004 -15"><span class='ocrx_word' id='word_1_717' title='bbox 2260 3733 2439 3786; x_wconf 90' lang='lat' dir='ltr'>nitur.</span> <span class='ocrx_word' id='word_1_718' title='bbox 2472 3732 2739 3785; x_wconf 85' lang='lat' dir='ltr'>Vzrtutem</span> <span class='ocrx_word' id='word_1_719' title='bbox 2758 3733 2942 3784; x_wconf 90' lang='lat' dir='ltr'>autem</span> <span class='ocrx_word' id='word_1_720' title='bbox 2972 3730 3216 3784; x_wconf 82' lang='lat' dir='ltr'>tonitrus</span> <span class='ocrx_word' id='word_1_721' title='bbox 3230 3731 3350 3799; x_wconf 74' lang='lat' dir='ltr'>eius</span> <span class='ocrx_word' id='word_1_722' title='bbox 3365 3732 3487 3801; x_wconf 86' lang='lat' dir='ltr'>quis</span> <span class='ocrx_word' id='word_1_723' title='bbox 3517 3732 3656 3791; x_wconf 85' lang='lat' dir='ltr'>sciet,</span> <span class='ocrx_word' id='word_1_724' title='bbox 3677 3722 3823 3797; x_wconf 66' lang='lat' dir='ltr'>quando</span> 
     </span>
    </p>
   </div>
   <div class='ocr_carea' id='block_1_100' title="bbox 2255 3808 3824 3890">
    <p class='ocr_par' dir='ltr' id='par_1_100' title="bbox 2255 3808 3824 3890">
     <span class='ocr_line' id='line_1_100' title="bbox 2255 3808 3824 3890; baseline -0.005 -16"><span class='ocrx_word' id='word_1_725' title='bbox 2255 3818 2460 3890; x_wconf 84' lang='lat' dir='ltr'>faciet?</span> <span class='ocrx_word' id='word_1_726' title='bbox 2483 3818 2786 3872; x_wconf 89' lang='lat' dir='ltr'>Tonitrum</span> <span class='ocrx_word' id='word_1_727' title='bbox 2812 3815 2953 3871; x_wconf 91' lang='lat' dir='ltr'>dicit</span> <span class='ocrx_word' id='word_1_728' title='bbox 2971 3816 3479 3873; x_wconf 72' lang='lat' dir='ltr'>evidentissimum</span> <span class='ocrx_word' id='word_1_729' title='bbox 3506 3831 3684 3874; x_wconf 87' lang='lat' dir='ltr'>vocem</span> <span class='ocrx_word' id='word_1_730' title='bbox 3701 3808 3824 3868; x_wconf 70' lang='lat' dir='ltr'>mani-</span> 
     </span>
    </p>
   </div>
   <div class='ocr_carea' id='block_1_101' title="bbox 2260 3900 3823 3977">
    <p class='ocr_par' dir='ltr' id='par_1_101' title="bbox 2260 3900 3823 3977">
     <span class='ocr_line' id='line_1_101' title="bbox 2260 3900 3823 3977; baseline -0.006 -15"><span class='ocrx_word' id='word_1_731' title='bbox 2260 3906 2585 3963; x_wconf 84' lang='lat' dir='ltr'>festationis</span> <span class='ocrx_word' id='word_1_732' title='bbox 2615 3906 2780 3977; x_wconf 88' lang='lat' dir='ltr'>ejus:</span> <span class='ocrx_word' id='word_1_733' title='bbox 2815 3909 2916 3961; x_wconf 88' lang='lat' dir='ltr'>aut</span> <span class='ocrx_word' id='word_1_734' title='bbox 2947 3904 3109 3961; x_wconf 90' lang='lat' dir='ltr'>illam</span> <span class='ocrx_word' id='word_1_735' title='bbox 3142 3905 3289 3960; x_wconf 79' lang='lat' dir='ltr'>forte</span> <span class='ocrx_word' id='word_1_736' title='bbox 3318 3923 3541 3977; x_wconf 88' lang='lat' dir='ltr'>vocem,</span> <span class='ocrx_word' id='word_1_737' title='bbox 3574 3920 3721 3977; x_wconf 85' lang='lat' dir='ltr'>quem</span> <span class='ocrx_word' id='word_1_738' title='bbox 3762 3900 3823 3953; x_wconf 82' lang='lat' dir='ltr'>de-</span> 
     </span>
    </p>
   </div>
   <div class='ocr_carea' id='block_1_102' title="bbox 2260 3994 3825 4069">
    <p class='ocr_par' dir='ltr' id='par_1_102' title="bbox 2260 3994 3825 4069">
     <span class='ocr_line' id='line_1_102' title="bbox 2260 3994 3825 4069; baseline -0.006 -17"><span class='ocrx_word' id='word_1_739' title='bbox 2260 3998 2345 4053; x_wconf 86' lang='lat' dir='ltr'>dit</span> <span class='ocrx_word' id='word_1_740' title='bbox 2375 4012 2477 4069; x_wconf 90' lang='lat' dir='ltr'>per</span> <span class='ocrx_word' id='word_1_741' title='bbox 2508 3995 2695 4050; x_wconf 79' lang='lat' dir='ltr'>{ilium</span> <span class='ocrx_word' id='word_1_742' title='bbox 2728 3994 3005 4065; x_wconf 81' lang='lat' dir='ltr'>tonitrus,</span> <span class='ocrx_word' id='word_1_743' title='bbox 3037 3996 3099 4049; x_wconf 87' lang='lat' dir='ltr'>In</span> <span class='ocrx_word' id='word_1_744' title='bbox 3124 3997 3409 4067; x_wconf 85' lang='lat' dir='ltr'>principio</span> <span class='ocrx_word' id='word_1_745' title='bbox 3439 4000 3555 4052; x_wconf 85' lang='lat' dir='ltr'>erat</span> <span class='ocrx_word' id='word_1_746' title='bbox 3574 3995 3775 4053; x_wconf 83' lang='lat' dir='ltr'>Verbum,</span> <span class='ocrx_word' id='word_1_747' title='bbox 3795 3994 3825 4039; x_wconf 74' lang='grc' dir='ltr'>εἰ</span> 
     </span>
    </p>
   </div>
   <div class='ocr_carea' id='block_1_103' title="bbox 2264 4080 3822 4155">
    <p class='ocr_par' dir='ltr' id='par_1_103' title="bbox 2264 4080 3822 4155">
     <span class='ocr_line' id='line_1_103' title="bbox 2264 4080 3822 4155; baseline -0.006 -14"><span class='ocrx_word' id='word_1_748' title='bbox 2264 4086 2489 4142; x_wconf 74' lang='lat' dir='ltr'>Verbum</span> <span class='ocrx_word' id='word_1_749' title='bbox 2508 4088 2634 4140; x_wconf 89' lang='lat' dir='ltr'>erat</span> <span class='ocrx_word' id='word_1_750' title='bbox 2662 4082 2809 4155; x_wconf 87' lang='lat' dir='ltr'>apud</span> <span class='ocrx_word' id='word_1_751' title='bbox 2837 4083 3029 4149; x_wconf 84' lang='lat' dir='ltr'>Deum,</span> <span class='ocrx_word' id='word_1_752' title='bbox 3063 4086 3113 4139; x_wconf 88' lang='lat' dir='ltr'>et</span> <span class='ocrx_word' id='word_1_753' title='bbox 3142 4088 3291 4139; x_wconf 88' lang='lat' dir='ltr'>Deus</span> <span class='ocrx_word' id='word_1_754' title='bbox 3316 4093 3440 4140; x_wconf 88' lang='lat' dir='ltr'>erat</span> <span class='ocrx_word' id='word_1_755' title='bbox 3473 4085 3684 4139; x_wconf 85' lang='lat' dir='ltr'>Verbum</span> <span class='ocrx_word' id='word_1_756' title='bbox 3702 4080 3822 4148; x_wconf 62' lang='lat' dir='ltr'>(toan.</span> 
     </span>
    </p>
   </div>
   <div class='ocr_carea' id='block_1_104' title="bbox 2258 4166 3822 4245">
    <p class='ocr_par' dir='ltr' id='par_1_104' title="bbox 2258 4166 3822 4245">
     <span class='ocr_line' id='line_1_104' title="bbox 2258 4166 3822 4245; baseline -0.006 -16"><span class='ocrx_word' id='word_1_757' title='bbox 2258 4192 2298 4245; x_wconf 88' lang='lat'>1,</span> <span class='ocrx_word' id='word_1_758' title='bbox 2337 4175 2421 4245; x_wconf 78' lang='lat'>1):</span> <span class='ocrx_word' id='word_1_759' title='bbox 2452 4178 2517 4228; x_wconf 90' lang='lat' dir='ltr'>ut</span> <span class='ocrx_word' id='word_1_760' title='bbox 2546 4172 2595 4227; x_wconf 92' lang='lat' dir='ltr'>si</span> <span class='ocrx_word' id='word_1_761' title='bbox 2628 4172 2790 4243; x_wconf 90' lang='lat' dir='ltr'>ordo,</span> <span class='ocrx_word' id='word_1_762' title='bbox 2822 4172 3067 4241; x_wconf 86' lang='lat' dir='ltr'>Quando</span> <span class='ocrx_word' id='word_1_763' title='bbox 3095 4174 3292 4243; x_wconf 70' lang='lat' dir='ltr'>faciet,</span> <span class='ocrx_word' id='word_1_764' title='bbox 3357 4181 3549 4228; x_wconf 89' lang='lat' dir='ltr'>utrum</span> <span class='ocrx_word' id='word_1_765' title='bbox 3595 4171 3703 4243; x_wconf 87' lang='lat' dir='ltr'>quis</span> <span class='ocrx_word' id='word_1_766' title='bbox 3738 4166 3822 4219; x_wconf 69' lang='lat' dir='ltr'>sciet</span> 
     </span>
    </p>
   </div>
   <div class='ocr_carea' id='block_1_105' title="bbox 2258 4260 3802 4348">
    <p class='ocr_par' dir='ltr' id='par_1_105' title="bbox 2258 4260 3802 4348">
     <span class='ocr_line' id='line_1_105' title="bbox 2258 4260 3802 4348; baseline -0.001 -29"><span class='ocrx_word' id='word_1_767' title='bbox 2258 4266 2510 4319; x_wconf 84' lang='lat' dir='ltr'>virtutem</span> <span class='ocrx_word' id='word_1_768' title='bbox 2541 4263 2778 4318; x_wconf 86' lang='lat' dir='ltr'>tonitrus</span> <span class='ocrx_word' id='word_1_769' title='bbox 2808 4263 2924 4333; x_wconf 87' lang='lat' dir='ltr'>ejus</span> <span class='ocrx_word' id='word_1_770' title='bbox 2944 4260 2971 4314; x_wconf 87' lang='lat'><strong>?</strong></span> <span class='ocrx_word' id='word_1_771' title='bbox 3697 4347 3701 4348; x_wconf 9' lang='grc' dir='ltr'><em>γ</em></span> <span class='ocrx_word' id='word_1_772' title='bbox 3760 4338 3802 4348; x_wconf 41' lang='grc' dir='ltr'>ω</span> 
     </span>
    </p>
   </div>
   <div class='ocr_carea' id='block_1_106' title="bbox 2330 4340 3823 4423">
    <p class='ocr_par' dir='ltr' id='par_1_106' title="bbox 2330 4340 3823 4423">
     <span class='ocr_line' id='line_1_106' title="bbox 2330 4340 3823 4423; baseline -0.007 -17"><span class='ocrx_word' id='word_1_773' title='bbox 2330 4352 2438 4423; x_wconf 85' lang='lat' dir='ltr'>[1b.</span> <span class='ocrx_word' id='word_1_774' title='bbox 2463 4353 2661 4420; x_wconf 82' lang='lat' dir='ltr'>xxv11.]</span> <span class='ocrx_word' id='word_1_775' title='bbox 2682 4351 2747 4404; x_wconf 87' lang='lat' dir='ltr'>Et</span> <span class='ocrx_word' id='word_1_776' title='bbox 2776 4352 3001 4420; x_wconf 86' lang='lat' dir='ltr'>spiritus</span> <span class='ocrx_word' id='word_1_777' title='bbox 3030 4349 3250 4404; x_wconf 85' lang='lat' dir='ltr'>divinus</span> <span class='ocrx_word' id='word_1_778' title='bbox 3274 4351 3332 4405; x_wconf 86' lang='lat' dir='ltr'>in</span> <span class='ocrx_word' id='word_1_779' title='bbox 3370 4350 3591 4405; x_wconf 85' lang='lat' dir='ltr'>naribus</span> <span class='ocrx_word' id='word_1_780' title='bbox 3608 4347 3735 4401; x_wconf 87' lang='lat' dir='ltr'>meis.</span> <span class='ocrx_word' id='word_1_781' title='bbox 3760 4340 3823 4395; x_wconf 82' lang='lat' dir='ltr'>Hic</span> 
     </span>
    </p>
   </div>
   <div class='ocr_carea' id='block_1_107' title="bbox 2261 4437 3823 4510">
    <p class='ocr_par' dir='ltr' id='par_1_107' title="bbox 2261 4437 3823 4510">
     <span class='ocr_line' id='line_1_107' title="bbox 2261 4437 3823 4510; baseline -0.005 -14"><span class='ocrx_word' id='word_1_782' title='bbox 2261 4440 2595 4496; x_wconf 87' lang='lat' dir='ltr'>ostenditur</span> <span class='ocrx_word' id='word_1_783' title='bbox 2618 4438 2951 4510; x_wconf 82' lang='lat' dir='ltr'>prophetica</span> <span class='ocrx_word' id='word_1_784' title='bbox 2973 4454 3107 4493; x_wconf 89' lang='lat' dir='ltr'>eum</span> <span class='ocrx_word' id='word_1_785' title='bbox 3132 4437 3324 4494; x_wconf 90' lang='lat' dir='ltr'>dicere</span> <span class='ocrx_word' id='word_1_786' title='bbox 3342 4456 3470 4510; x_wconf 76' lang='lat' dir='ltr'>quis</span> <span class='ocrx_word' id='word_1_787' title='bbox 3498 4437 3648 4501; x_wconf 90' lang='lat' dir='ltr'>dicit,</span> <span class='ocrx_word' id='word_1_788' title='bbox 3667 4439 3713 4489; x_wconf 86' lang='lat' dir='ltr'>et</span> <span class='ocrx_word' id='word_1_789' title='bbox 3736 4444 3823 4502; x_wconf 78' lang='lat' dir='ltr'>pro-</span> 
     </span>
    </p>
   </div>
   <div class='ocr_carea' id='block_1_108' title="bbox 2260 4516 3820 4600">
    <p class='ocr_par' dir='ltr' id='par_1_108' title="bbox 2260 4516 3820 4600">
     <span class='ocr_line' id='line_1_108' title="bbox 2260 4516 3820 4600; baseline -0.007 -16"><span class='ocrx_word' id='word_1_790' title='bbox 2260 4529 2489 4600; x_wconf 83' lang='lat' dir='ltr'>phetico</span> <span class='ocrx_word' id='word_1_791' title='bbox 2507 4544 2857 4599; x_wconf 88' lang='lat' dir='ltr'>cognoscere</span> <span class='ocrx_word' id='word_1_792' title='bbox 2889 4527 3028 4599; x_wconf 91' lang='lat' dir='ltr'>quia</span> <span class='ocrx_word' id='word_1_793' title='bbox 3059 4526 3156 4582; x_wconf 91' lang='lat' dir='ltr'>isti</span> <span class='ocrx_word' id='word_1_794' title='bbox 3188 4528 3579 4583; x_wconf 88' lang='lat' dir='ltr'>consolatores</span> <span class='ocrx_word' id='word_1_795' title='bbox 3606 4526 3713 4595; x_wconf 83' lang='lat' dir='ltr'>ejus</span> <span class='ocrx_word' id='word_1_796' title='bbox 3735 4516 3820 4573; x_wconf 81' lang='lat' dir='ltr'>dolo</span> 
     </span>
    </p>
   </div>
   <div class='ocr_carea' id='block_1_109' title="bbox 2261 4615 3820 4690">
    <p class='ocr_par' dir='ltr' id='par_1_109' title="bbox 2261 4615 3820 4690">
     <span class='ocr_line' id='line_1_109' title="bbox 2261 4615 3820 4690; baseline -0.005 -17"><span class='ocrx_word' id='word_1_797' title='bbox 2261 4618 2415 4690; x_wconf 91' lang='lat' dir='ltr'>pleni</span> <span class='ocrx_word' id='word_1_798' title='bbox 2434 4635 2500 4672; x_wconf 90' lang='lat' dir='ltr'>su</span> <span class='ocrx_word' id='word_1_799' title='bbox 2514 4622 2595 4671; x_wconf 91' lang='lat' dir='ltr'>nt.</span> <span class='ocrx_word' id='word_1_800' title='bbox 2620 4617 2769 4671; x_wconf 83' lang='lat' dir='ltr'>Absit</span> <span class='ocrx_word' id='word_1_801' title='bbox 2793 4632 2827 4671; x_wconf 92' lang='lat' dir='ltr'>a</span> <span class='ocrx_word' id='word_1_802' title='bbox 2849 4633 2937 4670; x_wconf 87' lang='lat' dir='ltr'>me</span> <span class='ocrx_word' id='word_1_803' title='bbox 2949 4615 3124 4686; x_wconf 89' lang='lat' dir='ltr'>justas</span> <span class='ocrx_word' id='word_1_804' title='bbox 3140 4632 3229 4671; x_wconf 89' lang='lat' dir='ltr'>vos</span> <span class='ocrx_word' id='word_1_805' title='bbox 3247 4615 3451 4682; x_wconf 81' lang='lat' dir='ltr'>dicere,</span> <span class='ocrx_word' id='word_1_806' title='bbox 3483 4616 3637 4671; x_wconf 82' lang='lat' dir='ltr'>donec</span> <span class='ocrx_word' id='word_1_807' title='bbox 3655 4622 3820 4665; x_wconf 69' lang='lat' dir='ltr'>mortar.</span> 
     </span>
    </p>
   </div>
   <div class='ocr_carea' id='block_1_110' title="bbox 2260 4698 3819 4777">
    <p class='ocr_par' dir='ltr' id='par_1_110' title="bbox 2260 4698 3819 4777">
     <span class='ocr_line' id='line_1_110' title="bbox 2260 4698 3819 4777; baseline -0.008 -14"><span class='ocrx_word' id='word_1_808' title='bbox 2260 4706 2491 4763; x_wconf 89' lang='lat' dir='ltr'>etiamsi</span> <span class='ocrx_word' id='word_1_809' title='bbox 2515 4721 2701 4777; x_wconf 91' lang='lat' dir='ltr'>usque</span> <span class='ocrx_word' id='word_1_810' title='bbox 2723 4706 2795 4759; x_wconf 89' lang='lat' dir='ltr'>ad</span> <span class='ocrx_word' id='word_1_811' title='bbox 2812 4709 3052 4760; x_wconf 88' lang='lat' dir='ltr'>mortem</span> <span class='ocrx_word' id='word_1_812' title='bbox 3074 4702 3507 4777; x_wconf 87' lang='lat' dir='ltr'>persequamini</span> <span class='ocrx_word' id='word_1_813' title='bbox 3528 4698 3819 4770; x_wconf 71' lang='lat' dir='ltr'>me,quiavos</span> 
     </span>
    </p>
   </div>
   <div class='ocr_carea' id='block_1_111' title="bbox 2261 4780 3817 4875">
    <p class='ocr_par' dir='ltr' id='par_1_111' title="bbox 2261 4780 3817 4875">
     <span class='ocr_line' id='line_1_111' title="bbox 2261 4780 3817 4875; baseline -0.006 -24"><span class='ocrx_word' id='word_1_814' title='bbox 2261 4796 2439 4852; x_wconf 88' lang='lat' dir='ltr'>libere</span> <span class='ocrx_word' id='word_1_815' title='bbox 2459 4794 2950 4866; x_wconf 77' lang='lat' dir='ltr'>reprehendoJVec</span> <span class='ocrx_word' id='word_1_816' title='bbox 2970 4796 3121 4848; x_wconf 88' lang='lat' dir='ltr'>enim</span> <span class='ocrx_word' id='word_1_817' title='bbox 3141 4794 3409 4865; x_wconf 91' lang='lat' dir='ltr'>separabo</span> <span class='ocrx_word' id='word_1_818' title='bbox 3423 4780 3817 4875; x_wconf 42' lang='lat' dir='ltr'>innoventemméf</span> 
     </span>
    </p>
   </div>
   <div class='ocr_carea' id='block_1_112' title="bbox 2259 4865 3819 4948">
    <p class='ocr_par' dir='ltr' id='par_1_112' title="bbox 2259 4865 3819 4948">
     <span class='ocr_line' id='line_1_112' title="bbox 2259 4865 3819 4948; baseline -0.008 -6"><span class='ocrx_word' id='word_1_819' title='bbox 2259 4903 2362 4942; x_wconf 90' lang='lat' dir='ltr'>vos</span> <span class='ocrx_word' id='word_1_820' title='bbox 2386 4865 2600 4939; x_wconf 87' lang='lat' dir='ltr'>autem.</span> <span class='ocrx_word' id='word_1_821' title='bbox 2633 4884 2738 4939; x_wconf 82' lang='lat' dir='ltr'>Nec</span> <span class='ocrx_word' id='word_1_822' title='bbox 2752 4899 2903 4938; x_wconf 82' lang='lat' dir='ltr'>enim</span> <span class='ocrx_word' id='word_1_823' title='bbox 2922 4886 3167 4938; x_wconf 87' lang='lat' dir='ltr'>conscius</span> <span class='ocrx_word' id='word_1_824' title='bbox 3193 4899 3315 4937; x_wconf 91' lang='lat' dir='ltr'>sum</span> <span class='ocrx_word' id='word_1_825' title='bbox 3335 4883 3475 4937; x_wconf 80' lang='lat' dir='ltr'>mihi</span> <span class='ocrx_word' id='word_1_826' title='bbox 3494 4881 3712 4948; x_wconf 76' lang='lat' dir='ltr'>iniquum</span> <span class='ocrx_word' id='word_1_827' title='bbox 3729 4865 3819 4941; x_wconf 55' lang='lat' dir='ltr'>quid</span> 
     </span>
    </p>
   </div>
   <div class='ocr_carea' id='block_1_113' title="bbox 2259 4968 3814 5042">
    <p class='ocr_par' dir='ltr' id='par_1_113' title="bbox 2259 4968 3814 5042">
     <span class='ocr_line' id='line_1_113' title="bbox 2259 4968 3814 5042; baseline -0.012 -12"><span class='ocrx_word' id='word_1_828' title='bbox 2259 4971 2708 5030; x_wconf 68' lang='lat' dir='ltr'>cmnmisisseJlli</span> <span class='ocrx_word' id='word_1_829' title='bbox 2732 4972 2887 5027; x_wconf 87' lang='lat' dir='ltr'>enim</span> <span class='ocrx_word' id='word_1_830' title='bbox 2916 4971 3105 5026; x_wconf 90' lang='lat' dir='ltr'>solent</span> <span class='ocrx_word' id='word_1_831' title='bbox 3125 4970 3471 5042; x_wconf 89' lang='lat' dir='ltr'>plerumque</span> <span class='ocrx_word' id='word_1_832' title='bbox 3487 4968 3609 5025; x_wconf 87' lang='lat' dir='ltr'>aliis</span> <span class='ocrx_word' id='word_1_833' title='bbox 3626 4972 3814 5037; x_wconf 70' lang='lat' dir='ltr'>parcere.</span> 
     </span>
    </p>
   </div>
   <div class='ocr_carea' id='block_1_114' title="bbox 2262 5054 3817 5137">
    <p class='ocr_par' dir='ltr' id='par_1_114' title="bbox 2262 5054 3817 5137">
     <span class='ocr_line' id='line_1_114' title="bbox 2262 5054 3817 5137; baseline -0.012 -19"><span class='ocrx_word' id='word_1_834' title='bbox 2262 5064 2360 5137; x_wconf 90' lang='lat' dir='ltr'>qui</span> <span class='ocrx_word' id='word_1_835' title='bbox 2386 5066 2616 5117; x_wconf 90' lang='lat' dir='ltr'>metunt</span> <span class='ocrx_word' id='word_1_836' title='bbox 2636 5060 2746 5115; x_wconf 90' lang='lat' dir='ltr'>sibi</span> <span class='ocrx_word' id='word_1_837' title='bbox 2768 5060 2988 5131; x_wconf 89' lang='lat' dir='ltr'>aliquid</span> <span class='ocrx_word' id='word_1_838' title='bbox 3013 5075 3213 5114; x_wconf 89' lang='lat' dir='ltr'>verum</span> <span class='ocrx_word' id='word_1_839' title='bbox 3236 5059 3428 5130; x_wconf 88' lang='lat' dir='ltr'>objici.</span> <span class='ocrx_word' id='word_1_840' title='bbox 3458 5060 3582 5126; x_wconf 62' lang='lat' dir='ltr'>Quae</span> <span class='ocrx_word' id='word_1_841' title='bbox 3596 5054 3719 5109; x_wconf 78' lang='lat' dir='ltr'>enim</span> <span class='ocrx_word' id='word_1_842' title='bbox 3735 5058 3817 5115; x_wconf 76' lang='lat' dir='ltr'>:th</span> 
     </span>
    </p>
   </div>
   <div class='ocr_carea' id='block_1_115' title="bbox 2259 5138 3814 5227">
    <p class='ocr_par' dir='ltr' id='par_1_115' title="bbox 2259 5138 3814 5227">
     <span class='ocr_line' id='line_1_115' title="bbox 2259 5138 3814 5227; baseline -0.015 -18"><span class='ocrx_word' id='word_1_843' title='bbox 2259 5150 2548 5219; x_wconf 85' lang='lat' dir='ltr'>estimpio?</span> <span class='ocrx_word' id='word_1_844' title='bbox 2570 5149 2714 5217; x_wconf 86' lang='lat' dir='ltr'>Quid</span> <span class='ocrx_word' id='word_1_845' title='bbox 2738 5156 3012 5220; x_wconf 73' lang='lat' dir='ltr'>exspectat</span> <span class='ocrx_word' id='word_1_846' title='bbox 3037 5148 3063 5202; x_wconf 80' lang='lat' dir='ltr'>‘l</span> <span class='ocrx_word' id='word_1_847' title='bbox 3084 5147 3165 5203; x_wconf 91' lang='lat' dir='ltr'>Ne</span> <span class='ocrx_word' id='word_1_848' title='bbox 3190 5146 3319 5218; x_wconf 89' lang='lat' dir='ltr'>quis</span> <span class='ocrx_word' id='word_1_849' title='bbox 3341 5149 3563 5218; x_wconf 87' lang='lat' dir='ltr'>putaret</span> <span class='ocrx_word' id='word_1_850' title='bbox 3580 5138 3706 5196; x_wconf 85' lang='lat' dir='ltr'>male</span> <span class='ocrx_word' id='word_1_851' title='bbox 3722 5145 3814 5227; x_wconf 75' lang='lat' dir='ltr'>eum</span> 
     </span>
    </p>
   </div>
   <div class='ocr_carea' id='block_1_116' title="bbox 2260 5226 3812 5313">
    <p class='ocr_par' dir='ltr' id='par_1_116' title="bbox 2260 5226 3812 5313">
     <span class='ocr_line' id='line_1_116' title="bbox 2260 5226 3812 5313; baseline -0.011 -18"><span class='ocrx_word' id='word_1_852' title='bbox 2260 5246 2493 5313; x_wconf 88' lang='lat' dir='ltr'>optasse</span> <span class='ocrx_word' id='word_1_853' title='bbox 2514 5238 2773 5293; x_wconf 89' lang='lat' dir='ltr'>inimicis</span> <span class='ocrx_word' id='word_1_854' title='bbox 2793 5238 2940 5305; x_wconf 92' lang='lat' dir='ltr'>suis,</span> <span class='ocrx_word' id='word_1_855' title='bbox 2956 5235 3050 5290; x_wconf 90' lang='lat' dir='ltr'>hic</span> <span class='ocrx_word' id='word_1_856' title='bbox 3069 5236 3298 5306; x_wconf 88' lang='lat' dir='ltr'>aperuit</span> <span class='ocrx_word' id='word_1_857' title='bbox 3321 5251 3433 5305; x_wconf 89' lang='lat' dir='ltr'>quo</span> <span class='ocrx_word' id='word_1_858' title='bbox 3448 5233 3627 5288; x_wconf 85' lang='lat' dir='ltr'>animo</span> <span class='ocrx_word' id='word_1_859' title='bbox 3645 5226 3812 5281; x_wconf 61' lang='lat' dir='ltr'>dixerit.</span> 
     </span>
    </p>
   </div>
   <div class='ocr_carea' id='block_1_117' title="bbox 2260 5316 3813 5409">
    <p class='ocr_par' dir='ltr' id='par_1_117' title="bbox 2260 5316 3813 5409">
     <span class='ocr_line' id='line_1_117' title="bbox 2260 5316 3813 5409; baseline -0.015 -24"><span class='ocrx_word' id='word_1_860' title='bbox 2260 5333 2343 5386; x_wconf 91' lang='lat' dir='ltr'>Im</span> <span class='ocrx_word' id='word_1_861' title='bbox 2353 5328 2625 5401; x_wconf 87' lang='lat' dir='ltr'>pietatem</span> <span class='ocrx_word' id='word_1_862' title='bbox 2647 5326 2864 5398; x_wconf 89' lang='lat' dir='ltr'>quippe</span> <span class='ocrx_word' id='word_1_863' title='bbox 2884 5324 3116 5380; x_wconf 91' lang='lat' dir='ltr'>illorum</span> <span class='ocrx_word' id='word_1_864' title='bbox 3140 5322 3262 5379; x_wconf 87' lang='lat' dir='ltr'>vult</span> <span class='ocrx_word' id='word_1_865' title='bbox 3283 5322 3475 5391; x_wconf 91' lang='lat' dir='ltr'>everti,</span> <span class='ocrx_word' id='word_1_866' title='bbox 3498 5325 3549 5376; x_wconf 90' lang='lat' dir='ltr'>et</span> <span class='ocrx_word' id='word_1_867' title='bbox 3568 5316 3813 5409; x_wconf 67' lang='lat' dir='ltr'>perii-esu-</span> 
     </span>
    </p>
   </div>
   <div class='ocr_carea' id='block_1_118' title="bbox 2260 5410 3809 5499">
    <p class='ocr_par' dir='ltr' id='par_1_118' title="bbox 2260 5410 3809 5499">
     <span class='ocr_line' id='line_1_118' title="bbox 2260 5410 3809 5499; baseline -0.017 -23"><span class='ocrx_word' id='word_1_868' title='bbox 2260 5417 2521 5492; x_wconf 89' lang='lat' dir='ltr'>perbiam</span> <span class='ocrx_word' id='word_1_869' title='bbox 2554 5433 2565 5472; x_wconf 91' lang='lat'>:</span> <span class='ocrx_word' id='word_1_870' title='bbox 2602 5416 2757 5487; x_wconf 92' lang='lat' dir='ltr'>quod</span> <span class='ocrx_word' id='word_1_871' title='bbox 2776 5414 2842 5470; x_wconf 86' lang='lat' dir='ltr'>ﬁt</span> <span class='ocrx_word' id='word_1_872' title='bbox 2858 5430 2992 5470; x_wconf 88' lang='lat' dir='ltr'>eum</span> <span class='ocrx_word' id='word_1_873' title='bbox 3016 5412 3261 5469; x_wconf 87' lang='lat' dir='ltr'>solvitur</span> <span class='ocrx_word' id='word_1_874' title='bbox 3284 5412 3354 5467; x_wconf 90' lang='lat' dir='ltr'>ab</span> <span class='ocrx_word' id='word_1_875' title='bbox 3377 5410 3647 5499; x_wconf 71' lang='lat' dir='ltr'>impietate</span> <span class='ocrx_word' id='word_1_876' title='bbox 3668 5410 3809 5499; x_wconf 59' lang='lat' dir='ltr'>animi</span> 
     </span>
    </p>
   </div>
   <div class='ocr_carea' id='block_1_119' title="bbox 2260 5496 3805 5580">
    <p class='ocr_par' dir='ltr' id='par_1_119' title="bbox 2260 5496 3805 5580">
     <span class='ocr_line' id='line_1_119' title="bbox 2260 5496 3805 5580; baseline -0.014 -17"><span class='ocrx_word' id='word_1_877' title='bbox 2260 5524 2386 5580; x_wconf 59' lang='lat' dir='ltr'>qua</span> <span class='ocrx_word' id='word_1_878' title='bbox 2408 5504 2717 5561; x_wconf 89' lang='lat' dir='ltr'>tenebatur</span> <span class='ocrx_word' id='word_1_879' title='bbox 2738 5520 2855 5572; x_wconf 88' lang='lat' dir='ltr'>rea;</span> <span class='ocrx_word' id='word_1_880' title='bbox 2878 5501 3121 5560; x_wconf 90' lang='lat' dir='ltr'>solvitur</span> <span class='ocrx_word' id='word_1_881' title='bbox 3140 5506 3333 5558; x_wconf 86' lang='lat' dir='ltr'>autem</span> <span class='ocrx_word' id='word_1_882' title='bbox 3354 5514 3456 5571; x_wconf 88' lang='lat' dir='ltr'>per</span> <span class='ocrx_word' id='word_1_883' title='bbox 3466 5496 3805 5553; x_wconf 78' lang='lat' dir='ltr'>confessionem</span> 
     </span>
    </p>
   </div>
   <div class='ocr_carea' id='block_1_120' title="bbox 2327 5652 3797 5782">
    <p class='ocr_par' dir='ltr' id='par_1_120' title="bbox 2327 5652 3797 5782">
     <span class='ocr_line' id='line_1_120' title="bbox 2327 5652 3797 5782; baseline -0.016 0"><span class='ocrx_word' id='word_1_884' title='bbox 2327 5656 2416 5782; x_wconf 45' lang='lat' dir='ltr'>2a)};</span> <span class='ocrx_word' id='word_1_885' title='bbox 2416 5654 2780 5782; x_wconf 33' lang='lat'>31:33:31,361;</span> <span class='ocrx_word' id='word_1_886' title='bbox 2808 5652 3334 5782; x_wconf 49' lang='grc' dir='ltr'>Ροῗᾶίξέξῖᾀεᾳειίηί</span> <span class='ocrx_word' id='word_1_887' title='bbox 3353 5723 3372 5782; x_wconf 88' lang='lat'>:_</span> <span class='ocrx_word' id='word_1_888' title='bbox 3379 5771 3408 5782; x_wconf 49' lang='grc' dir='ltr'>η</span> <span class='ocrx_word' id='word_1_889' title='bbox 3423 5705 3653 5772; x_wconf 83' lang='lat' dir='ltr'>siquidem</span> <span class='ocrx_word' id='word_1_890' title='bbox 3694 5690 3797 5759; x_wconf 66' lang='lat' dir='ltr'>and</span> 
     </span>
    </p>
   </div>
   <div class='ocr_carea' id='block_1_121' title="bbox 2415 5769 3425 5845">
    <p class='ocr_par' dir='ltr' id='par_1_121' title="bbox 2415 5769 3425 5845">
     <span class='ocr_line' id='line_1_121' title="bbox 2415 5769 3425 5845; baseline -0.007 -12"><span class='ocrx_word' id='word_1_891' title='bbox 2415 5778 2628 5845; x_wconf 75' lang='lat' dir='ltr'>legitur,</span> <span class='ocrx_word' id='word_1_892' title='bbox 2659 5776 2912 5842; x_wconf 70' lang='grc' dir='ltr'>Ωιι-σηοως</span> <span class='ocrx_word' id='word_1_893' title='bbox 2941 5777 3001 5831; x_wconf 84' lang='lat' dir='ltr'>in</span> <span class='ocrx_word' id='word_1_894' title='bbox 3028 5769 3268 5841; x_wconf 65' lang='lat' dir='ltr'>Vuliata,</span> <span class='ocrx_word' id='word_1_895' title='bbox 3294 5769 3425 5826; x_wconf 71' lang='lat' dir='ltr'>solii.</span> 
     </span>
    </p>
   </div>
  </div>
