4030 6182
236 399 361 461 837

236 548 354 598 eos,
383 547 497 588 non
524 532 828 589 credebant
859 549 874 590 :
907 534 978 591 de
1008 534 1098 591 his
1129 552 1255 607 quas
1287 536 1345 590 in
1379 536 1675 608 parabolis
1706 537 1786 592 ita
1807 536 1892 592 lo-

241 621 551 693 quebatur,
588 626 653 676 ut
684 639 798 677 non
830 622 1292 695 intelligeretur;
1353 642 1467 680 non
1519 635 1709 681 tamen
1743 627 1897 681 sicut

238 710 418 765 verba
448 726 659 765 sonare
707 712 1076 783 videbantur,
1110 730 1260 768 vana
1315 714 1505 769 dicere
1566 720 1890 785 putaretur.

240 797 347 853 Hic
372 804 459 853 est
489 799 647 854 risus
676 804 826 853 Sara:
860 800 1011 871 (Gen.
1055 818 1211 869 xvm,
1248 802 1359 873 10),
1394 803 1493 871 qui
1526 804 1896 874 significabat

239 887 442 942 omnia
469 904 568 943 eos
600 888 658 942 in
706 889 1010 960 prophetia
1040 891 1247 946 fecisse
1280 910 1293 947 :
1332 893 1486 947 unde
1517 893 1616 964 qui
1650 892 1897 963 figurate

240 975 463 1047 aliquid
495 977 721 1032 dicunt.
747 979 899 1049 Elegi
946 995 1133 1034 eorum
1165 982 1330 1048 viam,
1360 987 1413 1036 et
1442 982 1561 1037 sedi
1588 983 1846 1052 princeps
1880 998 1891 1035 :

241 1070 346 1119 aut
375 1066 762 1137 suscipiendo
794 1068 1171 1137 mortalitem,
1205 1074 1306 1125 aut
1328 1086 1462 1125 cum
1482 1070 1813 1142 publicanis
1841 1074 1898 1125 et

240 1155 653 1225 peccatoribus
710 1157 1087 1227 convivando,
1121 1159 1222 1214 sed
1257 1159 1338 1214 ita
1391 1164 1455 1214 ut
1508 1159 1781 1231 princeps
1812 1160 1897 1215 eis

240 1257 437 1299 essem
460 1244 534 1299 ad
566 1245 913 1301 salutem.Et
935 1246 1246 1302 habitabam
1276 1252 1417 1303 sicut
1445 1264 1546 1303 rex
1565 1250 1771 1303 cinctus
1789 1252 1900 1318 for-

245 1332 399 1387 tibus
433 1349 446 1386 :
485 1332 587 1404 qui
612 1333 736 1389 suis
758 1335 1024 1391 dimissis
1047 1352 1181 1392 eum
1209 1337 1395 1393 secuti
1417 1338 1753 1405 sunt.Quasi
1770 1354 1897 1393 con—

242 1424 435 1478 solans
457 1426 658 1480 tristes.
692 1429 801 1481 Eos
830 1426 976 1482 dicit
1005 1429 1103 1498 qui
1136 1445 1239 1498 spe
1268 1429 1626 1500 gaudebant,
1662 1445 1795 1484 cum
1828 1430 1899 1484 de

249 1512 526 1582 praesenti
556 1513 673 1569 vita
701 1521 869 1571 erant
897 1516 1116 1573 tristes.
1147 1519 1305 1573 Beati
1332 1519 1576 1587 lugentes
1604 1518 1810 1589 (Matth.
1843 1534 1897 1584 ν,

244 1601 326 1672 5),
362 1607 429 1656 ut
459 1602 682 1658 dictum
716 1608 842 1671 est;
867 1610 944 1674 et,
997 1606 1166 1673 Quasi
1196 1608 1397 1677 tristes,
1459 1624 1672 1678 semper
1716 1612 1902 1662 autem

246 1688 547 1760 gaudentes
577 1692 645 1763 (Il
677 1692 798 1749 Cor.
830 1711 907 1759 v1,
943 1695 1029 1765 10)
1065 1713 1077 1750 :
1112 1696 1211 1766 qui
1244 1712 1358 1751 non
1394 1697 1671 1768 possunt‘
1705 1701 1901 1751 tenere

247 1777 415 1833 illam
448 1781 938 1852 magnitudinem,
971 1783 1043 1838 de
1074 1800 1191 1855 qua
1219 1785 1432 1839 dictem
1464 1792 1571 1855 est,
1599 1786 1901 1853 Quiautem

244 1869 441 1937 fecerit
470 1878 524 1924 et
550 1873 633 1925 sic
657 1870 897 1927 docuerit
926 1888 1160 1941 magnus
1199 1874 1481 1929 vocabitur
1508 1876 1568 1928 in
1601 1889 1763 1944 regno
1794 1890 1901 1929 cae-

250 1958 437 2011 lorum
466 1958 678 2028 (Matth.
710 1976 767 2026 v,
803 1959 913 2031 19.)

319 2046 429 2116 [1b.
459 2047 613 2117 xxx.]
641 2049 793 2105 Nunc
822 2054 1005 2106 autem
1032 2051 1283 2107 derident
1306 2053 1608 2123 meinﬁmi,
1627 2067 1774 2106 nunc
1792 2068 1900 2107 mo.

244 2140 383 2190 nent
408 2152 496 2191 me
523 2138 764 2193 minores
791 2146 1029 2211 tempore
1049 2158 1061 2196 :
1080 2141 1219 2212 quia
1236 2147 1293 2196 et
1312 2148 1514 2214 postea
1532 2142 1653 2197 nati
1676 2147 1815 2197 sunt
1843 2142 1902 2195 in

247 2224 516 2280 Ecclesia
535 2224 768 2291 tales,et
781 2244 894 2283 non
910 2229 1221 2299 proﬁciunt
1236 2230 1579 2301 plurimum.
1599 2232 1907 2287 Monentme

248 2317 453 2367 autem
467 2313 778 2385 dixit,quia
793 2332 895 2386 per
908 2318 1157 2373 honores
1172 2319 1599 2374 ecclesiasticos
1613 2320 1909 2390 accipiunt

250 2406 606 2472 potestatem
630 2404 982 2474 praedicandi
1008 2406 1376 2478 populo,qua3
1396 2408 1507 2479 ipsi
1532 2426 1645 2463 non
1662 2410 1905 2464 faciunt.

252 2490 512 2557 Quorum
541 2495 869 2562 spernebam
894 2500 1176 2565 parentes.
1210 2496 1484 2552 Parentes
1506 2514 1708 2552 eorum
1742 2498 1905 2563 dixit,

250 2596 513 2650 quorum
536 2580 862 2637 imitatione
889 2583 993 2638 filii
1016 2586 1395 2656 sunt,quibus
1420 2590 1561 2640 tunc
1584 2586 1910 2653 dicebatur,

270 2669 361 2723 Vae
392 2671 563 2735 vobis,
598 2670 803 2726 Scrtbx
831 2680 881 2727 et
912 2673 1194 2729 Pharisaei
1206 2674 1303 2745 hy;
1320 2674 1777 2745 oeritx(ld.xxm,
1803 2676 1909 2742 13).

258 2758 333 2812 Et
352 2759 529 2812 virtus
556 2776 827 2815 manuum
862 2777 1047 2817 eorum
1070 2765 1232 2833 quasi
1251 2764 1493 2817 nihitum
1516 2764 1655 2818 mihi
1670 2767 1788 2818 erat
1819 2780 1914 2833 pa-

260 2850 501 2901 rentum
527 2850 910 2921 potestas,qui
936 2856 1074 2906 tunc
1099 2868 1283 2922 usque
1308 2852 1449 2906 adeo
1473 2852 1794 2923 plurimum
1820 2868 1915 2923 po-

256 2941 553 3001 tcrant,ut
574 2938 981 3009 cruciﬁgerent
1002 2940 1403 2996 Dominum.ln
1417 2957 1476 2995 eo
1490 2942 1704 3012 peribat
1732 2943 1915 2996 omnis

260 3026 383 3078 vita
408 3041 420 3078 :
447 3026 584 3095 quia
607 3042 723 3080 non
755 3043 816 3082 se
845 3027 935 3082 vel
964 3028 1021 3083 in
1046 3029 1160 3084 ﬁne
1190 3032 1834 3099 correxerunt.Egestate
1862 3033 1916 3084 et

254 3116 413 3182 fame
434 3113 747 3169 instabiles:
771 3133 803 3169 a
824 3115 999 3171 variis
1015 3118 1324 3182 desideriis
1348 3118 1918 3186 insatiabilibus.Qui

255 3201 552 3271 fugiebant
569 3203 628 3256 in
643 3202 913 3258 desertum
934 3204 1056 3259 heri
1076 3223 1088 3260 :
1114 3206 1487 3277 conferendo,
1508 3224 1569 3262 se
1582 3208 1651 3261 ad
1676 3224 1915 3263 excusa-

260 3288 488 3344 tionem
514 3290 890 3362 Legis,quam
916 3310 1030 3347 non
1055 3293 1403 3364 simpliciter
1422 3295 1919 3367 intelligebant;et

262 3377 478 3447 quiain
499 3379 728 3434 deserto
749 3386 1095 3453 acceperant
1106 3384 1379 3453 fugientes
1402 3385 1458 3438 in
1478 3385 1754 3440 desertum
1772 3386 1913 3439 heri.

262 3465 429 3521 Sicut
458 3467 615 3522 enim
641 3467 811 3523 hodie
833 3469 1085 3540 pertinet
1108 3473 1178 3526 ad
1200 3470 1424 3527 Novum
1448 3473 1915 3542 Testamentum,

265 3554 353 3611 sic
377 3555 447 3610 ad
480 3555 658 3612 Vetus
682 3556 805 3613 heri
831 3577 850 3613 :
874 3559 945 3614 de
984 3559 1141 3615 Novo
1168 3562 1325 3615 enim
1364 3561 1583 3617 dictum
1608 3568 1717 3628 est,
1748 3562 1921 3617 Hodie

263 3646 316 3699 si
344 3661 529 3700 vocem
549 3646 664 3715 eius
683 3648 1005 3715 audieritis,
1038 3650 1206 3705 nolite
1225 3650 1505 3705 obdurare
1541 3652 1704 3707 corda
1744 3661 1921 3707 vestra

265 3734 451 3803 (Psal.
477 3751 628 3801 xcrv,
663 3737 746 3807 8);
771 3742 847 3802 et,
876 3738 1052 3792 Filius
1083 3754 1235 3793 meus
1255 3755 1309 3793 es
1328 3742 1407 3807 tu,
1432 3754 1531 3810 ego
1554 3740 1716 3795 hodie
1742 3742 1921 3813 genui

268 3831 323 3877 te
348 3823 526 3892 (Psal.
551 3839 617 3890 ιι,
636 3824 713 3894 7).
740 3824 846 3892 Qui
874 3825 1137 3880 rodebant
1164 3828 1403 3882 cortices
1442 3828 1705 3883 arborum
1738 3846 1751 3884 :
1785 3830 1923 3898 quia

267 3912 493 3983 ﬁguras
526 3914 713 3983 Legis,
765 3914 983 3983 quibus
1020 3914 1155 3969 vina
1202 3916 1552 3986 tegebantur
1573 3918 1615 3984 ³,
1649 3933 1751 3988 pro
1791 3920 1921 3974 cibo

269 3998 589 4054 habebant.
606 4000 853 4069 Quorum
873 4009 991 4057 erat
1007 4003 1159 4057 cibus
1177 4003 1342 4057 radix
1362 4003 1665 4060 herbarum
1686 4022 1700 4061 :
1730 4022 1923 4062 sacra-

269 4092 476 4142 menta
519 4104 646 4158 quas
691 4089 1072 4161 corporaliter
1084 4092 1241 4162 jussi
1261 4098 1429 4148 erant
1457 4093 1766 4162 celebrare,
1800 4100 1925 4151 tan-

268 4192 453 4249 quam
478 4182 640 4233 terrss
670 4178 1013 4235 inhaerentia
1037 4198 1050 4249 ;
1074 4198 1143 4236 ex
1173 4182 1388 4253 quibus
1408 4187 1599 4239 tamen
1640 4184 1925 4258 simplicis

266 4264 674 4337 intelligentia:
695 4268 921 4325 fructus
941 4276 1227 4342 surgeret,
1251 4276 1308 4327 et
1327 4289 1508 4344 supra
1528 4278 1743 4328 terram
1767 4274 1825 4329 in
1856 4273 1925 4328 li-

268 4355 555 4409 bertatem
572 4355 960 4429 ferretur,quo
982 4358 1067 4413 illi
1086 4360 1385 4430 pervenire
1408 4378 1522 4417 non
1540 4365 1926 4433 poterant.ln-

269 4444 888 4517 honorati,etabiecti,et
903 4458 1113 4519 egentes
1130 4451 1287 4504 omni
1299 4450 1452 4505 bono:
1473 4452 1692 4507 amisso
1710 4452 1927 4523 prima-

267 4539 372 4589 tus
394 4533 833 4607 honore,abspe
856 4538 1287 4608 promissionis;
1305 4540 1446 4612 quia
1466 4541 1729 4612 etipsum
1748 4547 1929 4599 terre-

273 4637 422 4676 num
445 4623 667 4678 donum
695 4640 798 4695 pro
821 4625 1048 4681 meritis
1076 4627 1198 4682 suis
1220 4628 1561 4698 amiserant,
1594 4633 1652 4683 et
1677 4646 1927 4701 regnum

271 4710 553 4766 ccelorum
578 4729 693 4767 non
714 4714 1051 4782 tenent.Qui
1078 4714 1299 4770 radices
1321 4717 1596 4787 lignorum
1618 4718 1929 4775 manduca-

274 4800 658 4872 bant,propter
686 4819 939 4873 magnam
964 4805 1173 4875 famen.
1201 4805 1363 4870 Quod
1390 4807 1459 4861 de
1477 4806 1770 4862 radicibus
1793 4807 1929 4863 her-

272 4890 489 4945 barum
512 4889 735 4946 dictum
757 4897 864 4957 est,
884 4898 1119 4965 propter
1140 4896 1397 4951 fructum
1421 4895 1836 4963 frumenti,hoc
1860 4898 1931 4952 de

273 4977 580 5035 radicibus
602 4978 896 5051 lignorum
921 4982 1369 5054 intelligendum
1392 4989 1501 5047 est,
1526 4990 1763 5056 propter
1785 4986 1930 5040 fruc-

268 5072 403 5122 tum
442 5066 561 5121 vini
588 5076 642 5123 et
662 5067 793 5123 olei.
823 5069 968 5125 Nam
1000 5087 1205 5128 omnes
1236 5073 1378 5127 istos
1400 5072 1738 5145 spirituales
1774 5075 1929 5129 fruc-

269 5159 374 5210 tus
395 5157 616 5227 accepit
634 5156 1166 5230 Ecclesia,quorum
1188 5161 1413 5217 radices
1435 5166 1599 5215 terras
1617 5160 1929 5231 implicates

269 5250 651 5301 sacramenta
665 5253 851 5317 erant,
867 5263 993 5318 quae
1017 5250 1393 5321 corporaliter
1416 5250 1601 5305 Judsai
1624 5250 1931 5307 observare

269 5334 659 5406 cogebantur,
685 5335 1000 5405 sablatum,
1026 5338 1555 5407 circumcisionem,
1584 5344 1642 5394 et
1662 5339 1931 5397 victimas

270 5428 334 5478 et
363 5428 573 5479 caetera
593 5424 931 5495 hujusmodi
958 5428 1357 5498 spiritualium
1384 5428 1931 5485 ciborumJnsurre-

268 5522 482 5569 xerunt
511 5530 678 5585 super
707 5530 793 5571 me
819 5518 970 5585 fures
998 5532 1011 5571 :
1046 5516 1147 5588 qui
1200 5518 1272 5574 ad
1304 5517 1556 5575 honores
1612 5517 1927 5589 indebitos,

348 5726 367 5762 ¹
398 5732 658 5781 Omissam
674 5730 763 5780 hic
783 5731 837 5796 in
852 5731 1016 5796 editis
1027 5733 1362 5796 negationem
1374 5733 1703 5785 restituimus
1721 5748 1787 5785 ex
1802 5735 1925 5786 Mes.

346 5799 370 5833 ³
396 5796 481 5848 Er.
503 5801 556 5847 et
572 5797 723 5857 1.07,,
743 5792 896 5847 utilia
917 5792 1235 5859 tegebanur.
1264 5796 1334 5855 bl.

1699 406 1935 466 LIBER
1977 406 2209 467 UNUS.

3530 411 3649 470 858

2002 537 2103 607 qui
2127 537 2429 607 justorum
2461 539 2600 591 sunt
2632 536 2869 608 proprii,
2897 553 2999 608 per
3025 537 3364 593 tenebrosae
3386 538 3647 595 fallacias

2002 628 2414 694 pervenerunt.
2435 624 2675 691 Quorum
2696 624 2888 678 domus
2908 631 3064 679 erant
3080 642 3322 680 caverna:
3338 637 3648 695 petrarum:

2003 712 2103 783 qui
2131 713 2633 783 concupiscentias
2655 730 2793 768 suas
2835 714 3245 783 defendebant,
3272 720 3328 768 et
3380 717 3653 787 tegebant

2003 801 2359 872 quibusdam
2401 802 2856 857 obscuritatibus
2878 803 3209 859 divinorum
3234 804 3565 859 Librorum.
3589 808 3655 860 Et

2004 892 2149 944 inter
2172 892 2392 945 arbores
2412 892 2744 946 clamabant.
2775 892 3078 946 Manifesta
3111 898 3277 946 erant
3309 900 3542 962 peccata
3564 911 3655 947 eo-

2004 995 2157 1045 rum,
2190 980 2457 1049 quamvis
2507 996 2573 1034 ea
2597 981 3031 1051 Scripturarum
3066 981 3445 1051 obscuritate,
3482 982 3651 1052 quasi

2005 1066 2228 1121 umbris
2253 1068 2554 1137 arborum,
2582 1073 2774 1138 tegere
2805 1074 3175 1124 conarentur.
3210 1069 3356 1125 Hinc
3378 1075 3488 1135 est,
3523 1070 3652 1124 Cla-

2002 1171 2126 1209 mor
2172 1154 2532 1211 Sodomorum
2577 1157 2819 1212 ascendit
2848 1157 2918 1211 ad
2959 1174 3041 1212 me
3071 1157 3223 1225 (Gen,
3255 1174 3413 1223 xvm,
3446 1158 3558 1229 20).
3588 1159 3653 1213 Et

2006 1244 2297 1317 plerisque
2319 1244 2462 1300 locis
2485 1262 2586 1315 pro
2611 1245 2938 1299 manifestis
2958 1246 3212 1316 peccatis
3228 1245 3537 1301 clamorem
3560 1264 3656 1317 po-

2006 1334 2095 1389 nit
2114 1334 2449 1405 Scriptura:
2480 1340 2542 1389 ut
2569 1336 2807 1389 verbum
2841 1334 2917 1388 sit
2953 1335 3237 1405 quidquid
3266 1335 3437 1389 corde
3464 1337 3659 1390 conci-

2005 1421 2563 1493 pitur;clamor,cum
2589 1424 2848 1494 procedit
2876 1423 2933 1477 in
2954 1424 3311 1491 factum.0ui
3336 1427 3437 1478 sub
3455 1426 3653 1495 stirpi-

2007 1511 2105 1566 bus
2134 1515 2295 1566 terrae
2336 1512 2651 1567 manebant.
2678 1513 2802 1569 Non
2851 1512 3059 1567 saltem
3108 1512 3167 1567 in
3218 1512 3523 1583 stirpibus,
3550 1514 3651 1568 sed

2006 1600 2180 1655 etiam
2203 1601 2447 1656 inferius
2484 1601 2770 1672 stirpibus
2822 1617 3053 1655 manere
3086 1607 3331 1672 possunt
3380 1601 3651 1673 intelligi,

2008 1689 2109 1761 qui
2129 1689 2219 1743 vel
2241 1689 2550 1744 carnaliter
2580 1695 2867 1762 praecepta
2888 1691 3473 1763 custodiunt.Slirpes
3495 1691 3651 1746 enim

2007 1783 2147 1833 sunt
2171 1796 2280 1833 non
2302 1780 2426 1847 jam
2454 1779 2565 1850 ipsi
2590 1780 2837 1843 fructus,
2862 1780 2963 1833 sed
3002 1780 3153 1833 unde
3184 1785 3431 1850 surgunt
3454 1784 3651 1851 partes

2008 1867 2428 1934 fructiferae,vel
2446 1868 2836 1936 arborum,vel
2860 1868 3252 1923 herbarumzsi
3278 1874 3471 1923 tamen
3500 1870 3653 1923 fruc-

2008 1956 2239 2011 tiferum
2264 1972 2451 2027 genus
2473 1962 2581 2021 est,
2616 1958 2713 2028 qui
2744 1962 2800 2011 et
2824 1974 2935 2011 non
2963 1957 3240 2012 fructiferi
3265 1959 3496 2029 generis
3520 1958 3655 2013 stir-

2009 2060 2112 2116 pes
2125 2045 2364 2100 dicuntu
2374 2048 2559 2101 r.Filii
2570 2048 2860 2100 stultorum
2876 2056 2928 2101 et
2941 2047 3270 2115 ignobilium
3291 2047 3345 2102 :J
3357 2048 3653 2102 udaeorum

2011 2150 2146 2188 nam
2172 2134 2276 2189 hos
2300 2134 2445 2189 dixit
2466 2135 2737 2205 superius
2759 2140 3026 2206 parentes
3049 2152 3249 2190 eorum
3274 2141 3509 2207 propter
3532 2136 3659 2189 imi-

2009 2225 2319 2288 tationem,
2353 2224 2491 2294 quia
2513 2229 2570 2278 et
2593 2224 2689 2279 isti
2740 2224 2851 2279 sub
2892 2224 2993 2279 Dei
3038 2224 3275 2280 nomine
3327 2224 3659 2289 ambulant,

2014 2328 2186 2382 quem
2217 2329 2328 2367 non
2356 2312 2576 2367 colunt.
2600 2312 2823 2368 Stultos
2845 2319 3042 2369 autem
3085 2318 3142 2368 et
3188 2313 3477 2385 ignobiles
3514 2314 3661 2368 dicit

2012 2401 2267 2470 Judteos,
2301 2401 2401 2473 qui
2433 2419 2463 2457 e
2492 2404 2806 2471 contrario,
2842 2420 2957 2457 non
2982 2401 3168 2457 solum
3193 2419 3256 2457 se
3291 2402 3665 2457 confidebant

2015 2506 2143 2544 esse
2165 2492 2343 2545 duces
2366 2508 2671 2556 caecorum,
2693 2492 2793 2546 sed
2816 2492 2989 2546 etiam
3016 2491 3168 2546 filios
3214 2508 3343 2546 esse
3391 2492 3663 2557 Abrahaa,

2017 2595 2132 2649 quo
2153 2586 2313 2649 patre
2334 2596 2395 2634 se
2411 2582 2851 2650 essejactabant
2872 2580 3228 2635 nobiles.Sed
3245 2597 3311 2634 cu
3325 2597 3376 2634 m
3394 2582 3662 2646 audiunt,

2021 2668 2491 2733 Caecisunt,duces
2513 2685 2779 2723 caecorum
2808 2668 3173 2739 (Matth.xv,);
3201 2668 3364 2723 stulti
3388 2670 3664 2723 demons-

2018 2765 2249 2813 trantur
2271 2776 2284 2813 :
2310 2765 2366 2814 et
2387 2777 2519 2814 cum
2556 2761 2824 2823 audiunt,
2852 2759 2915 2814 Si
2933 2760 3042 2829 ﬁlii
3071 2759 3305 2815 Abrahaz
3334 2760 3487 2813 estis.
3519 2763 3666 2829 facta

2017 2851 2254 2906 Abrahae
2282 2852 2451 2923 facite
2480 2852 2791 2919 (.Ioan.v1u,
2813 2849 2939 2920 39):
2966 2850 3370 2921 degenerando
3393 2850 3667 2904 demons-

2020 2942 2251 2993 trantur
2270 2938 2575 3011 ignobiles.
2601 2944 2809 2996 Nomen
2838 2944 2889 2994 et
2918 2944 3093 2994 honor
3113 2941 3414 2993 exstinctus
3443 2956 3477 2993 a
3499 2943 3667 2993 terra.

2022 3028 2157 3083 Erat
2185 3028 2363 3095 enim,
2398 3030 2498 3084 sed
2545 3030 2897 3084 exstinctum
2922 3033 3030 3083 est.
3061 3029 3217 3083 Nunc
3246 3034 3430 3083 autem
3457 3029 3672 3082 cithara

2022 3133 2209 3172 eorum
2238 3134 2332 3188 ego
2357 3135 2513 3173 sum:
2542 3118 2775 3185 horum,
2796 3135 3044 3189 quorum
3069 3117 3152 3172 illi
3178 3123 3373 3188 patres
3404 3117 3671 3187 sunt,qui

2026 3223 2115 3261 me
2137 3207 2207 3261 ad
2231 3223 2430 3261 aurem
2458 3207 2771 3273 habebant,
2811 3224 2923 3261 non
2951 3207 3021 3262 ad
3040 3210 3336 3263 cor.Ktme
3368 3206 3565 3261 habent
3598 3207 3674 3261 ad

2024 3296 2308 3358 fabulam:
2336 3296 2567 3350 inanem
2601 3301 2658 3351 et
2680 3296 2947 3351 inutilem
2983 3296 3374 3349 narrationem
3425 3300 3481 3349 et
3504 3294 3671 3349 audi-

2024 3384 2266 3449 tionem,
2290 3385 2561 3456 quamvis
2588 3402 2681 3439 me
2702 3390 2759 3439 et
2783 3389 3040 3449 narrent,
3074 3389 3131 3438 et
3169 3384 3425 3439 audiant.
3455 3384 3671 3437 Abomi-

2024 3476 2147 3529 nati
2175 3483 2308 3529 sunt
2335 3474 2775 3539 me,discedentes
2800 3473 3199 3544 proculzlonge
3226 3473 3360 3527 facti
3385 3490 3418 3527 a
3434 3472 3671 3542 justitia

2026 3564 2343 3635 peccando,
2375 3569 2429 3620 et
2454 3569 2739 3636 praecepta
2757 3564 3001 3634 justitiaa
3026 3563 3198 3618 malis
3223 3563 3485 3617 moribus
3509 3577 3671 3616 exse-

2027 3654 2378 3709 crandoJVec
2408 3655 2467 3708 in
2492 3655 2701 3723 faciem
2730 3668 2908 3708 meam
2936 3656 3293 3723 pepercerunt
3321 3666 3532 3722 spuere.
3569 3654 3675 3703 Ex-

2028 3741 2310 3794 secranda
2328 3740 2503 3795 facies
2528 3757 2781 3811 namque
2797 3740 3011 3795 Christi
3035 3745 3123 3794 est
3142 3738 3363 3808 his,qui
3390 3742 3677 3809 praecepta

2026 3830 2155 3899 ejus
2177 3845 2309 3883 cum
2333 3834 2671 3900 contemptu
2696 3829 3021 3883 exhorrent.
3048 3827 3172 3893 Vel,
3208 3826 3359 3881 male
3393 3843 3482 3881 me
3508 3826 3677 3879 inno-

2028 3924 2247 3972 tescere
2271 3918 2534 3972 fecerunt
2554 3934 2779 3972 morum
2804 3934 3046 3971 suorum
3076 3916 3375 3986 pravitate.
3408 3915 3675 3983 Aperiens

2026 4007 2179 4061 enim
2196 4004 2522 4074 pharetram
2535 4022 2693 4059 suam
2715 4007 2924 4075 afﬂixit
2940 4022 3025 4060 me
3046 4010 3265 4059 secreta
3297 4003 3677 4069 rerum,unde

2028 4095 2386 4151 tantationes
2407 4095 2688 4149 existunt.
2705 4094 2766 4147 Et
2781 4097 3000 4165 frenum
3023 4095 3078 4147 in
3096 4094 3297 4163 faciem
3318 4108 3496 4147 meam
3517 4093 3679 4147 mise-

2028 4189 2193 4240 runt:
2214 4188 2278 4239 ut
2302 4184 2385 4239 eis
2408 4182 2622 4238 invitus
2654 4182 3311 4253 consentirem,portans
3333 4197 3433 4235 eos
3464 4181 3678 4236 ducen-

2029 4277 2117 4328 tes
2140 4290 2255 4345 quo
2284 4271 2596 4341 vellent,ad
2628 4272 2748 4326 ima
2778 4289 2886 4326 sua
2912 4273 2975 4327 Et
3003 4289 3037 4326 a
3065 4271 3274 4325 dextris
3302 4272 3678 4339 germinantes

2031 4364 2497 4418 consurrexerunt
2522 4379 2533 4415 :
2563 4366 2617 4416 et
2650 4361 2893 4415 favendo
2915 4365 2971 4415 et
2992 4361 3136 4415 bene
3161 4359 3453 4414 monendo
3499 4360 3682 4414 exorti

2034 4456 2174 4506 sunt
2194 4450 2523 4522 quidem,ut
2540 4467 2678 4505 suas
2700 4448 3049 4520 cupiditates
3072 4450 3387 4520 explerent,
3414 4464 3524 4502 non
3553 4464 3679 4518 per-

2034 4540 2353 4612 sequendo.
2380 4540 2548 4596 Pedes
2566 4556 2708 4594 meos
2730 4540 3030 4593 vinxerunt
3051 4537 3395 4604 compedibus
3420 4551 3432 4590 :
3462 4535 3682 4591 officio-

2035 4647 2165 4685 rum
2198 4628 2747 4695 ecclesiasticorum,
2776 4632 2839 4681 ut
2871 4645 2983 4699 non
3032 4643 3131 4681 eos
3170 4629 3411 4696 possent
3460 4624 3678 4693 fugere.

2035 4719 2299 4774 Contritx
2318 4722 2448 4773 sunt
2492 4719 2698 4772 semita:
2744 4731 2885 4772 mea?
2909 4733 2921 4769 :
2949 4721 3011 4769 ut
3040 4732 3155 4769 non
3179 4718 3545 4785 apparerent,
3580 4728 3683 4783 per

2036 4825 2183 4879 quas
2214 4806 2404 4862 solent
2424 4804 2560 4861 boni
2584 4804 2904 4867 ambulare,
2929 4820 3043 4858 non
3067 4808 3394 4873 quaerentes
3418 4818 3546 4871 sua,
3579 4800 3681 4855 sed

2034 4896 2251 4952 Christi
2277 4894 2731 4966 (Philipp.u,20).
2755 4893 2922 4948 Exuit
2944 4893 3092 4947 enim
3116 4907 3201 4946 me
3221 4891 3363 4946 stola
3386 4908 3402 4943 :
3430 4888 3683 4944 auctori-

2036 4990 2149 5040 tate
2172 4984 2537 5055 pristina,cui
2556 4981 2858 5046 cedisolet;
2880 4981 3034 5052 quod
3054 4980 3338 5051 contingit
3363 4977 3689 5033 multitudi-

2036 5090 2109 5129 ne
2129 5077 2186 5128 et
2210 5071 2634 5127 consuetudine
2656 5074 3026 5142 peccatorum
3050 5068 3395 5141 praevalente
3440 5070 3505 5122 Et
3525 5068 3688 5138 jacu-

2037 5165 2106 5218 lis
2136 5166 2251 5218 suis
2272 5162 2585 5218 vulneravit
2602 5178 2720 5216 me:
2747 5160 3070 5233 praeceptis,
3105 5161 3319 5232 quibus
3342 5160 3506 5214 video
3530 5157 3685 5211 mala

2035 5259 2092 5308 et
2112 5252 2251 5324 quia
2273 5267 2534 5306 coercere
2558 5267 2672 5305 non
2697 5266 2960 5321 possum,
2980 5249 3228 5304 crucior.
3252 5250 3464 5302 Abusus
3491 5253 3569 5299 est
3596 5260 3683 5298 me

2032 5344 2174 5397 sicut
2194 5342 2400 5396 voluit:
2444 5340 2619 5394 etiam
2659 5337 2992 5393 calamitate
3014 5348 3071 5393 et
3092 5336 3328 5392 miseria
3359 5352 3489 5389 mea
3536 5350 3680 5387 usus

2034 5436 2124 5486 est
2149 5428 2530 5501 adjustitiam
2554 5445 2721 5483 suam
2774 5432 2943 5496 Deus,
2978 5428 3133 5481 sicut
3159 5423 3359 5480 voluit.
3394 5421 3684 5476 Doloribus

2035 5521 2313 5575 involutus
2342 5534 2507 5574 sum:
2541 5522 2599 5573 et
2636 5516 2695 5571 in
2753 5532 2866 5581 me,
2900 5520 2955 5571 et
3001 5515 3059 5569 in
3094 5514 3224 5569 aliis
3273 5512 3482 5584 patior.
3519 5511 3683 5567 Foris

2034 5608 2432 5683 pugna,intus
2456 5608 2697 5664 timores
2716 5608 2788 5678 (ll
2811 5606 2930 5661 Cor.
2950 5604 3143 5674 vu,5).
3170 5601 3677 5669 Quisinﬁrmaiur,

2033 5705 2089 5755 et
2118 5715 2225 5771 ego
2247 5716 2363 5754 non
2384 5698 2650 5753 infirmor
2672 5695 2769 5765 (Id.
2800 5710 2878 5764 χι,
2900 5694 2992 5765 29)
3017 5693 3044 5747 ‘?
3064 5694 3128 5747 Et
3157 5693 3433 5747 iterantur
3469 5688 3682 5745 dolores

2030 5788 2161 5858 mei,
2184 5786 2419 5847 discedit
2435 5788 2576 5844 sicut
2601 5785 2856 5857 spiritus,
2885 5798 3009 5855 spes
3037 5780 3365 5849 mea.Quasi
3384 5780 3559 5837 inane
3578 5774 3685 5834 ali-
