4030 6182
243 327 357 389 861

244 475 381 514 meae
409 476 429 514 :
462 457 821 515 adulatores.
856 459 989 527 Quis
1014 458 1108 515 det
1128 458 1285 515 nobis
1305 462 1365 514 ut
1384 457 1643 513 carnibus
1669 459 1785 528 ejus
1803 473 1895 512 sa-

241 551 450 603 tiemur
470 551 495 601 .’
521 564 647 602 cum
672 549 810 602 satis
843 548 1012 603 bonus
1043 564 1216 603 essem
1245 565 1264 601 :
1299 552 1361 602 ut
1392 546 1763 601 imitarentur
1814 546 1894 601 fe-

238 636 523 692 licitatem
555 637 848 693 carnalem
879 637 937 691 in
965 653 1078 693 me.
1112 637 1237 693 Non
1267 642 1464 692 tamen
1525 636 1641 691 haec
1701 636 1852 706 gessi
1880 654 1894 705 ;

238 743 317 781 ne
373 725 635 780 dicerent
683 725 837 781 enim
870 726 1012 791 haec,
1048 742 1159 781 non
1194 742 1285 780 me
1316 726 1642 797 praebebam
1673 725 1730 779 in
1762 724 1893 779 tali-

236 814 354 869 bus
386 813 624 869 bonum.
657 815 809 870 Foris
834 830 944 869 non
970 815 1224 869 madebat
1252 815 1439 885 hospes
1478 832 1496 867 :
1540 813 1890 885 recipiebam

234 903 612 974 peregrinum
672 902 730 957 in
788 903 1019 959 saeculo.
1072 903 1223 971 Quod
1252 906 1301 958 si
1328 913 1381 959 et
1408 906 1599 974 sponte
1635 918 1892 974 peccans,

236 992 506 1048 abscondi
528 996 814 1063 peccatum
842 1008 1043 1047 meum.
1076 992 1415 1048 Voluntarie
1445 991 1598 1047 enim
1648 1007 1891 1064 peccan-

234 1079 404 1136 tibus
434 1081 947 1152 nobis,postquam
980 1081 1317 1153 accepimus
1348 1081 1651 1137 scientiam
1683 1080 1892 1136 verita-

232 1171 315 1225 tis
348 1171 531 1241 (Hebr.
564 1187 619 1238 ι,
647 1171 759 1241 26).
793 1172 901 1225 Aut
927 1173 978 1226 si
1004 1171 1195 1226 dimisi
1223 1171 1509 1241 inﬁmum
1539 1172 1667 1226 sinu
1717 1184 1894 1226 vacuo

229 1261 396 1315 exire
420 1260 672 1331 -januam
702 1275 887 1315 meam
918 1277 930 1315 :
965 1265 1030 1314 ut
1058 1260 1193 1315 ideo
1223 1260 1425 1315 exierit
1446 1260 1718 1330 januam,
1752 1259 1896 1329 quia

232 1347 375 1402 sinu
406 1364 589 1403 vacuo
620 1347 748 1403 fuit.
783 1349 911 1415 Quis
930 1348 1073 1403 mihi
1101 1349 1307 1403 tribuat
1353 1348 1706 1403 auditorem?
1753 1347 1893 1411 Quis

233 1435 387 1491 mihi
419 1442 656 1508 praestet
682 1442 745 1492 ut
776 1436 1021 1492 audiar?
1047 1436 1267 1492 Manum
1300 1438 1526 1492 Domini
1552 1438 1604 1491 si
1652 1453 1767 1490 non
1814 1437 1895 1491 ti-

229 1526 361 1580 mui
410 1543 430 1579 :
490 1542 609 1597 qua
662 1526 920 1598 scripsit,
976 1526 1040 1581 Si
1080 1542 1189 1582 non
1219 1527 1558 1593 dimiseritis,
1591 1542 1690 1581 nec
1719 1528 1895 1581 Pater

231 1617 411 1669 vester
438 1613 682 1669 dimittet
711 1615 865 1670 vobis
894 1615 1098 1687 (Matth.
1132 1632 1210 1681 v1,
1262 1616 1368 1685 15).
1430 1615 1893 1685 Conscriptionem

228 1705 285 1757 si
314 1718 484 1773 quam
513 1703 680 1759 habeo
712 1722 731 1758 :
757 1703 1399 1775 ordo,Conscriptionem
1417 1708 1467 1759 si
1500 1721 1659 1775 quam
1695 1704 1890 1759 habeo.

228 1794 312 1846 Et
342 1794 393 1845 si
420 1807 531 1847 non
560 1792 778 1864 disrupi
806 1808 929 1848 eam
955 1809 1117 1864 super
1145 1793 1395 1849 humeros
1416 1797 1639 1859 meos,et
1657 1809 1891 1849 corona-

234 1884 328 1934 tus
361 1881 541 1951 legam
568 1898 735 1949 super
761 1882 1021 1936 humeros
1049 1898 1193 1938 meos
1225 1883 1408 1938 levans
1441 1886 1535 1937 :et
1577 1886 1890 1937 coronatus

233 1967 475 2038 publice
504 1967 716 2040 legam,
755 1971 811 2025 id
838 1975 947 2039 est,
980 1972 1258 2026 adversus
1291 1970 1493 2027 faciem
1529 1972 1891 2026 meam.Sta-

237 2058 396 2110 tuam
427 2064 479 2112 te
506 2067 637 2113 ante
660 2060 862 2128 faciem
894 2062 1043 2113 tuam
1071 2059 1247 2130 (Psal.
1282 2076 1431 2128 XLIX,
1460 2060 1573 2129 21).
1607 2060 1754 2126 Quia
1784 2076 1889 2131 po-

240 2143 365 2214 puli
400 2162 615 2201 corona
644 2147 1004 2213 confundar;
1031 2147 1171 2218 quia
1214 2164 1328 2203 non
1378 2149 1485 2203 feci
1542 2149 1888 2204 mandatum

234 2229 497 2303 Domini,
560 2235 714 2305 quod
776 2251 868 2291 me
924 2236 1132 2291 fecisse
1153 2239 1279 2305 jam
1310 2237 1591 2304 dixeram,
1626 2238 1888 2307 negando

234 2321 430 2391 primo
463 2338 555 2377 me
588 2324 800 2380 habere
826 2324 1477 2398 conscriptionem,quaa
1510 2327 1653 2381 mihi
1688 2331 1888 2398 postea

232 2409 603 2480 objicitur-Si
628 2429 790 2483 super
818 2429 905 2469 me
932 2430 1179 2485 unquam
1207 2421 1359 2470 terra
1388 2418 1592 2486 gemuit
1622 2433 1642 2470 :
1672 2417 1887 2487 stipen-

227 2498 405 2554 diarii
438 2500 886 2573 Ecclesiae,quod
920 2502 1111 2558 malus
1144 2506 1420 2560 sum.Aut
1446 2505 1586 2560 sulci
1613 2506 1730 2576 ejus
1757 2506 1883 2577 plo-

222 2593 501 2644 raverunt
529 2591 696 2645 simul
724 2608 744 2645 :
776 2607 893 2662 quo
925 2592 1152 2647 semina
1181 2593 1562 2664 recipiuntur,
1621 2597 1679 2649 et
1729 2594 1884 2649 unde

220 2675 460 2732 fructus
491 2678 727 2747 dantur;
752 2680 887 2749 quia
909 2684 966 2735 et
996 2680 1186 2736 malus
1217 2699 1370 2749 sum,
1396 2687 1452 2737 et
1479 2681 1629 2737 mala
1657 2683 1884 2738 semina

218 2764 753 2822 seminabamzideo
780 2769 1079 2823 simul.Aut
1107 2772 1159 2825 si
1186 2778 1236 2825 et
1258 2772 1517 2826 virtutem
1538 2772 1655 2843 ejus
1675 2771 1885 2827 comedi

221 2853 380 2907 solus
407 2855 529 2909 sine
555 2857 734 2926 pretio
766 2872 779 2911 :
812 2855 937 2927 ipsa
960 2858 1383 2923 misericordia,
1417 2877 1529 2931 qua
1575 2860 1882 2930 participat

221 2942 613 2997 catecbizanti
644 2944 745 3014 qui
777 2945 1169 3001 catechizatur
1196 2946 1401 3017 (Galat.
1424 2964 1501 3014 v1,
1526 2949 1606 3016 6);
1630 2947 1739 3004 hoc
1768 2953 1879 3017 est,

219 3030 401 3099 solus,
438 3048 553 3086 non
587 3032 915 3088 retribuens
942 3034 991 3088 ei
1020 3034 1121 3104 qui
1152 3036 1336 3090 daret.
1368 3038 1471 3091 Aut
1498 3038 1576 3107 ﬁsi
1625 3040 1879 3092 animam

219 3122 457 3174 Domini
485 3129 646 3175 terra
675 3122 949 3193 decipiens
978 3125 1331 3179 contristavi:
1365 3141 1480 3180 non
1514 3142 1608 3181 me
1633 3125 1875 3197 dignum

216 3208 507 3265 exhibens
533 3210 791 3280 passioni
823 3212 951 3281 ejus
982 3213 1081 3282 qui
1114 3229 1217 3283 pro
1248 3228 1343 3268 me
1393 3213 1649 3269 animam
1707 3213 1874 3270 fudit.

215 3296 416 3352 Nolite
446 3298 823 3354 constristare
852 3300 1131 3369 Spiritum
1164 3306 1433 3356 sanctum
1460 3303 1516 3356 in
1544 3319 1640 3357 vos
1661 3304 1873 3374 (Ephes.

214 3402 298 3455 xv,
328 3386 443 3456 30).
476 3389 587 3442 Pro
612 3389 791 3443 tritico
813 3390 1085 3458 germinet
1112 3390 1257 3445 mihi
1287 3392 1471 3446 urtica
1502 3408 1521 3445 :
1556 3408 1659 3462 pro
1701 3391 1876 3462 spiri-

216 3474 484 3530 tualibus
511 3476 846 3532 doctoribus
890 3477 1157 3549 magistri
1216 3479 1607 3550 prurientium
1667 3481 1874 3537 auditu

215 3579 325 3633 per
382 3562 829 3620 confricationes
881 3565 1189 3621 hominum
1218 3572 1412 3623 mente
1441 3574 1872 3640 corruptorum,

215 3656 277 3707 et
306 3668 341 3705 a
370 3652 612 3707 veritate
640 3653 1057 3710 destitutorum
1089 3655 1131 3724 (Ι
1162 3657 1298 3711 Tim.
1331 3673 1408 3723 vr,
1440 3658 1515 3727 5).
1540 3659 1605 3713 Et
1628 3675 1730 3729 pro
1756 3659 1878 3714 hor-

217 3739 321 3795 deo
349 3741 521 3811 spina
554 3757 566 3796 :
605 3758 705 3813 pro
737 3742 1070 3799 carnalibus
1102 3744 1505 3801 obedienlibus
1546 3752 1876 3817 peccatores

219 3834 279 3884 et
308 3828 813 3886 resistentes.Erat
840 3834 989 3887 enim
1010 3833 1111 3889 Job
1141 3833 1201 3888 in
1231 3839 1519 3905 conspectu
1544 3850 1643 3891 suo
1664 3837 1874 3907 justus;

218 3918 283 3972 in
330 3919 697 3975 conscientia
726 3936 856 3977 sua.

291 4008 613 4079 [Ib.xxxn.]
638 4010 825 4064 Verba
852 4008 979 4064 Elin
1012 4010 1252 4066 Buzitis.
1279 4011 1422 4066 Deus
1450 4013 1647 4084 abjecit
1680 4016 1697 4049 ί
1729 4030 1871 4086 eum,

217 4098 272 4148 et
300 4110 417 4149 non
444 4096 536 4150 vir
556 4114 573 4149 :
600 4101 662 4151 ut
694 4095 844 4152 hanc
874 4096 1064 4153 dicam
1097 4115 1468 4166 causam,cur
1495 4103 1875 4159 tacuerint.Et

214 4185 568 4239 sermonibus
596 4187 790 4241 vestris
818 4202 929 4241 non
958 4188 1287 4258 respondebo
1316 4189 1511 4261 ei.Ego
1543 4189 1702 4245 enim
1734 4190 1874 4247 talia

217 4272 438 4340 dicam,
472 4278 539 4329 ut
569 4274 736 4341 mihi,
770 4276 1269 4347 quemadmodum
1301 4277 1487 4347 vobis,
1522 4281 1873 4350 respondere

218 4378 338 4417 non
371 4362 732 4433 possit.Quza
760 4379 891 4433 ergo
921 4366 1244 4435 exspectavi,
1275 4374 1327 4420 et
1352 4382 1467 4420 non
1494 4375 1620 4422 sunt
1649 4368 1823 4424 locuti
1854 4385 1868 4423 :

220 4450 395 4522 quasi
428 4452 498 4506 ad
525 4444 639 4506 Joh
669 4467 984 4508 conversus
1017 4452 1177 4508 dicit.
1191 4455 1377 4509 Venter
1404 4471 1558 4510 meus
1584 4457 1725 4511 sicut
1751 4460 1872 4513 uter

217 4545 404 4594 musto
434 4539 647 4610 plenus.
681 4542 1062 4596 Commendat
1086 4541 1243 4596 hunc
1274 4542 1596 4613 Scriptura,
1626 4544 1763 4615 quia
1808 4546 1869 4602 in

221 4627 531 4699 prophetia
551 4628 854 4684 locuturus
878 4629 974 4684 sit.
1006 4632 1081 4685 Et
1100 4631 1269 4686 veluti
1286 4631 1444 4703 follis
1464 4634 1660 4687 aerarii
1686 4633 1870 4690 disru-

213 4717 447 4788 ptuszad
472 4716 745 4773 duritiam
765 4716 1205 4784 solvendam,de
1225 4719 1280 4774 vi
1301 4718 1669 4791 loquor;inde
1690 4723 1870 4778 etira-

216 4810 319 4860 tus
349 4804 716 4862 dicitur.Non
748 4806 905 4862 enim
938 4824 1086 4878 opus
1109 4814 1266 4863 esset
1296 4813 1361 4863 ut
1389 4824 1493 4880 ego
1524 4808 1867 4880 loquerer,si

217 4911 319 4950 vos
344 4894 395 4949 ei
421 4895 862 4967 responderitis.
894 4895 1155 4968 Alioquin
1177 4901 1230 4951 et
1250 4912 1336 4951 me
1349 4898 1516 4954 tineae
1534 4897 1691 4954 edent
1717 4915 1731 4953 :
1764 4904 1869 4957 aut

215 4985 373 5039 sicut
404 5000 506 5039 vos
536 4988 639 5040 aut
667 4984 821 5039 sicut
851 5001 1054 5041 omnes
1083 4984 1180 5055 qui
1213 4986 1502 5041 mirantur
1528 5003 1829 5057 personas.

286 5072 636 5143 [Ib.xxxm.]
668 5072 943 5127 Mundam
970 5082 1050 5129 est
1071 5089 1165 5130 cor
1209 5089 1392 5129 meum
1424 5076 1483 5129 in
1512 5075 1724 5131 verbis:
1750 5093 1863 5133 non

213 5160 704 5231 duplex.Spiritus
722 5161 942 5217 divinus
962 5164 1059 5234 qui
1078 5178 1163 5217 me
1178 5164 1312 5233 fecit
1340 5163 1868 5233 :subaudis,est;ut

215 5251 312 5316 sit,
348 5250 601 5321 Spiritus
627 5253 853 5307 divinus
884 5255 972 5307 est
1000 5253 1097 5322 qui
1123 5268 1213 5306 me
1238 5254 1385 5322 fecit.
1420 5252 1689 5321 Quomodo
1738 5271 1864 5327 ergo

215 5337 373 5406 dicis,
406 5339 591 5394 Justus
613 5355 757 5407 sum,
782 5347 833 5394 et
857 5354 966 5394 non
996 5340 1280 5395 exaudivit
1306 5358 1392 5397 me
1411 5344 1436 5395 ?
1464 5342 1632 5411 quasi
1665 5342 1865 5398 adver-

217 5426 371 5481 sario
395 5426 605 5482 dixerit
624 5427 933 5484 Job.Semel
953 5430 1100 5484 enim
1124 5430 1367 5501 loquitur
1384 5430 1676 5487 Dominus:
1698 5431 1865 5503 quasi

217 5515 580 5572 vocationem
603 5516 867 5572 omnium
885 5517 1183 5589 justorum
1202 5518 1383 5577 semel
1404 5518 1539 5577 fecit
1558 5518 1864 5587 Dominus,

219 5606 275 5658 et
293 5604 697 5676 temporaliter
716 5604 870 5661 circa
889 5606 1155 5679 singulos
1176 5607 1285 5666 hoc
1306 5608 1428 5683 agit
1457 5607 1652 5667 divina
1681 5609 1868 5682 provi-

286 5702 301 5737 ¹
329 5700 459 5755 Mss.
491 5701 712 5770 aliquot,
742 5702 957 5771 adiecit.

1698 323 1933 385 LIBER
1975 324 2213 387 UNUS.

3538 328 3657 387 862

2006 456 2341 513 dentia.Per
2367 458 2763 525 somnium,aut
2783 457 2843 513 in
2872 458 3188 513 visitatione
3206 466 3475 513 nocturna
3507 478 3526 515 :
3559 464 3663 515 aut

2006 544 2063 598 in
2098 545 2433 616 ignorantia
2463 552 2565 601 aut
2600 546 2655 600 in
2692 546 3087 601 tribulatione.
3116 547 3220 601 Aut
3270 548 3417 602 sicut
3471 548 3663 602 incidit

2004 650 2180 689 savus
2210 636 2375 691 timor
2404 638 2461 690 in
2496 638 2762 705 homines,
2795 652 2919 691 cum
2948 636 3230 691 dormiunt
3260 637 3317 690 in
3346 636 3612 691 cubiculis
3646 653 3658 691 :

2006 726 2217 779 securi.
2253 726 2314 779 Et
2339 741 2532 796 corpus
2557 726 2674 794 eius
2703 742 2733 779 a
2764 727 2931 779 ruina
2956 734 3115 779 eruat
3148 742 3159 779 :
3194 725 3476 780 translate
3507 725 3661 780 sicut

2005 830 2157 868 ossa.
2192 819 2258 870 Et
2284 816 2526 886 pepercit
2549 816 2761 871 animm
2787 815 2903 885 ejus
2931 831 2967 869 a
3015 823 3193 869 morte
3258 832 3270 869 :
3329 831 3461 868 cum
3522 831 3655 869 eum

2006 904 2373 968 converterit,
2410 912 2603 975 parcet
2631 904 2703 958 ei.
2736 904 2880 971 Quia
2909 908 3201 959 venturum
3228 907 3306 959 est
3337 903 3556 973 bellum,
3603 909 3661 958 et

2006 993 2208 1046 iterum
2261 998 2459 1061 arguet
2516 1008 2641 1048 eum
2700 994 2757 1047 in
2814 994 3141 1063 infirmitate
3183 994 3242 1046 in
3273 992 3445 1047 cubili
3478 1009 3490 1046 :
3525 997 3660 1063 post

2005 1082 2441 1137 conversionem
2471 1082 2595 1153 jam
2629 1082 2857 1153 probat,
2892 1099 2960 1137 ne
2992 1083 3062 1136 de
3092 1097 3153 1136 se
3185 1084 3523 1152 praesumat.
3590 1085 3657 1137 Et

2004 1170 2295 1225 multitudo
2324 1171 2528 1225 ossium
2556 1171 2672 1241 ejus
2696 1170 3204 1225 emarcuitzﬁducia
3226 1170 3295 1224 de
3313 1168 3660 1225 se.0mnem-

2003 1272 2107 1326 que
2161 1272 2345 1312 escam
2400 1273 2509 1312 non
2564 1258 2767 1328 poterit
2795 1273 3011 1312 sumere
3042 1272 3057 1311 :
3092 1256 3550 1312 consolationem
3583 1258 3655 1312 de

2004 1345 2442 1415 temporalibus.
2476 1347 2540 1400 Et
2569 1347 2858 1401 renovabit
2882 1362 3077 1417 corpus
3105 1362 3265 1400 suum
3295 1348 3437 1401 sicut
3484 1346 3655 1401 litura

2003 1436 2063 1488 in
2091 1434 2729 1502 parietezmutationem
2758 1435 2975 1489 vitaezet
2997 1433 3091 1488 hic
3112 1433 3658 1505 translate,propter

2002 1523 2332 1590 mdiﬁcium,
2368 1523 2426 1578 id
2460 1528 2568 1591 est,
2603 1524 2661 1578 in
2694 1524 3052 1579 societatem.
3088 1525 3152 1578 Et
3197 1524 3407 1578 molliet
3463 1540 3656 1579 carnes

2000 1628 2128 1666 suas
2147 1614 2289 1668 sicut
2316 1613 2572 1684 parvuli:
2597 1630 2669 1668 ne
2699 1613 2777 1667 sit
2804 1613 2988 1667 durus
3022 1612 3654 1684 superbia,secundum

2002 1702 2155 1771 quod
2190 1702 2311 1757 Elin
2336 1703 2853 1772 videtur,tentatur
2880 1701 2988 1756 Job
3023 1700 3265 1756 humilis
3300 1702 3655 1772 perinnova-

2000 1789 2312 1846 tionem.Et
2340 1792 2568 1846 intravit
2596 1792 2745 1864 facie
2768 1792 2944 1845 hilari
2969 1807 3091 1845 cum
3119 1792 3653 1862 professionezpara-

2000 1884 2096 1935 tus
2128 1881 2197 1934 ad
2232 1880 2600 1935 tentationes.
2628 1880 2795 1935 Salva
2823 1882 3071 1934 animam
3099 1896 3299 1947 meam,
3332 1895 3400 1934 ne
3430 1882 3651 1935 veniam

2000 1969 2062 2022 iu
2090 1971 2497 2040 corruptionem
2530 1987 2543 2024 :
2578 1968 2672 2024 hic
2702 1969 2945 2024 tentatio
2978 1968 3363 2024 mortis.Vices
3388 1978 3495 2024 tres
3525 1985 3650 2025 cum

2000 2059 2114 2113 viro
2150 2074 2162 2113 :
2198 2058 2609 2129 convertionis,
2643 2057 3024 2128 probationis,
3060 2057 3287 2112 mortis.
3348 2056 3450 2112 Sed
3502 2059 3649 2113 eruit

1996 2148 2249 2202 animam
2297 2163 2469 2203 meam
2528 2146 2594 2202 de
2646 2150 2817 2201 morte
2850 2163 2864 2201 :
2897 2146 3032 2217 quia
3060 2145 3253 2201 adhuc
3286 2145 3407 2201 haec
3440 2146 3647 2201 mortis

1999 2242 2198 2304 restat,
2236 2237 2299 2293 Ut
2326 2238 2517 2291 anima
2544 2252 2667 2290 mea
2697 2237 2758 2290 in
2788 2236 2999 2290 lumine
3026 2235 3301 2291 collaudet
3329 2251 3472 2290 eum.
3511 2234 3644 2290 Jam

1994 2342 2130 2397 ergo
2162 2325 2455 2381 orationes
2485 2324 2966 2396 cessabunt,quia
2996 2323 3640 2395 nullaeritindigentia.

2066 2415 2391 2487 [Ib.xxx1v.]
2425 2414 2763 2485 Respondens
2792 2418 2974 2468 autem
3004 2413 3642 2479 Eliu,di:cit.Quomodo

1993 2503 2227 2571 dicitur,
2268 2509 2330 2558 Et
2361 2502 2595 2574 adjecit.
2635 2504 2698 2557 Et
2727 2504 2822 2573 qui
2850 2501 3060 2557 habetis
3087 2502 3643 2568 scientiam,auribus

1988 2595 2257 2665 percipite
2289 2610 2301 2648 :
2338 2590 2917 2664 spiritualibusQuia
2948 2592 3104 2645 auris
3132 2605 3407 2645 sermones
3425 2591 3638 2660 probat:

1992 2682 2106 2737 ista
2137 2680 2407 2736 carnalis.
2444 2679 2581 2748 Quid
2609 2683 2684 2734 est
2714 2680 2934 2743 bonum,
2968 2680 3099 2749 quia
3129 2678 3265 2732 divit
3294 2678 3410 2746 Job,
3453 2679 3641 2733 Justus

1989 2775 2151 2826 sum?
2175 2772 2320 2836 Quid
2355 2770 2491 2825 boni
2524 2770 2669 2824 dixit
2699 2771 2837 2839 quia
2862 2768 3053 2822 dixit?
3079 2769 3142 2823 Et
3174 2770 3232 2822 in
3259 2768 3466 2837 iudicio
3517 2784 3638 2823 meo

1987 2862 2255 2917 mentitus
2280 2858 2533 2914 est.Hinc
2562 2862 2790 2927 est,Ego
2818 2858 2957 2913 bona
2984 2856 3343 2929 praestolabar
3365 2857 3489 2929 (Job
3527 2873 3641 2911 xxx

1987 2950 2077 3019 26)
2138 2963 2153 3003 :
2215 2949 2341 3003 ideo
2403 2954 2611 3019 praeter
2661 2963 2848 3017 spem,
2894 2946 3045 3018 quod
3072 2949 3179 3014 est,
3213 2945 3493 3001 mentitus
3524 2950 3634 3000 est.

1990 3040 2121 3107 Quis
2149 3042 2226 3093 est
2255 3038 2342 3092 vir
2368 3040 2427 3091 ut
2455 3036 2594 3092 Job?
2624 3036 2830 3090 Adhuc
2869 3035 3048 3089 verba
3093 3034 3202 3090 Job
3261 3039 3417 3089 sunt.
3482 3036 3639 3090 Dixit

1986 3130 2154 3195 enim,
2186 3128 2306 3181 Non
2336 3126 2656 3180 visitabitur
2684 3127 2780 3195 qui
2808 3123 3173 3178 ambulaverit
3200 3138 3324 3177 cum
3364 3123 3488 3177 Deo.
3533 3122 3635 3177 Hic

1986 3214 2153 3269 illum
2186 3218 2355 3286 putat
2382 3213 2863 3285 deceptum,quia
2892 3212 3002 3267 hoc
3033 3228 3274 3283 sperans
3306 3209 3406 3265 illa
3437 3210 3638 3265 omnia

1986 3304 2185 3360 fecerit
2221 3320 2234 3358 :
2266 3309 2363 3358 aut
2395 3306 2570 3371 certe,
2604 3302 2757 3372 quod
2794 3301 2853 3355 in
2895 3301 3115 3355 bonum
3177 3316 3292 3355 non
3354 3303 3521 3369 putat
3552 3298 3635 3352 vi-

1985 3392 2152 3447 sitari
2183 3408 2318 3446 eum
2351 3391 2451 3462 qui
2478 3388 2865 3445 ambulaverit
2896 3405 3026 3445 cum
3077 3388 3347 3443 Domino.
3396 3388 3547 3442 Absit
3594 3404 3636 3443 α

1984 3483 2213 3537 Domino
2240 3482 2495 3552 impietas
2528 3495 2540 3533 :
2574 3483 2673 3534 aut
2706 3482 2770 3533 ut
2800 3494 2916 3533 non
2946 3478 3143 3533 visitet
3184 3476 3245 3532 in
3302 3477 3472 3542 bono,
3532 3476 3633 3547 qui

1985 3587 2119 3626 cum
2179 3586 2246 3625 eo
2304 3566 2723 3635 ambulaverit;
2786 3572 2888 3623 aut
2936 3567 3111 3623 etiam
3143 3566 3192 3621 si
3223 3564 3545 3621 visitaverit
3573 3565 3632 3619 in

1983 3656 2509 3728 tentatione,impie
2541 3662 2599 3711 et
2631 3657 2848 3727 injuste
2874 3661 3026 3726 agat.
3048 3657 3252 3726 Impius
3281 3657 3358 3709 est
3382 3656 3477 3726 qui
3504 3654 3638 3709 dicit

1984 3748 2333 3817 regi,Iniuste
2360 3747 2586 3814 agis.Tu
2617 3750 2813 3799 autem
2848 3761 2960 3799 non
2992 3744 3168 3798 debes
3216 3742 3361 3798 illud
3422 3744 3634 3813 dicere,

1983 3836 2083 3907 qui
2116 3852 2231 3890 non
2264 3850 2325 3889 es
2353 3834 2895 3904 impius.Bene,qui
2922 3834 3079 3897 dicit;
3108 3849 3242 3898 non,
3267 3831 3369 3902 qui
3403 3832 3632 3898 dixerit,

1984 3940 2055 3980 ne
2078 3925 2205 3995 jam
2236 3922 2408 3977 etiam
2437 3922 2509 3977 ob
2542 3921 2650 3976 hoc
2678 3925 2866 3987 esset;
2900 3920 3191 3991 quomodo
3224 3920 3463 3989 dicitur,
3495 3923 3632 3973 Fac-

1981 4018 2110 4069 tum
2142 4011 2362 4082 est,qui
2392 4010 2502 4065 hoc
2532 4010 3054 4079 facitJmpiissime,
3073 4008 3419 4079 principibus
3453 4024 3466 4062 :
3501 4012 3631 4062 tan-

1983 4119 2159 4175 quam
2192 4099 2429 4172 Angelis
2461 4098 2637 4169 dicat,
2669 4098 2793 4153 Nisi
2825 4096 3070 4153 Michael
3101 4097 3371 4168 princeps
3418 4099 3630 4163 vester,

1982 4191 2332 4263 impiissime
2362 4188 2675 4261 agitis.Aut
2691 4188 2739 4243 si
2760 4186 3209 4258 itaimpiissime
3237 4185 3451 4240 dicitur
3477 4184 3634 4257 prin-

1980 4280 2232 4351 cipibus,
2256 4283 2478 4349 quanto
2508 4277 2695 4347 magis
2726 4276 2878 4347 regi?
2908 4277 3078 4332 Abusi
3104 4278 3231 4330 sunt
3260 4276 3409 4330 enim
3440 4276 3633 4345 inique

1978 4386 2101 4425 cum
2128 4367 2552 4425 excluderentur
2580 4365 2970 4436 inﬁrmi.Ma1e
3002 4364 3092 4420 usi
3125 4368 3265 4420 sunt
3293 4362 3628 4420 exclusione

1980 4474 2248 4524 sua,cum
2281 4461 2517 4528 propter
2546 4456 2952 4511 inﬁrmitatem
2985 4454 3431 4510 excluderentur
3460 4455 3532 4509 ab
3563 4470 3632 4509 ea

1977 4547 2346 4617 visione,qua
2376 4546 2647 4601 videntur
2676 4545 2874 4600 omnia
2892 4543 3169 4599 divinitus
3194 4541 3633 4597 ordinatissime

1977 4636 2234 4691 ordinari
2265 4639 2322 4690 et
2348 4633 2846 4690 administrari.ln
2879 4649 2944 4687 eo
2969 4636 3161 4687 autem
3180 4630 3333 4686 male
3354 4630 3445 4686 usi
3466 4635 3630 4701 sunt,

1978 4725 2117 4795 quia
2145 4723 2419 4795 spiritum
2453 4739 2632 4778 suum
2665 4723 2831 4793 sequi
2865 4721 3221 4788 maluerunt,
3274 4720 3459 4775 Deum
3517 4720 3632 4775 ista

1978 4830 2094 4869 non
2126 4829 2327 4868 curare
2346 4830 2358 4868 :
2379 4828 2447 4867 ex
2470 4811 2580 4867 hoc
2611 4811 2765 4866 enim
2794 4810 2909 4866 illis
2938 4825 3082 4865 vane
3112 4809 3406 4875 veniet,ut
3434 4808 3494 4863 in
3527 4825 3627 4863 ne-

1976 4899 2347 4957 cessitatibus
2375 4900 2500 4955 suis
2530 4899 2785 4955 clament
2808 4905 2865 4954 et
2895 4903 3098 4970 regent
3126 4897 3450 4966 hominem,
3489 4914 3624 4953 cum

1974 4989 2159 5045 Deum
2192 5004 2395 5060 rogare
2424 4987 2772 5043 debuerunt.
2792 4987 2973 5057 Neque
3003 4988 3111 5041 erit
3142 4986 3311 5053 locus,
3331 4994 3380 5041 et
3407 5001 3518 5040 non
3547 4992 3629 5039 est

1972 5078 2167 5133 umbra
2195 5078 2405 5143 mortis,
2437 5080 2498 5131 ut
2526 5077 2745 5132 latitent
2776 5077 2873 5146 qui
2898 5075 3119 5148 faciunt
3147 5076 3357 5145 iniqua.
3392 5073 3515 5128 Non
3550 5073 3623 5128 ad

1972 5166 2084 5223 hoc
2113 5173 2201 5223 est
2230 5167 2439 5221 umbra
2470 5166 2673 5221 mortis
2704 5170 2769 5220 ut
2799 5164 3029 5220 latitent
3056 5181 3068 5219 :
3106 5168 3170 5219 ut
3196 5169 3302 5231 est,
3328 5163 3446 5216 Non
3472 5177 3623 5215 senes

1975 5256 2173 5313 habent
2195 5256 2525 5326 sapientiam
2543 5254 2824 5326 (Id.xxxn,
2846 5254 2923 5325 9);
2942 5255 3079 5326 quia
3102 5270 3215 5308 non
3241 5254 3509 5307 senectus
3535 5256 3623 5304 est

1974 5362 2154 5401 causa
2182 5344 2481 5417 sapientiae
2516 5361 2529 5398 :
2564 5347 2639 5407 et,
2665 5345 2992 5401 Hareticum
3022 5360 3094 5398 ne
3122 5342 3333 5397 salutes
3364 5339 3495 5411 (Tit.
3530 5352 3615 5405 ιιι,

1975 5435 2083 5505 10),
2119 5451 2190 5490 ne
2220 5434 2378 5500 inde,
2408 5448 2522 5503 qua
2550 5432 2859 5489 haereticus
2890 5437 3004 5489 est.
3045 5435 3112 5487 Et
3143 5432 3340 5485 evertet
3385 5434 3616 5497 noctem,

1971 5526 2025 5580 et
2070 5522 2516 5579 humiliabuntur
2547 5536 2560 5575 :
2596 5526 2661 5577 ut
2703 5538 2883 5593 supra
2912 5537 3010 5577 eos
3041 5519 3119 5575 sit
3146 5517 3299 5589 quod
3331 5515 3440 5571 sub
3472 5514 3616 5586 ipsis

1973 5617 2128 5681 erat;
2162 5614 2219 5669 id
2252 5616 2361 5679 est,
2392 5613 2614 5684 premat
2642 5626 2740 5666 eos
2775 5611 2931 5682 quod
2962 5607 3263 5665 subditum
3294 5604 3411 5661 illis
3468 5607 3613 5661 erat.

1974 5703 2038 5757 Et
2060 5702 2332 5761 exstinait
2361 5700 2577 5773 impios;
2600 5699 2776 5755 lucere
2802 5699 2914 5754 sibi
2938 5694 3618 5766 videbantur.Etjustitias
