4042 6190
212 334 329 393 917

215 470 334 521 tem
368 464 539 520 testis
570 468 659 519 est
689 461 1374 535 repentinus,concinnat
1404 461 1667 534 linguam
1700 476 1867 514 men-

213 552 634 609 dacem.Dolus
659 554 713 607 in
735 554 905 609 corde
929 552 1310 624 cogitantium
1340 551 1517 607 mala:
1537 550 1634 622 qui
1668 552 1861 603 autem

210 644 421 698 ineunt
452 642 613 714 pacis
644 641 910 707 consilia,
942 646 1222 713 sequetur
1251 657 1350 697 eos
1396 639 1701 713 gaudium.
1736 637 1860 692 Non

205 730 831 802 contristabitjustum
861 731 1149 802 quidquid
1172 731 1222 785 ei
1246 728 1547 784 acciderit:
1567 726 1731 799 impii
1755 744 1857 781 au-

203 825 323 876 tem
361 821 744 892 replebuntur
773 820 949 875 malo.
983 819 1349 875 Abominatio
1380 817 1603 873 Domini
1642 820 1680 883 ι,
1703 815 1857 870 labia

206 911 514 966 mendacia
537 928 548 965 :
570 910 670 983 qui
703 917 899 966 autem
920 910 1168 965 fideliter
1190 907 1630 981 agunt,placent
1660 905 1851 961 εἰ.Ηο-

203 1017 297 1055 mo
331 1006 606 1056 versutus
637 1000 785 1056 celat
816 999 1120 1056 scientiam
1157 1016 1167 1055 :
1202 1004 1258 1054 et
1296 1016 1394 1053 cor
1440 996 1850 1069 insipientium

197 1090 537 1160 provocabit
567 1091 900 1147 stultitiam.
937 1095 1002 1146 Et
1029 1098 1146 1161 post
1174 1088 1276 1145 duo
1299 1104 1480 1144 versus
1508 1104 1528 1142 .'
1564 1086 1767 1141 Monor
1792 1084 1848 1138 in

194 1180 371 1235 corde
401 1180 510 1234 viri
542 1179 877 1235 humiliabit
908 1179 1160 1247 illum,et
1185 1194 1454 1233 sermone
1485 1177 1638 1231 bono
1659 1174 1846 1229 laetifi-

190 1268 559 1333 cabitur.Qui
592 1268 829 1341 negligit
856 1270 1139 1324 damnum
1172 1272 1407 1341 prOpter
1437 1264 1844 1334 amicum,jus-

189 1365 287 1414 tus
317 1364 409 1414 est
438 1358 548 1413 iter
577 1363 770 1413 autem
804 1358 1121 1431 impiorum
1154 1358 1407 1430 decipiet
1437 1374 1553 1412 eos.
1596 1354 1719 1409 Non
1754 1354 1842 1407 in-

186 1448 381 1503 veniet
412 1447 821 1503 traudulentus
854 1448 1107 1519 lucrum,
1134 1452 1192 1503 et
1223 1446 1556 1503 substantia
1584 1442 1840 1499 hominis

183 1537 297 1591 erit
328 1536 457 1591 auri
488 1536 761 1608 pretium.
796 1537 858 1591 In
894 1536 1103 1592 semita
1126 1536 1372 1608 justitiaa
1407 1536 1521 1590 vita
1555 1552 1566 1589 :
1601 1532 1709 1588 iter
1732 1549 1839 1587 au-

180 1631 300 1680 tem
338 1625 572 1680 devium
603 1625 764 1680 ducit
793 1627 865 1681 ad
899 1630 1167 1681 mortem.

250 1715 425 1785 [xm.]
458 1714 639 1769 Filius
671 1714 1205 1786 sapiens,doetrina
1237 1713 1417 1787 patris
1451 1730 1465 1768 :
1502 1712 1602 1785 qui
1636 1717 1831 1767 autem

176 1802 391 1859 illusor
421 1810 528 1870 est,
562 1821 675 1859 non
708 1804 871 1859 audit
901 1822 1033 1859 cum
1067 1804 1354 1877 arguitur.
1380 1809 1454 1858 De
1486 1803 1677 1857 fructu
1714 1800 1831 1855 oris

174 1893 269 1948 sui
302 1892 475 1949 homo
497 1893 857 1949 saturabitur
878 1894 1085 1950 bonis:
1121 1893 1318 1949 anima
1340 1898 1536 1948 autem
1558 1890 1827 1964 praevari-

172 1988 445 2038 catorum
480 1983 699 2055 iniqua.
744 1982 849 2047 Qui
897 1984 1153 2039 custodit
1200 2000 1265 2039 os
1315 1999 1512 2047 suum,
1572 1978 1830 2036 custodit

171 2072 437 2126 animam
471 2090 638 2128 suam
676 2090 688 2128 :
722 2074 822 2144 qui
854 2078 1051 2128 autem
1094 2073 1561 2128 inconsideratae
1613 2074 1702 2125 est
1751 2068 1823 2123 ad

168 2160 557 2231 loquendum,
590 2164 800 2216 sentiet
832 2162 1001 2216 mala.
1035 2162 1172 2217 Vult
1209 2167 1265 2217 et
1294 2178 1407 2216 non
1454 2159 1579 2215 vult
1610 2158 1771 2230 piger
1804 2175 1817 2213 :

168 2251 377 2304 anima
408 2256 603 2305 autem
637 2251 1007 2321 operantium
1038 2250 1526 2323 impinguabitur.
1562 2249 1817 2303 Verbum

166 2341 638 2410 mendaxjustus
665 2340 1050 2395 detestabitur
1075 2358 1087 2396 :
1114 2340 1329 2411 impius
1351 2344 1545 2395 autem
1580 2338 1819 2392 confun-

161 2428 252 2482 dit
284 2433 342 2482 et
362 2429 1011 2485 confundeturJustitia
1030 2427 1622 2486 custoditinnocentis
1637 2427 1813 2482 viam:

159 2516 440 2589 impietas
469 2534 605 2573 vero
638 2523 969 2590 peccatores
1000 2518 1342 2591 supplantat
1396 2519 1497 2573 Est
1525 2515 1693 2587 quasi
1725 2515 1812 2570 di-

158 2623 283 2675 ves,
318 2623 456 2661 cum
489 2606 632 2661 nihil
668 2606 922 2675 habeat;
956 2614 1011 2663 et
1043 2612 1131 2663 est
1153 2608 1319 2679 quasi
1346 2622 1725 2678 pauper,cum
1751 2603 1810 2659 in

160 2695 369 2751 multis
402 2696 624 2750 divitiis
654 2696 751 2752 sit.
792 2698 1133 2768 Redemptio
1166 2696 1374 2751 anima:
1417 2694 1545 2764 viri,
1599 2692 1810 2748 divitiae

163 2800 282 2838 suae
314 2802 335 2838 :
368 2786 469 2855 qui
501 2790 698 2841 autem
748 2803 971 2857 pauper
1017 2791 1126 2852 est,
1176 2784 1632 2856 increpationem
1696 2798 1808 2836 non

158 2872 437 2927 sustinet.
476 2875 914 2944 Luxjustorum
970 2873 1227 2928 laetificat
1263 2890 1275 2927 ί
1310 2872 1549 2927 lucerna
1598 2870 1809 2942 impio-

156 2976 291 3015 rum
331 2961 760 3033 exstinguetur.
797 2964 955 3018 Inter
1001 2963 1285 3034 superbos
1338 2977 1571 3032 semper
1610 2958 1811 3031 jurgia

156 3054 301 3104 sunt
334 3066 347 3103 :
382 3051 483 3121 qui
517 3055 712 3107 autem
747 3057 929 3123 agunt
961 3051 1226 3117 consilio,
1260 3054 1544 3122 reguntur
1574 3051 1807 3121 sapien-

151 3138 606 3195 tia.Substantia
640 3141 910 3196 festinata
943 3140 1200 3196 minetur
1231 3158 1242 3195 :
1276 3157 1403 3212 quae
1435 3146 1630 3195 autem
1664 3156 1807 3212 pau-

149 3228 320 3283 latim
345 3228 643 3300 colligitur
666 3229 1532 3301 manu.multiplicabitur.Spes
1556 3246 1679 3300 qua:
1703 3229 1809 3282 dit“-

148 3317 580 3389 fertur,afﬂigit
601 3319 857 3374 animam
887 3336 899 3374 :
934 3318 1157 3390 lignum
1184 3319 1308 3373 vitae
1332 3318 1687 3373 desiderium
1707 3334 1804 3372 ve-

146 3407 460 3472 niens.Qui
485 3408 736 3463 detrahit
759 3407 934 3464 alicui
964 3408 1199 3479 rei,ipse
1221 3425 1282 3463 se
1305 3408 1362 3462 in
1384 3408 1644 3463 futurum
1665 3409 1804 3464 obli-

142 3503 245 3567 gat
280 3512 293 3550 :
330 3496 433 3567 qui
469 3501 662 3552 autem
697 3498 864 3552 timet
894 3497 1331 3569 prazceptum,in
1367 3514 1505 3569 pace
1536 3498 1800 3554 versabi-

140 3590 384 3640 tur.Lex
404 3585 654 3656 sapienti
692 3586 820 3641 fons
851 3586 1072 3651 vitae,ut
1102 3586 1408 3642 declineta
1440 3588 1612 3642 ruina
1643 3604 1796 3644 mor-

138 3674 526 3729 tis.Doctrina
556 3674 708 3729 bona
731 3675 892 3729 dabit
910 3676 1157 3747 gratiam
1196 3693 1208 3730 :
1233 3674 1289 3729 in
1312 3674 1518 3731 itinere
1545 3682 1797 3732 contem-

139 3771 382 3834 ptorum
414 3766 725 3835 vorago.Et
753 3773 875 3835 post
901 3765 1121 3835 aliquot
1148 3781 1336 3819 versu:
1370 3766 1389 3799 2
1425 3784 1436 3821 ;
1471 3765 1577 3829 Qui
1610 3766 1796 3837 parcit

138 3852 311 3923 virgae
348 3869 487 3922 suae,
521 3853 642 3906 odit
672 3852 859 3908 ﬁlium
892 3870 1066 3909 suum
1100 3871 1112 3909 :
1151 3853 1249 3925 qui
1273 3858 1467 3909 autem
1500 3854 1695 3926 diligit
1726 3855 1792 3909 il-

136 3940 591 4005 lum,instanter
618 3943 1042 3999 erudit.Justus
1072 3943 1344 4008 comedit,
1378 3949 1429 3997 et
1464 3943 1646 4015 replet
1667 3945 1791 3999 ani-

138 4048 299 4085 mam
336 4048 506 4086 suam
534 4048 545 4086 :
571 4036 773 4086 venter
792 4037 987 4087 autem
1012 4032 1327 4104 impiorum
1362 4033 1789 4090 insaturabilis.

203 4123 282 4175 Et
312 4124 435 4185 post
464 4121 597 4176 duo:
618 4137 802 4177 versu:
833 4122 993 4193 [x1v.]
1027 4139 1039 4176 :
1075 4121 1393 4177 Ambulans
1434 4126 1589 4178 recto
1621 4123 1787 4179 itine-

135 4224 216 4272 re,
248 4214 308 4262 et
340 4209 560 4263 timens
592 4207 797 4275 Deum,
833 4210 1187 4281 despicietur
1234 4210 1305 4264 ab
1337 4226 1403 4264 eo
1435 4211 1535 4280 qui
1583 4210 1787 4267 infami

130 4296 405 4367 graditur
435 4296 545 4351 via.
596 4296 658 4351 In
704 4308 801 4353 ore
844 4298 1007 4353 stulti
1062 4297 1222 4369 virga
1266 4300 1597 4369 superbiae:
1634 4299 1789 4356 labia

128 4385 494 4457 sapientium
519 4387 862 4441 custodiunt
883 4389 1073 4442 eos.Et
1098 4391 1217 4459 post
1237 4388 1370 4443 duos
1386 4404 1573 4443 versus
1608 4404 1620 4443 :
1646 4390 1787 4445 Tes-

128 4475 203 4529 tis
236 4474 432 4531 ﬁdelis
464 4492 579 4530 non
614 4476 930 4531 mentietur
962 4494 974 4531 :
1010 4476 1228 4547 profert
1260 4478 1631 4532 mendacium
1668 4482 1784 4533 tes-

128 4565 204 4618 tis
234 4564 504 4620 dolosas.
538 4565 753 4628 Quaerit
774 4565 998 4621 derisor
1020 4565 1453 4637 sapientiam,et
1485 4584 1596 4622 non
1630 4567 1787 4623 inve-

128 4653 217 4707 nit
248 4672 261 4708 :
300 4653 567 4709 doctrina
598 4653 951 4724 sapientium
978 4654 1341 4711 facilis.Vade
1372 4660 1574 4712 contra
1592 4658 1782 4713 virum

127 4742 407 4810 stultum,
442 4748 501 4797 et
531 4744 751 4799 nescito
780 4744 934 4799 labia
965 4745 1371 4817 imprudentiae
1402 4746 1440 4800 ³.
1486 4746 1783 4818 Sapientia

126 4831 329 4886 callidi
362 4837 452 4887 est
489 4830 813 4905 intelligere
840 4834 996 4889 viam
1030 4852 1199 4891 suam
1234 4853 1248 4903 ;
1282 4840 1340 4890 et
1382 4835 1781 4907 imprudentia

125 4921 447 4977 stultorum
480 4936 703 4979 errans.
733 4923 963 4979 Stultus
994 4924 1199 4979 illudet
1244 4930 1546 4996 peccatum
1584 4927 1601 4981 ε’
1632 4926 1781 4981 inter

115 5010 321 5079 justos
352 5011 683 5067 morabitur
712 5012 920 5083 gratia.
969 5017 1076 5069 Cor
1106 5015 1260 5085 quod
1312 5014 1468 5069 novit
1499 5016 1779 5070 amaritu-

123 5100 327 5155 dinem
357 5100 566 5155 animaz
599 5118 740 5168 sure,
773 5101 833 5156 in
859 5104 1071 5173 gaudio
1103 5105 1233 5174 ejus
1266 5121 1379 5159 non
1434 5105 1777 5161 miscebitur

122 5196 467 5247 extraneus.
508 5195 725 5246 Domus
764 5191 1079 5263 impiorum
1138 5193 1427 5249 delebitur
1458 5212 1470 5248 :
1505 5196 1774 5251 taberna-

122 5278 257 5334 cula
288 5295 424 5333 vero
451 5280 740 5349 iustorum
772 5282 1314 5352 germinabunt.Est
1346 5284 1434 5337 via
1463 5301 1589 5355 quae
1620 5286 1773 5340 vide-

122 5373 219 5422 tur
251 5367 479 5423 homini
504 5370 703 5440 justa;
737 5371 1058 5427 novissima
1088 5376 1284 5427 autem
1317 5374 1445 5443 ejus
1477 5374 1777 5429 deducunt

124 5458 197 5512 ad
232 5461 505 5513 mortem.
539 5458 716 5515 Risus
748 5460 943 5517 dolore
1004 5461 1367 5531 miscebitur,
1401 5468 1459 5519 et
1518 5468 1777 5521 extrema

193 5613 214 5684 ξ
240 5609 471 5684 Vulgata
490 5625 508 5659 :
536 5610 864 5684 ᾼὸογηὶρᾳιέο
893 5616 969 5684 est
1000 5614 1227 5663 Domino.

194 5673 438 5739 [Regius
468 5673 638 5723 codex
666 5689 678 5723 :
709 5676 773 5739 Et
786 5679 912 5739 post
930 5690 997 5726 xu
1028 5691 1217 5725 venus,

193 5737 215 5770 ³
234 5735 481 5802 Vulgata,
509 5738 559 5786 et
584 5738 748 5789 nescit
776 5735 914 5789 labia
938 5739 1247 5805 prudentie.

1423 331 1485 389 S.
1536 324 1963 389 AUGUSTINI
2011 325 2420 390 SPECULUM

3513 334 3633 397 9l8

1975 458 2174 529 gaudii
2209 459 2403 516 luctus
2437 465 2702 533 occupat.
2741 463 2802 518 Et
2830 466 2950 534 post
2980 472 3093 518 (res
3122 480 3309 519 versu:
3340 483 3357 519 :
3388 465 3633 537 Sapiens

1977 546 2162 612 timet,
2197 554 2253 605 et
2286 549 2542 606 declinat
2574 550 2795 606 malum
2832 569 2843 606 :
2883 551 3101 608 stultus
3125 553 3467 623 transilit,et
3496 574 3632 611 con-

1973 636 2449 709 fidit.lmpatiens
2475 641 2814 712 operabitur
2842 640 3159 697 stultitiam
3189 661 3201 710 ;
3237 648 3291 698 et
3321 644 3407 698 vir
3435 661 3633 700 versu-

1971 727 2066 780 tus
2098 727 2339 783 odiosus
2368 734 2474 784 est.
2511 731 2574 784 Et
2601 738 2723 801 post
2752 734 2989 802 quatuor
3016 748 3202 787 versus
3238 748 3249 785 :
3284 732 3391 796 Qui
3427 734 3627 806 despi-

1970 813 2047 867 cit
2080 816 2407 885 proximum
2442 835 2639 885 suum,
2675 825 2874 889 peccat
2908 837 2919 874 :
2957 822 3057 891 qui
3082 828 3278 877 autem
3312 822 3625 879 miseretur

1966 905 2482 975 pauperis,beatus
2513 909 2855 963 erit.Errant
2886 910 2985 981 qui
3021 915 3339 982 cperantur
3369 912 3614 969 malum:

1964 992 2367 1050 misericordia
2397 1001 2453 1050 et
2482 996 2699 1052 veritas
2735 1005 3064 1070 praeparant
3117 1000 3286 1056 bona.
3347 1002 3406 1055 In
3455 1001 3616 1057 omni

1961 1097 2133 1152 opere
2169 1084 2701 1143 ‘eritabundantia
2727 1105 2739 1143 :
2764 1088 2861 1143 ubi
2898 1093 3095 1144 autem
3128 1091 3303 1146 verba
3335 1098 3467 1145 sunt
3490 1090 3614 1162 plu-

1959 1169 2129 1242 rima,
2163 1172 2499 1245 frequenter
2529 1181 2778 1247 egestas.
2814 1180 2877 1232 Et
2902 1186 3022 1249 post
3044 1185 3284 1251 quatuor
3306 1195 3524 1235 versus:
3547 1182 3607 1236 In

1954 1258 2164 1316 timore
2196 1264 2422 1317 Domini
2457 1264 2669 1319 fiducia
2700 1266 3145 1334 fortitudinis;et
3180 1268 3316 1323 {iliis
3347 1270 3473 1339 ejus
3498 1268 3612 1324 erit

1956 1365 2110 1419 spes.
2143 1352 2339 1406 Timor
2369 1353 2601 1409 Domini
2634 1355 2761 1409 fons
2790 1355 3014 1421 vitae,ut
3045 1356 3298 1411 declinet
3330 1358 3351 1390 ²
3375 1374 3408 1411 a
3436 1358 3608 1412 ruina

1955 1439 2180 1493 mortis.
2214 1442 2280 1495 Et
2307 1450 2422 1511 post
2448 1444 2584 1497 duos
2616 1460 2800 1498 versus
2835 1462 2846 1498 :
2882 1445 2986 1507 Qui
3024 1445 3252 1517 patiens
3286 1450 3392 1512 est,
3420 1446 3606 1501 multa

1950 1528 2315 1596 gubernatur
2345 1532 2651 1601 prudentia
2687 1550 2699 1587 :
2730 1534 2829 1603 qui
2887 1538 3081 1589 autem
3117 1534 3432 1606 impatiens
3490 1540 3597 1605 est,

1950 1616 2162 1672 exaltat
2193 1619 2506 1674 stultitiam
2541 1639 2731 1676 suam.
2765 1623 2896 1677 Vita
2927 1623 3191 1678 carnium
3224 1623 3445 1679 sanitas
3468 1640 3597 1679 cor-

1947 1703 2039 1757 dis
2075 1722 2086 1758 :
2123 1708 2367 1776 putredo
2392 1708 2613 1763 ossium
2638 1710 2987 1776 invidia.Qui
3013 1710 3405 1767 calumniatur
3426 1728 3596 1783 egen-

1944 1796 2081 1862 tem,
2116 1797 2427 1866 exprobrat
2459 1798 2660 1852 t‘actori
2703 1800 2829 1869 ejus
2863 1815 2876 1853 :
2911 1799 3159 1855 honorat
3202 1804 3397 1856 autem
3430 1817 3588 1871 eum,

1942 1882 2040 1951 qui
2079 1884 2389 1939 miseretur
2420 1887 2713 1957 pauperis.

2010 1975 2083 2026 Et
2106 1982 2226 2043 post
2247 1978 2447 2045 septem
2470 1991 2655 2029 versus
2677 1977 2817 2047 [xv.]
2840 1995 2851 2031 :
2874 1977 3192 2048 Responsio
3218 1978 3412 2034 mollis
3438 1979 3589 2035 fran-

1932 2058 2016 2129 git
2043 2060 2187 2115 iram
2216 2080 2227 2116 :
2255 2079 2445 2118 sermo
2479 2065 2662 2118 durus
2693 2066 2941 2120 suscitat
2960 2066 3469 2139 furorem.Lingua
3491 2084 3585 2123 sa-

1931 2150 2217 2218 pientium
2254 2158 2420 2207 ornat
2434 2153 2741 2209 scientiam
2769 2170 2783 2210 :
2807 2171 2870 2209 os
2899 2156 3195 2211 fatuorum
3216 2156 3423 2211 ebullit
3443 2156 3587 2212 stul-

1928 2237 2214 2296 titiam.Et
2240 2246 2359 2312 post
2385 2243 2768 2312 septemdecim
2796 2261 2983 2298 versus
3018 2262 3029 2299 :
3058 2245 3181 2299 Non
3214 2248 3373 2299 amat
3406 2245 3586 2318 pesti-

1927 2326 2054 2382 lens
2086 2346 2216 2383 eum
2246 2331 2344 2401 qui
2372 2348 2432 2386 se
2457 2331 2831 2402 corripit,nec
2864 2334 2934 2387 ad
2969 2334 3265 2405 sapientes
3297 2336 3583 2405 graditur.

1926 2418 1991 2470 Et
2016 2427 2140 2488 post
2157 2418 2439 2474 duodecim
2469 2437 2655 2475 versus
2687 2439 2704 2475 :
2737 2421 2948 2476 Melius
2980 2428 3067 2477 est
3102 2439 3307 2493 parum
3341 2440 3473 2477 cum
3508 2422 3581 2477 ti-

1928 2522 2086 2561 more
2118 2508 2558 2579 Domini,quam
2589 2511 2850 2565 thesauri
2878 2510 3073 2583 magni
3101 2515 3157 2566 et
3186 2511 3575 2567 insatiabiles.

1926 2594 2133 2651 Melius
2166 2602 2253 2651 est
2284 2600 2472 2652 vocari
2507 2600 2576 2652 ad
2610 2598 2767 2653 olera
2793 2616 2924 2653 cum
2962 2600 3264 2667 charitate,
3291 2616 3467 2670 quam
3502 2601 3575 2655 ad

1921 2683 2171 2739 vitulum
2205 2687 2538 2757 saginatum
2571 2704 2701 2741 cum
2728 2688 2989 2741 odio.V'ir
3015 2689 3333 2742 iracundus
3360 2705 3572 2758 provo-

1924 2778 2015 2826 cat
2046 2774 2201 2827 rixas
2237 2792 2248 2827 :
2287 2776 2384 2845 qui
2417 2776 2641 2845 patiens
2674 2782 2762 2830 est
2794 2776 3024 2847 mitigat
3062 2778 3396 2831 suscitatas.
3452 2778 3571 2832 Iter

1923 2862 2223 2932 pigrorum
2250 2865 2414 2935 quasi
2439 2881 2605 2936 sepes
2625 2865 2926 2935 spinarum
2955 2882 2967 2919 :
2994 2866 3399 2935 viajustorum
3434 2865 3568 2920 abs-

1923 2967 2034 3021 que
2068 2953 2629 3008 olfendiculo.Filius
2662 2954 2895 3025 sapiens
2926 2954 3179 3008 laetiﬁcat
3204 2959 3425 3023 patrem
3460 2971 3473 3010 :
3509 2959 3566 3010 et

1919 3039 2134 3095 stultus
2167 3041 2340 3096 homo
2371 3042 2619 3113 despicit
2648 3048 2893 3098 matrem
2923 3060 3112 3097 suam.
3162 3044 3224 3097 Et
3267 3051 3381 3113 post
3428 3043 3564 3099 duos

1918 3145 2107 3185 versus
2138 3148 2149 3185 :
2185 3131 2559 3201 Dissipantur
2587 3132 2967 3202 cogitationes
3002 3132 3097 3185 ubi
3134 3149 3247 3186 non
3281 3136 3369 3186 est
3418 3148 3561 3186 con-

1918 3218 2117 3273 silium
2155 3236 2165 3272 :
2204 3220 2298 3273 ubi
2325 3235 2455 3273 vero
2476 3220 3561 3290 plures,suntconsiliarii,conﬁrman-

1916 3312 2031 3360 tur.
2071 3308 2315 3362 Lretatur
2346 3308 2519 3363 homo
2554 3309 2609 3361 in
2635 3309 2919 3363 sententia
2951 3310 3068 3363 oris
3114 3310 3246 3375 sui;
3282 3314 3338 3364 et
3367 3324 3559 3365 sermo

1915 3402 2279 3465 opportunus
2313 3403 2399 3451 est
2431 3398 2711 3468 optimus.
2747 3399 2965 3453 Semita
2996 3399 3121 3452 vitae
3154 3415 3330 3469 super
3360 3399 3556 3454 erudi-

1912 3489 2131 3553 tum,ut
2161 3485 2410 3541 declinet
2442 3487 2510 3540 de
2541 3486 2765 3541 inferno
2799 3487 3211 3543 novissimo.Et
3254 3496 3377 3557 post
3421 3505 3556 3558 qua-

1910 3582 2032 3628 tuor
2062 3592 2241 3630 versus
2276 3592 2287 3628 :
2323 3576 2641 3630 Conturbat
2671 3577 2908 3631 domum
2944 3593 3132 3646 suam,
3166 3577 3263 3647 qui
3298 3581 3557 3632 sectatur

1908 3663 2209 3718 avaritiam
2245 3680 2257 3717 ε
2294 3664 2393 3735 qui
2428 3669 2624 3718 autem
2658 3664 2781 3719 odit
2831 3681 3094 3730 munera,
3156 3665 3326 3720 vivet.
3389 3670 3549 3722 Mens

1896 3752 2045 3821 justi
2081 3752 2459 3806 meditabitur
2500 3753 2886 3808 obedientiam
2924 3770 2935 3807 :
2971 3771 3035 3809 os
3085 3755 3401 3825 impiorum
3457 3772 3547 3809 re-

1904 3840 2129 3894 dundat
2162 3840 2550 3911 malis.Longe
2568 3848 2655 3895 est
2691 3842 2968 3896 Dominus
3002 3844 3071 3896 ab
3105 3843 3399 3912 impiis;et
3425 3860 3549 3896 ora-

1903 3929 2090 3984 tiones
2117 3931 2415 3999 justorum
2450 3930 2735 3983 exaudiet.
2775 3931 2887 3983 Lux
2929 3931 3232 3985 oculorum
3291 3930 3547 3985 laetiﬁcat

1904 4017 2161 4072 animam
2194 4035 2204 4072 :
2243 4020 2396 4073 fama
2428 4018 2581 4072 bona
2610 4018 2943 4090 impinguat
2973 4035 3125 4074 ossa.
3184 4020 3356 4073 Auris
3417 4036 3543 4089 quas

1902 4107 2066 4160 audit
2095 4108 2521 4178 increpationes
2552 4107 2764 4174 vitre,in
2795 4108 2985 4163 medio
3008 4108 3359 4179 sapientium
3384 4123 3544 4163 com-

1902 4197 2244 4251 morabitur.
2282 4198 2385 4263 Qui
2437 4197 2637 4267 abjicit
2688 4198 3082 4268 disciplinam,
3131 4198 3379 4270 despicit
3427 4199 3547 4253 ani-

1902 4301 2056 4339 mam
2090 4303 2255 4340 suam
2293 4304 2304 4339 :
2341 4287 2440 4356 qui
2472 4292 2663 4341 autem
2690 4287 3544 4359 acquiescitincrepationibus,

1900 4390 2203 4444 possessor
2234 4380 2322 4429 est
2352 4376 2563 4430 cordis.
2594 4377 2790 4431 Timor
2824 4377 3070 4442 Domini,
3107 4377 3421 4449 disciplina
3449 4394 3540 4434 sa-

1898 4463 2129 4534 pientiae
2166 4482 2178 4531 ;
2212 4469 2267 4518 et
2294 4464 2538 4535 gloriam
2574 4467 2847 4536 praecedit
2877 4466 3197 4521 humilitas.

1968 4552 2124 4623 [xvn.]
2156 4569 2166 4606 :
2203 4554 2466 4607 Hominis
2490 4560 2572 4608 est
2600 4554 2860 4609 animum
2892 4560 3297 4626 praeparare,et
3316 4556 3414 4610 Dei
3436 4571 3541 4625 gu-

1896 4642 2138 4696 bernare
2157 4642 2662 4713 linguam.0mnes
2683 4646 2783 4697 vice
2808 4645 3110 4698 hominum
3136 4649 3332 4715 patent
3355 4643 3537 4699 oculis

1894 4731 2021 4799 ejus
2043 4747 2054 4784 :
2073 4730 2385 4801 spirituum
2408 4733 2860 4803 ponderatorest
2878 4734 3180 4788 Dominus.
3206 4732 3410 4788 Revela
3423 4733 3534 4788 Do-

1894 4821 2053 4873 mino
2087 4837 2257 4891 opera
2290 4822 2824 4893 tua,etdirigentur
2853 4822 3234 4893 cogitationes
3267 4822 3536 4877 tuw.Uni-

1890 4925 2057 4963 versa
2090 4916 2321 4981 propter
2346 4910 2725 4981 semetipsum
2778 4917 3050 4982 operatus
3084 4920 3167 4965 est
3214 4912 3533 4979 Dominus;

1888 4998 2135 5068 impium
2154 5016 2379 5069 quoque
2394 5001 2461 5053 ad
2480 5001 2634 5053 diem
2650 5001 3270 5056 malum.Abominatio
3300 5001 3533 5056 Domini

1889 5088 2081 5141 omnis
2112 5104 2387 5157 arrogans
2422 5104 2434 5141 :
2466 5090 2695 5143 etiamsi
2722 5107 2894 5143 manu
2926 5093 2993 5143 ad
3022 5108 3263 5145 manum
3289 5092 3462 5146 fuerit
3485 5094 3527 5160 ³,

1890 5194 2004 5231 non
2029 5177 2850 5232 eritinnocens.Misericordia
2880 5188 2934 5233 et
2958 5182 3192 5236 veritate
3222 5181 3531 5235 redimitur

1890 5266 2253 5336 iniquitas,et
2272 5266 2547 5321 intimore
2570 5269 2793 5321 Domini
2813 5269 3182 5324 declinatura
3202 5270 3523 5324 malo.Cum

1956 5375 1968 5406 ι
2000 5372 2141 5427 Mss,,
2173 5372 2225 5420 in
2256 5373 2395 5435 omni
2421 5388 2483 5435 op
2514 5388 2568 5421 re
2599 5374 2744 5423 bono.

1951 5436 1970 5500 ἵ
2004 5437 2057 5500 lu
2092 5436 2252 5482 sacris
2282 5434 2461 5483 Bibliis
2492 5438 2933 5500 castigatioribus,
2969 5440 3238 5487 declinent.

1951 5499 1970 5531 ³
2002 5499 2056 5545 ln
2085 5502 2298 5558 vulgata
2328 5512 2471 5547 uuuc
2502 5500 2704 5561 legitur,
2727 5517 2910 5549 manus
2939 5502 3011 5549 ad
3037 5515 3274 5561 mmumz;
3305 5504 3355 5548 et
3384 5500 3521 5549 intra

1886 5564 2023 5636 post.
2056 5562 2281 5636 nouerit
2336 5562 2589 5636 imiqcens,
2647 5565 3005 5636 interponitur
3062 5566 3172 5612 haec
3206 5565 3517 5636 sententia:

1886 5623 2091 5689 initium
2124 5622 2214 5670 viae
2245 5622 2399 5689 (gone,
2430 5627 2602 5689 facere
2620 5622 2885 5689 justitiam
2920 5634 3039 5676 etc.:
3072 5641 3192 5689 quae
3229 5640 3325 5673 nec
3342 5631 3434 5689 est
3462 5628 3517 5675 iu

1886 5641 2091 5670 mumm
2124 5641 2214 5670 vtae
2245 5641 2399 5684 οοηιτ,
2430 5641 2602 5687 facere
2660 5641 2885 5677 astutum
2920 5641 3039 5676 etc.:
3072 5641 3192 5689 quae
3229 5641 3325 5673 nec
3354 5641 3434 5674 esr.
3462 5641 3517 5675 ιιι

1884 5685 2225 5753 bebrreomec
2254 5686 2577 5753 iuuantiquis
2604 5641 2943 5740 ClerbBibliis
2973 5689 3230 5740 versionis
3257 5688 3517 5753 Vulgata):

1885 5750 2049 5801 ascita
2076 5751 2156 5798 est
2182 5762 2244 5797 ex
2272 5748 2414 5799 LXX.
