4042 6190
481 312 597 372 927

551 446 621 500 Et
646 449 775 517 post
803 444 1159 517 aliquantum
1194 447 1393 517 [xx1x.]
1428 463 1440 500 :
1474 446 1643 501 Auris
1673 445 1916 501 audiens
1944 445 2127 502 beati-

481 532 693 587 ﬁcabat
725 550 838 600 me;
861 541 918 589 et
947 534 1149 590 oculus
1182 535 1380 589 videns
1414 533 1815 590 testimonium
1849 534 2127 590 reddebat

482 622 648 688 mihi,
684 623 837 692 quod
871 622 1209 678 liberassem
1234 640 1549 694 pauperem
1581 623 2019 687 vociferantem,
2070 626 2127 676 et

482 711 771 782 pupillum
804 713 895 766 cui
928 730 1040 767 non
1074 718 1229 767 esset
1258 714 1848 783 adjutorJicnedictio
1883 711 2125 783 perituri

483 817 660 870 super
690 817 778 855 me
807 800 1094 869 veniebat,
1122 806 1178 856 et
1207 818 1304 856 cor
1333 801 1516 856 vidua:
1575 802 1909 857 consolatus
1969 819 2122 856 sum.

479 888 717 943 Justitia
748 890 987 944 indutus
1010 895 1228 959 sum,et
1256 890 1456 945 vestivi
1488 909 1579 946 me
1601 892 1751 946 sicut
1780 892 2125 946 vestimento

480 983 536 1031 et
568 978 893 1033 diademate
919 980 1143 1048 judicio
1179 998 1324 1036 meo.
1353 982 1568 1036 Oculus
1600 982 1681 1035 fui
1715 998 1883 1049 caeco,
1917 989 1973 1035 et
2023 997 2124 1050 pes

478 1065 1478 1141 claudo.Patererampauperum;et
1508 1088 1747 1126 causam
1779 1086 1956 1141 quam
1988 1086 2125 1124 nes-

477 1154 1039 1228 ciebam,diligenter
1067 1159 1509 1231 investigabam.
1532 1161 1909 1215 Conterebam
1939 1160 2124 1215 molas

478 1244 687 1315 iniqui,
720 1250 777 1299 et
808 1247 877 1301 de
910 1247 1182 1302 dentibus
1214 1248 1374 1303 illius
1406 1249 1739 1303 auferebam
1771 1251 2051 1320 praedam.

556 1339 619 1389 Et
648 1334 950 1405 aliquando
978 1344 1095 1405 post
1127 1336 1323 1406 [xxxn]
1361 1354 1373 1391 :
1407 1336 1469 1391 Si
1507 1337 1802 1392 ambulavi
1850 1337 1908 1390 in
1963 1336 2125 1390 vani-

480 1429 617 1489 tate,
650 1430 705 1478 et
738 1425 1031 1479 festinavit
1060 1426 1118 1479 in
1154 1426 1284 1481 dolo
1317 1443 1417 1497 pes
1448 1443 1645 1493 meus;
1689 1427 1981 1498 appendat
2034 1444 2127 1482 me

481 1512 537 1566 in
572 1519 789 1567 statera
812 1516 1060 1584 justa,et
1089 1516 1233 1570 sciat
1263 1517 1410 1571 Deus
1442 1517 1878 1587 simplicitatem
1913 1534 2123 1572 meam.

479 1602 537 1655 Si
571 1602 882 1657 declinavit
910 1620 1150 1674 gressus
1183 1622 1349 1659 meus
1381 1606 1451 1660 de
1479 1606 1656 1673 via;et
1686 1606 1732 1660 si
1768 1611 2005 1661 secutus
2037 1612 2127 1660 est

482 1692 687 1747 oculus
718 1711 883 1749 meus
910 1711 1007 1749 cor
1057 1712 1254 1749 meum
1316 1701 1354 1760 ¹,
1413 1701 1469 1751 et
1526 1697 1586 1751 in
1647 1697 1920 1751 manibus
1977 1698 2125 1750 meis

479 1781 725 1837 adhaesit
755 1783 1004 1839 macula.
1040 1786 1104 1840 Et
1129 1795 1249 1855 post
1276 1786 1408 1839 duos
1436 1803 1623 1841 versus
1656 1802 1669 1840 :
1706 1786 1764 1840 Si
1815 1787 2123 1855 deceptum

479 1875 569 1925 est
600 1887 697 1925 cor
727 1889 923 1927 meum
956 1891 1131 1945 super
1163 1875 1500 1942 mulierem;
1554 1880 1609 1929 et
1667 1874 1715 1929 si
1773 1874 1844 1929 ad
1904 1874 2123 1929 ostium

482 1958 654 2014 amici
683 1962 797 2016 mei
828 1962 1143 2019 insidiatus
1172 1967 1409 2019 sum.Et
1436 1974 1562 2035 post
1593 1966 1732 2019 duo:
1762 1980 1949 2018 versus
1974 1963 2125 2017 :Hoc

480 2048 637 2104 enim
671 2052 833 2106 nefas
863 2057 1035 2119 est,et
1064 2052 1345 2123 iniquitas
1380 2054 1814 2123 maxima.lgnis
1836 2059 2125 2121 estusque

480 2139 551 2192 ad
586 2139 969 2209 perditionem
1002 2142 1382 2212 devorans,et
1410 2142 1609 2198 omnia
1637 2143 1938 2198 eradicans
1969 2142 2124 2213 geni-

480 2228 661 2283 mina.
697 2228 755 2283 Si
786 2230 1108 2301 contempsi
1156 2231 1449 2302 judicium
1509 2232 1707 2287 subire
1764 2248 1896 2287 cum
1957 2248 2122 2286 servo

482 2331 611 2371 meo
670 2322 726 2371 et
783 2318 994 2374 ancilla
1039 2336 1187 2385 mea,
1219 2337 1353 2375 cum
1385 2321 1781 2393 disceptarent
1810 2321 2121 2376 adversum

481 2406 663 2460 me.Et
690 2412 809 2477 post
829 2418 1069 2479 quatuor
1088 2426 1271 2464 versus
1291 2411 1331 2465 ες
1358 2410 1413 2464 Si
1447 2410 1648 2483 negavi
1681 2410 1835 2483 quod
1853 2410 2123 2466 volebant

480 2496 856 2565 pauperibus,
910 2504 966 2553 et
995 2498 1190 2555 oculos
1220 2500 1407 2555 viduae
1440 2506 1740 2572 expectare
1772 2501 1899 2556 feci.
1935 2500 1994 2556 Si
2024 2518 2122 2556 co-

482 2584 635 2638 medi
660 2584 951 2643 bucellam
1010 2605 1201 2644 meam
1234 2589 1479 2658 solus,et
1509 2607 1623 2645 non
1654 2590 1906 2645 comedit
1932 2590 2124 2661 pupil-

478 2670 571 2727 lus
602 2690 669 2728 ex
698 2676 938 2739 ea.Quia
967 2679 1037 2732 ab
1070 2678 1317 2733 infantia
1346 2695 1473 2734 mea
1496 2679 1675 2734 crevit
1696 2696 1924 2733 mecum
1949 2679 2122 2732 mise-

479 2762 709 2831 ratio,et
738 2765 808 2820 de
840 2771 1003 2821 utero
1036 2769 1243 2823 matris
1274 2785 1415 2823 mea:
1449 2785 1684 2840 egressa
1725 2775 1813 2824 est
1868 2784 2117 2823 mecum.

476 2850 532 2903 Si
566 2851 801 2922 despexi
836 2860 1193 2924 pereuntem,
1214 2872 1279 2911 eo
1312 2857 1467 2927 quod
1499 2874 1613 2911 non
1647 2856 1919 2910 habuerit
1948 2854 2121 2909 vesti-

477 2947 762 3006 mentum,
796 2948 852 2996 et
880 2943 1101 3013 absque
1131 2944 1485 3014 operimento
1514 2960 1848 3017 pauperem.
1891 2945 1950 2999 Si
2006 2959 2121 2997 non

476 3027 902 3085 benedixerunt
960 3032 1103 3088 mihi
1162 3032 1341 3089 latera
1398 3036 1545 3105 ejus,
1602 3040 1659 3089 et
1709 3035 1779 3089 de
1809 3032 2123 3088 velleribus

475 3117 672 3173 ovium
704 3135 970 3175 mearum
1003 3121 1318 3178 calefactus
1348 3129 1455 3179 est.
1489 3124 1545 3177 Si
1584 3122 1769 3178 levavi
1797 3140 1975 3195 super
2021 3140 2125 3194 pu-

473 3202 681 3275 pillum
714 3222 954 3261 manum
987 3224 1200 3280 meam,
1230 3211 1407 3266 etiam
1437 3228 1571 3266 cum
1600 3212 1855 3267 viderem
1902 3228 1993 3266 me
2024 3228 2123 3266 su-

475 3294 763 3365 periorem
797 3296 855 3350 in
886 3300 1166 3369 portis.Et
1191 3306 1311 3371 post
1338 3300 1577 3372 quinque
1605 3318 1792 3357 versus
1812 3318 1825 3357 :
1845 3300 1901 3354 Si
1924 3300 2125 3372 putavi

477 3400 685 3438 aurum
718 3385 898 3441 robur
925 3404 1144 3456 meum,
1176 3395 1230 3444 et
1262 3392 1469 3462 obryzo
1502 3391 1644 3459 dixi,
1680 3393 1915 3447 Fiducia
1971 3408 2120 3447 mea.

475 3471 533 3525 Si
567 3472 797 3528 laetatus
830 3493 961 3530 sum
994 3495 1171 3548 super
1193 3478 1411 3535 multas
1442 3480 1677 3536 divitias
1711 3486 1957 3551 meas,et
1985 3482 2124 3553 quia

478 3559 735 3631 plurima
765 3566 978 3635 reperit
1011 3584 1221 3622 manus
1252 3585 1399 3624 mea.
1434 3572 1499 3624 Et
1520 3576 1643 3641 post
1671 3588 1773 3625 sex:
1800 3588 1984 3627 versus
2017 3588 2029 3625 :
2064 3570 2123 3627 Si

479 3650 720 3719 gavisus
776 3669 908 3707 sum
963 3656 1032 3709 ad
1094 3656 1325 3712 ruinam
1386 3659 1513 3729 ejus
1553 3660 1653 3731 qui
1695 3677 1787 3715 me
1816 3662 2037 3731 oderat,
2070 3666 2126 3716 et

481 3738 765 3794 exsultavi
798 3744 953 3812 quod
981 3744 1296 3801 invenisset
1316 3764 1450 3803 eum
1483 3749 1726 3804 malum.
1758 3751 1821 3805 Et
1842 3754 1960 3822 post
1990 3768 2121 3821 qua-

482 3836 608 3883 tuor
636 3844 822 3885 versus
852 3848 865 3885 :
900 3833 1061 3889 Foris
1095 3852 1206 3890 non
1239 3838 1455 3892 mansit
1484 3839 1863 3909 peregrinus;
1906 3841 2123 3895 ostium

480 3934 679 3973 meum
710 3918 917 3977 viatori
948 3923 1155 3994 patuit.
1188 3925 1244 3979 Si
1275 3926 1554 3982 abscondi
1585 3928 1754 3999 quasi
1784 3928 1956 3984 homo
1997 3946 2127 3999 pec-

479 4012 677 4062 catum
737 4026 956 4081 meum,
1015 4019 1072 4068 et
1128 4014 1305 4070 celavi
1338 4015 1397 4070 in
1429 4016 1564 4071 sinu
1596 4033 1724 4072 meo
1754 4017 2124 4089 iniquitatem

480 4112 694 4153 meam.
729 4099 788 4154 Si
814 4101 1014 4173 expavi
1046 4104 1117 4158 ad
1149 4104 1587 4162 multitudinem
1620 4106 1883 4176 nimiam,
1917 4112 1975 4163 et
2002 4108 2127 4162 des-

479 4187 667 4256 pectio
700 4190 1164 4262 propinquorum
1197 4196 1404 4250 terruit
1461 4213 1586 4263 me;
1648 4200 1704 4252 et
1762 4214 1877 4252 non
1936 4198 2124 4269 magis

479 4275 659 4341 tacui,
688 4294 791 4332 nec
822 4295 1094 4351 egressus
1123 4299 1257 4338 sum
1289 4284 1529 4339 ostium.
1560 4285 1699 4350 Quis
1732 4285 1874 4341 mihi
1904 4285 2127 4343 tribuat

479 4364 828 4432 auditorem,
879 4374 945 4424 ut
968 4371 1326 4427 desiderium
1358 4390 1555 4429 meum
1586 4374 1969 4445 Omnipotens
2022 4393 2123 4432 au-

480 4452 625 4521 diat,
676 4460 733 4511 et
761 4456 978 4513 librum
1011 4460 1227 4516 scribat
1247 4461 1373 4533 ipse
1405 4463 1506 4534 qui
1530 4463 1791 4533 judicat;
1825 4470 1885 4519 ut
1920 4465 1979 4519 in
2012 4482 2124 4520 nu-

479 4559 640 4600 mero
673 4562 801 4602 meo
828 4554 1052 4618 portem
1084 4550 1339 4617 illum,et
1365 4552 1749 4608 circumdem’
1769 4554 1937 4625 quasi
1969 4572 2124 4609 coro-

480 4650 615 4690 nam
650 4638 791 4693 mihi
812 4638 839 4693 ‘t
860 4644 968 4695 Per
999 4640 1266 4714 singulos
1291 4645 1507 4714 gradus
1540 4659 1700 4700 meos
1732 4646 2124 4716 pronuntiabo

478 4722 667 4796 illum,
691 4731 747 4783 et
776 4730 943 4800 quasi
973 4731 1221 4805 principi
1253 4733 1274 4766 ⁴
1301 4733 1539 4788 offeram
1565 4734 1783 4789 eum.Si
1815 4735 2124 4790 adversum

478 4829 572 4868 me
602 4820 757 4871 terra
789 4836 916 4873 mea
942 4819 1241 4888 clamat,et
1269 4839 1401 4878 cum
1433 4822 1562 4895 ipsa
1580 4823 1724 4878 sulci
1743 4825 1870 4895 ejus
1889 4825 2123 4880 deﬂent.

474 4900 532 4953 Si
564 4903 789 4960 fructus
820 4908 945 4977 ejus
977 4912 1202 4967 comedi
1232 4913 1456 4985 absque
1486 4912 1836 4984 pecunia,et
1867 4914 2125 4969 animam

475 4990 864 5061 agricolarum
898 4999 1095 5057 afﬂixi.

546 5083 705 5135 Nunc
732 5082 844 5148 iam
858 5085 1091 5144 delzbris
1122 5091 1522 5162 PrOphetarum
1548 5108 1673 5165 quae
1692 5102 1818 5149 sunt
1834 5094 1961 5149 huic
1976 5088 2131 5161 ορθνί

470 5173 784 5226 necessaria
812 5174 1231 5243 colligamus.Ac
1258 5184 1501 5250 primum
1531 5182 1699 5237 dehis
1728 5184 2017 5254 Prop‘ietis
2037 5184 2133 5253 qui

470 5264 693 5333 prapter
713 5262 1031 5320 brevitatem
1054 5269 1395 5325 voluminum
1416 5288 1638 5327 suorum
1660 5274 1908 5328 Minores
1933 5288 2131 5328 vocan-

469 5360 582 5411 tur.
623 5354 769 5427 Ergo
801 5356 947 5427 apud
982 5357 1116 5415 Osee
1143 5360 1467 5431 prophetam
1500 5363 1611 5418 ista
1639 5363 2021 5434 comperimus.

541 5475 891 5538 'Legendum
922 5478 982 5525 ut
1011 5475 1067 5524 in
1097 5475 1411 5526 melioribus
1440 5476 1569 5527 Bibl.
1618 5492 1631 5527 :
1680 5477 1741 5529 Si
1784 5481 2007 5528 secutum
2054 5485 2131 5533 est

475 5536 643 5584 oculos
664 5536 809 5588 'meos
837 5554 925 5587 cor
944 5553 1130 5587 meum.

539 5600 559 5633 ³
594 5601 789 5663 Regius
814 5602 981 5651 codex
1015 5616 1028 5651 :
1061 5604 1123 5651 Et
1150 5604 1264 5663 post
1292 5616 1341 5650 v1
1370 5616 1561 5651 versus.

540 5663 562 5695 ⁸
592 5662 717 5725 Mss.
748 5666 1029 5725 Omittunt,
1062 5671 1112 5714 et
1141 5664 1473 5713 circumdem.

541 5726 562 5759 ι
589 5724 714 5776 Mss.
745 5727 959 5790 Regius,
986 5724 1292 5793 principem.

1729 314 1829 372 DE
1874 310 2317 375 SCRIPTURA
2364 311 2643 372 SACRA.

3741 314 3844 373 928

2776 443 2867 499 DE
2910 442 3123 498 LIBRO
3162 441 3352 498 OSEE.

2308 532 2467 603 [Cap.
2499 532 2599 603 1v.]
2632 533 2843 588 Audite
2871 534 3113 589 verbum
3146 530 3508 599 Domini,filii
3540 531 3850 603 Israel,quia

2226 620 2523 691 judicium
2555 621 2800 678 Domino
2828 639 2963 677 cum
2996 620 3423 677 habitatoribus
3454 620 3750 675 terre.Non
3778 632 3852 677 est

2233 710 2389 764 enim
2421 710 2655 776 veritas,
2691 716 2747 765 et
2772 728 2885 765 non
2918 716 3009 765 est
3040 708 3464 776 misericordia,
3516 712 3572 763 et
3622 725 3726 763 non
3779 718 3851 764 est

2235 797 2477 854 scientia
2508 800 2607 855 Dei
2640 800 2697 854 in
2729 798 3304 868 terra.Maledictum,
3326 802 3383 853 et
3414 797 3786 861 mendacium,
3806 804 3853 853 et

2234 887 2712 957 homicidium,et
2730 887 3408 956 t'urtum,etadulterium
3435 887 3853 954 inundaverant,

2234 981 2289 1031 et
2319 977 2560 1049 sanguis
2592 978 2940 1049 sanguinem
2973 976 3186 1048 tetigit.
3211 978 3277 1032 Et
3302 982 3421 1049 post
3451 976 3723 1030 duodecim
3751 994 3851 1030 ver-

2232 1082 2323 1121 sus
2361 1084 2372 1120 ε
2407 1068 2549 1131 Quia
2578 1073 2644 1123 tu
2672 1068 2981 1123 scientiam
3014 1066 3306 1139 repulisti,
3341 1065 3619 1137 repellam
3675 1070 3745 1133 te,
3796 1084 3854 1121 ne

2233 1157 2558 1212 sacerdotio
2590 1158 2853 1229 fungaris
2886 1156 3130 1213 mihi.Et
3156 1164 3281 1227 post
3309 1156 3621 1227 quindecim
3652 1171 3813 1209 versus
3842 1171 3852 1209 :

2235 1246 2519 1310 Quoniam
2558 1246 2869 1302 Dominum
2930 1246 3336 1317 relinquerunt
3396 1245 3457 1298 in
3516 1261 3629 1299 non
3686 1249 3851 1299 custo-

2235 1335 2464 1390 diendo.
2490 1336 2836 1403 Fornicatio,
2865 1340 2922 1391 et
2949 1335 3236 1404 vinum,et
3264 1334 3522 1390 ebrietas
3552 1334 3730 1388 aufert
3756 1350 3852 1388 cor.

2241 1426 2305 1478 Et
2320 1430 2443 1495 post
2475 1427 2864 1497 septemdecim
2896 1442 3081 1481 versus
3103 1444 3121 1480 :
3143 1424 3430 1489 Quoniam
3456 1423 3569 1494 ipsi
3601 1439 3725 1477 cum
3754 1439 3854 1477 me-

2235 1514 2547 1569 retricibus
2578 1515 2987 1583 versabuntur,
3022 1520 3080 1569 et
3110 1530 3243 1569 cum
3278 1512 3633 1568 effeminatis
3663 1512 3854 1566 sacrifi-

2233 1604 2538 1659 cabantJit
2569 1605 2826 1676 populus
2860 1622 2974 1660 non
3006 1603 3340 1675 intelligens
3363 1600 3741 1673 vapulabit.Si
3770 1601 3860 1654 for-

2234 1691 2448 1747 nicaris
2478 1699 2561 1760 tu,
2597 1694 2793 1760 Israel,
2829 1711 2943 1749 non
2972 1692 3276 1763 delinquat
3325 1691 3539 1746 saltem
3594 1689 3754 1744 Juda.
3803 1689 3857 1743 Et

2235 1781 2413 1837 nolite
2442 1782 2669 1854 ingredi
2699 1782 2758 1836 in
2790 1782 3113 1854 Galgala;et
3136 1798 3205 1836 ne
3235 1780 3572 1836 ascendatis
3603 1780 3659 1833 in
3681 1778 3857 1833 Betha-

2232 1888 2333 1937 vc;
2367 1889 2553 1943 neque
2576 1873 2938 1943 juraveritis,
2970 1871 3128 1926 Vivit
3158 1870 3468 1926 Dominus.

2303 1963 2379 2014 Et
2405 1972 2527 2032 post
2556 1962 2764 2032 aliquot
2793 1978 2975 2017 versus
3008 1962 3023 1994 ¹
3055 1959 3159 2033 [v.]
3194 1977 3207 2015 :
3240 1959 3369 2014 Non
3400 1959 3629 2014 dabunt
3670 1958 3854 2029 cogita-

2232 2049 2421 2105 tiones
2453 2068 2613 2120 suas,
2650 2056 2713 2105 ut
2770 2055 3130 2106 revertantur
3188 2050 3259 2105 ad
3319 2048 3639 2104 Dominum
3696 2049 3848 2102 Deum

2232 2156 2405 2194 suum
2431 2158 2445 2208 ;
2470 2140 2605 2210 quia
2627 2140 2872 2211 spiritus
2904 2138 3309 2195 fornicationis
3340 2138 3402 2193 in
3434 2138 3627 2193 medio
3656 2154 3851 2198 eorum,

2230 2231 2287 2281 et
2318 2228 2632 2283 Dominum
2665 2246 2779 2284 non
2811 2233 3223 2301 cognoverunt.

2301 2318 2365 2371 Et
2389 2323 2508 2386 post
2536 2321 2829 2389 sexaginta
2858 2324 2911 2373 et
2942 2336 3117 2374 unum
3145 2334 3332 2374 versus
3357 2316 3747 2387 [v1.]:Judicia
3772 2320 3853 2370 tua

2231 2407 2399 2479 quasi
2422 2407 2521 2462 lux
2550 2408 2938 2479 egredientur.
2972 2409 3118 2474 Quia
3148 2407 3617 2463 misericordiam
3645 2404 3782 2460 volui
3809 2412 3854 2459 et

2232 2513 2348 2551 non
2382 2496 2760 2567 sacrificium,
2792 2502 2849 2553 et
2878 2497 3184 2553 scientiam
3210 2496 3309 2553 Dei
3339 2495 3477 2568 plus
3511 2513 3685 2568 quam
3715 2493 3851 2550 holo-

2232 2592 2455 2641 causta.

2302 2678 2375 2729 Et
2401 2679 2523 2745 post
2553 2676 2904 2748 aliquantum
2935 2677 3034 2744 [x.]
3069 2692 3081 2730 :
3111 2675 3410 2730 Seminate
3439 2674 3603 2730 vobis
3634 2674 3687 2728 in
3710 2671 3852 2743 justi-

2230 2764 2335 2832 tia,
2363 2772 2421 2820 et
2452 2766 2650 2820 metite
2683 2766 2739 2820 in
2771 2782 2869 2821 ore
2899 2764 3312 2820 misericordiae
3348 2782 3360 2819 :
3399 2764 3668 2819 innovate
3717 2760 3851 2816 vobis

2232 2853 2457 2909 novale.
2492 2855 2750 2926 Tempus
2782 2859 2979 2909 autem
3012 2853 3348 2925 requirendi
3383 2852 3712 2921 Dominum,
3743 2866 3850 2905 cum

2231 2942 2453 2997 venerit
2485 2943 2583 3013 qui
2616 2943 2845 2998 docebit
2875 2960 2973 2998 vos
2998 2942 3319 3013 justitiam.

2304 3032 2368 3086 Et
2395 3036 2516 3103 post
2544 3034 2895 3103 septuaginta
2925 3041 3038 3088 octo
3066 3048 3251 3087 versus
3282 3030 3436 3105 [χω]
3471 3035 3535 3085 Et
3569 3035 3627 3085 tu
3658 3029 3723 3085 ad
3761 3027 3848 3083 Do-

2234 3121 2460 3176 minum
2508 3127 2687 3176 Deum
2721 3121 3074 3177 converteris
3103 3122 3123 3155 ²
3159 3138 3171 3174 :
3207 3121 3674 3177 misericordiam
3704 3118 3848 3186 etju-

2233 3211 2454 3267 dicium
2486 3212 2752 3274 custodi;
2784 3218 2841 3267 et
2871 3228 3047 3283 opera
3073 3210 3132 3265 in
3162 3210 3416 3265 Domino
3449 3209 3567 3266 Deo
3597 3214 3691 3264 tuo
3726 3223 3852 3263 sem-

2230 3317 2353 3373 per.

2303 3392 2371 3445 Et
2424 3398 2542 3459 post
2571 3392 2981 3462 quinquaginta
3012 3395 3063 3445 et
3096 3406 3265 3445 unum
3295 3405 3497 3444 versus
3524 3389 3687 3460 [mn]
3717 3402 3728 3441 :
3758 3386 3851 3456 Ego

2235 3485 2430 3534 autem
2462 3480 2749 3535 Dominus
2780 3480 2933 3557 Deus
2964 3484 3102 3535 tuus
3133 3478 3305 3534 eduxi
3338 3484 3400 3533 te
3431 3480 3504 3533 de
3534 3484 3685 3533 terra
3710 3480 3849 3546 ngy-

2233 3570 2318 3640 pti
2348 3569 2403 3637 ες
2437 3575 2495 3625 et
2525 3570 2831 3624 dominum
2862 3570 3084 3640 absque
3116 3584 3209 3623 me
3240 3568 3492 3639 nescies,
3526 3571 3583 3623 et
3638 3566 3852 3622 salvator

2234 3675 2349 3713 non
2391 3662 2480 3714 est
2512 3664 2718 3729 praeter
2747 3674 2858 3713 me.

2303 3748 2367 3803 Et
2396 3756 2514 3815 post
2544 3748 2776 3815 triginta
2798 3764 2991 3803 novem
3048 3764 3236 3802 versu:
3295 3748 3462 3819 [x1v.]
3524 3749 3847 3807 Convertere,

2234 3836 2432 3904 Israel,
2480 3838 2552 3891 ad
2606 3837 2915 3891 Dominum
2976 3836 3161 3891 Deum
3205 3841 3414 3903 tuum;
3449 3836 3721 3907 quoniam
3748 3849 3847 3888 cor-

2234 3925 2402 3980 ruisti
2436 3925 2495 3980 in
2528 3924 2841 3997 iniquitate
2871 3931 2992 3981 tua.
3026 3924 3236 3980 Tollite
3262 3924 3574 3980 vobiscum
3604 3924 3779 3987 verba,
3806 3924 3850 3975 et

2234 4013 2636 4069 convertimini
2659 4015 2729 4069 ad
2764 4014 3072 4069 Dominum
3111 4028 3124 4067 :
3158 4012 3331 4067 dicite
3363 4012 3440 4082 ei,
3474 4012 3714 4067 Omnem
3756 4007 3846 4062 ini-

2235 4104 2518 4173 quitatem
2567 4103 2747 4169 aufer,
2780 4108 2838 4159 et
2866 4102 3062 4174 accipe
3094 4102 3337 4171 bonum,
3366 4106 3426 4158 et
3456 4101 3757 4158 reddemus
3782 4095 3847 4150 vi-

2233 4190 2388 4249 tulos
2420 4191 2712 4248 labiorum
2745 4196 3104 4247 nostrorum.

2772 4306 2863 4362 DE
2905 4305 3117 4361 LIBRO
3155 4306 3347 4362 JOEL.

2309 4400 2464 4470 [Cap.
2496 4400 2561 4467 1.]
2593 4396 3075 4467 Expergiscimini
3100 4395 3264 4463 ebrii,
3299 4399 3356 4449 et
3387 4394 3539 4462 flete,
3559 4398 3615 4451 et
3641 4392 3845 4455 ululata,

2234 4504 2440 4544 omnes
2471 4486 2571 4558 qui
2606 4486 2805 4540 bibitis
2830 4486 3034 4540 vinum
3094 4485 3154 4538 in
3211 4483 3546 4550 dulcedine;
3604 4480 3846 4554 quoniam

2243 4577 2419 4647 periit
2450 4576 2520 4631 ab
2547 4592 2644 4631 ore
2676 4574 3046 4629 vestro.Gens
3072 4574 3226 4629 enim
3263 4573 3531 4628 ascendit
3558 4588 3727 4645 super
3750 4575 3847 4624 ter-

2234 4681 2360 4721 ram
2393 4680 2585 4719 meam
2619 4664 2786 4719 fortis
2811 4668 2868 4719 et
2897 4662 3368 4718 innumerabilis.

2305 4759 2381 4811 Et
2405 4763 2526 4826 post
2547 4755 2903 4825 aliquantum
2933 4753 3041 4824 [11.]
3076 4758 3285 4811 :.Nunc
3309 4770 3447 4828 ergo
3502 4752 3637 4807 dicit
3679 4747 3845 4804 Domi-

2238 4863 2369 4911 nus,
2429 4844 2845 4899 Convertimini
2894 4844 2965 4899 ad
3008 4859 3101 4897 me
3132 4843 3188 4897 in
3224 4846 3342 4897 toto
3374 4842 3547 4896 corde
3576 4844 3766 4903 vestro,
3796 4836 3842 4889 in

2231 4934 2459 5005 jejunio
2487 4937 2544 4988 et
2574 4934 2732 5000 ﬂetu,
2766 4936 2823 4986 et
2862 4932 2920 4985 in
2971 4930 3252 5002 planctu;
3309 4933 3367 4983 et
3411 4928 3656 4984 scindite
3695 4924 3843 4981 corda

2237 5028 2448 5093 vestra,
2510 5027 2565 5077 et
2597 5038 2712 5077 non
2742 5022 3090 5077 vestimenta
3119 5024 3311 5075 vestra
3342 5035 3353 5073 :
3391 5023 3447 5073 et
3478 5010 3841 5073 convertimini

2239 5115 2310 5169 ad
2343 5112 2655 5169 Dominum
2698 5117 2882 5166 Deum
2932 5114 3228 5177 vestrum;
3289 5106 3429 5179 quia
3484 5106 3753 5179 benignus
3797 5104 3841 5153 et

2240 5203 2571 5260 misericors
2603 5206 2709 5259 est.

2761 5292 2851 5347 DE
2895 5288 3102 5345 LIBRO
3140 5288 3353 5344 AMOS.

2314 5386 2472 5455 [Cap.
2506 5383 2591 5453 11.]
2619 5382 2746 5437 Haec
2777 5380 2919 5436 dicit
2948 5378 3449 5450 Dominus:Super
3480 5376 3654 5433 tribus
3682 5368 3831 5428 scele-

2304 5535 2319 5572 ι
2349 5535 2702 5599 Μεεηιῖρεὶιιδ
2734 5549 2746 5583 :
2778 5535 2846 5583 Et
2864 5534 2984 5597 post
3014 5544 3103 5582 v11:
3131 5543 3319 5580 versus.

2304 5600 2327 5633 ³
2358 5601 2453 5647 Ms.
2475 5598 2689 5659 Regius,
2718 5600 3024 5647 convertere.
3236 5656 3277 5659 _
3399 5655 3425 5659 Α
3608 5655 3614 5659 _
3725 5646 3733 5654 _

2304 5663 2324 5695 ³
2352 5654 2591 5723 Vulgata,
2624 5654 2761 5709 Deus
2789 5665 2905 5723 tuus
2922 5672 2995 5723 ea:
3027 5660 3164 5705 terra
3209 5655 3425 5718 ,Ἐφυριί
3451 5670 3470 5702 .·
3497 5654 3845 5717 praetermissa,

2247 5724 2401 5774 eduxi
2431 5722 2505 5787 te;
2535 5724 2680 5787 quod
2714 5737 2781 5772 ex
2810 5722 2934 5773 LXX
2960 5723 3240 5783 acceptum
3267 5723 3363 5768 est.
