3998 6184
138 404 243 468 945

137 541 199 592 Et
225 539 304 602 tu,
341 533 442 588 ﬁlii
479 531 756 599 hominis,
791 529 1213 603 speculatorem
1233 531 1364 587 dedi
1396 536 1453 587 te
1483 531 1678 587 domui
1701 537 1780 587 Is-

135 625 280 680 rael:
312 623 706 691 audiensergo
737 637 806 676 ex
827 637 925 676 ore
951 636 1077 676 meo
1107 621 1777 686 sermonem,annuntia-

133 714 221 769 bis
241 712 320 768 eis
348 727 416 768 ex
440 727 550 766 me.
582 710 637 764 Si
682 726 775 766 me
827 709 1057 765 dicente
1114 711 1182 765 ad
1225 711 1498 782 lmpium,
1579 710 1775 780 impie,

136 806 311 857 morte
341 798 606 856 morieris
630 816 644 866 ;
668 815 782 854 non
812 799 992 854 fueris
1021 797 1273 868 locutus,
1305 803 1366 853 ut
1397 816 1459 854 se
1491 798 1782 854 custodiat

134 890 340 960 impius
372 905 406 943 a
436 888 528 943 via
557 903 702 944 sua:
728 888 852 958 ipse
884 887 1102 958 impius
1131 887 1636 959 ininiquitatesua
1652 904 1775 943 mo-

133 981 325 1048 rietur;
349 979 698 1052 sanguinem
717 983 906 1034 autem
923 980 1051 1050 ejus
1063 981 1133 1034 de
1155 997 1323 1035 manu
1339 987 1442 1036 tua
1457 981 1772 1052 requiram.

129 1071 187 1127 Si
218 1076 404 1126 autem
436 1069 821 1125 annuntiante
850 1075 906 1124 te
929 1070 999 1124 ad
1038 1069 1308 1141 impium,
1346 1075 1407 1124 ut
1450 1087 1483 1125 a
1511 1070 1618 1125 viis
1650 1070 1775 1124 suis

128 1164 506 1228 convertatur,
538 1164 594 1214 et
625 1176 739 1216 non
773 1159 947 1215 fuerit
969 1174 1285 1214 conversus
1318 1176 1349 1213 a
1378 1160 1469 1214 via
1499 1176 1632 1214 sua:
1653 1159 1775 1229 ipse

127 1251 183 1305 in
213 1249 520 1320 iniquitate
552 1264 659 1304 sua
691 1249 995 1315 morietur;
1031 1265 1201 1319 porro
1231 1253 1293 1303 tu
1315 1248 1572 1303 animam
1614 1255 1774 1302 tuam

122 1338 491 1394 liberasti.Tu
524 1337 774 1410 ergo,ﬂli
806 1337 1181 1405 hominis,dic
1204 1338 1274 1392 ad
1307 1338 1545 1391 domum
1576 1335 1770 1402 Israel,

122 1426 397 1483 Siclocuti
415 1427 556 1482 estis
584 1426 1220 1498 dicentes,Iniquitates
1242 1431 1448 1480 nostrae
1463 1431 1519 1480 et
1544 1430 1776 1496 peccata

126 1521 318 1572 nostra
349 1532 527 1588 super
557 1533 664 1571 nos
687 1520 846 1585 sunt,
878 1521 935 1570 et
959 1517 1014 1570 in
1044 1514 1188 1586 ipsis
1223 1531 1328 1570 nos
1374 1516 1734 1570 tabescimus
1760 1532 1772 1582 ;

122 1605 412 1678 quomodo
444 1620 580 1677 ergo
609 1605 803 1663 vivere
834 1605 1161 1676 poterimus
1183 1605 1210 1659 ‘I
1243 1602 1339 1659 Dic
1363 1605 1433 1659 ad
1484 1620 1604 1670 eos,
1636 1603 1775 1658 Vivo

119 1711 244 1767 ego,
277 1695 420 1749 dicit
450 1693 735 1750 Dominus
765 1694 940 1762 Deus,
971 1693 1102 1749 nolo
1119 1693 1574 1765 mortemimpii,
1600 1693 1697 1748 sed
1714 1698 1778 1747 ut

119 1784 476 1840 revertatur‘
505 1783 722 1855 impius
746 1779 778 1839 ἁ
807 1783 898 1838 via
921 1799 1027 1838 sua
1049 1782 1222 1848 mala,
1249 1787 1304 1838 et
1329 1783 1510 1837 vivat:
1547 1797 1778 1836 conver-

115 1873 308 1928 timini
342 1889 376 1928 α
406 1873 517 1928 viis
535 1872 743 1928 vestris
774 1871 1048 1944 pessimis
1079 1890 1091 1938 ;
1121 1877 1176 1926 et
1207 1887 1388 1942 quare
1419 1870 1775 1929 moriemini.

112 1961 325 2017 domus
343 1961 521 2017 Israel
549 1963 572 2015 Ρ
600 1962 684 2016 Tu
713 1961 931 2032 itaque,
965 1960 1044 2015 fili
1083 1959 1361 2026 hominis,
1393 1959 1488 2014 die
1518 1960 1587 2014 ad
1625 1958 1775 2014 lilios

111 2051 309 2122 populi
337 2051 422 2105 tui
449 2067 462 2106 :
494 2049 736 2106 Justitia
760 2049 907 2120 justi
937 2067 1051 2104 non
1079 2049 1352 2104 liberabit
1384 2064 1517 2103 eum
1545 2048 1603 2102 in
1637 2064 1776 2118 qua-

107 2156 364 2211 cumque
393 2139 485 2195 die
517 2139 872 2212 peccaverit;
906 2142 962 2193 et
994 2138 1266 2210 impietas
1286 2138 1578 2209 impiinon
1612 2153 1774 2192 noce-

111 2233 198 2287 bit
211 2233 264 2287 ei
283 2231 346 2286 in
361 2246 728 2301 quacumque
743 2230 835 2284 die
852 2246 1167 2285 conversus
1190 2228 1450 2284 fueritah
1475 2228 1774 2299 impietate

108 2337 254 2377 sua:
294 2325 350 2376 et
374 2321 575 2390 justus
607 2335 724 2374 non
751 2318 961 2390 poterit
990 2319 1181 2373 vivere
1215 2318 1272 2372 in
1297 2317 1536 2388 justitia
1567 2316 1770 2385 sua,in

110 2423 491 2481 quacumque
507 2408 600 2462 die
616 2407 957 2479 peccaverit.
970 2407 1209 2462 Etiamsi
1229 2407 1596 2477 dixerojusto
1619 2406 1773 2476 quod

111 2500 237 2553 vita
264 2499 443 2563 vivat,
474 2502 530 2552 et
561 2496 820 2552 conﬁsus
851 2495 909 2550 in
937 2497 1294 2566 justitiasua
1327 2495 1527 2568 fecerit
1557 2495 1774 2567 iniqui-

110 2593 330 2653 tatem;
359 2585 823 2656 omnesjustitim
839 2586 967 2656 ejus
998 2585 1273 2640 oblivioni
1306 2586 1691 2646 tradentur,et
1713 2584 1774 2638 in

113 2676 434 2748 iniquitate
465 2692 572 2731 sua
598 2692 771 2745 quam
789 2680 1064 2745 operatus
1085 2675 1257 2742 cst,in
1273 2674 1395 2746 ipsa
1411 2672 1775 2729 morietur.Si

115 2772 324 2822 autem
347 2764 545 2821 dixero
570 2763 774 2835 impio,
800 2764 977 2819 Morte
996 2764 1358 2829 morieris,et
1389 2763 1571 2834 egerit
1603 2762 1778 2832 ι)ωοί-

110 2858 367 2912 tentiam
391 2872 424 2910 .1
445 2862 677 2927 peccato
709 2871 836 2920 suo,
873 2855 1188 2925 feceritque
1210 2853 1501 2924 judicium
1523 2857 1577 2909 et
1599 2852 1775 2923 justi-

107 2947 284 3011 tiam,
323 2944 538 3016 pignus
586 2944 910 3000 restituerit
951 2943 1046 2998 ille
1086 2944 1326 3014 impius,
1390 2944 1776 3014 rapinamque

109 3031 529 3097 reddiderit,in
565 3030 860 3085 mandatis
881 3030 1010 3085 vitae
1027 3030 1434 3094 ambulaverit,
1453 3046 1556 3083 nec
1580 3029 1777 3088 fecerit

107 3119 754 3193 quidquaminjustum
782 3139 796 3188 ς
830 3117 948 3174 vita
979 3120 1149 3185 vivet,
1183 3124 1239 3174 et
1298 3135 1408 3173 non
1471 3118 1772 3172 morietur.

108 3210 336 3267 Omnia
367 3213 604 3280 peccata
620 3208 747 3278 ejus
767 3225 892 3280 quae
916 3209 1300 3279 peccavituon
1325 3208 1402 3261 im
1415 3208 1776 3276 putabuntur

100 3301 219 3356 eiJ
233 3298 495 3354 udicium
521 3304 577 3353 et
598 3297 891 3366 justitiam
931 3297 1202 3360 fecit,vita
1219 3297 1387 3352 vivet.
1408 3297 1472 3350 Et
1503 3297 1774 3351 dixerunt

98 3389 215 3444 ﬁlii
252 3386 596 3460 populitui:
633 3387 754 3443 Non
787 3390 876 3441 est
906 3386 1055 3457 aequi
1083 3387 1356 3457 ponderis
1388 3387 1478 3440 via
1516 3384 1768 3441 Domini.

97 3485 175 3533 Et
211 3477 483 3548 ipsorum
508 3475 599 3531 via
628 3475 846 3547 injuste
863 3481 969 3530 est.
987 3480 1126 3530 Cum
1145 3475 1298 3530 enim
1325 3475 1770 3544 recesseritjus-

96 3573 211 3623 tus
245 3583 280 3622 a
302 3565 543 3637 justitia
573 3581 700 3632 sua,
737 3565 1050 3636 feceritque
1085 3564 1441 3636 iniquitates,
1493 3564 1773 3619 morietur

95 3658 163 3713 in
200 3655 314 3712 eis.
343 3659 409 3708 Et
441 3670 573 3708 cum
616 3655 923 3710 recesserit
952 3654 1170 3724 impius
1201 3655 1272 3708 ab
1304 3651 1602 3724 impietate
1640 3668 1768 3720 sua,

95 3742 752 3814 feceritquejudicium
772 3748 824 3798 et
849 3741 1163 3814 justitiam,
1199 3742 1346 3798 vivet
1377 3743 1434 3796 in
1463 3742 1567 3797 eis.
1599 3746 1664 3796 Et
1684 3741 1772 3796 di-

96 3834 248 3890 citis
274 3847 288 3888 :
318 3831 444 3887 Non
460 3835 549 3886 est
570 3835 728 3886 recta
745 3831 834 3885 via
847 3831 1773 3902 Domini.Unumquemquejuxta

91 3925 241 3978 vias
267 3937 412 3976 suas
439 3919 737 3990 judicabo,
771 3921 842 3976 de
862 3921 1024 3976 vobis
1057 3921 1264 3976 domus
1307 3919 1499 3976 Israel.
1533 3923 1596 3974 Et
1652 3925 1772 3991 post

89 4011 501 4084 quadraginta
531 4025 723 4064 novem
754 4025 985 4065 versus:
1016 4011 1086 4065 Et
1107 4016 1191 4077 tu,
1235 4008 1316 4063 ﬁli
1348 4009 1625 4074 hominis,
1688 4008 1770 4067 fili

87 4097 315 4172 populi
352 4098 436 4152 tui
471 4098 569 4168 qui
603 4098 623 4131 ²
653 4096 982 4169 loquuntur
1011 4099 1081 4153 de
1113 4104 1163 4152 te
1186 4099 1357 4168 juxta
1388 4114 1588 4152 muros
1626 4103 1681 4152 et
1711 4099 1766 4153 in

88 4187 284 4244 ostiis
318 4186 653 4254 domorum,
689 4193 744 4241 et
777 4188 980 4241 dicunt
1010 4204 1163 4240 unus
1182 4187 1249 4240 ad
1285 4186 1553 4254 alterum,
1584 4188 1670 4239 vir
1699 4187 1764 4239 ad

81 4277 457 4351 proximum
485 4291 682 4342 suum,
703 4274 983 4343 dicentes,
1004 4275 1226 4344 Venite,
1251 4284 1301 4330 et
1331 4275 1639 4330 audiamus
1669 4275 1766 4346 qui

82 4370 180 4423 sit
211 4381 416 4422 sermo
447 4364 758 4436 egrediens
792 4381 825 4420 a
855 4364 1123 4419 Domino.
1176 4365 1241 4418 Et
1269 4364 1510 4418 veniunt
1567 4365 1633 4419 ad
1693 4370 1768 4429 te,

81 4454 282 4528 quasi
319 4452 370 4508 si
403 4451 769 4522 ingrediatur
800 4452 1090 4524 populus;
1124 4457 1181 4507 et
1208 4455 1414 4508 sedent
1463 4471 1656 4508 coram
1692 4457 1766 4521 te,

81 4542 376 4618 populus
407 4556 597 4607 meus,
635 4546 690 4594 et
723 4542 976 4596 audiunt
1002 4559 1301 4598 sermones
1336 4547 1489 4611 tuos,
1539 4548 1596 4598 et
1654 4561 1768 4597 non

77 4634 347 4690 faciunt
370 4647 474 4686 eos
503 4648 515 4698 ;
550 4629 691 4700 quia
718 4629 775 4684 in
795 4632 1088 4686 canticum
1122 4631 1240 4686 oris
1263 4631 1353 4686 sui
1372 4631 1770 4698 vertuntillos,

71 4730 159 4780 et
195 4719 513 4777 avaritiam
547 4736 715 4774 suam
748 4719 1014 4790 sequitur
1043 4737 1141 4775 cor
1181 4735 1400 4775 eorum.
1453 4722 1521 4775 Et
1577 4737 1638 4776 es
1686 4737 1771 4776 818

71 4811 286 4885 quasi
309 4825 551 4864 carmen
572 4807 921 4878 musicum”,
947 4810 1099 4880 quod
1133 4810 1296 4865 suavi
1329 4809 1606 4881 dulcique
1627 4825 1772 4866 sono

67 4899 392 4966 canitur;
426 4903 484 4953 et
513 4897 761 4952 audiunt
789 4898 962 4953 verba
1004 4904 1126 4966 tua,
1160 4907 1208 4954 et
1246 4916 1357 4953 non
1395 4899 1612 4953 faciunt
1641 4917 1708 4954 ea
1729 4901 1768 4952 ι.

67 4994 172 5049 Et
199 5005 346 5045 cum
371 4987 598 5042 venerit
621 4988 772 5058 quod
808 4989 1147 5059 praedictum
1177 4994 1298 5055 est;
1332 5006 1460 5042 ecce
1485 4988 1638 5043 enim
1682 5006 1772 5044 ve-

59 5081 227 5146 nit;
261 5083 410 5132 tunc
441 5076 630 5131 scient
651 5077 803 5147 quod
837 5077 1149 5149 prophetes
1184 5078 1358 5131 fuerit
1388 5077 1541 5132 inter
1579 5095 1698 5133 eos.

171 5168 428 5239 [xxx1v.]
454 5166 553 5220 :Et
599 5165 814 5220 factum
848 5172 937 5222 est
964 5168 1204 5222 verbum
1229 5168 1454 5222 Domini
1477 5169 1550 5222 ad
1569 5184 1662 5222 me
1682 5167 1772 5221 di-

49 5275 268 5316 cens.
313 5254 414 5310 l-‘ili
450 5253 729 5323 hominis,
762 5255 1037 5326 propheta
1072 5257 1142 5310 de
1174 5256 1510 5326 pastoribus
1561 5256 1771 5322 Israel;

51 5345 423 5422 propheta,
457 5354 516 5398 et
545 5341 705 5398 dices
750 5346 1103 5415 pastoribus,
1130 5345 1258 5399 Haec
1315 5344 1458 5399 dicit
1488 5345 1774 5400 Dominus

43 5440 289 5502 Deus,
334 5433 422 5487 Vae
439 5433 774 5504 pastoribus
808 5435 1004 5504 Israel,
1025 5434 1470 5506 'quipascebant
1499 5434 1775 5504 semetip-

167 5550 289 5620 i_ln
323 5547 962 5620 Vulgum-convertatur;
995 5551 1260 5620 pauloque
1293 5552 1413 5620 post
1443 5549 1776 5620 ingeminato

49 5613 275 5664 verba
317 5610 532 5676 dicitur,
566 5610 956 5672 Converti-mini,
993 5610 1369 5676 Convertimini
1395 5626 1423 5657 η
1457 5610 1569 5666 viis,
1605 5615 1686 5660 etc

170 5678 192 5710 ³
225 5679 286 5723 In
325 5675 578 5728 omnibus
613 5676 729 5721 Mss.
762 5676 910 5721 deest
940 5688 1258 5735 pronomen,
1284 5675 1388 5732 qui.

170 5739 193 5804 ξ
226 5740 438 5804 Regius
467 5741 654 5794 codex,
685 5751 889 5804 carnem
920 5737 1244 5804 musicorum.

171 5803 194 5838 δ
223 5799 389 5868 5135.,
416 5807 463 5854 et
488 5804 706 5857 audient
733 5799 886 5852 verba
921 5802 1024 5862 tua,
1050 5803 1100 5851 et
1128 5814 1228 5852 non
1257 5800 1467 5864 facient.

1383 401 1483 460 DE
1529 401 1967 464 SCtthTURA
2010 403 2283 468 SAGRA.

3422 410 3538 469 946

1890 551 2007 601 sos,
2031 537 2232 594 Nonne
2261 555 2465 612 greges
2498 543 2813 611 pascentur
2843 558 2876 595 η
2907 540 3244 610 pastoribus
3265 539 3415 594 ?Lac
3438 555 3537 595 co-

1887 627 2231 696 medebatis,
2261 635 2317 683 et
2338 629 2489 685 lanis
2519 629 2965 701 operiebamini,
2987 629 3212 700 etquod
3267 643 3532 683 crassum

1889 719 2013 768 erat
2043 717 2398 774 occidebatis
2431 723 2471 786 ¹,
2506 735 2740 789 gregem
2775 723 2967 773 autem
3003 735 3199 774 meum
3233 734 3345 772 non
3399 733 3537 788 pas-

1887 804 2127 859 cebatis.
2163 806 2325 868 Quod
2357 809 2655 862 inlirmum
2692 807 2800 861 fuit
2829 824 2942 861 non
2993 806 3442 872 consolidastis;
3479 809 3537 859 et

1887 894 2040 961 quod
2075 900 2377 965 aegrotum,
2412 914 2525 951 non
2563 897 2852 963 sanastis;
2913 897 3065 968 quod
3112 896 3362 950 fractum
3423 897 3531 962 est,

1889 998 2000 1035 non
2026 982 2345 1054 alligastis;
2381 990 2435 1039 et
2464 986 2616 1055 quod
2652 985 2940 1054 abjeclum
2977 991 3086 1054 est,
3120 1001 3232 1038 non
3264 983 3531 1038 reduxis-

1887 1070 1995 1136 tis;
2032 1073 2182 1143 quod
2221 1074 2489 1143 perierat,
2527 1092 2636 1128 non
2665 1074 2996 1145 quaesistis:
3033 1075 3131 1128 sed
3159 1090 3291 1128 cum
3342 1077 3536 1128 auste-

1889 1159 2058 1214 ritate
2091 1162 2470 1233 imperabatis
2498 1164 2582 1218 cis
2615 1169 2821 1218 etcum
2850 1164 3123 1232 potentia.
3160 1164 3225 1217 Et
3257 1163 3532 1233 dispersa:

1885 1255 2024 1303 sunt
2054 1266 2186 1305 oves
2219 1268 2378 1316 meae,
2405 1267 2468 1306 eo
2501 1252 2653 1322 quod
2690 1268 2802 1305 non
2833 1256 2987 1306 esset
3020 1256 3252 1323 pastor:
3286 1255 3341 1306 et
3372 1251 3536 1305 factae

1887 1343 2025 1392 sunt
2055 1339 2112 1393 in
2147 1341 2579 1395 devorationem
2613 1342 2875 1395 omnium
2903 1340 3221 1396 bestiarum
3275 1339 3422 1410 agri,
3479 1343 3537 1394 et

1887 1427 2162 1498 dispersae
2189 1436 2328 1484 sunt
2361 1449 2373 1496 ;
2407 1435 2464 1484 et
2493 1435 2832 1485 erraverunt
2863 1447 3065 1502 greges
3099 1429 3284 1484 meiin
3309 1427 3535 1484 cunctis

1887 1516 2206 1578 montibus.
2242 1523 2297 1572 et
2322 1519 2376 1572 in
2398 1519 2666 1573 universo
2686 1517 2828 1572 colle
2852 1518 3177 1584 excelso;et
3198 1533 3376 1588 super
3405 1533 3531 1572 om-

1887 1620 2016 1659 nem
2054 1606 2255 1660 faciem
2288 1611 2454 1660 terrm
2484 1607 2733 1678 dispersi
2766 1612 2903 1660 sunt
2927 1623 3132 1678 greges
3156 1606 3289 1661 mei.
3321 1606 3391 1660 Et
3414 1621 3530 1660 non

1886 1699 2009 1748 erat
2041 1694 2138 1764 qui
2174 1694 2524 1765 requireret:
2561 1711 2674 1749 non
2709 1701 2852 1760 erat,
2884 1694 3146 1765 inquam,
3181 1694 3277 1765 qui
3332 1693 3526 1764 requi-

1887 1789 2056 1838 reret.
2093 1788 2420 1855 Propterea,
2457 1789 2740 1856 pastores,
2772 1784 2968 1838 audite
2997 1785 3240 1838 verbum
3276 1782 3524 1838 Domini:

1886 1872 2025 1927 Vivo
2054 1877 2180 1942 ego,
2214 1873 2358 1928 dicit
2405 1873 2687 1928 Dominus
2739 1879 2909 1940 Deus,
2957 1872 3092 1945 quia
3129 1890 3230 1944 pro
3272 1889 3337 1927 eo
3370 1872 3524 1944 quod

1888 1950 2019 2015 facti
2057 1966 2192 2016 sunt
2223 1978 2425 2033 greges
2459 1964 2569 2017 mei
2604 1963 2661 2016 in
2705 1964 2966 2032 rapinam
2983 1963 3025 2030 9,
3085 1967 3140 2017 et
3195 1978 3330 2016 oves
3389 1977 3527 2016 meae

1885 2053 1942 2106 in
1974 2053 2404 2108 devorationem
2439 2054 2702 2108 omnium
2728 2054 3051 2108 bestiarum
3085 2052 3231 2125 agri,
3264 2069 3329 2108 eo
3374 2052 3529 2123 quod

1885 2159 1997 2197 non
2031 2147 2185 2198 esset
2219 2148 2416 2214 pastor
2446 2144 2658 2214 (neque
2688 2144 2841 2196 enim
2863 2141 3223 2213 quaesierunt
3246 2146 3531 2212 pastores,

1885 2247 2117 2303 gregem
2154 2249 2350 2286 meum
2376 2250 2387 2286 :
2419 2232 2517 2286 sed
2541 2233 2854 2302 pascebant
2877 2235 3138 2303 pastores
3163 2230 3534 2301 semetipsos,

1885 2330 1935 2375 et
1969 2337 2173 2392 greges
2207 2338 2366 2375 meos
2390 2337 2502 2375 non
2523 2321 2859 2392 pascebant)
2880 2337 2893 2374 :
2913 2324 3534 2391 propterea,pastores,

1883 2411 2079 2464 audite
2112 2411 2352 2464 verbum
2388 2409 2650 2464 Domini:
2689 2414 2818 2464 Ηωο
2848 2409 2987 2464 dicit
3035 2409 3311 2464 Dominus
3363 2415 3532 2465 Deus.

1885 2501 2027 2553 Ecce
2059 2515 2163 2570 ego
2193 2499 2315 2569 ipse
2339 2516 2514 2569 super
2535 2503 2818 2570 pastores,
2843 2498 3136 2568 requiram
3163 2513 3393 2569 gregem
3420 2512 3536 2552 me-

1886 2605 1984 2644 um
2020 2590 2088 2642 de
2121 2605 2297 2641 manu
2331 2603 2555 2650 eorum,
2579 2592 2635 2641 et
2666 2603 2892 2641 cessare
2922 2603 3021 2640 eos
3054 2587 3280 2655 faciam,
3309 2585 3537 2640 utultra

1888 2695 1999 2732 non
2036 2681 2277 2748 pascant
2306 2692 2565 2746 gregem,
2598 2692 2701 2729 nec
2733 2680 2973 2744 pascant
2994 2673 3248 2745 amplius
3273 2678 3535 2743 pastores

1886 2767 2265 2837 semetipsos;
2299 2770 2356 2819 et
2387 2765 2642 2818 liberabo
2693 2779 2925 2834 gregem
2960 2779 3154 2817 meum
3217 2763 3287 2816 de
3318 2779 3415 2816 ore
3443 2778 3536 2817 eo-

1889 2872 2039 2924 rum,
2074 2861 2272 2908 etnon
2327 2854 2437 2908 erit
2497 2853 2582 2908 cis
2614 2852 2844 2906 ultrain
2871 2868 3081 2906 escam.
3123 2857 3187 2907 Et
3243 2856 3361 2922 post
3417 2851 3532 2906 ali-

1885 2948 2186 3014 quantum:
2223 2947 2337 2997 Vos
2388 2946 2604 3007 autem,
2638 2956 2842 3012 greges
2865 2941 2998 3006 mei,
3034 2940 3154 2995 hzec
3176 2942 3317 2994 dicit
3347 2940 3536 2996 Domi-

1888 3052 1998 3088 nus
2032 3034 2205 3100 Deus,
2239 3033 2381 3086 Ecce
2406 3047 2510 3100 ego
2544 3029 2736 3102 judico
2769 3030 2921 3084 inter
2950 3046 3129 3100 pecus
3159 3035 3213 3084 et
3247 3046 3422 3102 pecus
3444 3047 3534 3084 ar-

1886 3123 2065 3177 ietum
2131 3127 2186 3175 et
2246 3121 2540 3175 hircorum
2575 3121 2613 3170 3.
2649 3119 2849 3172 Nonne
2882 3119 3026 3174 satis
3043 3118 3205 3173 vobis
3237 3123 3361 3173 erat
3408 3135 3537 3189 pas-

1883 3229 2022 3266 cuas
2073 3213 2223 3265 bona
2263 3207 2547 3279 depasci?
2577 3207 2819 3277 insuper
2849 3212 2904 3261 et
2952 3206 3227 3277 reliquias
3285 3223 3535 3280 pascua-

1883 3318 2011 3355 rum
2065 3305 2388 3354 vestrarum
2444 3296 2832 3351 conculcastis
2882 3296 3130 3366 pedibus
3181 3295 3415 3362 vestris;
3477 3300 3536 3350 et

1881 3407 2013 3445 cum
2042 3388 2415 3460 purissimam
2458 3401 2670 3448 aquam
2706 3384 2999 3451 biberetis,
3033 3383 3321 3455 reliquam
3375 3385 3531 3455 pedi-

1829 3492 1832 3494 '
1880 3481 1990 3534 bus
2021 3477 2230 3534 vestris
2261 3475 2609 3531 turbabatis:
2635 3477 2690 3528 et
2718 3490 2850 3529 oves
2882 3491 3021 3528 mea:
3041 3472 3130 3528 his
3158 3472 3533 3543 quaiconcul-

1880 3572 2008 3623 cata
2041 3568 2288 3639 pedibus
2320 3564 2524 3619 vostris
2579 3565 2826 3627 fuerant,
2863 3563 3279 3632 pascebantur;
3317 3568 3373 3616 et
3403 3578 3530 3633 quae

1880 3658 2054 3727 pedes
2071 3656 2238 3710 vestri
2271 3653 2666 3717 turbaverant,
2717 3651 2835 3706 haec
2867 3651 3162 3706 bibebant.
3229 3653 3532 3723 Propterea

1879 3745 2000 3800 haec
2032 3744 2168 3799 dicit
2217 3743 2500 3798 Dominus
2558 3742 2710 3795 Deus
2732 3740 2800 3794 ad
2836 3742 3006 3794 eos‘:
3042 3741 3185 3795 Ecce
3242 3756 3347 3810 ego
3406 3740 3532 3812 ipse

1877 3834 2073 3905 judico
2107 3833 2258 3886 inter
2306 3847 2480 3902 pecus
2532 3831 2745 3901 pingue
2776 3834 2831 3882 et
2862 3830 3274 3897 mucilentum;
3311 3845 3413 3899 pro
3461 3843 3528 3882 eo

1881 3923 2035 3994 quod
2087 3921 2370 3976 lateribus
2410 3925 2466 3973 et
2513 3917 2774 3972 humeris
2806 3917 3240 3987 impingeliatis,
3264 3923 3320 3970 et
3344 3916 3529 3972 corni-

1877 4013 1989 4066 bus
2008 4009 2214 4065 vestris
2238 4007 2607 4062 ventilabatis
2635 4005 3084 4060 omniainlirma
3141 4022 3366 4075 pecora,
3419 4006 3524 4060 do-

1879 4117 1983 4156 nec
2017 4100 2488 4170 dispergerentur
2519 4097 2691 4149 foras.

1949 4191 2014 4242 Et
2041 4192 2158 4258 post
2189 4188 2573 4258 aliquantum:
2607 4185 2810 4254 [xu.v.]:
2865 4183 2994 4237 llaec
3053 4183 3194 4237 dicit
3239 4183 3525 4240 Dominus

1880 4278 2054 4340 Deus,
2086 4275 2350 4329 Sufficiat
2369 4273 2553 4338 vobis,
2589 4272 2881 4342 principes
2904 4272 3074 4324 Israel
3103 4289 3115 4336 ;
3149 4272 3524 4342 iniquitatem

1878 4373 1934 4421 et
1968 4367 2201 4437 rapinas
2231 4362 2620 4425 intermittitc,
2653 4367 2709 4414 et
2731 4362 3046 4430 judicium,
3071 4362 3430 4431 etjustitiam
3447 4363 3525 4417 fa-

1878 4453 2008 4518 cite,
2040 4458 2095 4507 et
2125 4455 2388 4522 separate
2420 4449 2672 4504 confinia
2703 4453 2894 4503 vestra
2917 4467 2949 4502 a
2974 4447 3183 4518 populo
3209 4465 3355 4513 meo,
3387 4449 3528 4504 dicit

1883 4542 2161 4598 Dominus
2184 4540 2358 4594 Deus.
2393 4540 2620 4594 Statera
2657 4540 2821 4607 justa
2869 4543 2925 4591 et
2959 4537 3092 4607 ephi
3145 4539 3371 4605 justum
3417 4537 3528 4594 erit

1878 4631 2042 4686 vobis
2072 4635 2127 4684 ct
2154 4630 2599 4698 beatusjustus.

1951 4721 2058 4774 Ista
2086 4719 2151 4773 de
2181 4718 2335 4772 libris
2364 4719 2664 4788 posuimus,
2684 4731 2813 4786 quos
2837 4718 2886 4769 et
2915 4715 3400 4772 Judaeicanonicos
3421 4716 3521 4771 ha-

1880 4811 2092 4875 bent,in
2124 4808 2317 4879 quibus
2330 4822 2517 4860 eorum
2550 4806 2860 4859 invenimus
2881 4805 3070 4876 aliqua
3097 4805 3354 4875 quazhuic
3376 4807 3528 4877 operi

1878 4901 2252 4954 convenirent.
2277 4896 2382 4951 Sal
2400 4911 2503 4949 non
2521 4903 2645 4948 sunt
2674 4893 2956 4948 omittendi
2985 4898 3036 4948 et
3057 4894 3118 4947 hi
3144 4910 3281 4964 quos
3309 4894 3529 4966 quidem

1879 4994 2007 5044 ante
2037 4987 2337 5041 Saluatoris
2366 4985 2658 5039 adventum
2686 4988 2894 5037 constat
2921 4998 3033 5038 esse
3061 4985 3415 5052 conscriptos,
3439 4985 3530 5040 sed

1879 5094 1965 5133 eos
1995 5094 2100 5132 non
2132 5079 2380 5143 receptos
2402 5091 2438 5126 α
2468 5072 2669 5128 ,Ιιιιίέιξίδ
2683 5073 2872 5140 recipit
2889 5081 3068 5127 tamen
3083 5072 3322 5142 ejusdem
3335 5075 3528 5129 Salva-

1879 5169 2012 5222 t0ris
2045 5166 2302 5219 Ecclesia.
2337 5164 2397 5216 In
2431 5163 2518 5215 his
2547 5171 2675 5215 sunt
2705 5162 2810 5216 duo
2840 5162 2932 5232 qui
2959 5162 3318 5217 Salomoaisa
3346 5163 3526 5231 pluri-

1883 5259 1979 5310 lrus
1994 5251 2927 5324 appet/rm1ur,propterquamdain,
2960 5252 3100 5305 sicut
3133 5250 3532 5319 e.tistimo,clo-

1882 5347 2001 5415 quii
2019 5341 2461 5398 similitudinem.
2497 5341 2632 5394 Nam
2663 5339 2972 5393 Salomonis
2990 5339 3399 5408 uonesse,uihit
3424 5339 3532 5393 du-

1886 5435 2058 5488 bita-nt
2087 5433 2286 5503 quique
2313 5431 2597 5486 doctiores.
2629 5430 2736 5484 Nec
2764 5437 2947 5484 tamen
2966 5430 3082 5498 ejus
3112 5431 3210 5500 qui
3236 5428 3536 5498 Sapientia

1952 5551 1965 5583 ¹
2002 5548 2144 5608 Mss,
2177 5545 2533 5594 comedebatis.

1951 5611 1971 5645 ³
1997 5604 2192 5672 Regius
2222 5609 2406 5672 codex,
2443 5622 2622 5670 greges
2654 5607 2752 5652 mei
2785 5605 2897 5653 doli
2924 5608 3042 5654 sunt
3064 5605 3118 5653 in
3147 5604 3408 5668 rapinam.

1950 5675 1969 5707 ³
1989 5670 2138 5724 Mss”
2172 5670 2388 5720 arietem
2424 5673 2475 5718 et
2495 5671 2711 5717 hircum.

1950 5739 1970 5771 ⁸
1994 5737 2077 5784 Sic
2109 5736 2267 5784 etiam
2297 5733 2439 5796 apud
2458 5734 2840 5796 Hieronymum
2860 5735 2912 5781 et
2931 5731 2986 5796 iu
3017 5731 3142 5780 Mss.
3167 5729 3354 5782 Bibliis
3381 5731 3535 5784 Corb.

1893 5801 1959 5850 At
1987 5799 2047 5849 in
2075 5798 2222 5863 prelo
2252 5793 2406 5848 editis
2436 5797 2596 5846 habet
2627 5793 2860 5857 Vulgata,
2893 5793 2963 5841 ad
2993 5807 3079 5842 vos

3869 5833 3936 5844 .g.

3831 5861 3838 5868 ο
3869 5867 3872 5870 ,
3919 5849 3948 5862 '-

3739 5883 3766 5894 α.
3803 5873 3840 5890 η’

3691 5905 3700 5914 σ
3799 5903 3802 5906 .

3587 5835 3982 6076 ﬂ

3582 6045 3610 6058 ,-
