4042 6190
490 379 611 441 947

490 514 722 579 dicitur,
758 514 1010 583 quisnam
1040 513 1108 567 sit
1138 521 1330 568 auctor
1359 523 1584 582 apparet
1608 516 1705 584 (α).
1728 515 1892 569 Illum
1924 529 2051 568 vero
2071 514 2147 566 al-

498 610 681 658 terum
711 618 868 673 quem
900 619 1152 657 vocamus
1186 603 1642 671 Ecclesiasticum,
1678 604 1815 672 quod
1844 605 1993 659 Jesus
2022 604 2119 674 qui
2131 634 2144 642 -

497 692 623 746 dam
651 694 957 763 scripserit,
992 693 1089 761 qui
1115 693 1541 759 cognominatur
1569 693 1786 759 Sirach,
1820 696 2025 747 constat
2058 693 2147 745 in-

499 790 583 837 ter
610 783 805 851 eosqui
832 780 1081 834 eumdem
1117 778 1320 834 librum
1353 785 1522 835 totum
1562 783 1829 852 legerunt.
1886 786 1963 836 De
2011 780 2149 835 libro

500 886 624 940 ergo
654 870 953 940 Sapientiae
983 871 1084 922 ista
1114 868 1241 923 huic
1270 872 1427 939 operi
1456 886 1755 938 congruere
1786 873 1900 925 visa
1928 877 2077 924 sunt.

924 957 1014 1011 DE
1060 957 1262 1012 LIBRO
1304 959 1722 1014 SAPIENTI/E.

571 1048 730 1118 [Cap.
766 1049 827 1116 1.]
862 1046 1089 1117 Diligite
1114 1047 1435 1117 justitiam,
1469 1048 1867 1119 quijudicatis
1912 1052 2149 1103 terram.

500 1137 722 1191 Sentite
753 1137 823 1190 de
857 1136 1100 1189 Domino
1133 1136 1189 1188 in
1227 1136 1509 1204 bonitate,
1550 1143 1607 1192 et
1655 1138 1711 1191 in
1774 1136 2155 1208 simplicitate

495 1227 689 1281 cordis
722 1226 963 1297 quaerite
988 1224 1173 1278 illum.
1209 1226 1492 1288 Quoniam
1520 1226 1816 1282 invenitur
1846 1226 2022 1281 abhis
2054 1210 2153 1295 qui

497 1332 611 1369 non
646 1318 875 1369 tentant
908 1312 1071 1366 illum
1101 1332 1113 1379 ;
1148 1320 1390 1385 apparet
1413 1318 1606 1370 autem
1633 1314 1826 1386 eisqui
1850 1316 2021 1368 fidem
2055 1313 2154 1367 ha-

496 1406 637 1459 bent
668 1404 723 1456 in
752 1403 940 1456 illum.
978 1403 1256 1457 Pervorse:
1290 1404 1446 1457 enim
1481 1404 2159 1475 cogitationesseparant

497 1511 531 1548 a
560 1493 677 1547 Deo
712 1508 723 1545 :
760 1492 1003 1563 probata
1036 1497 1231 1546 autem
1264 1492 1451 1547 virtus
1490 1491 1734 1563 corripit
1792 1492 2181 1563 insipientes;

499 1580 784 1647 Quoniam
804 1581 861 1634 in
880 1579 1221 1634 malevolam
1243 1580 1500 1635 animam
1523 1598 1635 1635 non
1653 1580 2159 1651 introibitsapien-

501 1670 602 1736 tia,
637 1685 739 1724 nec
770 1668 1060 1724 habitabit
1084 1669 1139 1723 in
1165 1686 1403 1739 corpore
1434 1670 1670 1725 subdito
1705 1670 2159 1741 peccatis.Sanc-

508 1767 600 1814 tus
631 1757 785 1814 enim
811 1757 1064 1829 Spiritus
1097 1758 1422 1830 disciplinae
1451 1758 1904 1830 effugietﬁctum
1932 1784 1946 1825 ;
1978 1762 2036 1813 et
2057 1774 2157 1813 au-

503 1847 648 1903 feret
678 1862 740 1903 se
770 1864 801 1901 a
834 1846 1288 1917 cogitationibus
1321 1864 1451 1918 quae
1483 1852 1622 1903 sunt
1654 1848 1782 1902 sine
1816 1846 2113 1902 intellectu
2146 1863 2160 1913 ;

503 1940 557 1991 et
590 1935 941 2008 corripietur
972 1953 1005 1990 a
1036 1937 1832 2008 supervenienteiniquitate.
1872 1937 2164 2009 Benignus

510 2025 767 2081 estenim
803 2024 1047 2095 spiritus
1077 2025 1404 2096 sapientia),
1430 2030 1484 2081 et
1518 2043 1628 2080 non
1666 2026 1941 2082 liberabit
1984 2025 2165 2081 male-

504 2114 724 2171 dictum
759 2116 775 2148 ¹
809 2132 841 2168 a
875 2114 1044 2169 labiis
1075 2115 1200 2169 suis
1226 2115 1533 2184 ;quoniam
1568 2132 1771 2169 renum
1810 2114 1968 2168 illius
1999 2115 2165 2169 testis

506 2209 595 2257 est
627 2204 803 2267 Deus,
836 2207 892 2257 et
923 2203 1115 2257 cordis
1147 2204 1274 2272 ejus
1307 2208 1599 2258 scrutator
1630 2208 1717 2258 est
1740 2220 1933 2269 verus,
1965 2208 2021 2257 et
2054 2202 2166 2257 lin-

509 2290 823 2362 guisillius
862 2290 1113 2345 auditor.
1150 2292 1432 2355 Quoniam
1485 2291 1729 2362 spiritus
1784 2290 2014 2346 Domini
2073 2307 2161 2346 re-

516 2378 695 2451 plevit
726 2380 921 2433 orbem
960 2382 1270 2443 terrarum,
1296 2379 1479 2433 ethoc
1502 2380 1651 2449 quod
1670 2379 1928 2435 continet
1950 2381 2167 2447 omnia,

520 2468 828 2523 scientiam
848 2467 1022 2521 habet
1050 2469 1228 2522 vocis.
1262 2468 1498 2539 Propter
1514 2467 1622 2523 hoc
1642 2468 1738 2539 qui
1775 2469 2034 2539 loquitur
2063 2468 2171 2523 iui-

525 2574 662 2629 qua,
706 2574 817 2611 non
865 2562 1051 2628 potest
1084 2556 1283 2621 latere,
1307 2558 1406 2611 sed
1426 2574 1527 2611 nec
1551 2558 2015 2629 prmterietillum
2048 2575 2172 2612 cor-

520 2647 743 2717 ripiens
774 2645 1080 2715 iudicium.
1121 2648 1178 2699 In
1213 2646 1829 2717 cogitationibusenim
1862 2646 2175 2718 interroga-

528 2735 607 2790 tio
639 2736 783 2790 erit:
819 2753 1156 2790 sermonum
1193 2742 1388 2790 autem
1418 2736 1577 2791 illius
1609 2738 1827 2792 auditio
1859 2738 1928 2791 ad
1989 2738 2178 2792 Domi-

530 2840 669 2878 num
704 2824 914 2889 veniet,
950 2824 1019 2877 ad
1082 2825 1504 2896 correptionem
1555 2825 1931 2895 iniquitatum
1990 2826 2173 2879 illius.

528 2912 811 2975 Quoniam
844 2912 1002 2967 auris
1023 2912 1125 2967 zeli
1161 2913 1323 2967 audit
1344 2913 1563 2980 omnia,
1597 2916 1653 2968 et
1694 2914 1983 2968 tumultus
2018 2932 2175 2969 mur-

532 3002 935 3057 murationum
968 3018 1079 3056 non
1125 3003 1535 3057 abscondetur.
1562 3002 1860 3057 Custodite
1892 3020 2027 3074 ergo
2078 3020 2177 3057 vos

532 3108 565 3145 a
596 3090 1079 3156 murmuratione,
1124 3108 1250 3161 quae
1287 3091 1427 3145 nihil
1463 3091 1735 3162 prodest;
1771 3097 1826 3147 et
1858 3109 1889 3145 a
1948 3092 2176 3146 detrac—

526 3180 685 3235 tione
717 3178 935 3251 parcite
967 3178 1216 3250 linguis:
1252 3180 1529 3251 quoniam
1564 3196 1907 3250 responsum
1968 3181 2176 3235 obscu-

528 3270 700 3323 rum2
733 3268 790 3322 in
825 3284 1072 3322 vacuum
1108 3286 1221 3323 non
1256 3268 1382 3323 ibit.
1417 3270 1493 3323 Os
1526 3274 1719 3323 autem
1763 3271 1917 3340 quod
1968 3269 2180 3324 menti-

526 3361 644 3422 tur,
670 3357 883 3411 occidit
912 3358 1191 3411 animam.

598 3449 673 3500 Et
701 3445 1004 3517 paulopost
1028 3447 1194 3517 [111.]:
1221 3446 1326 3509 Qui
1360 3446 1739 3501 conﬁduntin
1771 3446 2181 3513 illum,inlelli-

531 3540 669 3605 gent
698 3534 990 3588 veritatem
1020 3553 1033 3601 ;
1067 3543 1117 3589 et
1145 3534 1344 3590 fideles
1382 3535 1438 3588 in
1474 3535 1780 3590 dilectione
1811 3536 2185 3607 acquiescent

532 3622 619 3676 illi
647 3639 657 3675 :
685 3623 821 3693 quia
853 3624 1069 3676 donum
1090 3631 1148 3677 et
1179 3642 1288 3695 pax
1328 3629 1415 3678 est
1445 3623 1646 3678 electis
1680 3623 1855 3678 illius.
1884 3625 2048 3695 [mpii
2082 3642 2181 3678 au-

533 3716 647 3765 tem
684 3713 1007 3767 secundum
1039 3730 1162 3783 quas
1195 3713 1615 3782 cogitaverunt.
1640 3714 2061 3784 correptionem
2081 3713 2182 3768 ha-

535 3799 753 3853 bebunt
779 3798 877 3870 qui
914 3799 1289 3869 neglexerunt
1312 3800 1605 3869 justitiam
1630 3801 1742 3867 3,et
1772 3818 1804 3854 ει
1835 3800 2081 3855 Domino
2107 3818 2186 3855 rc-

531 3894 851 3943 cesserunt.
878 3888 1237 3959 Sapientiam
1270 3890 1426 3943 enim
1454 3888 1900 3960 etdisciplinam
1936 3890 2035 3960 qui
2083 3891 2181 3943 ab-

523 3977 678 4049 jicit,
740 3977 936 4032 infelix
988 3985 1095 4047 est,
1129 3978 1192 4032 Et
1219 3987 1337 4049 post
1367 3994 1465 4031 sca:
1488 3994 1703 4033 versus:
1739 3978 2022 4041 Quoniam
2051 3977 2185 4032 felix

530 4068 816 4122 steriliset
846 4066 1307 4137 incoinquinata,
1342 4084 1468 4137 quas
1503 4067 1743 4121 nescivit
1775 4073 1963 4121 torum
2000 4067 2059 4120 in
2093 4068 2186 4121 de-

527 4155 702 4223 licto;
745 4156 983 4210 habebit
1015 4157 1268 4209 fructum
1295 4155 1349 4208 in
1380 4155 1742 4226 respectione
1776 4156 2104 4209 animarum
2130 4156 2180 4209 ‘z

530 4250 585 4298 et
613 4244 790 4313 spado
824 4244 921 4313 qui
956 4262 1067 4297 non
1101 4249 1377 4313 operatus
1409 4257 1492 4298 est
1522 4259 1621 4314 per
1649 4260 1860 4298 manus
1902 4260 2040 4297 suas
2074 4243 2183 4297 ini-

532 4333 840 4405 quitatem,
874 4349 981 4388 nec
1013 4332 1287 4403 cogitavit
1310 4335 1589 4387 adversus
1608 4332 1921 4387 Dominum
1949 4334 2185 4404 nequis-

536 4424 705 4477 sima.

608 4513 672 4566 Et
697 4520 825 4582 post
852 4510 1389 4581 aliquantum[v1.]:
1438 4510 1651 4564 Audite
1700 4525 1857 4581 ergo,
1908 4526 2090 4580 reges,
2130 4515 2187 4565 et

538 4600 878 4671 intelligite;
913 4600 1136 4665 discite,
1163 4600 1632 4669 judicesﬁnium
1659 4600 2122 4669 terrazjustitiam
2143 4602 2181 4654 ⁵.

542 4690 791 4744 Ρτωὺθίο
823 4706 1013 4755 aures,
1051 4706 1147 4743 vos
1181 4688 1275 4760 qui
1310 4688 1615 4743 continetis
1670 4688 2098 4756 multitudines,
2130 4694 2186 4743 et

539 4778 779 4850 placetis
812 4778 976 4832 vobis
1007 4778 1063 4831 in
1090 4777 1615 4831 turbisnationum.
1637 4777 1921 4840 Quoniam
1947 4778 2082 4831 data
2100 4786 2185 4833 est

539 4885 573 4922 a
598 4867 839 4922 Domino
874 4872 1131 4938 potestas
1162 4865 1611 4933 vobis,etvirtus
1642 4867 1713 4921 ab
1743 4864 2182 4938 Altissimo,qui

609 4970 619 5001 ι
649 4966 813 5015 Sacra
839 4965 1025 5021 Bibliu,
1065 4964 1391 5015 prialeilicum.

606 5030 629 5064 9
658 5028 898 5089 Vulgata,
928 5043 1093 5075 scrmo
1121 5027 1379 5076 obscurus.

598 5095 618 5127 ³
646 5093 703 5141 In
728 5092 965 5153 Vulgata,
998 5090 1090 5154 qui
1122 5091 1458 5153 neglexerunt
1484 5092 1677 5153 justum
1713 5090 1799 5151 ,in
1871 5103 2064 5151 graeco,
2132 5090 2185 5141 οἱ

533 5152 873 5204 amdemntes
903 5161 987 5201 tau
1007 5152 1240 5201 'Ilikaiou.

605 5222 624 5254 ι
653 5219 999 5265 (Iaruutensis
1035 5218 1196 5264 codex
1220 5216 1374 5277 juxta
1406 5216 1683 5275 Vulgatam
1725 5216 1777 5262 in
1837 5214 1991 5261 editis
2033 5219 2083 5261 et
2132 5215 2179 5260 in

538 5283 691 5330 Corb.
721 5281 841 5327 Mss.
876 5281 1071 5335 Bibliis,
1104 5279 1394 5325 animarum
1426 5284 1738 5325 sanctarum.
1766 5278 1939 5326 Abest.
1972 5283 2183 5323 sancta-

533 5360 665 5396 rum,
699 5346 724 5387 3
756 5356 949 5401 graeco.

592 5410 613 5441 ι
645 5400 1035 5465 Vuxjmlilmm
1063 5418 1159 5449 nec
1192 5403 1242 5448 in
1270 5402 1609 5463 Vulgata,nec
1628 5403 1679 5449 in
1702 5416 1874 5461 graneo
1898 5400 2177 5461 reperitur.

595 5473 667 5529 (α)
705 5470 774 5516 De
807 5470 968 5528 hujus
1000 5466 1115 5513 libri
1150 5468 1495 5529 auegtoregnou
1526 5466 1599 5511 sic
1634 5466 1948 5525 loquebatur
1980 5466 2179 5529 August

532 5526 678 5578 tinus
708 5534 760 5578 in
796 5526 889 5577 lib_
918 5532 944 5576 2
980 5529 1044 5575 de
1082 5526 1330 5574 Doctrina
1362 5527 1675 5585 Christiana,
1709 5541 1820 5587 cap.
1849 5530 1892 5585 8,
1918 5541 1970 5573 [ι.
2008 5526 2175 5583 t3,sed

533 5608 650 5639 cum
685 5593 969 5653 Speculum
1002 5590 1140 5638 istud
1177 5590 1545 5653 concinnaret,
1574 5590 1682 5653 jam
1715 5589 2037 5648 deposuerat
2067 5588 2177 5653 opi-

535 5651 749 5702 nionem
784 5655 1005 5711 primaiu
1040 5668 1141 5715 qua
1176 5651 1279 5698 illic
1302 5652 1588 5712 Sapientiae
1624 5652 1812 5715 librum
1836 5653 1901 5698 ab
1931 5653 2053 5699 Jesu
2100 5652 2178 5699 Si-

532 5718 658 5765 racli
692 5718 943 5777 scriptum
977 5714 1137 5764 fuisse
1170 5719 1487 5777 asseruerat.
1519 5714 1713 5762 Confer
1747 5714 1835 5761 lib.
1872 5717 1898 5761 2
1933 5716 2177 5777 ltetract.,

535 5794 579 5827 (ξ.
614 5784 657 5831 5.
692 5776 900 5826 necnon
925 5778 1325 5826 annotationcm
1364 5776 1415 5823 in
1444 5778 1751 5838 praedictum
1787 5778 1976 5835 locum,
2030 5776 2117 5823 lib.
2151 5780 2177 5823 2

536 5845 601 5890 de
628 5842 877 5890 Doctrina
891 5841 1204 5889 Christiana.

1701 383 1763 442 S.
1814 379 2238 443 AUGUSTINI
2282 380 2695 445 SPECULUM

3745 388 3844 447 948

2260 514 2640 587 interrogabit
2670 531 2847 585 opera
2875 519 3092 583 vestra,
3115 518 3172 570 et
3194 513 3567 585 cogitationes
3596 518 3844 572 scrutabi-

2260 608 2355 657 tur
2379 607 2421 674 ί,
2445 605 2731 667 Quoniam
2766 622 2900 659 cum
2928 604 3137 659 essetis
3177 603 3424 659 ministri
3469 604 3618 675 regni
3673 606 3847 677 ipsius,

2260 709 2373 746 non
2407 698 2561 748 recte
2584 693 2921 764 judicastis,
2947 709 3134 765 neque
3164 692 3497 748 custodistis
3514 692 3686 763 legem
3706 695 3851 764 justi-

2262 781 2373 847 tise,
2408 799 2594 853 neque
2616 784 2943 837 secundum
2976 781 3332 837 voluntatem
3376 781 3475 835 Dei
3530 781 3851 839 ambulastis.

2262 873 2559 926 Horrende
2590 877 2645 926 et
2676 872 2787 926 cito
2820 872 3130 944 apparebit
3166 871 3365 937 vobis;
3419 869 3683 940 quoniam
3732 872 3858 941 judi-

2264 960 2417 1013 cium
2445 960 2855 1029 durissimum,
2888 960 2982 1015 his
3013 960 3114 1031 qui
3171 964 3450 1031 praesunt,
3509 959 3620 1013 ﬁet.
3678 960 3858 1032 Exiguo

2264 1049 2419 1103 enim
2453 1050 2793 1105 conceditur
2822 1049 3226 1105 misericordia
3251 1067 3264 1115 ;
3300 1053 3561 1119 potentes
3587 1054 3760 1103 autem
3789 1066 3863 1119 po-

2264 1142 2452 1192 tenter
2508 1141 2797 1194 tormenta
2837 1138 3155 1209 patientur.
3213 1137 3339 1192 Non
3397 1136 3551 1191 enim
3607 1137 3865 1192 subtrahet

2268 1243 2579 1298 personam
2628 1228 2975 1298 cujusquam
3034 1226 3341 1295 Dominus,
3403 1242 3506 1280 nec
3562 1226 3866 1280 reverebitur

2270 1316 2737 1386 magnitudinem
2771 1317 3164 1387 cujusquam:
3199 1314 3476 1384 quoniam
3516 1312 3777 1385 pusillum
3824 1318 3866 1370 et

2271 1421 2549 1476 magnum
2583 1404 2708 1476 ipse
2740 1404 2963 1474 fecit,et
2992 1403 3294 1475 (equaliter
3324 1402 3407 1456 illi
3439 1418 3577 1456 cura
3596 1404 3750 1457 estde
3768 1419 3865 1458 om-

2272 1494 2467 1548 nibus.
2500 1493 2861 1548 Fortioribus
2892 1496 3089 1547 autem
3130 1492 3335 1547 fortior
3386 1492 3565 1545 instat
3596 1491 3866 1547 cruciatus.

2268 1583 2352 1636 Ad
2390 1600 2489 1637 vos
2521 1586 2739 1650 autem,
2764 1581 2904 1636 mali
2934 1598 3100 1654 reges
3120 1582 3163 1652 2,
3195 1584 3337 1636 sunt
3366 1580 3425 1635 hi
3444 1595 3732 1636 sermones
3763 1581 3868 1645 mei,

2274 1676 2338 1726 ut
2368 1672 2609 1727 discetis
2641 1671 3012 1743 sapientiam,
3047 1675 3104 1725 et
3135 1686 3250 1725 non
3282 1668 3583 1725 excidatis.
3616 1668 3715 1732 Qui
3748 1670 3871 1725 enim

2272 1759 2980 1832 custodierintjustitiam
3025 1759 3244 1830 juste’,
3286 1757 3793 1831 justiﬁcabuntur;
3832 1764 3874 1813 et

2275 1849 2372 1922 qui
2404 1850 2714 1905 didicerint
2763 1849 2899 1916 ista,
2952 1847 3250 1904 invenient
3305 1847 3449 1919 quid
3508 1848 3871 1919 respondeant.

2275 1938 2681 2010 Concupiscite
2712 1955 2847 2010 ergo
2879 1953 3181 1993 sermones
3204 1953 3387 2002 meos,
3417 1936 3639 2008 diligite
3667 1934 3801 2005 illos,
3834 1942 3875 1990 et

2276 2026 2569 2081 habebitis
2600 2024 3181 2096 disciplinam.Clara
3211 2029 3300 2080 est
3328 2025 3510 2093 enim,
3536 2029 3592 2079 et
3619 2041 3735 2095 qua:
3764 2040 3875 2078 nun-

2278 2133 2455 2189 quam
2495 2120 2816 2170 marcescat
2845 2114 3132 2185 sapientia
3161 2131 3174 2180 ;
3216 2119 3272 2168 et
3291 2112 3461 2168 facile
3482 2114 3703 2169 videtur
3727 2114 3789 2168 ab
3808 2113 3875 2167 his

2278 2207 2377 2276 qui
2410 2205 2665 2275 diligunt
2695 2220 2863 2273 eam;
2897 2204 3275 2258 etinvenitur’
3303 2203 3377 2257 ab
3410 2202 3502 2257 his
3534 2202 3629 2274 qui
3655 2208 3873 2272 quaerunt

2279 2294 2462 2349 illam.
2499 2298 2871 2365 Prmoccupat
2900 2292 3000 2363 qui
3032 2310 3095 2347 se
3125 2293 3571 2363 concupiscunt,
3606 2297 3666 2345 ut
3695 2291 3795 2346 illis
3832 2307 3877 2345 se

2283 2385 2533 2457 priorem
2566 2383 2857 2438 ostendat.
2893 2383 2999 2448 Qui
3032 2382 3102 2436 de
3136 2382 3264 2437 luce
3289 2380 3616 2453 vigilaverit
3644 2382 3708 2435 ad
3731 2381 3873 2445 illam,

2286 2491 2397 2528 non
2424 2472 2740 2527 laborabit:
2774 2471 3135 2525 assidentem
3163 2469 3321 2524 enim
3356 2469 3520 2523 illam
3554 2467 3786 2523 inveniet
3817 2468 3877 2519 ΐο-

2286 2562 2449 2617 ribus
2480 2561 2625 2615 suis.
2658 2560 2921 2629 Cogitare
2942 2558 3097 2613 enim
3119 2557 3301 2613 deilla
3314 2574 3528 2613 sensus
3550 2561 3635 2611 est
3652 2569 3878 2611 consum-

2288 2655 2479 2706 matus
2512 2666 2524 2704 :
2558 2655 2616 2705 et
2640 2650 2737 2719 qui
2772 2648 3098 2719 vigilaverit
3127 2664 3229 2719 pro
3263 2646 3382 2713 illa,
3408 2647 3522 2700 cito
3545 2645 3880 2700 eritsecurus.

2287 2740 2571 2803 Quoniam
2606 2740 2815 2809 dignos
2846 2754 2907 2791 se
2937 2736 3065 2807 ipsa
3112 2736 3388 2791 circumit
3450 2750 3722 2806 quaerens,
3763 2738 3808 2786 et
3840 2731 3880 2784 in

2287 2830 2395 2883 viis
2427 2829 2693 2883 ostendet
2714 2826 2905 2881 seillis
2930 2826 3277 2892 hilariter,et
3298 2826 3359 2879 in
3385 2824 3546 2879 omni
3577 2822 3882 2895 providentia

2288 2917 2543 2971 occurrit
2576 2915 2709 2970 illis.
2744 2915 2981 2969 Initium
3014 2914 3168 2969 enim
3196 2913 3355 2969 illius
3386 2913 3770 2968 verissimaest
3793 2909 3882 2963 dis-

2288 3004 2516 3077 ciplina:
2548 3002 3042 3075 concupiscentia.
3078 3006 3227 3057 Cura
3247 3019 3386 3074 ergo
3421 2998 3879 3072 disciplinadilec-

2289 3094 2368 3148 tio
2400 3100 2525 3160 est;
2560 3098 2616 3147 et
2643 3091 2874 3147 dilectio
2906 3092 3222 3147 custoditio
3254 3091 3453 3163 legum
3486 3090 3641 3145 illius
3660 3093 3878 3144 estzcus-

2289 3182 2493 3237 toditio
2526 3188 2725 3235 autem
2760 3180 2954 3252 legum
3006 3180 3376 3235 conﬁrmatio
3401 3180 3425 3214 ‘
3482 3173 3882 3248 incorruptionis

2290 3276 2417 3337 est;
2453 3270 2811 3341 incorruptio
2844 3276 3039 3324 autem
3074 3268 3209 3323 facit
3250 3285 3377 3323 esse
3415 3268 3735 3339 proximum
3779 3264 3881 3318 Deo.

2291 3360 2775 3432 Concupiscentia
2798 3358 2996 3429 itaque
3016 3358 3314 3430 sapientia:
3336 3357 3583 3412 deducit
3600 3356 3663 3411 ad
3688 3367 3883 3426 regnum

2294 3454 2665 3521 perpetuum.
2700 3448 2759 3503 Si
2792 3464 2926 3519 ergo
2958 3446 3327 3502 delectamini
3373 3447 3618 3502 sedibus
3658 3449 3709 3499 et
3749 3446 3884 3497 stem-

2295 3538 2573 3603 matibus,
2608 3553 2773 3609 reges
2804 3535 3025 3608 p0puli,
3078 3535 3299 3605 diligite
3345 3534 3711 3607 sapientiam,
3756 3536 3809 3587 ut
3845 3530 3885 3583 in

2298 3633 2641 3700 perpetuum
2668 3626 2942 3696 regnetis.

2366 3718 2429 3770 Et
2458 3716 2622 3786 paulo
2653 3723 2768 3783 post
2790 3713 2958 3785 [vna]
2990 3730 3003 3767 :
3039 3717 3105 3767 Et
3122 3714 3169 3768 si
3196 3713 3493 3783 justitiam
3542 3712 3670 3783 quis
3719 3706 3885 3777 diligit,

2294 3804 2523 3860 labores
2542 3804 2720 3872 hujus
2750 3818 2995 3874 magnas
3016 3802 3236 3857 habent
3264 3801 3532 3857 virtutes.
3566 3798 3887 3856 Sobrietatem

2296 3893 2448 3947 enim
2483 3897 2539 3948 et
2568 3891 2916 3962 sapientiam
2938 3892 3123 3955 docet,
3147 3895 3205 3944 et
3224 3890 3527 3960 justitiam
3546 3896 3599 3944 et
3639 3888 3884 3947 virtutem,

2297 3982 2511 4053 quibus
2545 3980 2747 4035 utilius
2783 3978 2925 4034 nihil
2958 3979 3016 4034 in
3047 3981 3163 4034 vita
3190 3979 3251 4034 ht
3270 3980 3553 4035 minibus.

2368 4073 2521 4126 Nunc
2550 4072 2662 4130 iam
2692 4070 2756 4124 de
2786 4069 2925 4123 libro
2940 4072 3035 4140 qui
3051 4070 3474 4125 Ecciesiasticus
3486 4069 3703 4135 dicitur,
3726 4078 3886 4136 ponen-

2294 4161 2364 4214 da
2394 4165 2523 4215 sunt
2552 4174 2677 4230 quae
2706 4158 2981 4213 videntur.
3014 4159 3088 4213 De
3118 4174 3221 4229 quo
3252 4158 3341 4213 hic
3366 4161 3533 4213 etiam
3546 4175 3609 4214 ea
3624 4156 3805 4210 dixisse
3820 4150 3884 4204 de.

2294 4258 2476 4321 puter,
2510 4265 2630 4319 qum
2658 4247 2722 4302 de
2754 4248 3173 4302 Proverbiorum
3209 4247 3353 4302 libro
3410 4263 3535 4301 sum
3585 4243 3889 4317 prazlocutus;

2295 4340 2547 4409 quamvis
2579 4339 2636 4390 in
2670 4338 2771 4391 isto
2802 4336 3176 4392 Ecclesiastico
3228 4336 3401 4407 plura
3460 4334 3745 4407 repererim
3793 4329 3890 4384 huic

2296 4428 2448 4498 Operi
2478 4426 2802 4481 necessaria.

2821 4522 2909 4577 DE
2950 4521 3510 4577 ECCLESIASTICO.

2367 4616 2521 4684 [Cap.
2542 4614 2602 4682 1.]
2632 4612 2834 4667 Timor
2861 4611 3086 4665 Domini
3122 4611 3378 4666 scientiae
3414 4603 3886 4684 religiositas.Reli-

2296 4702 2539 4773 giositas
2552 4700 2839 4755 custodiet
2857 4700 3269 4769 etjustilicabit
3290 4699 3810 4771 cor,jucunditatem
3823 4697 3884 4745 at.

2296 4810 2408 4863 que
2439 4790 2719 4863 gaudium
2735 4788 2914 4844 dabit.
2948 4788 3202 4844 Timenti
3239 4790 3545 4845 Dominum
3575 4790 3709 4844 bene
3736 4782 3887 4849 erit,et

2295 4882 2353 4936 in
2387 4881 2593 4935 diebus
2624 4878 3151 4935 consummationis
3175 4877 3332 4934 illius
3346 4879 3721 4935 benedicatur.
3739 4869 3884 4928 Pleni-

2294 4971 2435 5025 tudo
2468 4968 2768 5040 sapientias
2799 4972 2887 5022 est
2903 4967 3108 5022 timere
3134 4971 3335 5033 Deum,
3366 4965 3766 5041 etplenitudoa
3792 4960 3881 5013 fru-

2294 5060 2486 5115 stibus
2518 5058 2695 5112 illius.
2731 5061 2794 5113 Et
2824 5066 2936 5124 post
2967 5057 3100 5111 duos
3130 5072 3323 5112 versus
3351 5075 3363 5112 :
3396 5058 3612 5113 Corona
3634 5046 3880 5124 sapientia:

2296 5147 2741 5203 timorDomiui.
2773 5148 2834 5201 Et
2855 5152 2972 5216 post
3005 5156 3242 5217 qualiter
3258 5164 3443 5201 versus
3462 5165 3479 5200 :
3503 5144 3671 5200 Radix
3701 5137 3882 5210 sapien-

2296 5238 2384 5293 tiae
2418 5244 2506 5292 est
2538 5238 2744 5292 timere
2781 5236 3282 5291 Dominunizrami
3315 5234 3635 5291 enimillius
3664 5222 3878 5297 longaevi-

2296 5330 2351 5382 ln
2373 5327 2665 5381 thesauris
2682 5325 2980 5395 sapientia
2999 5324 3328 5381 intellectus
3348 5330 3454 5386 est,
3471 5332 3519 5378 et
3538 5310 3877 5377 scientiam“-

2358 5467 2368 5497 ⁸
2398 5464 2483 5511 Sic
2514 5461 2655 5512 Mss.,
2676 5460 2829 5520 juxta
2864 5462 3163 5522 Vulgatam.
3196 5462 3260 5509 At
3283 5462 3409 5509 editi
3432 5458 3670 5507 ferebant.
3690 5454 3731 5500 et
3755 5450 3873 5495 inco-

2288 5524 2634 5587 gttationibus
2653 5523 2984 5571 scrutabitur.

2354 5588 2377 5622 ε’
2403 5590 2563 5636 Abest
2595 5599 2715 5639 vox.
2748 5586 2891 5643 mali,
2927 5600 2957 5634 a
2990 5586 3235 5641 Vulgata.
3301 5587 3455 5633 Porro
3511 5584 3558 5630 in
3613 5588 3746 5641 grisc.
3792 5580 3866 5632 pro

2290 5665 2434 5706 voce,
2466 5664 2624 5709 reges.
2660 5648 2867 5709 legitur.
2901 5649 3159 5696 turannoi.
3416 5708 3421 5709 γ
3504 5708 3535 5709 ﬂ
3574 5706 3582 5709 _
3651 5705 3657 5709 _
3740 5696 3748 5709 ι
3794 5692 3819 5709 γ,

2350 5696 2381 5746 ³⁷
2402 5696 2459 5776 in
2482 5696 2893 5776 Vulgatafjustja
2907 5711 3047 5776 fuste
3070 5726 3082 5758 :
3110 5713 3162 5758 in
3181 5724 3374 5772 graeco,
3405 5706 3604 5776 ἠρεξόερεξ
3634 5705 3685 5774 ,τα

2348 5778 2367 5809 ι
2394 5775 2475 5821 Sic
2502 5774 2554 5821 in
2581 5761 2820 5821 Ediii's'ei
2853 5761 2972 5821 Mss.
3002 5775 3157 5836 juxta
3181 5761 3374 5835 "gnem,
3434 5766 3674 5819 bebaidcis.
3724 5761 3773 5806 At
3814 5761 3855 5801 in

2290 5837 2513 5899 Vulgata
2542 5837 2754 5898 legitur,
2789 5834 3157 5887 consumhaiio.
