3998 6184
215 292 338 353 957

221 434 467 497 quatuor
482 442 668 483 versus
684 443 702 480 :
725 426 852 481 Non
879 426 1083 482 credas
1107 425 1346 481 inimico
1359 429 1460 480 tuo
1478 424 1536 479 in
1556 429 1837 478 aeternum
1865 440 1877 477 :

222 516 383 572 sicut
404 517 559 571 enim
584 512 1876 587 aaramentum,esruginatnequitiaillius.Etsi

224 605 583 661 humiliatus
607 606 777 661 vadat
801 622 1038 669 curvus,
1072 604 1257 675 adjice
1280 604 1545 659 animum
1570 607 1739 657 tuum
1758 604 1801 668 ¹,
1824 605 1880 656 et

222 695 462 749 custodi
492 699 549 750 te
579 694 650 748 ab
681 693 804 749 illo.
836 694 960 749 Non
993 698 1220 749 statuas
1252 693 1416 748 illum
1450 709 1627 764 penes
1657 697 1735 761 te,
1773 707 1876 746 nec

222 783 433 838 sedeat
452 783 523 837 ad
547 783 841 839 dexteram
872 783 1068 855 tuam];
1098 799 1169 837 ne
1190 798 1503 838 conversus
1526 786 1639 836 stet
1660 780 1719 835 in
1752 779 1874 835 loco

222 873 392 926 tuo’:
430 888 501 926 ne
533 872 677 926 forte
706 887 1021 926 conversus
1050 870 1109 925 in
1142 871 1334 926 locum
1366 876 1559 939 tuum,
1617 870 1877 941 inquirat

218 959 567 1013 cathedram
580 963 824 1025 tuam,et
837 957 896 1012 in
910 958 1227 1013 novissimo
1242 974 1525 1029 agnoscas
1536 957 1710 1012 verba
1722 971 1872 1021 mea,

218 1052 281 1103 et
312 1048 372 1101 in
405 1048 779 1103 sermonibus
810 1046 958 1103 meis
989 1046 1304 1102 simuleris.
1340 1046 1481 1110 Quis
1504 1044 1876 1101 miseribetur

215 1137 576 1192 incantatori
602 1153 635 1191 a
655 1142 923 1207 serpente
941 1152 1237 1207 percusso,
1264 1140 1319 1190 et
1348 1134 1623 1189 omnibus
1639 1132 1737 1204 qui
1765 1149 1871 1203 ap-

219 1226 500 1297 propiant
522 1226 768 1280 bestiis?
797 1225 889 1280 Sic
920 1230 975 1279 et
1000 1225 1099 1296 qui
1130 1225 1444 1279 comitatur
1463 1240 1595 1278 cum
1620 1222 1739 1277 viro
1762 1221 1873 1276 ini-

219 1332 363 1386 quo,
394 1320 451 1369 et
481 1313 789 1369 obvolutus
819 1319 909 1369 est
938 1313 996 1367 in
1040 1313 1295 1384 peccatis
1350 1314 1515 1382 ejus:
1561 1328 1678 1366 una
1731 1310 1873 1365 hora

218 1410 421 1459 tecum
454 1401 851 1475 permanebit;
884 1402 933 1457 si
964 1406 1156 1458 autem
1177 1401 1576 1468 declinaveris,
1602 1416 1717 1455 non
1732 1416 1870 1471 sup-

220 1492 570 1565 portabitJn
596 1492 769 1547 labiis
789 1492 915 1547 suis
935 1490 1197 1547 indulcat
1221 1491 1519 1559 inimicus,
1542 1494 1599 1546 et
1617 1489 1674 1544 in
1699 1489 1872 1545 corde

220 1581 691 1649 suoinsidiatur,
716 1582 1096 1637 utsubvertat
1117 1584 1172 1635 te
1195 1582 1255 1635 in
1299 1580 1543 1635 foveam.
1588 1581 1649 1634 In
1683 1578 1870 1634 oculis

218 1669 351 1725 suis
372 1669 728 1742 lacrymatur
746 1670 1165 1737 inimicus;etsi
1183 1670 1595 1725 invenerittem
1606 1686 1737 1741 pus,
1754 1685 1868 1724 non

217 1759 537 1815 ratiabitur
556 1760 865 1832 sanguine.
893 1761 951 1816 Si
995 1759 1350 1815 incurrerint
1372 1758 1529 1815 mala
1555 1759 1682 1827 tibi,
1710 1759 1868 1814 inve-

213 1849 349 1904 nies
379 1865 511 1903 cum
544 1847 661 1903 illis
692 1849 964 1919 priorem.
999 1851 1061 1903 In
1095 1847 1280 1903 oculis
1336 1849 1462 1904 suis
1513 1848 1870 1920 lacrymatur

212 1938 519 2006 inimicus,
553 1942 611 1993 et
641 1939 810 2009 quasi
845 1939 1132 2010 adjuvans
1163 1938 1438 1993 suffodiat
1459 1937 1690 2009 plantas
1712 1941 1862 1992 tuas.

212 2028 407 2098 Caput
434 2043 609 2082 suum
642 2028 918 2095 movebit,
951 2032 1007 2082 et
1038 2026 1377 2099 plaudebit3
1411 2044 1585 2082 manu
1609 2045 1621 2094 ;
1649 2028 1865 2081 etmul-

214 2122 278 2171 ta
309 2131 625 2170 susurrans
656 2115 1041 2170 commutabit
1069 2114 1291 2169 vultum
1323 2131 1519 2169 suum.

291 2206 357 2259 Et
383 2208 499 2276 post
528 2207 818 2273 sexaginta
846 2208 896 2259 et
924 2220 1096 2258 unum
1116 2219 1299 2259 versus
1330 2205 1475 2277 [χιιι]
1505 2222 1517 2259 :
1581 2205 1734 2259 Bona
1778 2208 1868 2259 est

214 2294 575 2356 substantia,
607 2292 698 2347 cui
733 2310 847 2348 non
876 2297 965 2349 est
998 2299 1298 2365 peccatum
1360 2296 1417 2349 in
1470 2294 1862 2350 conscientia:

216 2387 275 2438 et
318 2383 683 2452 nequissima
710 2387 1024 2453 paupertas
1056 2383 1112 2437 in
1146 2400 1243 2439 ore
1274 2384 1461 2456 impii.

292 2473 360 2526 Et
380 2481 499 2543 post
521 2480 626 2527 tres
643 2488 826 2528 versus
848 2472 1029 2543 [xiv.]:
1056 2474 1266 2529 Beatus
1288 2473 1373 2528 vir
1394 2474 1494 2544 qui
1515 2491 1626 2529 non
1651 2480 1742 2529 est
1779 2475 1863 2528 la-

212 2577 364 2630 psus
380 2561 552 2617 verbo
572 2577 640 2616 ex
653 2579 751 2616 ore
774 2566 968 2627 suo,et
996 2578 1109 2617 non
1132 2567 1221 2617 est
1243 2564 1585 2619 stimulatus
1605 2563 1661 2618 in
1688 2563 1864 2619 tristi-

212 2649 297 2705 tia
321 2650 542 2705 delicti.
570 2650 724 2705 Felix
745 2650 844 2721 qui
866 2668 981 2705 non
1005 2651 1212 2705 habuit
1232 2651 1412 2706 animi
1434 2652 1859 2721 suitristitiam,

210 2742 272 2793 et
286 2755 403 2793 non
428 2739 639 2794 excidit
661 2740 733 2794 ab
757 2756 859 2809 spe
881 2756 1008 2795 sua.
1033 2740 1171 2795 Viro
1202 2741 1413 2812 cupido
1431 2746 1487 2797 et
1506 2742 1694 2796 tenaci
1734 2741 1860 2797 sine

206 2829 440 2883 ratione
460 2832 549 2883 est
566 2828 931 2895 substantia;
959 2834 1014 2884 et
1040 2829 1263 2884 homini
1287 2829 1464 2885 livido
1486 2831 1555 2885 ad
1582 2830 1720 2901 quid
1755 2848 1856 2886 au-

206 2934 344 2971 rum
358 2916 386 2971 '?
406 2918 468 2972 Et
484 2926 602 2988 post
619 2918 1027 2988 quatuordecim
1043 2935 1254 2974 versus:
1276 2918 1403 2987 Fili,
1429 2920 1478 2974 si
1527 2919 1729 2990 habes,
1765 2920 1860 2975 be-

203 3006 412 3061 neface
436 3010 712 3074 tecum,et
729 3009 839 3061 Deo
852 3006 1059 3078 dignas
1072 3006 1459 3078 obligationes
1475 3008 1859 3063 ofl‘er.Memor

205 3099 336 3149 esto
359 3094 635 3165 quoniam
664 3111 820 3150 mors
837 3112 952 3150 non
977 3099 1257 3160 tardat,et
1275 3096 1855 3153 testamentuminfe-

204 3200 433 3250 rerum,
466 3182 604 3255 quia
632 3185 1099 3239 demonstratum
1140 3190 1230 3239 est
1258 3184 1404 3240 tibi:
1438 3189 1855 3242 testamentum

203 3272 369 3327 enim
388 3273 568 3343 hujus
585 3272 786 3327 mundi
813 3277 995 3328 morte
1022 3273 1474 3329 morietur.Ante
1491 3279 1738 3330 mortem
1758 3276 1854 3332 be-

202 3362 371 3416 nefac
394 3361 579 3417 amico
602 3366 785 3427 tuo,et
805 3363 1133 3417 secundum
1155 3362 1300 3418 vires
1320 3368 1453 3418 tuas
1480 3364 1855 3437 exporrigens

200 3451 282 3505 da
316 3450 577 3520 pauperi.
613 3454 684 3505 Et
712 3454 827 3521 post
859 3444 1127 3506 sexdecim
1144 3467 1364 3506 versus:
1398 3452 1609 3507 Beatus
1639 3453 1724 3507 vir
1753 3455 1854 3524 qui

198 3538 261 3592 in
298 3537 590 3608 sapientia
619 3539 966 3609 morabitur,
999 3544 1054 3593 et
1082 3540 1184 3610 qui
1209 3539 1268 3595 in
1294 3539 1531 3610 justitia
1570 3558 1678 3596 sua
1727 3558 1852 3597 me-

197 3627 544 3695 ditabitur‘,
578 3632 637 3681 et
665 3627 723 3682 in
758 3644 934 3683 sensu
970 3644 1076 3682 suo
1133 3628 1413 3700 cogitabit
1457 3630 1849 3702 circumspec-

195 3715 423 3770 tionem
454 3716 585 3771 Dei:
619 3715 727 3783 Qui
760 3716 1047 3789 excogitat
1078 3717 1201 3772 vias
1232 3718 1394 3773 illius
1425 3719 1483 3773 in
1516 3720 1689 3773 corde
1719 3736 1849 3788 suo,

191 3812 254 3860 et
285 3806 346 3858 in
378 3805 740 3861 absconditis
770 3804 931 3860 illius
961 3805 1313 3878 intelligens.

268 3896 340 3949 Et
358 3898 481 3966 post
498 3895 701 3965 viginti
719 3897 958 3967 quinque
978 3911 1158 3950 versus
1182 3897 1319 3966 [xv.]
1342 3912 1355 3951 :
1386 3896 1661 3952 Homines
1683 3896 1847 3952 stulti

194 4000 317 4038 non
340 3983 780 4053 apprehendent
810 3981 971 4037 illam
995 4002 1008 4050 ;
1041 3990 1099 4039 et
1128 3983 1395 4039 homines
1417 3985 1635 4040 sensati
1659 3984 1848 4040 obvia-

195 4071 352 4126 bunt
380 4070 485 4125 illi.
520 4072 800 4128 Homines
830 4072 995 4127 stulti
1024 4090 1139 4128 non
1170 4072 1848 4145 videbuntillam;longe

192 4161 358 4216 enim
391 4160 555 4215 abest
586 4177 618 4215 a
647 4161 923 4233 superbia
954 4166 1009 4216 et
1039 4161 1193 4217 dolo.
1225 4162 1347 4216 Viri
1380 4163 1689 4219 mendaces
1729 4180 1842 4218 non

194 4255 374 4305 erunt
392 4266 682 4305 memores
719 4249 876 4304 illius
899 4268 913 4318 ;
938 4254 995 4306 et
1017 4251 1123 4305 viri
1146 4267 1377 4307 veraces
1397 4251 1766 4308 invenientur
1783 4253 1841 4307 in

195 4340 324 4403 illa,
359 4344 415 4394 et
432 4355 770 4394 successum
797 4338 1098 4394 habebunt
1119 4356 1306 4411 usque
1328 4341 1394 4395 ad
1418 4339 1839 4411 inspcctionem

188 4427 318 4483 Dei.
354 4428 480 4481 Non
512 4432 601 4482 est
629 4427 894 4498 speciosa
922 4427 1054 4483 laus
1086 4429 1144 4481 in
1178 4445 1274 4484 ore
1306 4429 1626 4499 peccatoris
1653 4447 1667 4497 ;
1693 4447 1840 4501 quo-

188 4516 352 4570 niam
387 4532 421 4569 a
452 4521 563 4570 Deo
591 4516 853 4586 profecta
881 4520 971 4571 est
1000 4516 1308 4588 sapientia.
1344 4517 1651 4589 Sapientiae
1682 4520 1839 4574 enim

189 4604 291 4660 Dei
314 4605 529 4660 astabit
552 4604 679 4658 laus
705 4622 718 4672 ;
742 4610 798 4659 et
819 4604 878 4659 in
901 4622 999 4660 ore
1023 4606 1175 4660 ﬁdeli
1202 4606 1550 4672 abundabit,
1582 4613 1638 4662 et
1659 4609 1841 4663 domi-

187 4698 364 4748 nator
394 4710 522 4749 eam
558 4692 642 4747 illi
675 4693 857 4748 dabit.
877 4692 1002 4747 Non
1032 4694 1270 4760 dixeris,
1295 4695 1402 4750 Per
1433 4701 1613 4750 Deum
1647 4696 1838 4761 abest;

188 4798 324 4854 qua
344 4782 498 4837 enim
526 4781 648 4837 odit
671 4797 744 4837 ne
766 4780 989 4838 feceris.
1016 4782 1140 4838 Non
1167 4783 1349 4851 dicas,
1390 4783 1489 4840 llle
1511 4800 1603 4839 me
1626 4784 1840 4856 impla-

252 4965 275 5027 ‘_
300 4961 384 5010 Sic
413 4960 607 5022 Regius
629 4959 815 5027 codex
821 4960 980 5027 juxta
1008 4961 1304 5027 Vulgatam.
1339 4963 1475 5013 Editi
1507 4977 1649 5025 vero,
1674 4965 1841 5027 abjice

181 5025 417 5137 gitimam
440 5027 611 5071 tuum:
646 5024 719 5072 uti
751 5025 909 5073 etiam
941 5023 1439 5077 habet—Bibliorum
1491 5023 1659 5078 codex
1715 5023 1838 5080 Cor-

226 5100 407 5136 eiusis.

226 5100 407 5136 8111818.

247 5151 271 5184 ³
300 5150 371 5197 Ex
405 5149 622 5222 Vulgata
656 5151 954 5222 in_excusis
978 5155 1310 5222 expunctum.
1337 5156 1416 5200 est
1445 5152 1597 5207 illud,
1627 5168 1692 5222 ne
1718 5168 1837 5222 con-

181 5226 363 5275 versus
380 5215 477 5260 stet
497 5210 554 5261 in
577 5212 681 5262 loco
711 5219 798 5263 tuo
821 5230 839 5262 :
869 5214 1013 5274 quod
1043 5210 1096 5260 in
1146 5214 1397 5275 omnibus
1444 5216 1838 5275 exemplaribus

180 5274 353 5338 hujus
384 5275 560 5337 operis
590 5279 642 5323 et
673 5277 724 5324 in
764 5276 998 5339 antiquis
1027 5274 1189 5339 Corb.,
1211 5274 1344 5324 Bibl.
1374 5274 1671 5338 reperitur;
1701 5280 1838 5339 posi-

179 5344 302 5388 tum
337 5339 471 5402 forte
503 5352 596 5397 pro
628 5352 690 5385 eo
723 5338 867 5397 quod
898 5338 951 5385 in
982 5351 1157 5401 graeco
1180 5338 1391 5401 legitur,
1414 5340 1497 5385 me
1538 5338 1839 5402 anatrépsas

180 5416 237 5449 se
270 5403 349 5446 sic!
374 5398 457 5460 cpi
488 5404 569 5447 ton
597 5402 746 5460 tapon
772 5415 874 5448 sou.

253 5463 277 5495 ³
307 5461 578 5527 Sic‘etiam
609 5461 734 5511 olim
770 5463 903 5513 Bibl.
934 5463 1087 5512 Corb.
1149 5463 1302 5511 Nunc
1358 5466 1537 5511 autem
1596 5464 1835 5527 Vulgata,

180 5522 489 5643 “ﬂagitat,
518 5598 628 5643 sua,
658 5600 689 5634 a
717 5586 879 5650 Regio
907 5588 1122 5636 codice:
1153 5588 1305 5637 abest
1332 5587 1512 5647 etiam,
1558 5603 1665 5647 suo,
1718 5594 1839 5653 post

183 5662 399 5707 vocem,
426 5661 593 5697 sensu.

1486 291 1588 353 DE
1631 290 2068 356 SCRIPTURA
2110 292 2387 356 SACRA.

2526 262 2537 303 ί
3521 295 3639 357 958

1993 424 2179 480 navit:
2204 443 2316 482 non
2348 427 2503 483 enim
2524 426 2839 484 necessarii
2861 425 3107 483 suntilli
3128 426 3399 482 homines
3446 426 3631 498 impii.

1988 512 2172 569 Omne
2194 521 2697 572 exsecramentum
2725 516 2944 572 erroris
2963 516 3085 571 odit
3106 516 3277 581 Deus,
3302 519 3358 570 et
3380 531 3493 569 non
3526 515 3636 570 erit

1986 602 2238 659 amabile
2267 604 2613 661 timentibus
2644 605 2834 660 illum.
2875 612 3023 660 Deus
3040 606 3113 660 ab
3142 605 3309 659 initio
3333 604 3637 659 constituit

1986 690 2310 753 hominem.
2335 699 2390 748 et
2409 693 2646 765 reliquit
2668 694 2835 748 illum
2861 695 2917 748 in
2946 710 3121 748 manu
3149 692 3376 748 consilii
3401 693 3635 747 sui.Ad-

1978 780 2121 851 jecit
2154 784 2430 838 mandata
2459 788 2515 838 et
2548 788 2834 854 pracepta
2862 800 3005 838 sua:
3041 782 3088 837 si
3120 781 3371 836 volueris
3402 796 3635 836 servare

1985 870 2281 941 mandata,
2314 873 2741 927 conservabunt
2772 877 2846 937 te,
2880 877 2935 926 et
2964 872 3023 925 in
3057 875 3399 941 perpetuum
3460 870 3633 924 [idem

1984 957 2259 1029 placitam
2290 962 2496 1015 facere.
2531 961 2817 1031 Apposuit
2844 960 2946 1015 tibi
2979 976 3191 1031 aquam
3225 964 3281 1013 et
3299 959 3496 1029 ignem
3524 980 3537 1015 ;
3561 959 3633 1014 ad

1984 1050 2138 1118 quod
2156 1049 2311 1104 voles
2336 1051 2564 1124 porrige
2584 1068 2824 1107 manum
2849 1054 3182 1106 tuam.Ante
3207 1051 3501 1105 hominem
3516 1050 3634 1104 vita

1984 1141 2041 1191 et
2064 1139 2463 1203 mors,bonum
2491 1145 2548 1195 et
2571 1140 2791 1194 malum
2811 1158 2822 1206 ;
2841 1140 2995 1211 quod
3018 1138 3302 1210 placuerit
3316 1138 3633 1206 ei,dabitur

1983 1224 2086 1280 illi.
2111 1227 2392 1290 Quoniam
2420 1228 2606 1283 multa
2633 1228 2924 1300 sapientia
2949 1228 3131 1297 Dei,et
3153 1228 3316 1283 fortis
3338 1227 3396 1281 in
3426 1231 3630 1298 poten-

1983 1315 2086 1380 tia,
2130 1316 2332 1372 videns
2390 1334 2595 1373 omnes
2655 1318 2781 1372 sine
2830 1316 3285 1373 intermissione.
3336 1315 3499 1370 Oculi
3528 1315 3626 1372 Dei

1981 1404 2051 1458 ad
2082 1403 2356 1460 timentes
2386 1422 2542 1476 eum,
2572 1410 2627 1461 et
2656 1407 2780 1477 ipse
2813 1409 3091 1478 agnoscet
3117 1420 3351 1460 omnem
3393 1420 3628 1475 operam

1980 1491 2258 1548 hominis.
2291 1494 2521 1549 Nemini
2554 1496 2857 1550 mandavit
2886 1494 3066 1566 impie
3097 1510 3265 1565 agere
3291 1512 3303 1559 ;
3329 1499 3386 1547 et
3407 1492 3632 1547 nemini

1980 1581 2141 1637 dedit
2196 1584 2454 1655 spatium
2516 1585 2815 1655 peccandi.
2876 1588 3001 1640 Non
3061 1583 3215 1638 enim
3268 1582 3632 1654 concupiscit

1981 1671 2421 1728 multitudinem
2453 1674 2705 1729 filiorum
2739 1672 3064 1728 infidelium
3101 1677 3159 1727 et
3188 1671 3509 1727 inutilium.

2050 1762 2211 1833 [xv1.]
2237 1763 2306 1817 Et
2332 1764 2765 1833 nejucunderis
2788 1763 2844 1816 in
2876 1762 3013 1817 ﬁliis
3035 1760 3254 1833 impiis,
3275 1762 3321 1816 si
3349 1760 3628 1831 multipli-

1978 1854 2221 1905 centur:
2256 1867 2370 1905 non
2394 1850 2703 1907 oblecteris
2724 1868 2901 1922 super
2921 1850 3154 1922 ipsos,si
3179 1866 3293 1903 non
3330 1854 3419 1903 est
3449 1850 3628 1904 timor

1978 1939 2076 1992 Dei
2100 1955 2233 1993 cum
2257 1939 2397 1994 illis.
2424 1940 2547 1995 Non
2576 1940 2779 1995 credas
2804 1939 2930 1994 vitae
2956 1938 3213 2004 illorum,
3248 1942 3305 1992 et
3338 1954 3406 1992 ne
3428 1953 3626 2008 respe-

1974 2028 2129 2083 xeris
2161 2028 2219 2082 in
2252 2027 2483 2084 labores
2515 2028 2769 2084 illorum.
2802 2028 3001 2083 Melior
3030 2031 3120 2082 est
3148 2024 3304 2081 enim
3354 2043 3508 2081 unus
3552 2026 3628 2081 ti-

1979 2132 2144 2171 mens
2188 2116 2397 2183 Deum,
2449 2133 2626 2187 quam
2678 2116 2838 2171 mille
2886 2115 3102 2171 ﬁlii:et
3133 2115 3273 2170 utile
3304 2114 3453 2168 mori
3503 2116 3630 2169 sine

1978 2203 2133 2272 ﬁliis,
2168 2222 2346 2276 quam
2380 2206 2710 2277 relinquere
2742 2205 2894 2260 ﬁlios
2926 2204 3160 2275 impios.
3196 2208 3259 2259 Et
3284 2212 3401 2274 post
3428 2204 3628 2271 viginti

1973 2301 2025 2348 et
2054 2311 2225 2348 unum
2254 2311 2481 2350 versus:
2511 2295 2633 2351 Non
2666 2294 2850 2360 dicas,
2880 2295 2924 2349 A
2956 2298 3066 2349 Deo
3097 2293 3427 2349 abscondar
3454 2297 3512 2347 et
3557 2308 3626 2348 ex

1974 2399 2209 2437 summo
2241 2384 2375 2455 quis
2409 2385 2520 2439 mei
2558 2384 3028 2439 memorabitur?

2044 2474 2111 2526 Et
2128 2471 2312 2542 paulo
2330 2477 2446 2542 post
2465 2472 2779 2543 [xvu.]Non
2804 2477 2943 2527 sunt
2963 2472 3250 2527 absconsa
3274 2472 3625 2526 testamenta

1976 2577 2074 2631 per
2094 2560 2465 2631 iniquitatem
2491 2560 2814 2628 illorum,et
2834 2577 3035 2616 omnes
3059 2560 3395 2629 iniquitates
3418 2576 3620 2613 eorum

1970 2648 2027 2701 in
2049 2654 2362 2720 conspectu
2387 2649 2507 2703 Dei.
2536 2649 2910 2721 Eleemosyna
2931 2648 3033 2702 viri
3060 2649 3227 2719 quasi
3250 2646 3621 2718 signaculum

1969 2754 2099 2792 cum
2126 2737 2336 2809 ipso,et
2355 2738 2598 2808 gratiam
2620 2737 2879 2791 hominis
2901 2737 3067 2807 quasi
3089 2735 3370 2808 pupillam
3392 2750 3623 2790 conser-

1968 2827 2125 2881 vabit
2150 2844 2163 2881 :
2195 2830 2250 2880 et
2280 2832 2480 2897 postea
2504 2830 2791 2897 resurget,
2824 2833 2880 2879 et
2911 2826 3191 2880 retribuet
3221 2824 3337 2878 illis
3362 2823 3619 2879 retribu-

1966 2916 2186 2970 tionem
2220 2914 2537 2986 unicuique
2568 2915 2626 2968 in
2662 2919 2839 2986 caput
2870 2914 3128 2979 illorum,
3161 2918 3218 2969 et
3245 2917 3538 2968 convertet
3558 2913 3616 2967 in

1967 3004 2274 3059 interiores
2308 3010 2501 3075 partes
2528 3008 2716 3059 terrea.
2752 3004 3175 3059 Pmnitentibus
3205 3008 3399 3058 autem
3455 3002 3618 3058 dedit

1965 3093 2115 3147 viam
2134 3093 2399 3164 justitiaa,
2424 3098 2479 3148 et
2501 3093 2861 3164 conﬁrmavit
2884 3093 3223 3148 deficientes
3241 3109 3305 3146 su
3317 3092 3618 3154 stinere,et

1965 3181 2285 3236 destinavit
2304 3180 2420 3237 illis
2443 3185 2656 3237 sortem
2673 3180 3303 3236 veritatis.Convertere
3315 3180 3384 3234 ad
3406 3180 3612 3247 Deum,

1963 3275 2020 3325 et
2049 3269 2314 3341 relinque
2345 3274 2581 3340 peccata
2613 3274 2746 3324 tua:
2796 3285 3028 3340 precare
3076 3273 3211 3323 ante
3271 3266 3498 3333 faciem,
3547 3269 3608 3321 et

1964 3359 2165 3413 minue
2195 3358 2613 3414 olfendiculum
2642 3364 2678 3413 ί.
2718 3359 3022 3413 Revertere
3044 3358 3115 3412 ad
3152 3362 3353 3423 Deum,
3383 3361 3439 3411 et
3454 3372 3611 3411 aver-

1962 3454 2082 3502 tere
2114 3450 2184 3502 ab
2218 3447 2510 3518 injustitia
2527 3454 2648 3512 tua,
2671 3452 2727 3502 et
2754 3446 2929 3501 nimis
2951 3447 3108 3500 odito
3126 3444 3609 3501 exsecrationem.

1962 3537 2026 3590 Et
2061 3546 2180 3607 post
2211 3553 2406 3591 nomen
2445 3552 2634 3591 versu:
2663 3554 2674 3590 :
2706 3535 2890 3599 Quam
2949 3551 3164 3605 magna
3211 3533 3613 3589 misericordia

1962 3625 2083 3693 Dei,
2117 3631 2174 3680 et
2203 3625 2533 3696 propitiatio
2567 3624 2725 3679 illius
2755 3625 3232 3679 convertentibus
3264 3624 3334 3678 ad
3366 3638 3427 3678 se
3458 3623 3470 3677 l
3496 3626 3613 3678 Nec

1960 3714 2116 3767 enim
2150 3714 2349 3768 omnia
2379 3719 2630 3784 possunt
2659 3730 2787 3769 esse
2820 3713 2879 3767 in
2914 3712 3290 3778 hominibus;
3333 3711 3612 3782 quoniam

1960 3820 2073 3857 non
2107 3808 2195 3858 est
2226 3802 2578 3857 immortalis
2612 3802 2765 3857 [ilius
2797 3802 3071 3858 hominis.

2029 3893 2095 3946 El
2114 3895 2232 3963 post
2252 3894 2487 3963 triginta
2510 3906 2695 3946 versus
2723 3910 2741 3945 :
2776 3890 3304 3962 [xv1u.]Miseretur
3325 3889 3610 3958 excipien-

1957 3980 2105 4035 tium
2130 3981 2455 4036 doctrinam
2480 3980 3067 4051 miserationis,etqui
3084 3980 3362 4035 festinant
3379 3977 3608 4049 injudi-

1956 4069 2061 4125 ciis
2081 4071 2228 4140 ejus.
2258 4069 2382 4135 Fili,
2410 4069 2467 4123 in
2491 4068 2659 4124 bonis
2684 4085 2795 4123 non
2822 4069 2923 4123 des
2947 4066 3267 4138 querelam,
3288 4072 3344 4122 et
3366 4066 3421 4121 iu
3445 4066 3608 4121 omni

1954 4159 2091 4215 dato
2110 4176 2223 4213 non
2258 4160 2360 4213 des
2383 4157 2684 4214 tristitiam
2702 4156 2866 4213 verbi
2906 4155 3065 4212 mali.
3110 4160 3313 4211 Nonne
3335 4156 3603 4211 ardorem

1953 4247 2319 4319 refrigerabit
2340 4247 2469 4303 ros?
2493 4248 2586 4303 Sic
2607 4251 2665 4302 et
2686 4246 2927 4302 verbum
2954 4245 3161 4301 melius
3176 4261 3351 4316 quam
3375 4245 3601 4300 datum.

1951 4341 2296 4392 Nonneecce
2318 4337 2556 4391 verbum
2572 4353 2751 4406 supra
2767 4336 2968 4391 datum
2985 4334 3292 4390 bonum?et
3313 4337 3563 4405 utraque
3580 4334 3603 4369 ³

1951 4442 2084 4481 cum
2103 4421 3599 4495 hominejustificato.Stultusacriterimproperabit,

1950 4519 2006 4569 et
2034 4515 2210 4569 datus
2242 4513 2663 4584 indisciplinati
2700 4514 2995 4568 tabescere
3027 4512 3163 4567 facit
3193 4511 3416 4566 oculos.
3448 4514 3597 4566 Ante

1942 4603 2230 4674 judicium
2258 4603 2691 4675 parajustitiam
2709 4603 2900 4671 tibi,et
2913 4606 3224 4671 antequam
3243 4599 3502 4671 loquaris
3515 4599 3601 4655 di-

1950 4709 2065 4747 sce.
2101 4693 2167 4746 Et
2195 4696 2327 4747 ante
2360 4692 2700 4763 languorem
2730 4691 2940 4747 adhibe
2972 4688 3346 4755 medicinam,
3380 4693 3438 4744 et
3466 4693 3602 4745 ante

1940 4780 2232 4852 judicium
2258 4782 2552 4851 interroga
2573 4781 2825 4851 teipsum
2853 4797 2865 4847 ;
2890 4778 3024 4833 etin
3050 4784 3365 4849 conspectu
3392 4777 3596 4833 Deiin-

1954 4870 2151 4926 venies
2165 4868 2756 4940 propitiationem.An
2776 4872 2829 4923 te
2851 4867 3190 4940 languorem
3224 4867 3475 4923 humilia
3518 4871 3595 4937 te,

1948 4964 2004 5015 et
2033 4958 2091 5013 in
2114 4963 2374 5029 tempore
2404 4956 2766 5013 infirmitatis
2798 4958 3040 5013 ostende
3093 4957 3593 5013 conversationem

1948 5055 2130 5105 tuam.
2160 5048 2284 5103 Non
2309 5046 2651 5119 impediaris
2673 5062 2837 5102 orare
2857 5064 3117 5118 semper,
3139 5051 3196 5102 et
3217 5064 3329 5101 non
3348 5044 3600 5101 verearis

1950 5154 2137 5208 usque
2169 5138 2241 5193 ad
2278 5142 2521 5193 mortem
2550 5136 2904 5206 justiﬁcari;
2937 5136 3217 5208 quoniam
3252 5151 3469 5191 merces
3497 5133 3598 5189 Dei

2012 5343 2024 5378 ι
2047 5343 2314 5406 Consonat
2342 5356 2592 5406 graecum.
2614 5343 2677 5391 At
2706 5345 2931 5405 Vulgata
2962 5345 3202 5406 przefert.»
3221 5352 3432 5406 precare
3460 5340 3581 5406 ante

1946 5405 2135 5467 faciem
2172 5402 2389 5462 Domini,
2422 5407 2671 5468 etrminue
2700 5402 3010 5468 o/Iendiculn
3030 5420 3048 5451 :
3080 5404 3273 5468 Regius
3305 5402 3421 5468 Ms,
3467 5404 3587 5450 ante

1946 5465 2134 5531 faciem
2163 5469 2291 5528 eius.
2328 5470 2381 5515 In
2414 5465 2758 5531 subsequent:
2794 5468 3054 5516 versiculo
3085 5467 3222 5515 idem
3254 5465 3418 5514 codex
3468 5478 3591 5514 cum

1946 5529 2277 5587 Carnuteusi,
2313 5530 2463 5592 Refer
2491 5534 2537 5577 te
2562 5529 2633 5576 ad
2669 5530 2842 5577 Deum.
2877 5532 3034 5578 l’avet
3061 5542 3221 5592 graec.
3251 5540 3494 5592 epanage.

2009 5595 2133 5657 illa
2163 5589 2561 5657 Mss._et'Corb.
2613 5592 2738 5642 Bibl.
2774 5594 2928 5657 juxta
2975 5589 3130 5651 ιιι-ὦς.
3184 5592 3251 5641 At
3289 5589 3430 5640 editi
3468 5602 3589 5640 cum

1946 5655 2187 5719 Vulgata,
2222 5655 2315 5705 sed
2340 5658 2574 5719 utraque.

3970 4780 3979 4929 l
