4042 6190
431 348 550 409 975

432 481 562 551 ejus
581 497 595 550 ;
615 482 672 535 et
690 493 880 543 servo,
903 477 1055 534 sicut
1072 475 1348 532 dominus
1362 474 1577 546 ejus.Si
1596 473 2083 546 patremfamilias

431 568 754 625 Beelzebud
772 570 1297 635 vocaverunt,quan
1306 568 1361 618 to
1376 562 1553 634 magis
1566 562 1912 619 domesticos
1926 563 1976 634 ej
1986 563 2085 618 us?

432 660 517 716 Ne
533 675 669 731 ergo
701 655 1017 712 timueritis
1048 670 1164 709 eos.
1198 652 1285 707 Nil
1317 652 1474 707 enim
1508 657 1775 723 opertum
1801 656 1890 707 est
1924 653 2082 723 quod

432 764 548 805 non
573 746 942 811 revelabitur,
967 742 1331 798 etoccultum
1360 742 1512 813 quod
1539 758 1652 797 non
1677 741 2082 804 scietur.Quod

430 839 559 893 dico
590 835 753 891 vobis
784 834 841 888 in
873 833 1154 898 tenebris,
1188 831 1360 885 dicite
1392 831 1450 885 in
1484 830 1708 885 lumine
1733 849 1745 891 ;
1771 835 1825 885 et
1848 832 2002 903 quod
2025 831 2081 885 in

430 944 570 983 aure
593 923 829 991 auditis,
851 921 1153 995 praedicate
1174 937 1354 993 super
1384 924 1553 975 tecta.
1590 922 1657 974 Et
1681 919 1858 975 nolite
1880 920 2084 976 timere

428 1032 526 1071 eos
549 1015 645 1086 qui
666 1012 941 1068 occidunt
962 1010 1462 1082 corpus,animam
1491 1013 1686 1065 autem
1704 1026 1819 1065 non
1838 1014 2086 1080 possunt

431 1103 730 1159 occidere:
767 1101 864 1156 sed
900 1100 1099 1172 potius
1131 1116 1265 1154 eum
1297 1098 1519 1167 timete,
1544 1098 1639 1168 qui
1669 1102 1863 1168 potest
1880 1102 1937 1153 et
1959 1097 2083 1153 ani-

430 1209 585 1249 mam
610 1196 889 1261 cteorpus
910 1188 1225 1259 perderein
1245 1187 1805 1259 gehennam.Nonne
1827 1188 1941 1242 duo
1956 1204 2085 1257 pas-

430 1301 587 1341 seres
618 1299 747 1338 asse
772 1285 1049 1348 veneunt,
1081 1284 1137 1335 et
1167 1296 1320 1334 unus
1353 1294 1421 1333 ex
1442 1278 1562 1333 illis
1588 1295 1701 1333 non
1718 1279 1887 1334 cadet
1909 1295 2085 1348 super

431 1379 642 1431 terram
669 1372 796 1427 sine
814 1370 981 1425 Patre
1000 1367 1233 1424 vestro?
1256 1367 1442 1423 Vestri
1467 1372 1662 1421 autem
1689 1371 1745 1421 et
1765 1366 1958 1438 capilli
1984 1382 2083 1422 ca-

431 1463 569 1536 pitis
591 1476 794 1517 omnes
817 1458 1108 1515 numerati
1131 1456 1483 1513 sunt.Nolite
1500 1472 1634 1528 ergo
1650 1455 2082 1523 timere;mullis

429 1551 768 1624 passeribus
792 1548 1061 1604 meliores
1075 1547 1215 1602 estis
1235 1545 1571 1601 vos.0mnis
1586 1561 1720 1616 ergo
1739 1546 1837 1616 qui
1853 1547 2083 1600 conﬁte-

432 1641 590 1696 bitur
610 1655 703 1694 me
726 1654 918 1692 coram
944 1635 1305 1700 hominibus,
1326 1634 1714 1689 confitcboret
1730 1649 1833 1704 ego
1852 1650 2085 1687 cumco-

430 1746 557 1787 ram
581 1730 750 1783 Patre
773 1717 901 1782 meo
923 1725 1019 1796 qui
1046 1724 1103 1778 in
1129 1723 1287 1779 emlis
1310 1726 1416 1778 est.
1440 1721 1546 1787 Qul
1566 1727 1764 1777 autem
1788 1722 2087 1793 negaverit

434 1836 528 1875 me
542 1834 735 1874 coram
760 1813 1355 1884 hominibus,negabo
1369 1816 1539 1883 etego
1554 1828 1685 1865 eum
1702 1827 1892 1865 coram
1918 1815 2085 1865 Patre

434 1906 563 1965 meo
596 1906 694 1978 qui
723 1906 782 1959 in
817 1903 977 1959 caelis
1007 1906 1114 1958 est.
1152 1901 1335 1959 Nolite
1364 1900 1633 1956 arbitrari
1668 1900 1806 1971 quia
1827 1900 2083 1954 venerim

438 2013 641 2070 pacem
675 1994 903 2049 mittere
934 1996 991 2046 in
1022 1996 1238 2046 terram
1265 2008 1277 2046 :
1314 2007 1427 2045 non
1459 1990 1586 2044 veni
1606 2005 1806 2059 pacem
1832 1988 2082 2059 mittere,

440 2086 541 2141 sed
565 2080 995 2156 gladium.Veni
1015 2080 1172 2135 enim
1197 2094 1467 2151 separare
1489 2077 1786 2134 hominem
1805 2078 2084 2132 adversus

437 2178 662 2246 patrem
694 2187 894 2237 suum,
925 2173 983 2225 et
1013 2168 1195 2223 ﬁliam
1228 2168 1507 2223 adversus
1539 2170 1786 2221 matrem
1812 2182 2003 2235 suam,
2027 2170 2084 2221 et

434 2278 649 2319 nurum
669 2261 737 2315 ad
751 2275 945 2315 versus
968 2272 1201 2312 socrum
1236 2272 1405 2311 suam
1432 2273 1446 2324 ;
1472 2260 1528 2310 et
1547 2255 1773 2309 inimici
1803 2255 2080 2321 hominis,

434 2348 736 2407 domestici
766 2349 915 2419 ejus.
947 2345 1053 2410 Qui
1088 2349 1249 2400 amat
1279 2348 1504 2417 patrem
1536 2348 1638 2398 aut
1660 2347 1908 2399 matrem
1945 2342 2081 2415 plus

431 2454 609 2510 quam
632 2452 869 2503 me,non
892 2438 980 2490 est
1002 2449 1091 2488 me
1114 2432 1347 2504 dignus:
1367 2436 1429 2487 et
1448 2430 1549 2502 qui
1572 2436 1730 2486 amat
1752 2430 1935 2486 filium
1981 2435 2082 2486 aut

430 2526 612 2582 ﬁliam
636 2539 814 2596 super
831 2539 942 2591 me,
967 2539 1083 2577 non
1098 2526 1185 2576 est
1209 2537 1300 2575 me
1323 2520 1633 2591 dignus.Et
1654 2519 1751 2590 qui
1782 2536 1893 2574 non
1928 2520 2080 2575 acci-

428 2616 516 2688 pit
535 2629 767 2671 crucem
790 2628 956 2667 suam
982 2615 1039 2666 et
1062 2610 1329 2681 sequitur
1352 2625 1465 2675 me,
1490 2626 1604 2664 non
1629 2613 1822 2664 estme
1843 2609 2077 2681 dignus.

429 2703 536 2768 Qui
559 2701 781 2757 invenit
801 2700 1058 2755 animam
1084 2699 1487 2771 suam,perdet
1506 2697 1754 2766 illam;et
1770 2698 1867 2769 qui
1884 2698 2080 2769 perdi-

430 2795 581 2851 derit
606 2793 865 2850 animam
897 2808 1068 2846 suam
1102 2794 1340 2862 propter
1371 2805 1483 2855 me,
1517 2789 1771 2843 inveniet
1793 2805 1939 2844 eam.
1973 2788 2081 2853 Qui

430 2883 638 2955 recipit
660 2899 783 2951 vos,
819 2897 912 2936 me
943 2879 1187 2950 recipit;
1221 2882 1278 2934 et
1308 2878 1407 2950 qui
1449 2893 1540 2932 me
1598 2878 1825 2949 recipit,
1876 2878 2083 2949 recipit

431 2990 564 3029 eum
594 2972 693 3043 qui
722 2987 815 3026 me
836 2969 1013 3024 misit.
1045 2967 1151 3032 Qui
1175 2966 1381 3038 recipit
1397 2966 1736 3038 prophetam
1761 2966 1820 3021 in
1844 2967 2081 3022 nomine

432 3061 753 3135 prophetae,
778 3059 1106 3114 mercedem
1134 3056 1426 3128 prophetas
1445 3056 1713 3127 accipiet:
1743 3060 1799 3110 et
1820 3056 1915 3127 qui
1934 3056 2080 3111 reci-

433 3152 761 3224 pitjustum
786 3148 844 3203 in
866 3146 1282 3216 nominejusti,
1304 3146 1631 3200 mercedem
1649 3144 1796 3215 justi
1811 3145 2077 3215 accipiet.

430 3243 498 3297 Et
520 3240 876 3311 quicumque
897 3240 1099 3309 potum
1122 3234 1349 3290 dederit
1372 3233 1473 3289 uni
1513 3250 1581 3289 ex
1622 3233 1885 3289 minimis
1925 3233 2077 3301 istis,

433 3329 674 3386 calicem
698 3344 863 3399 aquas
890 3325 1109 3397 frigidm
1133 3328 1361 3379 tantum
1414 3323 1475 3377 in
1508 3323 1743 3379 nomine
1775 3323 2076 3395 discipuli,

429 3434 600 3474 amen
621 3417 748 3472 dico
773 3415 959 3483 vobis,
983 3429 1097 3468 non
1127 3412 1329 3483 perdet
1351 3412 1677 3467 mercedem
1707 3429 1897 3467 suam.

500 3544 565 3596 Et
598 3541 761 3612 paulo
804 3543 921 3611 post
944 3538 1069 3607 [XL]
1093 3552 1106 3590 :
1131 3536 1231 3591 Cui
1267 3539 1463 3590 autem
1487 3534 1743 3591 similem
1776 3537 2076 3594 aestimabo

430 3623 1308 3703 generationemistam?Similis
1329 3628 1419 3679 est
1444 3624 1640 3695 pueris
1654 3625 1996 3683 sedentibus
2014 3627 2073 3682 in

429 3719 574 3787 fore,
604 3718 699 3789 qui
733 3716 1055 3772 clamantes
1086 3711 1478 3784 coaequalibus
1499 3713 1721 3768 dicunt:
1745 3714 2075 3771 Cecinimus

430 3808 614 3875 vobis,
640 3810 697 3862 et
716 3821 829 3861 non
853 3802 1110 3869 saltatis;
1135 3800 1608 3871 lamentavimus,
1631 3806 1821 3858 etnon
1846 3802 2075 3873 planxi-

430 3898 560 3954 stis.
592 3896 764 3953 Venit
788 3894 942 3951 enim
972 3894 1230 3949 Joannes
1259 3906 1443 3962 neque
1476 3891 1859 3960 manducans,
1885 3910 2075 3960 neque

428 3988 671 4055 bibens;
697 3985 991 4042 etdiount:
1014 3981 1952 4037 Daemoniumhabet.VenitFilius
1969 3982 2073 4039 ho-

426 4078 605 4133 minis
628 4074 1012 4139 manducans,
1038 4076 1094 4126 et
1135 4071 1370 4126 bibens:
1396 4075 1454 4125 et
1475 4071 1675 4126 dicunt
1696 4088 1707 4126 :
1735 4072 1875 4127 Ecce
1897 4072 2071 4128 homo

420 4184 614 4233 vorax,
648 4170 705 4220 et
738 4167 961 4235 potator
987 4161 1127 4227 vini,
1153 4159 1600 4232 publicanorum
1627 4164 1684 4215 et
1703 4165 2071 4232 peccatorum

421 4257 739 4313 amicus.Et
758 4251 1082 4323 justiﬁeata
1108 4256 1195 4305 est
1213 4249 1501 4321 sapientia
1519 4266 1549 4302 a
1570 4249 1705 4304 ﬁliis
1723 4252 2072 4322 suis.Etpost

414 4345 742 4417 paululum:
762 4340 966 4395 Venite
984 4340 1052 4393 ad
1079 4354 1403 4409 me,emnes
1431 4338 1530 4409 qui
1549 4339 1909 4405 laboratis,et
1929 4358 2069 4397 one-

420 4436 529 4491 rati
561 4433 701 4489 estis
733 4457 745 4498 ;
772 4435 829 4486 et
859 4446 963 4500 ego
996 4428 1248 4482 reliciam
1285 4444 1402 4482 vos.
1426 4428 1851 4500 Tollitejugum
1872 4447 2065 4486 meum

420 4541 599 4597 super
617 4538 739 4591 vos,
766 4524 823 4575 et
846 4519 1054 4574 discite
1081 4534 1113 4571 a
1136 4533 1228 4571 me
1248 4517 1389 4587 quia
1411 4517 1567 4572 mitis
1595 4534 1727 4573 sum
1751 4524 1807 4573 et
1826 4518 2070 4577 humilis

420 4614 673 4680 corde;et
689 4608 992 4666 invenietis
1013 4605 1273 4678 requiem
1288 4606 1598 4661 animabus
1616 4608 2068 4682 vestris.Jugum

420 4701 579 4757 enim
611 4714 807 4754 meum
840 4711 1013 4752 suave
1043 4698 1151 4760 est,
1187 4697 1243 4749 et
1272 4710 1423 4748 onus
1455 4710 1650 4749 meum
1687 4694 1811 4751 leve
1841 4703 1945 4753 est.

495 4827 627 4879 Item
646 4827 761 4894 post
780 4822 1069 4893 paululum
1094 4821 1275 4891 [3:11.]:
1322 4819 1376 4873 Si
1424 4824 1616 4874 autem
1661 4821 1890 4880 sciretis
1928 4825 2066 4895 quid

422 4911 997 4981 est,Miscricordiam
1018 4909 1229 4976 volo,et
1248 4925 1360 4963 non
1379 4909 2066 4985 sacriﬁcium,nunquam

421 5000 924 5058 eondemnassetis
960 5001 1318 5053 innocentes.
1351 5002 1418 5053 Et
1443 5007 1569 5067 post
1597 5001 1885 5070 paululum
1912 5018 1925 5057 :
1959 5003 2066 5067 Qui

416 5108 534 5148 non
559 5092 649 5145 est
673 5104 923 5156 mecum,
946 5091 1145 5143 contra
1170 5104 1261 5142 me
1282 5092 1399 5154 est;
1422 5092 1478 5142 et
1500 5089 1599 5159 qui
1624 5107 1735 5144 non
1752 5099 2067 5164 congregat

414 5198 670 5249 mecum,
704 5176 948 5250 spargit.
970 5178 1100 5231 Ideo
1129 5178 1255 5231 dico
1275 5177 1460 5245 vobis,
1486 5194 1656 5233 omne
1683 5189 1986 5250 peccatum
2009 5187 2066 5237 et

411 5268 780 5342 blasphemia
812 5264 1144 5321 remittetur
1170 5264 1548 5321 hominibus:
1583 5268 1835 5339 Spiritus
1866 5275 2063 5326 autem

411 5358 779 5431 blasphemia
793 5373 907 5411 non
924 5352 1712 5427 remittetur.thuicumque
1728 5358 2066 5414 dixeritver-

414 5450 555 5503 bum
584 5452 787 5503 contra
812 5444 1025 5506 Filium
1050 5439 1330 5507 hominis,
1357 5442 1687 5499 remittetur
1709 5446 1757 5499 ei
1788 5464 1799 5502 :
1838 5447 1937 5519 qui
1962 5466 2065 5502 au-

416 5542 531 5592 tem
556 5536 762 5591 dixerit
779 5539 981 5591 contra
994 5530 1275 5603 Spiritum
1300 5537 1711 5602 sanctum,non
1738 5540 2066 5594 remittetur

418 5626 493 5693 ei,
518 5641 704 5696 neque
727 5625 787 5679 in
815 5624 924 5679 hoc
943 5619 1174 5691 saeculo,
1196 5636 1382 5693 neque
1410 5621 1469 5676 in
1495 5622 1711 5679 futuro.
1754 5628 1863 5681 Aut
1892 5627 2063 5684 facite

422 5715 686 5773 arborem
706 5714 940 5782 bonam,
977 5716 1033 5768 et
1052 5711 1309 5768 fructum
1331 5711 1460 5783 ejus
1486 5712 1705 5768 bonum
1729 5731 1742 5783 ;
1774 5719 1874 5771 aut
1894 5717 2063 5775 facite

1636 344 1699 403 S.
1749 342 2174 403 AUGUSTINI
2221 342 2642 406 SPECULUM

3671 352 3767 411 916

2189 475 2455 532 arborem
2490 475 2728 545 malam,
2760 479 2818 533 et
2846 477 3103 532 fructum
3135 478 3263 548 ejus
3287 476 3765 552 malumzsiquidem

2187 580 2255 619 ex
2278 565 2472 619 fructu
2510 566 2685 620 arbor
2715 566 3112 638 cognoscitur.
3141 566 3443 639 Progenies
3464 567 3766 639 viperarum,

2188 653 2480 723 quomodo
2508 655 2755 725 potestis
2785 655 2939 710 bona
2968 654 3151 727 loqui,
3186 671 3317 710 cum
3364 655 3484 711 sitis
3518 656 3770 712 maliiEx
3808 722 3809 725 η

2188 743 2548 798 abundantia
2579 745 2732 798 enim
2769 745 2961 800 cordis
2993 760 3057 799 os
3086 742 3367 816 loquitur.
3398 743 3577 800 Bonus
3626 745 3772 802 homo

2189 832 2260 886 de
2289 832 2442 887 bono
2468 832 2745 887 thesauro
2778 832 2970 888 cordis
3000 831 3091 887 sui
3120 833 3338 905 profert
3365 832 3538 887 bona’
3560 850 3573 899 ;
3597 836 3647 888 et
3671 850 3774 888 ma-

2188 920 2281 975 lus
2312 920 2486 975 homo
2517 922 2587 976 de
2620 920 2774 977 malo
2806 921 3079 977 thesauro
3110 922 3325 992 profert
3352 920 3518 977 mala.
3546 920 3669 977 Dico
3695 940 3777 977 au-

2188 1014 2306 1064 tem
2339 1009 2524 1080 vobis,
2558 1011 2837 1081 quoniam
2867 1028 3041 1067 omne
3084 1011 3324 1067 verbum
3375 1010 3610 1066 otiosum
3654 1013 3777 1083 quod

2189 1098 2367 1154 locuti
2394 1100 2613 1154 fuerint
2635 1100 2926 1168 homines,
2953 1101 3200 1156 reddent
3224 1100 3502 1156 rationem
3534 1100 3599 1155 de
3644 1115 3701 1156 eo
3735 1102 3782 1155 in

2188 1189 2281 1243 die
2302 1189 2538 1259 judicii.
2573 1193 2652 1243 Ex
2681 1189 2871 1245 verbis
2907 1190 3063 1245 enim
3096 1190 3215 1245 tuis
3237 1188 3648 1260 iustiﬁcaberis,
3668 1194 3714 1245 et
3732 1207 3785 1245 ex

2187 1277 2379 1333 verbis
2408 1277 2526 1333 tuis
2559 1279 3071 1335 condemnaberis.

2262 1370 2458 1436 Etpost
2476 1368 2823 1439 aliquantum
2844 1368 3012 1439 [xv.]:
3040 1368 3273 1435 Audite,
3293 1366 3666 1439 etintelligite.
3686 1368 3785 1422 Non

2189 1459 2340 1525 quod
2374 1457 2554 1511 intrat
2583 1456 2642 1510 in
2676 1473 2761 1524 os,
2796 1458 3139 1528 coinquinat
3168 1457 3500 1513 hominem:
3529 1457 3621 1512 sed
3664 1456 3788 1527 quod

2188 1545 2449 1615 procedit
2473 1562 2540 1599 ex
2559 1559 2677 1611 ore,
2706 1545 2812 1600 hoc
2852 1545 3196 1616 coinquinat
3224 1546 3539 1602 hominem.
3579 1546 3637 1599 Et
3658 1547 3788 1615 paulo

2183 1638 2345 1704 post:
2373 1634 2756 1704 Respondeas
2788 1638 2982 1690 autem
3006 1634 3230 1704 Petrus,
3255 1635 3399 1689 dixit
3444 1635 3515 1689 ei.
3563 1634 3789 1689 Edissere

2189 1723 2360 1778 nobis
2390 1723 2724 1793 parabolam
2758 1723 2953 1778 istam.
2981 1729 3058 1779 At
3087 1724 3185 1779 ille
3216 1724 3382 1790 dixit,
3412 1724 3610 1780 Adhuc
3639 1730 3687 1777 et
3714 1740 3791 1777 vos

2190 1811 2318 1866 sine
2336 1810 2630 1867 intellectu
2654 1812 2969 1867 estis?Non
2990 1812 3317 1885 intelligitis
3329 1812 3467 1885 quia
3484 1828 3647 1867 omne
3665 1812 3791 1883 quod

2189 1899 2248 1954 in
2276 1918 2341 1955 os
2364 1901 2627 1963 intrat,in
2651 1905 2913 1956 ventrem
2934 1902 3114 1970 vadit,
3137 1907 3193 1957 et
3210 1903 3269 1958 in
3291 1918 3585 1958 secessum
3610 1901 3796 1956 emitti-

2190 1994 2287 2044 tur
2311 2006 2324 2044 :
2346 2006 2473 2060 quis
2496 1995 2689 2045 autem
2712 1992 3037 2061 procedunt
3059 1992 3128 2047 de
3151 2008 3269 2059 ore,
3294 1992 3369 2047 de
3391 1992 3560 2046 corde
3599 1994 3798 2057 exeunt,

2188 2082 2247 2133 et
2270 2094 2337 2133 ea
2360 2077 2703 2150 coinquinat
2724 2079 3023 2135 hominem
3050 2079 3077 2133 ‘I
3108 2081 3183 2135 De
3205 2081 3379 2135 corde
3420 2080 3573 2136 enim
3620 2085 3799 2135 exeunt

2188 2168 2569 2239 cogitationes
2596 2167 2783 2236 malae,
2843 2168 3180 2237 homicidia,
3239 2168 3550 2236 adulteria,
3594 2168 3801 2223 fornica-

2185 2256 2397 2323 tiones,
2421 2257 2753 2322 furta,falsa
2775 2257 3673 2329 testimonia,blasphemia.Hzec
3690 2263 3801 2313 sunt

2188 2362 2313 2416 quae
2344 2346 2725 2417 coinquinant
2746 2345 3079 2402 hominem:
3114 2364 3229 2403 non
3249 2347 3387 2404 lotis
3429 2352 3618 2403 autem
3649 2347 3802 2403 mani-

2185 2434 2300 2489 bus
2343 2435 2721 2503 manducare,
2757 2452 2870 2490 non
2903 2436 3246 2507 coinquinat
3274 2436 3596 2493 hominem.

2256 2524 2391 2579 Item
2410 2526 2535 2594 post
2555 2524 2915 2593 aliquantum
2934 2525 3287 2596 [xv1.]:Tunc
3308 2526 3638 2582 dixitJesus
3655 2526 3801 2581 disci-

2186 2611 2343 2683 pulis
2367 2612 2512 2682 suis,
2546 2612 2601 2665 Si
2651 2613 2785 2684 quis
2834 2613 2959 2669 vult
3000 2618 3132 2685 post
3169 2631 3263 2669 me
3297 2615 3518 2683 venire,
3568 2615 3801 2685 abneget,

2185 2699 2588 2771 semetipsum,
2643 2706 2699 2757 et
2747 2701 2914 2756 tollat
2958 2718 3191 2757 crucem
3234 2720 3431 2769 suam,
3465 2708 3522 2759 et
3561 2709 3805 2775 sequatur

2187 2805 2296 2844 me.
2323 2790 2430 2856 Qui
2454 2789 2608 2844 enim
2630 2789 2879 2845 voluerit
2900 2792 3156 2847 animam
3180 2809 3353 2847 suam
3380 2793 3601 2849 salvam
3626 2793 3802 2859 facere,

2187 2878 2388 2949 perdet
2418 2893 2546 2933 eam
2578 2897 2591 2937 :
2624 2880 2722 2950 qui
2766 2885 2962 2935 autem
2997 2881 3319 2952 perdiderit
3350 2882 3608 2938 animam
3663 2900 3802 2938 suam

2186 2973 2423 3038 propter
2453 2983 2563 3035 me,
2597 2968 2854 3023 inveniet
2882 2986 3032 3024 eam.
3068 2971 3215 3035 Quid
3247 2970 3408 3027 enim
3442 2973 3675 3043 prodest
3716 2972 3805 3026 ho-

2187 3056 2350 3126 mini,
2382 3056 2432 3110 si
2466 3058 2756 3112 mundum
2792 3058 3127 3114 universum
3162 3058 3447 3131 lucretur,
3474 3062 3677 3117 animae
3694 3076 3802 3115 vero

2185 3162 2302 3200 sua:
2334 3145 2748 3201 detrimentum
2784 3147 3089 3217 patiatur?
3119 3152 3218 3204 aut
3248 3166 3433 3221 quam
3474 3151 3635 3206 dabit
3660 3149 3807 3205 homo

2183 3235 2706 3291 commutationem
2739 3253 2841 3307 pro
2883 3237 3080 3292 anima
3131 3238 3282 3293 sua?
3338 3238 3526 3295 Filius
3581 3238 3807 3295 hominis

2181 3328 2462 3379 venturus
2493 3328 2581 3379 est
2610 3323 2667 3378 in
2702 3324 2889 3396 gloria
2922 3326 3112 3381 Patris
3132 3327 3225 3382 sui
3247 3344 3385 3383 cum
3408 3328 3644 3401 Angelis
3679 3328 3802 3395 suis,

2182 3416 2239 3467 et
2269 3416 2407 3467 tunc
2440 3413 2639 3468 reddet
2669 3413 2990 3485 unicuique
3018 3415 3346 3471 secundum
3380 3433 3563 3488 opera
3580 3418 3719 3488 ejus.

2251 3501 2383 3556 Item
2401 3502 2714 3572 aliquando
2736 3511 2858 3573 post
2878 3504 3105 3575 [xvm.):
3132 3505 3315 3559 Amen
3339 3505 3474 3561 dico
3498 3508 3678 3574 vobis,
3709 3505 3801 3561 nisi

2181 3590 2442 3647 conversi
2471 3591 2786 3660 fueritis,et
2808 3592 3151 3648 efﬁciamini
3172 3594 3326 3649 sicut
3342 3595 3710 3667 parvuli,non
3731 3595 3805 3650 in-

2178 3680 2413 3735 trabitis
2432 3679 2492 3735 in
2514 3696 2759 3753 regnum
2786 3680 3466 3754 cmlorquuicumque
3488 3701 3625 3757 ergo
3646 3684 3812 3740 humi-

2178 3768 2406 3824 liaverit
2427 3785 2489 3825 se
2510 3770 2659 3825 sicut
2679 3769 2957 3842 parvulus
2979 3770 3210 3838 iste,hic
3242 3776 3333 3827 est
3358 3775 3553 3845 major
3570 3773 3628 3829 in
3655 3789 3806 3847 regno

2179 3858 2554 3914 ccelorum.Et
2574 3860 2673 3931 qui
2698 3859 3219 3931 susceperitunum
3244 3861 3563 3932 parvulum
3586 3864 3806 3919 talemin

2179 3949 2416 4004 nomine
2437 3964 2584 4014 meo,
2613 3964 2704 4003 me
2725 3948 3105 4021 suscipit.Qui
3128 3954 3325 4005 autem
3349 3952 3810 4007 scandalizaverit

2179 4055 2363 4094 unum
2386 4039 2454 4093 de
2477 4038 2707 4109 pusillis
2729 4038 2879 4109 istis,
2902 4040 3001 4110 qui
3020 4039 3075 4093 in
3102 4055 3193 4094 me
3215 4041 3488 4107 credunt,
3512 4043 3735 4114 expedit
3764 4042 3805 4096 ei

2177 4130 2242 4182 ut
2260 4128 2656 4197 suspendatur
2672 4125 2826 4182 mola
2838 4127 3094 4182 asinaria
3115 4128 3174 4182 in
3193 4128 3344 4184 collo
3364 4131 3586 4200 ejus,et
3602 4131 3804 4187 demer-

2176 4222 2349 4289 gatur
2376 4216 2436 4271 in
2459 4217 2816 4288 profundum
2841 4217 3039 4272 maris.
3070 4220 3163 4272 Vae
3189 4220 3413 4275 mundo
3436 4238 3471 4276 a
3495 4220 3807 4276 scandalis?

2175 4306 2423 4362 Necesse
2442 4310 2530 4361 est
2550 4306 2703 4361 enim
2727 4310 2792 4361 ut
2818 4305 3055 4362 veniant
3080 4308 3356 4364 scandala
3379 4325 3393 4363 :
3419 4316 3802 4367 verumtamen

2174 4414 2255 4451 vae
2283 4396 2506 4452 homini
2530 4413 2631 4468 per
2646 4412 2819 4467 quem
2843 4396 3186 4452 scandalum
3208 4397 3383 4453 venit!
3406 4399 3463 4454 Si
3485 4405 3677 4456 autem
3701 4416 3806 4455 ma-

2177 4504 2287 4541 nus
2308 4490 2409 4540 tua
2433 4485 2517 4541 vel
2545 4502 2646 4556 pes
2670 4490 2808 4540 tuus
2833 4485 3192 4541 scandalizat
3209 4491 3285 4556 te,
3310 4489 3553 4545 abscide
3578 4506 3731 4555 eum,
3753 4492 3801 4543 et

2175 4576 2387 4647 projice
2406 4575 2510 4630 abs
2532 4579 2588 4629 te
2638 4579 2861 4629 Bonum
2884 4579 2974 4629 est
2995 4574 3099 4629 tibi
3124 4576 3195 4629 ad
3218 4579 3393 4632 vitam
3418 4577 3645 4651 ingredi
3663 4578 3805 4634 dehi-

2174 4664 2290 4721 lem
2312 4664 2397 4719 vel
2419 4663 2691 4719 claudum
2710 4664 2731 4697 ²
2750 4679 2927 4733 quam
2959 4664 3105 4719 duas
3127 4680 3343 4721 manus
3362 4666 3451 4722 vel
3476 4668 3623 4723 duos
3644 4668 3803 4740 pedes

2174 4754 2485 4809 habentem
2510 4751 2657 4807 mitti
2682 4752 2739 4805 in
2764 4752 2956 4820 ignem
2978 4755 3362 4809 aaternum.Et
3382 4755 3432 4811 si
3452 4752 3662 4812 Oculus
3683 4761 3805 4811 tuus

2173 4841 2529 4899 scandalizat
2550 4846 2767 4910 te,erue
2784 4858 2941 4908 eum,
2965 4847 3021 4896 et
3042 4842 3257 4913 projice
3272 4844 3376 4898 abs
3400 4845 3707 4901 te.Bonum
3725 4849 3803 4899 est

2172 4931 2273 4986 tibi
2301 4947 2432 4985 cum
2463 4947 2578 4984 uno
2595 4928 2761 4984 oculo
2786 4929 2843 4982 in
2862 4930 3040 4984 vitam
3064 4929 3494 5003 intrare,quam
3511 4933 3655 4988 duos
3677 4948 3803 4987 ocu-

2172 5020 2259 5075 los
2281 5020 2590 5074 habentem
2609 5018 2763 5073 mitti
2782 5018 2839 5072 in
2857 5017 3185 5090 gehennam
3200 5020 3369 5092 ignis.
3380 5021 3588 5078 Videte
3601 5038 3669 5078 ne
3683 5037 3803 5078 con-

2170 5109 2447 5164 temnatis
2477 5125 2660 5163 unum
2694 5125 2761 5162 ex
2787 5108 2879 5162 bis
2906 5108 3176 5179 pusillis:
3212 5111 3342 5166 dico
3381 5116 3579 5167 autem
3626 5110 3796 5174 vobis,

2171 5199 2309 5270 quia
2327 5198 2532 5269 Angeli
2554 5214 2754 5252 eorum
2777 5197 2836 5251 in
2860 5196 3262 5269 ecrlissemper
3277 5200 3475 5255 vident
3492 5201 3688 5256 faciem
3712 5205 3797 5253 Pa-

2169 5287 2275 5343 tris
2296 5286 2600 5358 mei,quiiu
2617 5285 2778 5341 oculis
2792 5285 3247 5343 est.Venitenim
3264 5287 3441 5344 Filius
3456 5289 3705 5345 hominis
3717 5288 3792 5343 sal

2236 5479 2249 5511 ¹
2281 5476 2641 5538 Vulgatanon
2672 5472 2851 5538 habet,
2873 5471 3053 5538 perdis
3080 5474 3161 5522 sui
3180 5487 3199 5521 :
3226 5474 3345 5524 licet
3373 5490 3580 5538 graecus
3634 5477 3789 5525 textus

2170 5540 2323 5594 ferat.
2379 5534 2451 5586 lés
2502 5537 2728 5601 kardias,
2787 5534 2966 5584 addito
3024 5536 3080 5584 in
3137 5534 3458 5601 quibusdam
3535 5538 3786 5589 codicibus

2170 5603 2342 5658 autozt,
2376 5603 2451 5651 uti
2485 5600 2627 5662 apud
2662 5599 3116 5662 Chrysostomum.

2232 5668 2254 5699 ²
2280 5666 2338 5713 In
2370 5660 2533 5729 editis
2544 5660 3019 5729 omissum__l_‘uerat,
3039 5660 3127 5729 vel_
3140 5661 3417 5729 claudum;
3445 5664 3585 5729 quod
3613 5664 3693 5713 hic
3732 5663 3782 5711 in

2172 5728 2294 5779 Mss.
2330 5728 2402 5777 uti
2438 5730 2489 5777 et
2518 5726 2573 5775 in
2603 5725 2766 5776 sacris
2795 5722 2923 5775 Bibl.
2954 5724 3238 5789 reperitur.
