3998 6184
173 310 274 370 985

174 441 268 506 los,
297 453 473 508 neque
504 436 673 492 arbor
704 436 859 493 mala
906 437 1128 494 faciens
1175 440 1455 507 fructum,
1489 439 1712 493 bonum
1746 439 1787 489 ί.

176 531 516 598 Unaquaeque
536 526 708 581 arbor
729 526 800 582 de
824 527 1014 582 fructu
1040 544 1147 584 suo
1167 528 1560 600 cognoscitur.
1586 528 1788 597 Neque

169 617 308 673 enim
338 617 403 669 de
434 614 616 687 spinis
640 615 922 687 colligunt
948 617 1315 690 ﬁcus,neque
1338 618 1408 672 de
1431 617 1577 672 rubo
1595 616 1790 671 vinde-

171 707 340 761 miant
371 721 525 759 uvas.
558 704 753 759 Bonus
784 704 958 760 homo
1004 706 1074 761 de
1107 707 1256 762 bono
1286 707 1563 762 thesauro
1594 704 1788 760 cordis

168 796 248 851 sui
268 794 472 865 profert
489 794 736 861 bonum;
762 799 818 849 et
837 795 1028 850 malus
1052 795 1225 851 homo
1249 797 1318 851 de
1343 795 1494 851 malo
1515 796 1787 851 thesauro

172 887 369 956 profert
400 881 636 937 malum.
680 887 757 937 Ex
787 884 1153 940 abundantia
1181 887 1373 941 cordis
1408 903 1471 941 os
1504 885 1784 955 loquitur.

172 972 299 1039 Quid
350 976 538 1026 autem
571 972 792 1027 vocatis
828 990 938 1039 me,
974 974 1235 1041 Domine,
1272 975 1546 1041 Domine;
1582 978 1639 1029 et
1669 990 1785 1027 non

166 1062 338 1117 facitis
367 1078 491 1132 quas
522 1061 698 1117 dico?
729 1063 935 1119 Omnis
969 1063 1069 1135 qui
1101 1066 1258 1120 venit
1286 1065 1358 1120 ad
1394 1081 1506 1134 me,
1539 1069 1594 1120 et
1622 1062 1788 1118 audit

168 1166 443 1207 sermones
474 1166 654 1217 meos,
691 1157 747 1207 et
777 1153 911 1207 facit
932 1170 1052 1224 eos,
1073 1154 1377 1209 ostendam
1408 1154 1571 1209 vobis
1592 1153 1683 1208 cui
1709 1152 1787 1208 si-

171 1239 308 1295 milis
338 1239 431 1294 sit.
464 1239 685 1295 Similis
716 1246 806 1297 est
836 1242 1058 1297 homini
1082 1243 1395 1298 aediﬁcanti
1417 1240 1789 1312 domum,qui

163 1330 355 1383 foditin
379 1327 649 1396 altum,et
663 1331 1323 1401 posuitfundamentum
1343 1349 1519 1403 supra
1540 1336 1786 1403 petram.

171 1417 531 1472 Inundatione
560 1423 761 1474 autem
794 1420 1202 1486 facta,illisum
1230 1426 1320 1477 est
1344 1421 1562 1476 ﬂumen
1590 1418 1787 1475 domui

176 1505 267 1574 illi,
297 1510 350 1561 et
378 1523 490 1561 non
523 1507 712 1578 potuit
742 1524 871 1563 eam
905 1526 1135 1565 movere
1160 1528 1173 1577 ;
1206 1511 1453 1566 fundata
1480 1510 1637 1565 enim
1666 1512 1791 1564 erat

165 1612 323 1667 super
351 1600 595 1666 petram.
633 1597 741 1663 Qui
772 1603 968 1653 autem
1002 1600 1249 1669 audit,et
1278 1616 1389 1655 non
1418 1597 1791 1666 facit,similis

168 1689 244 1739 est
272 1684 483 1739 homini
516 1685 828 1741 aediﬁcanti
880 1688 1121 1743 domum
1167 1706 1337 1743 suam
1368 1706 1548 1760 supra
1575 1693 1786 1742 terram

166 1774 275 1827 sine
300 1773 676 1829 lundamento
702 1793 715 1830 :
735 1776 795 1830 in
820 1793 998 1848 quam
1020 1777 1211 1833 illisus
1233 1783 1321 1833 est
1342 1778 1638 1845 ﬁuvius,et
1658 1794 1789 1832 con-

132 1896 137 1899 ι
171 1860 312 1916 tinuo
336 1862 626 1929 cecidit,et
645 1865 799 1919 facta
821 1871 911 1920 est
943 1867 1111 1922 ruina
1139 1869 1350 1922 domus
1376 1867 1535 1921 illius
1558 1884 1788 1936 magna.

223 1951 277 2005 Et
302 1956 412 2020 post
452 1953 807 2023 aliquantum
837 1956 976 2026 [vnn]
1003 1973 1015 2010 :
1060 1956 1163 2011 Cui
1194 1972 1330 2027 ergo
1352 1956 1575 2011 similes
1598 1956 1787 2011 dicam

166 2039 407 2096 homines
438 2043 839 2113 generationis
882 2044 1060 2114 hujus
1084 2045 1111 2099 ?
1141 2050 1196 2100 et
1227 2046 1319 2101 cui
1351 2045 1576 2101 similes
1607 2044 1791 2100 sunt?

164 2127 369 2184 Similes
400 2134 539 2185 sunt
573 2131 771 2201 pueris
804 2133 1147 2189 sedentibus
1170 2134 1223 2188 in
1260 2136 1404 2200 foro,
1427 2139 1483 2189 ct
1504 2132 1791 2205 loquenti-

164 2217 260 2271 bus
287 2219 353 2273 ad
405 2218 681 2288 invicem,
716 2226 771 2275 et
813 2220 1184 2277 dicentibus:
1220 2224 1596 2279 Cantavimus
1627 2222 1790 2277 vobis

166 2304 307 2361 tibiis
329 2307 368 2373 ³,
392 2312 448 2362 et
479 2325 598 2363 non
631 2309 931 2375 saltastis;
964 2309 1513 2378 lamentavimus,et
1537 2328 1649 2367 non
1676 2310 1793 2382 plo-

170 2394 344 2450 rastis.
367 2395 539 2452 Venit
568 2397 725 2453 enim
759 2396 1015 2454 Joannes
1046 2400 1311 2471 Baptista
1335 2418 1521 2471 neque
1545 2401 1790 2455 mandu-

164 2499 287 2539 cans
306 2501 737 2556 panem,neque
755 2486 960 2543 bibens
977 2488 1175 2544 vinum
1200 2506 1214 2556 ;
1240 2494 1295 2545 et
1316 2489 1509 2545 dicitis
1530 2504 1541 2544 :
1567 2489 1791 2544 Dmmo-

169 2572 312 2627 nium
343 2572 535 2630 habet.
571 2574 745 2631 Venit
791 2576 975 2632 Filius
1009 2576 1267 2633 hominis
1317 2579 1704 2646 manducans,
1737 2582 1794 2632 et

166 2661 348 2717 bibens
376 2687 389 2731 ;
422 2669 477 2719 et
507 2663 743 2719 dicitis:
768 2668 911 2720 Ecce
943 2667 1113 2722 homo
1144 2669 1468 2734 devorator,
1500 2672 1557 2722 et
1585 2668 1793 2722 bibens

164 2748 602 2821 vinum,amicus
624 2752 1072 2824 publicanorum
1096 2760 1152 2810 et
1184 2757 1793 2828 peccatorum.Etjus-

166 2839 358 2895 tilicata
383 2846 471 2896 est
500 2842 798 2912 sapientia
831 2842 902 2899 ab
934 2846 1212 2900 omnibus
1244 2846 1381 2902 ﬁliis
1411 2847 1557 2902 suis.

222 2929 339 2983 Item
365 2935 480 2999 post
509 2932 871 3003 aliquantum
892 2933 1061 3005 [an]
1086 2952 1098 2989 :
1133 2936 1233 2990 Est
1262 2941 1457 2991 autem
1492 2936 1612 2991 haec
1636 2953 1799 3005 para-

166 3016 280 3072 bola
308 3036 321 3075 :
353 3020 565 3075 Semen
595 3026 685 3075 est
705 3023 943 3077 verbum
965 3023 1087 3078 Dei.
1111 3024 1216 3087 Qui
1242 3030 1435 3080 autem
1456 3042 1624 3080 secus
1644 3026 1795 3080 viam

168 3113 306 3176 sunt,
339 3108 375 3162 ii
406 3114 549 3163 sunt
576 3109 679 3179 qui
702 3110 989 3165 audiunt:
1027 3112 1235 3168 deinde
1264 3114 1419 3169 venit
1448 3114 1720 3169 diabolus
1742 3117 1800 3170 et

169 3195 301 3250 tollit
328 3198 570 3254 verbum
606 3200 677 3254 de
724 3202 895 3257 corde
940 3217 1165 3269 eorum,
1200 3220 1272 3259 ne
1303 3204 1603 3259 credentes
1652 3202 1796 3258 salvi

170 3282 315 3339 ﬁant.
346 3286 488 3343 Nam
541 3288 643 3359 qui
693 3306 875 3361 supra
919 3293 1273 3364 petram,qui
1314 3310 1447 3349 cum
1485 3292 1798 3362 audierint,

169 3388 285 3428 cum
314 3377 526 3447 gaudio
561 3379 899 3450 suscipiunt
927 3381 1166 3437 verbum
1193 3400 1206 3451 ;
1242 3387 1299 3438 et
1330 3382 1388 3438 hi
1422 3382 1649 3438 radices
1683 3398 1798 3438 non

170 3459 387 3533 habent,
418 3466 595 3536 quia3
618 3468 688 3522 ad
715 3473 946 3540 tempus
969 3472 1299 3539 credunt,et
1319 3472 1378 3527 in
1402 3478 1661 3544 tempore
1681 3476 1803 3527 ten-

170 3551 388 3609 tationis
419 3557 721 3611 recedunt.
760 3556 920 3620 Quod
954 3563 1148 3614 autem
1171 3560 1228 3615 in
1273 3561 1476 3632 spinas
1500 3561 1728 3628 cecidit,
1761 3560 1801 3614 ii

173 3647 297 3695 sunt
316 3644 413 3715 qui
436 3644 774 3714 audierunt,
810 3651 867 3701 et
899 3665 933 3702 a
964 3648 1463 3705 sollicitudinibus
1496 3654 1553 3705 et
1580 3649 1802 3705 divitiis

174 3732 224 3784 et
248 3730 641 3804 voluptatibus
671 3735 799 3789 vitae
820 3741 1028 3793 euntes
1056 3740 1498 3808 suﬁ‘ocantur,et
1518 3756 1631 3795 non
1656 3740 1801 3795 refe-

174 3825 297 3874 runt
316 3822 596 3878 fructum.
627 3823 789 3887 Quod
815 3830 1012 3881 autem
1036 3826 1095 3880 in
1119 3827 1332 3882 bonam
1358 3827 1641 3895 terram,ii
1662 3831 1804 3883 sunt

172 3908 255 3977 qui
276 3908 330 3966 in
353 3913 523 3968 corde
553 3914 705 3968 bono
733 3918 790 3969 et
810 3915 1030 3987 optimo
1063 3916 1370 3971 audientes
1396 3917 1641 3972 verbum
1665 3916 1800 3972 reti-

169 4002 370 4067 nent,et
397 4002 661 4057 fructum
684 4003 935 4059 ati‘erunt
967 4004 1028 4060 in
1059 4004 1361 4077 patientia.
1386 4004 1568 4061 Nemo
1598 4011 1797 4060 autem

165 4082 443 4146 lucernam
476 4092 832 4161 accendens,
864 4094 1053 4165 operit
1094 4111 1225 4150 eam
1268 4111 1421 4163 vase,
1455 4099 1558 4150 aut
1589 4094 1799 4151 subtus

163 4170 357 4232 lectum
384 4180 553 4251 ponit
583 4198 597 4250 ;
630 4183 731 4237 sed
761 4199 940 4254 supra
962 4183 1380 4239 candelabrum
1406 4182 1590 4255 ponit,
1625 4188 1688 4239 ut
1709 4183 1797 4240 in-

162 4266 363 4322 trantes
383 4269 857 4327 videantlumen.
886 4271 1011 4330 Non
1031 4273 1187 4328 enim
1216 4277 1305 4329 est
1321 4273 1615 4329 occultum
1638 4275 1794 4345 quod

166 4365 265 4408 non
297 4359 728 4427 manifestetur,
758 4377 861 4415 nec
911 4362 1320 4419 absconditum
1354 4364 1511 4435 quod
1552 4379 1667 4419 non
1698 4380 1798 4419 co-

165 4452 487 4516 gnoscatur,
507 4455 566 4503 et
587 4447 645 4502 in
670 4447 866 4519 palam
885 4450 1099 4507 veniat.
1125 4452 1324 4508 Videte
1345 4468 1482 4523 ergo
1506 4453 1800 4524 quomodo

165 4532 393 4590 audistis
416 4536 457 4589 ⁸.
482 4536 594 4602 Qui
615 4536 771 4591 enim
793 4538 967 4593 habet
986 4539 1347 4596 dabiturilli:
1368 4546 1424 4597 et
1441 4540 1799 4613 quicumque

168 4633 269 4760 ripa
291 4620 669 4694 habet,etiam
693 4627 847 4696 quod
872 4631 1041 4699 putat
1061 4645 1121 4684 se
1144 4628 1381 4697 habere,
1399 4630 1697 4686 auferetur
1725 4630 1798 4686 ah

168 4722 179 4758 1
225 4726 274 4760 0.

168 4722 274 4763 1110.

229 4798 285 4852 El
295 4807 419 4871 post
435 4805 794 4877 aliquantum
810 4805 936 4877 [HL]
960 4823 972 4861 :
993 4806 1333 4864 Convocatis
1360 4813 1557 4865 autem
1580 4810 1798 4866 duode-

164 4884 263 4941 cim
278 4891 754 4963 Apostolis,dedit
769 4894 887 4951 illis
901 4896 1178 4953 virtutem
1192 4903 1248 4953 et
1261 4904 1609 4971 potestatem
1624 4918 1802 4973 super

164 4978 345 5071 omnia
373 4980 761 5053 dasmonia,et
783 4989 848 5040 ut
876 4984 1195 5058 languores
1212 4993 1505 5045 curarent.
1538 4991 1607 5045 Et
1640 4990 1801 5047 misit

162 5062 281 5122 illos
305 5072 619 5140 praedicare
646 5090 894 5146 regnum
929 5076 1049 5142 Dei,
1076 5080 1133 5132 et
1152 5093 1360 5134 sanare
1401 5078 1691 5135 inﬁrmos.
1732 5081 1802 5136 Et

166 5153 237 5207 ait
255 5159 319 5211 ad
342 5159 474 5216 illos
490 5176 503 5217 :
521 5161 677 5218 Nihil
695 5164 951 5221 tuleritis
967 5165 1024 5223 in
1037 5166 1347 5239 via,neque
1363 5167 1590 5241 virgam
1613 5186 1801 5242 neque

222 5333 238 5406 ξ
262 5335 449 5406 Elegiae
479 5341 674 5406 codex,
702 5344 903 5406 fructus
941 5344 1113 5396 bonos.

220 5399 825 5474 “El-Regiolilsfd'eest
872 5408 975 5463 hic.
1007 5409 1183 5459 tibiis:
1227 5424 1403 5474 neque
1450 5410 1671 5461 additur
1698 5411 1801 5461 ista

164 5470 258 5537 vox
280 5463 471 5537 ’Μαιιῇ
506 5470 581 5528 11,
604 5482 655 5537 v.
689 5470 744 5517 17
770 5482 784 5530 ;
821 5483 944 5537 cum
967 5476 1173 5537 _ta_men
1202 5463 1457 5537 graecum,
1488 5475 1796 5537 cumtamen,

166 5528 309 5605 quod
323 5529 557 5605 verbum.
577 5528 805 5605 utroque
825 5528 1233 5605 locohabetur:
1236 5551 1347 5587 non
1376 5528 1453 5588 sit
1471 5528 1797 5599 simpliciter,

166 5593 437 5663 cecinimus,
469 5593 888 5663 ged_,__c_e_¢;ihimu_s
922 5597 1078 5663 tibiis.

222 5655 242 5725 ξ
266 5656 327 5725 in
347 5655 738 5725 sacrisBibliis,
770 5658 861 5725 qui
887 5660 963 5709 ad
989 5664 1203 5725 tempus.

222 5716 571 5794 {tvu'l‘gptagin
623 5716 853 5794 esensis,
912 5716 1161 5777 audiatis.
1220 5726 1280 5777 in
1328 5723 1567 5790 antiquis
1620 5727 1799 5778 autem

166 5776 310 5831 Gorb.
337 5776 543 5843 Bibliic,
570 5782 787 5835 auditis.

1390 307 1489 367 DE
1534 302 1976 367 SCRIPTURA
2022 301 2304 362 SACRA.

3430 293 3548 355 986

1904 451 2127 505 peram,
2146 451 2336 505 neque
2358 449 2592 506 panem,
2615 448 2801 502 neque
2823 429 3154 502 pecuniam,
3179 444 3366 498 neque
3398 426 3546 482 duas

1902 524 2131 579 tunicas
2164 515 2446 579 habeatis.
2478 523 2545 577 Et
2563 522 2621 576 in
2642 534 3078 593 quamcumque
3100 518 3339 572 domum
3364 516 3544 570 intra-

1902 612 2208 680 veritis,ibi
2244 616 2560 681 manete,et
2587 611 2723 665 inde
2749 627 2816 665 ne
2838 609 3073 687 exeatis.
3100 609 3167 662 Et
3189 606 3546 677 quicumque

1904 719 2017 756 non
2042 702 2367 773 receperint
2394 719 2514 767 vos,
2549 704 2827 755 exeuntes
2850 700 2919 754 de
2945 697 3205 753 civitates
3229 695 3349 763 illa,
3370 693 3545 750 etiam

1903 789 2197 862 pulverem
2223 792 2434 862 pedum
2456 794 2780 845 vestrorum
2801 788 3051 844 excutite
3067 786 3123 841 in
3143 782 3544 841 testimonium

1901 896 2077 952 super
2108 879 2262 934 illos.
2280 885 2423 936 [lem
2442 888 2563 950 post
2581 880 2929 950 aliquantum
2950 897 2968 931 :
3000 876 3235 931 Dicebat
3258 879 3454 929 autem
3472 872 3543 927 ad

1903 986 2143 1024 omnes:
2177 971 2233 1022 Si
2266 969 2401 1040 quis
2425 968 2544 1022 vult
2578 975 2708 1038 post
2739 984 2829 1022 me
2856 966 3069 1035 venire,
3088 965 3343 1035 abneget
3358 978 3544 1017 seme-

1900 1059 2206 1130 tipsum,et
2230 1057 2637 1112 tollatcrucem
2670 1073 2837 1111 suam
2862 1054 3154 1127 quotidie‘
3183 1058 3237 1108 et
3266 1055 3548 1122 sequatur

1904 1164 2015 1203 me.
2042 1148 2148 1213 Qui
2168 1147 2325 1202 enim
2353 1145 2599 1200 voluerit
2628 1146 2885 1199 animam
2910 1160 3076 1199 suam
3096 1142 3313 1197 salvam
3339 1142 3544 1205 facere,

1904 1236 2103 1306 perdet
2150 1235 2332 1289 illam.
2387 1234 2532 1288 Nam
2595 1233 2692 1304 qui
2728 1232 3045 1304 perdiderit
3087 1231 3341 1285 animam
3378 1244 3545 1283 suam

1903 1329 2141 1395 propter
2173 1322 2512 1391 me,salvam
2541 1323 2714 1377 faciet
2746 1320 2932 1376 illam.
2964 1319 3110 1386 Quid
3134 1319 3289 1374 enim
3322 1315 3550 1389 proﬁcit

1903 1414 2093 1481 homo,
2144 1413 2192 1469 si
2242 1414 2502 1467 lucretur
2535 1412 2871 1465 universum
2917 1409 3227 1477 mundum,
3259 1422 3321 1461 se
3353 1410 3546 1460 autem

1902 1503 2095 1575 ipsum
2130 1503 2355 1574 perdat,
2384 1506 2441 1557 et
2483 1499 2898 1556 detrimentum
2925 1497 3018 1553 sui
3052 1495 3237 1551 ﬁat”?
3276 1495 3420 1551 Nam
3446 1493 3547 1564 qui

1902 1609 1994 1647 me
2024 1592 2326 1647 erubuerit
2356 1596 2412 1646 et
2436 1606 2597 1645 meos
2629 1605 2949 1657 sermones,
2974 1588 3130 1642 hunc
3155 1583 3333 1639 Filius
3357 1582 3547 1638 homi-

1902 1681 1994 1736 nis
2013 1681 2476 1749 erubescet,cum
2496 1679 2717 1734 venerit
2732 1677 2788 1731 in
2806 1677 3109 1747 majestate
3130 1677 3320 1740 sua,et
3340 1671 3544 1741 Patris,

1901 1776 1955 1824 et
1981 1776 2317 1825 sanctorum
2356 1767 2721 1840 Angelorum.
2761 1771 2825 1821 Et
2852 1765 2962 1819 alio
2996 1765 3141 1819 loco:
3177 1761 3421 1817 Intravit
3442 1778 3545 1815 au-

1901 1864 2017 1913 tem
2071 1858 2343 1929 cogitatio
2390 1857 2445 1911 in
2489 1874 2608 1923 eos,
2642 1856 2773 1926 quis
2804 1870 3001 1910 eorum
3039 1853 3226 1923 major
3274 1855 3446 1906 esset.
3478 1852 3547 1903 At

1898 1950 2069 2003 Jesus
2088 1948 2289 2002 videns
2313 1946 2694 2017 cogitationes
2726 1946 2919 2000 cordis
2949 1943 3205 2007 illorum,
3226 1940 3547 2011 apprehen-

1900 2038 2046 2092 dens
2070 2052 2315 2108 puerum
2340 2036 2547 2090 statuit
2576 2051 2709 2090 eum
2742 2050 2912 2089 secus
2938 2050 3021 2098 se,
3045 2031 3198 2087 etait
3222 2029 3335 2084 illis
3361 2047 3374 2085 :
3408 2028 3545 2095 Qui-

1901 2143 2152 2198 cumque
2179 2125 2507 2197 susceperit
2540 2141 2788 2196 puerum
2820 2123 2997 2178 istum
3030 2122 3088 2175 in
3128 2120 3363 2175 nomine
3395 2134 3544 2185 meo,

1904 2232 1993 2271 me
2025 2215 2266 2286 recipit;
2320 2221 2375 2270 et
2424 2214 2781 2286 quicumque
2830 2230 2922 2269 me
2981 2211 3281 2282 receperit,
3347 2206 3551 2279 recipit

1901 2321 2036 2360 eum
2076 2304 2173 2374 qui
2202 2321 2293 2359 me
2325 2303 2665 2359 misit.Nam
2690 2302 2789 2373 qui
2823 2301 3014 2356 minor
3045 2303 3133 2354 est
3165 2299 3316 2353 inter
3347 2314 3549 2352 omnes

1900 2411 2020 2461 vos,
2061 2393 2153 2449 hic
2188 2394 2378 2463 major
2429 2398 2537 2449 est.
2571 2395 2637 2447 Et
2660 2396 2781 2463 post
2812 2392 3195 2462 aliquantum:
3228 2387 3323 2442 Ait
3354 2391 3547 2443 autem

1901 2484 1971 2539 ad
2001 2483 2275 2553 alterum,
2307 2487 2557 2552 Sequere
2580 2498 2691 2537 me.
2726 2480 2829 2535 llle
2858 2485 3054 2535 autem
3088 2478 3259 2533 dixit:
3280 2476 3546 2541 Domine,

1902 2573 2172 2644 permitte
2194 2572 2337 2626 mihi
2353 2572 2605 2642 primum
2630 2570 2795 2638 ire,et
2817 2569 3066 2640 sepelire
3088 2577 3309 2640 patrem
3332 2582 3546 2620 meum.

1903 2662 2168 2732 Dixitque
2200 2660 2250 2716 ei
2280 2661 2450 2716 Jesus
2480 2676 2493 2714 :
2540 2659 2675 2714 Sine
2723 2662 2786 2713 ut
2826 2657 3041 2713 mortui
3073 2655 3359 2728 sepeliant
3390 2670 3545 2709 mor-

1901 2754 2034 2805 tuos
2065 2766 2242 2817 suos;
2286 2754 2347 2803 tu
2380 2754 2578 2803 autem
2619 2748 2784 2815 vade,
2830 2744 3117 2801 annuntia
3146 2759 3392 2814 regnum
3426 2740 3545 2797 Dei.

1904 2846 1969 2895 Et
1990 2842 2072 2896 ait
2103 2839 2286 2896 alter:
2320 2841 2543 2911 Sequar
2575 2845 2649 2909 te,
2686 2838 2967 2905 Domine;
3002 2837 3103 2891 sed
3126 2835 3384 2907 primum
3418 2849 3548 2904 per-

1903 2932 2070 2985 mitte
2099 2930 2241 2984 mihi
2293 2929 2631 2985 renuntiare
2683 2929 2758 2984 iis
2803 2928 2903 2999 qui
2926 2929 2946 2961 ³
2973 2925 3132 2981 domi
3164 2928 3317 2979 sunt.
3349 2922 3445 2976 Ait
3475 2922 3547 2975 ad

1902 3019 2071 3074 illum
2100 3022 2274 3075 Jesus
2308 3033 2322 3075 :
2368 3018 2548 3074 Nemo
2581 3020 2820 3074 mittens
2853 3032 3093 3071 manum
3124 3029 3292 3069 suam
3326 3013 3386 3066 in
3418 3028 3548 3066 ara-

1908 3116 2086 3179 trum,
2118 3114 2176 3163 et
2205 3108 2523 3179 respiciens
2548 3115 2720 3178 retro,
2754 3112 2927 3179 aptus
2951 3110 3039 3161 est
3071 3120 3247 3176 regno
3279 3102 3403 3159 Dei.

1974 3200 2040 3254 Et
2065 3202 2185 3270 post
2210 3197 2513 3269 paululum
2543 3198 2646 3268 [x.]
2676 3215 2689 3253 :
2740 3202 2882 3253 Ecce
2912 3212 3017 3268 ego
3061 3194 3230 3248 mitto
3260 3209 3361 3248 vos
3392 3190 3547 3246 sicut

1906 3304 2091 3359 agnos
2122 3287 2275 3343 inter
2303 3287 2493 3358 lupos.
2527 3286 2717 3341 Nolite
2749 3291 2978 3357 portare
3006 3282 3331 3348 sacculum,
3362 3295 3552 3351 neque

1896 3390 2127 3444 peram,
2163 3392 2353 3447 neque
2400 3375 2817 3443 calceamenta,
2848 3378 2905 3430 et
2937 3372 3228 3429 neminem
3256 3387 3359 3442 per
3397 3368 3550 3424 viam

1906 3466 2323 3533 salutaveritis,
2357 3469 2421 3520 In
2446 3481 2878 3536 quamcumque
2902 3464 3140 3519 domum
3172 3458 3553 3525 intraveritis,

1908 3558 2161 3629 primum
2211 3556 2407 3627 dicite,
2459 3555 2571 3610 Pax
2622 3555 2759 3610 huic
2792 3554 3031 3610 domui:
3065 3559 3122 3609 et
3163 3553 3214 3609 si
3255 3552 3335 3607 ibi
3378 3549 3555 3606 fuerit

1907 3646 2063 3701 ﬁlius
2097 3646 2281 3718 pacis,
2315 3645 2638 3716 requiescet
2684 3661 2863 3716 super
2918 3644 3087 3699 illum
3148 3660 3257 3715 pax
3312 3645 3547 3701 vestra;

1906 3736 1998 3791 sin
2029 3740 2248 3801 autem,
2268 3735 2340 3790 ad
2363 3750 2463 3789 vos
2482 3739 2817 3790 revertetur.
2844 3735 2907 3788 In
2925 3734 3127 3789 eadem
3160 3737 3354 3787 autem
3377 3731 3549 3785 domo

1908 3829 2141 3880 manete
2171 3825 2408 3880 edentes
2443 3828 2500 3879 et
2552 3824 2820 3879 bibentes
2850 3840 2980 3894 quae
3022 3824 3177 3894 apud
3204 3820 3336 3877 illos
3368 3823 3507 3875 sunt
3535 3836 3547 3885 ;

1906 3914 2120 3985 dignus
2147 3913 2304 3968 enim
2359 3916 2450 3968 est
2506 3912 2807 3983 operarius
2863 3912 3127 3967 mercede
3184 3927 3311 3965 sua.
3360 3908 3549 3963 Nolite

1902 4002 2154 4059 transire
2201 4002 2272 4056 de
2318 4001 2491 4056 domo
2536 4000 2594 4055 in
2627 4002 2885 4056 domum.
2922 4001 2992 4055 Et
3021 4001 3079 4054 in
3111 4013 3548 4069 quamcumque

1904 4092 2195 4147 civitatem
2224 4089 2602 4155 intraveritis,
2636 4093 2695 4144 et
2739 4089 3109 4160 susceperint
3138 4104 3260 4155 vos,
3295 4086 3544 4141 mandu-

1904 4186 2027 4236 cate
2057 4195 2439 4251 quaecumque
2467 4184 2844 4249 apponuntur
2889 4177 3086 4245 vobis;
3120 4182 3177 4233 et
3228 4180 3425 4231 curate
3456 4174 3545 4228 in-

1903 4270 2104 4325 ﬁrmos
2144 4268 2243 4341 qui
2275 4269 2333 4322 in
2381 4267 2479 4323 illa
2510 4272 2672 4333 sunt,
2704 4272 2761 4322 et
2801 4267 2978 4323 dicite
3009 4267 3167 4323 illis:
3219 4264 3545 4337 Appropin-

1902 4360 2105 4431 quavit
2134 4360 2191 4415 in
2225 4375 2325 4414 vos
2356 4373 2599 4429 regnum
2632 4357 2752 4413 Dei.
2789 4359 2851 4412 In
2884 4372 3319 4429 quamcumque
3349 4354 3545 4409 civita-

1901 4456 2017 4507 tem
2049 4449 2425 4517 intraveritis,
2459 4456 2516 4505 et
2547 4466 2660 4504 non
2694 4449 3016 4520 receperint
3036 4466 3158 4519 vos,
3189 4449 3465 4503 exeuntes
3488 4445 3547 4500 in

1904 4539 2125 4611 plateas
2178 4540 2305 4610 ejus
2352 4538 2561 4594 dicite:
2614 4539 2799 4594 Etiam
2842 4538 3138 4611 pulverem
3170 4537 3270 4609 qui
3302 4534 3549 4591 adhaesit

1902 4629 2074 4685 nobis
2105 4629 2175 4684 de
2206 4629 2437 4684 civitate
2468 4632 2682 4698 vestra,
2716 4628 3072 4699 extergimus
3094 4625 3153 4681 in
3185 4642 3321 4693 vos;
3348 4630 3543 4680 tamen

1902 4719 2012 4774 hoc
2043 4719 2273 4785 scitote,
2305 4716 2445 4789 quia
2475 4716 3228 4788 appropinquavitregnum
3258 4714 3381 4769 Dei.
3405 4713 3543 4768 Dico

1901 4807 2089 4877 vobis,
2123 4807 2258 4879 quia
2288 4805 2559 4862 Sodomis
2598 4804 2659 4861 in
2678 4805 2770 4860 die
2789 4805 2887 4861 illa
2904 4804 3211 4860 remissius
3239 4806 3350 4860 erit
3371 4820 3545 4873 quam

1904 4895 1986 4951 illi
2021 4896 2257 4951 civitati.
2288 4898 2354 4951 Et
2383 4903 2503 4966 post
2538 4895 2868 4966 paululum:
2894 4895 3310 4950 Verumtamen
3343 4893 3402 4948 in
3436 4894 3543 4948 hoc

1904 4985 2085 5042 nolite
2113 4986 2384 5056 gaudere,
2419 4983 2558 5055 quia
2604 4984 2853 5055 spiritus
2900 4983 3063 5039 vobis
3110 4982 3543 5055 subjiciuntur:

1904 5074 2153 5147 gaudete
2183 5077 2403 5142 autem,
2437 5072 2590 5143 quod
2642 5071 2883 5128 nomina
2927 5082 3117 5129 vestra
3157 5072 3377 5144 scripta
3408 5074 3549 5127 sunt

1904 5165 1965 5219 in
1997 5163 2178 5219 oculis.
2210 5164 2276 5217 El
2303 5170 2425 5233 post
2453 5162 2749 5233 paululum
2782 5179 2794 5218 :
2850 5164 2992 5219 Ecce
3022 5163 3263 5233 quidam
3296 5161 3545 5232 legispe-

1904 5253 2052 5307 ritus
2083 5250 2357 5323 surrexit,
2391 5255 2623 5306 tentans
2655 5250 2844 5322 illum,
2877 5257 2934 5307 et
2983 5253 3221 5307 dicens:
3254 5249 3543 5320 Magister,

1904 5342 2046 5413 quid
2100 5340 2363 5396 faciendo
2399 5341 2575 5396 vitam
2606 5347 2879 5397 aeternam
2924 5342 3236 5414 possidebo
3272 5343 3294 5394 Ρ
3343 5342 3417 5392 At
3448 5336 3545 5393 ille

1903 5430 2047 5487 dixit
2092 5430 2164 5486 ad
2212 5445 2346 5485 eum
2384 5445 2397 5485 :
2432 5429 2494 5484 In
2540 5435 2684 5502 Lege
2727 5431 2867 5501 quid
2901 5431 3185 5503 scriptum
3217 5428 3361 5484 est?
3400 5443 3545 5500 quo-

1967 5540 1983 5575 ι
2015 5538 2076 5587 la
2107 5537 2231 5586 Mss.
2265 5537 2426 5599 Regio
2458 5540 2511 5585 et
2538 5537 2853 5587 Carnutensi
2882 5551 2992 5587 non
3036 5537 3268 5596 additur,
3300 5533 3547 5599 quotidie.

1964 5603 1986 5637 ²
2017 5600 2259 5662 Vulgata,
2289 5600 2472 5661 faciat.

1966 5665 1987 5698 ³
2017 5663 2099 5712 Sic
2126 5660 2297 5711 etiam
2320 5662 2376 5710 in
2408 5662 2580 5725 ,Corb.
2604 5661 2812 5725 ABibliis
2850 5662 3081 5725 habebat
3136 5660 3392 5725 Vulgata;
3424 5660 3549 5709 licet

1902 5726 2124 5776 nuncin
2155 5724 2369 5777 excusis
2396 5724 2550 5790 (erat,
2593 5723 2673 5776 his
2701 5739 2812 5790 qua
2857 5723 3001 5778 domi
3026 5726 3145 5775 sunt
3160 5738 3184 5790 ;
3228 5723 3422 5776 neutro
3452 5737 3546 5788 ge-

1900 5802 2049 5854 nere,
2081 5801 2193 5840 non
2221 5787 2539 5840 masculino.
