4042 6190
454 290 567 351 991

459 424 708 491 minum,
734 425 1020 494 raptores,
1052 419 1280 491 injusti,
1304 416 1574 481 adulteri,
1604 412 1784 470 veluti
1815 412 1993 468 etiam
2014 410 2108 467 hic

458 513 867 568 Publicanus:
926 513 1131 581 jejuno
1190 508 1281 564 bis
1324 507 1383 561 in
1440 505 1705 570 sabbato,
1737 502 1994 558 decimas
2034 501 2106 555 do

458 604 724 658 omnium
756 618 881 672 quae
916 597 1278 671 possideo.Et
1298 594 1646 650 Publicanus
1668 609 1701 647 a
1730 591 1901 663 longe
1922 596 2106 658 stans,

463 690 700 748 nolebat
717 707 820 746 nec
843 689 1043 745 oculos
1069 688 1137 743 ad
1164 684 1373 741 cmlum
1398 684 1606 749 levare;
1624 682 1724 737 sed
1750 679 2110 752 percutiebat

465 786 667 851 pectus
688 796 887 849 suum,
907 778 1105 831 dicens
1130 792 1141 829 :
1167 771 1642 844 Deus,pr0pitins
1662 777 1787 825 esto
1810 769 1955 824 mihi
1977 783 2107 839 pec-

462 869 805 924 catori.Dico
822 861 1416 932 vobis,descendithic
1430 857 1851 931 iustiﬁcatusin
1867 858 2107 912 domum

462 975 630 1014 suam
663 958 734 1011 ab
759 956 876 1011 illo.
911 955 1057 1017 Quia.
1086 952 1276 1008 omnis
1306 951 1404 1021 qui
1437 967 1497 1005 se
1527 946 2107 1014 exaltat,humiliabi-

460 1054 578 1115 tur;
607 1052 663 1102 et
692 1044 793 1117 qui
814 1061 877 1100 se
908 1042 1201 1109 humiliat,
1227 1040 1599 1096 exaltabitur.
1624 1036 1986 1092 Alfrerebant
2005 1051 2109 1089 au-

461 1142 581 1191 tcm
621 1136 693 1191 ad
725 1134 892 1189 illum
916 1138 974 1189 et
998 1132 1345 1198 infantes,ut
1374 1145 1472 1185 eos
1496 1125 1951 1199 langeret.Quod
1975 1139 2108 1178 cum

459 1228 727 1280 viderent
784 1221 1082 1294 discipuli,
1113 1218 1493 1290 increpabant
1550 1216 1882 1271 illos..]esus
1912 1218 2109 1269 autem

460 1332 789 1371 convocans
818 1310 1128 1379 illos,dixit
1155 1327 1167 1363 :
1216 1309 1396 1363 Sinite
1418 1323 1631 1380 pueros
1663 1304 1857 1360 venire
1888 1304 1959 1358 ad
1995 1319 2108 1378 me,

457 1409 513 1459 et
544 1403 727 1459 nolite
760 1419 859 1457 eos
887 1406 1103 1456 vetare.
1134 1397 1362 1454 Talium
1408 1400 1497 1452 est
1518 1395 1674 1450 enim
1708 1409 1954 1465 regnum
1986 1391 2107 1447 Dei-

457 1496 641 1548 Amen
665 1493 792 1549 dico
815 1490 1001 1556 vobis,
1026 1488 1381 1560 quicumque
1404 1502 1518 1540 non
1550 1483 1834 1554 acceperit
1863 1498 2108 1553 regnum

461 1583 557 1638 Dci
591 1582 744 1637 sicut
773 1598 937 1653 puer,
972 1596 1086 1634 non
1113 1576 1357 1632 intrabit
1386 1574 1705 1630 inillud.Et
1735 1571 2110 1641 interrogavit

464 1689 596 1728 eum
627 1670 867 1743 quidam
900 1667 1401 1740 princeps,diccns
1431 1682 1443 1719 :
1478 1664 1751 1735 Magister
1777 1662 1947 1727 bone,
1968 1658 2108 1730 quid

463 1769 684 1825 faciens
718 1768 893 1823 vitam
924 1752 1200 1822 aeternam
1233 1762 1588 1836 possidebo‘.’
1623 1761 1772 1817 Dixit
1793 1765 1988 1815 autem
2017 1759 2109 1813 Je-

464 1876 602 1914 sus:
637 1858 784 1921 Quid
818 1874 912 1912 me
941 1856 1091 1911 dicis
1122 1856 1343 1909 bonum
1366 1853 1393 1907 ?
1416 1852 1595 1909 Nemo
1626 1852 1836 1917 bonus,
1870 1848 1983 1904 nisi
2014 1865 2109 1903 so-

464 1947 558 2003 lus
596 1952 769 2003 Deus.
803 1947 1077 2001 Mandata
1106 1943 1258 1998 nosti
1280 1944 1305 1997 ‘l
1353 1942 1475 1996 Non
1536 1940 1785 2007 occides,
1813 1938 1936 1993 Non
1968 1955 2108 1992 moe-

462 2037 755 2105 chaberis,
785 2037 908 2091 Non
944 2036 1166 2089 furtum
1209 2032 1406 2102 facies,
1438 2031 1561 2086 Non
1598 2030 1810 2085 falsum
1843 2029 2109 2085 testimo-

465 2128 630 2181 nium
663 2128 845 2193 dices,
879 2125 1112 2180 Honora
1153 2127 1377 2194 patrem
1425 2126 1593 2175 tuum
1624 2124 1682 2175 et
1714 2123 1979 2174 matrem.
2002 2116 2108 2184 Qui

469 2217 551 2272 ait
577 2234 589 2271 :
612 2217 737 2271 Haec
769 2214 968 2270 omnia
998 2212 1281 2268 custodivi
1315 2211 1660 2280 ajuventute
1692 2210 1975 2272 mea.Quo
2004 2224 2106 2262 au-

472 2306 794 2371 dito,Jesus
849 2303 931 2358 ait
974 2302 1046 2368 ei,
1094 2301 1297 2355 Adhuc
1329 2299 1429 2353 tibi
1462 2315 1646 2353 unum
1679 2299 1841 2352 deest
1870 2312 1885 2353 :
1918 2296 2115 2351 omnia

473 2408 859 2466 quiscumque
888 2391 1071 2446 habes
1102 2390 1308 2458 vende,
1341 2391 1398 2443 et
1427 2388 1497 2443 de
1524 2387 1902 2459 pauperibus,
1925 2390 1983 2441 et
2011 2385 2112 2440 ha-

474 2482 638 2538 bebis
660 2482 1005 2537 thesaurum
1038 2478 1097 2533 in
1130 2478 1271 2534 ccelo
1301 2495 1315 2545 ;
1348 2482 1404 2533 et
1431 2478 1581 2545 veni,
1606 2493 1848 2549 sequere
1879 2492 1991 2531 me.
2012 2475 2113 2530 His

473 2572 572 2627 ille
600 2571 843 2637 auditis,
877 2568 1263 2625 contristatus
1286 2572 1393 2635 est;
1420 2566 1559 2639 quia
1587 2567 1748 2622 dives
1779 2570 1904 2621 erat
1923 2564 2111 2621 valde.

474 2660 694 2716 Videns
733 2665 929 2715 autem
960 2657 1129 2712 illum
1152 2657 1325 2713 Jcsus
1365 2656 1595 2712 tristem
1642 2657 1885 2723 factum,
1917 2654 2065 2710 dixit
2097 2669 2111 2707 :

472 2752 657 2814 Quam
690 2748 927 2804 difficile
948 2747 1047 2817 qui
1072 2746 1352 2818 pecunias
1383 2745 1624 2813 habent,
1656 2745 1717 2799 in
1744 2762 1986 2817 regnum
2016 2744 2117 2799 Dei

473 2837 812 2896 intrabunt!
838 2836 1089 2893 Facilius
1111 2838 1199 2890 est
1227 2834 1383 2890 enim
1416 2834 1706 2890 camelum
1730 2851 1831 2907 per
1859 2836 2117 2890 foramen

481 2947 621 2986 acus
652 2927 922 2992 transire,
945 2941 1119 2996 quam
1150 2923 1617 2980 divitemintrare
1648 2924 1702 2977 in
1734 2922 2118 2995 regnumDei.

485 3020 554 3074 Et
577 3017 850 3073 dixerunt
902 3015 1002 3087 qui
1058 3013 1376 3069 audiebant
1408 3031 1421 3069 ε
1455 3017 1521 3067 Et
1550 3013 1682 3084 quis
1711 3018 1901 3085 potest
1930 3012 2121 3069 salvus

487 3107 605 3163 fieri
627 3107 654 3161 ?
684 3106 766 3162 ait
796 3103 915 3160 illis
948 3119 962 3158 :
996 3103 1129 3167 Quae
1160 3102 1554 3173 impossibilia
1574 3108 1713 3158 sunt
1743 3103 1894 3175 apud
1929 3102 2123 3158 homi-

483 3193 922 3267 nes,possibilia
942 3197 1080 3247 sunt
1101 3191 1251 3263 apud
1288 3191 1494 3247 Deum.
1528 3192 1615 3247 Ait
1637 3197 1831 3248 autem
1864 3197 2073 3248 Petrus
2108 3208 2119 3247 :

481 3291 624 3341 Ecce
663 3300 771 3339 nos
794 3281 1132 3337 dimisimus
1149 3279 1362 3349 omnia,
1387 3286 1444 3336 et
1473 3282 1654 3336 secuti
1679 3298 1888 3337 sumus
1912 3286 1982 3336 te.
2008 3281 2120 3348 Qui

480 3374 630 3430 dixit
658 3373 742 3428 eis
769 3388 781 3425 :
803 3374 987 3427 Amen
1013 3370 1142 3425 dico
1163 3368 1527 3437 vobis,uemo
1546 3370 1745 3442 estqui
1768 3370 2006 3442 reliquit
2028 3371 2126 3425 do-

481 3464 780 3528 mum,aut
801 3463 1093 3531 parentes,
1126 3465 1228 3513 aut
1257 3459 1485 3524 fratres,
1519 3465 1623 3514 aut
1646 3476 1903 3528 uxorem,
1924 3464 2025 3515 aut
2058 3462 2125 3513 ii-

482 3550 861 3620 lios,propter
883 3563 1131 3618 regnum
1159 3546 1338 3615 Dei,et
1352 3565 1465 3603 non
1485 3548 1727 3619 recipiat
1748 3548 1933 3604 multo
1957 3549 2129 3621 plura

482 3639 544 3694 in
574 3639 686 3693 hoc
704 3641 1049 3707 tempore,et
1069 3636 1128 3690 in
1151 3637 1362 3692 saeculo
1377 3643 1621 3695 venturo
1639 3639 1815 3695 vitam
1830 3645 2125 3696 externam.

556 3730 621 3783 Et
648 3726 787 3781 alibi
827 3724 989 3798 [me]
1022 3742 1035 3781 :
1070 3731 1241 3782 Stans
1272 3731 1465 3782 autem
1523 3728 1817 3799 Zachzeus,
1849 3730 1996 3785 dixit
2054 3730 2127 3785 ad

486 3816 839 3875 Dominum:
873 3816 1015 3871 Ecce
1048 3816 1361 3871 dimidium
1394 3818 1681 3874 bonorum
1714 3834 1998 3888 meorum,
2026 3819 2132 3875 Do-

484 3906 757 3974 mine,do
791 3905 1172 3978 pauperibus,
1197 3911 1255 3961 et
1288 3905 1337 3962 si
1368 3907 1511 3979 quid
1540 3906 1797 3979 aliquem
1828 3909 2133 3964 defrauda-

481 3996 559 4066 vi,
594 3996 773 4052 reddo
796 3995 1213 4067 quadruplum.
1237 3996 1335 4050 Ait
1366 3996 1539 4052 Jesus
1569 3997 1639 4052 ad
1664 4014 1798 4053 eum
1824 4014 1836 4051 :
1870 3997 2016 4061 Quia
2040 3998 2136 4054 hoe

486 4086 579 4141 die
610 4084 773 4140 salus
818 4084 1019 4139 domui
1053 4084 1189 4139 huic
1221 4086 1371 4140 facta
1401 4090 1509 4150 est,
1544 4102 1610 4141 eo
1642 4088 1795 4158 quod
1826 4092 1884 4141 et
1924 4087 2047 4158 ipse
2071 4088 2137 4141 fi-

486 4174 607 4229 lius
633 4172 1002 4229 estAbrahae.
1024 4173 1365 4228 Venitenim
1396 4173 1579 4231 Filius
1598 4174 1857 4231 hominis
1879 4192 2137 4247 quarere

494 4268 553 4319 et
585 4262 807 4317 salvum
840 4261 1027 4316 facere
1058 4263 1213 4332 quod
1243 4262 1512 4333 perierat.

568 4353 632 4406 Et
665 4359 781 4417 post
802 4352 1153 4422 aliquantum
1174 4352 1347 4422 [XL]:
1376 4352 1618 4408 Reddite
1651 4369 1785 4425 ergo
1834 4370 1960 4426 quae
2002 4358 2143 4410 sunt

499 4440 762 4507 Caesaris,
794 4440 1033 4508 Caesari;
1057 4445 1114 4496 et
1142 4458 1268 4511 qua:
1290 4446 1429 4497 sunt
1448 4441 1720 4509 Dei,Deo.
1748 4445 1952 4500 Elalio
1982 4445 2093 4500 loco
2127 4460 2140 4500 :

496 4530 788 4587 Audiente
803 4533 999 4584 autem
1024 4530 1185 4585 omni
1208 4530 1445 4601 populo,
1470 4531 1618 4587 dixit
1638 4532 1944 4605 discipulis
1966 4534 2091 4589 suis
2126 4551 2140 4589 :

494 4619 796 4676 Attendite
829 4619 1219 4690 aScribis,qui
1250 4621 1552 4677 ambulare
1572 4620 1775 4678 volunt
1796 4622 1855 4678 in
1878 4623 2066 4690 stolis,
2091 4628 2148 4679 et

496 4715 698 4767 amant
720 4708 1105 4765 salutationes
1135 4709 1194 4764 in
1230 4710 1372 4777 foro,
1400 4714 1457 4766 et
1489 4711 1706 4782 primas
1748 4713 2057 4768 cathedras
2087 4714 2146 4768 in

496 4799 899 4871 synagogis,ct
923 4798 1144 4871 primos
1174 4798 1507 4855 discubitus
1535 4800 1592 4854 in
1614 4799 1909 4870 conviviis;
1931 4801 2031 4873 qui
2049 4803 2147 4856 de-

497 4892 704 4942 vorant
726 4888 930 4942 domos
953 4887 1281 4957 viduarum,
1306 4887 1653 4943 simulantes
1673 4888 1909 4961 longam
1932 4891 2149 4946 oratio-

502 4992 638 5032 nem
674 4992 686 5030 :
720 4975 781 5030 hi
812 4975 1100 5048 accipient
1130 4977 1571 5033 damnationem
1602 4979 1906 5049 majorem.

580 5065 740 5136 [κη]
764 5065 1099 5137 Respiciens
1115 5070 1309 5122 autem
1328 5066 1581 5122 viditeos
1594 5068 1692 5139 qui
1708 5068 2154 5125 mittebantmu-

1656 282 1718 341 S.
1767 276 2194 341 AUGUSTINI
2242 272 2661 335 SPECULUM

3747 269 3859 329 992

2217 408 2569 478 vestris,non
2587 407 2980 482 prameditari
2994 405 3493 478 quemadmodum
3512 402 3862 474 respondea-

2216 498 2311 554 tis.
2339 500 2451 570 Ego
2482 498 2638 554 enim
2663 499 2816 553 dabo
2832 497 2999 553 vobis
3032 513 3097 552 os
3126 500 3185 551 et
3212 494 3585 565 sapientiam,
3618 491 3717 548 cui
3748 507 3858 545 non

2219 593 2492 660 poterunt
2522 587 2794 643 resistere
2811 591 2869 643 et
2891 586 3289 643 contradicere
3319 600 3520 639 omnes
3543 579 3859 636 adversarii

2219 677 2970 734 vestri.Trademiniautem
2996 694 3030 732 a
3050 674 3477 747 parentibus,et
3493 670 3862 738 fratribus,ct

2217 768 2505 839 cognatis,
2537 771 2595 823 et
2625 767 2851 834 amicis,
2886 771 2941 822 et
2965 769 3151 821 morte
3186 762 3443 820 afﬁciant
3471 778 3539 816 ex
3568 759 3738 815 vobis
3764 776 3777 824 ;
3809 764 3865 812 et

2218 856 2381 912 eritis
2414 857 2546 912 odio
2579 856 2857 912 omnibus
2888 862 3124 927 propter
3157 868 3371 909 nomen
3398 867 3596 907 meum
3633 866 3647 903 :
3684 853 3741 903 et
3769 864 3859 902 ca-

2219 946 2401 1018 pillus
2423 947 2491 1003 de
2515 946 2702 1019 capite
2722 951 2915 1002 vestro
2929 962 3045 1001 non
3076 943 3309 1016 peribit.
3338 944 3399 997 In
3432 939 3715 1013 patientia
3739 953 3865 991 ves-

2218 1041 2308 1092 tra
2338 1036 2715 1109 possidebitis
2738 1034 2967 1092 animas
2986 1039 3237 1090 vestras.
3252 1033 3318 1087 Et
3328 1035 3454 1103 post
3469 1030 3825 1100 aliquantum
3848 1042 3861 1080 :

2211 1128 2508 1185 Attendite
2561 1131 2755 1181 autem
2804 1124 2989 1195 vobis,
3022 1140 3097 1181 ne
3152 1123 3297 1178 forte
3343 1125 3664 1193 graventur
3692 1117 3865 1171 corda

2215 1221 2406 1272 vestra
2438 1234 2471 1271 a
2502 1215 2743 1287 crapula
2771 1218 2829 1269 et
2854 1213 3153 1282 ebrietate,
3186 1218 3241 1267 et
3269 1209 3425 1265 curis
3450 1208 3633 1278 hujus
3654 1206 3864 1271 vitre,et

2217 1304 2591 1377 superveniat
2622 1304 2681 1358 in
2729 1321 2831 1360 vos
2889 1301 3192 1375 repentina
3249 1300 3375 1355 dies
3406 1298 3527 1352 illa.
3557 1297 3863 1366 Tanquam

2219 1394 2374 1451 enim
2407 1393 2653 1465 laqueus
2684 1392 3054 1464 superveniet
3080 1391 3141 1445 in
3172 1404 3377 1445 omnes
3403 1388 3508 1459 qui
3536 1385 3749 1441 sedent
3779 1397 3871 1436 su-

2218 1502 2321 1556 per
2350 1485 2557 1539 faciem
2589 1482 2781 1539 omnis
2812 1486 2999 1537 terrae.
3027 1478 3275 1552 Vigilate
3307 1477 3504 1548 itaque
3534 1473 3698 1529 omni
3730 1478 3870 1525 tem-

2217 1591 2355 1647 pore
2384 1578 2639 1644 orantes,
2664 1576 2727 1627 ut
2747 1571 2908 1643 digni
2939 1567 3273 1625 habeamini
3297 1567 3496 1637 fugere
3516 1563 3720 1619 omnia
3737 1561 3866 1625 ista,

2218 1680 2345 1736 quae
2378 1664 2577 1719 futura
2607 1668 2768 1726 sunt,
2800 1665 2857 1716 et
2889 1665 3044 1715 stare
3074 1662 3208 1713 ante
3236 1655 3448 1713 Filium
3480 1650 3771 1708 hominis.

2285 1756 2417 1810 Item
2444 1761 2562 1825 post
2583 1752 2933 1822 aliquantum
2952 1748 3135 1821 [um]
3162 1764 3174 1802 :
3202 1747 3375 1801 Facta
3395 1748 3483 1799 est
3512 1748 3715 1797 autem
3740 1755 3868 1793 con-

2216 1843 2399 1899 tentio
2451 1842 2603 1896 inter
2631 1856 2751 1910 eos,
2783 1839 2916 1911 quis
2939 1853 3140 1894 eorum
3173 1834 3466 1890 videretur
3491 1848 3624 1888 esse
3655 1830 3864 1899 major.

2214 1932 2368 1989 Dixit
2397 1936 2591 1987 autem
2614 1931 2697 1986 eis
2722 1946 2733 1984 :
2765 1929 2946 1999 Reges
2967 1926 3232 2000 gentium
3253 1923 3639 1979 dominantur
3659 1934 3865 1975 eorum

2216 2026 2273 2077 et
2298 2021 2398 2093 qui
2430 2024 2775 2092 potestatem
2799 2018 3016 2073 habent
3044 2030 3223 2087 super
3240 2031 3359 2080 eos,
3385 2010 3633 2067 benefici
3654 2024 3864 2063 vocan-

2215 2116 2331 2166 tur.
2365 2110 2479 2166 Vos
2502 2115 2699 2166 autem
2732 2125 2846 2163 non
2879 2106 2963 2162 sic
2997 2124 3010 2161 :
3038 2105 3141 2160 sed
3162 2102 3263 2175 qui
3287 2101 3475 2172 major
3502 2105 3593 2155 est
3614 2098 3676 2153 in
3702 2096 3868 2152 vobis

2217 2203 2318 2256 ﬁat
2374 2201 2523 2256 sicut
2544 2198 2748 2269 junior
2774 2199 2789 2232 ί
2818 2201 2905 2264 ;et
2936 2195 3035 2267 qui
3064 2209 3384 2267 praecessor
3415 2192 3522 2256 est,
3558 2187 3721 2245 sicut
3760 2185 3869 2240 mi-

2218 2291 2515 2346 nistrator.
2548 2288 2693 2343 Nam
2752 2286 2885 2356 quis
2937 2286 3127 2355 major
3156 2286 3267 2348 est,
3307 2280 3408 2352 qui
3441 2276 3764 2341 recumbit,
3803 2292 3870 2329 an

2220 2380 2318 2451 qui
2352 2378 2690 2434 ministrat?
2712 2392 2903 2432 nonne
2934 2374 3035 2445 qui
3062 2368 3399 2428 recumbit?
3432 2372 3548 2440 Ego
3580 2372 3790 2422 autem
3823 2364 3875 2417 in

2220 2469 2414 2526 medio
2443 2473 2703 2525 vestrum
2735 2482 2868 2523 sum
2900 2465 3054 2521 sicut
3085 2461 3183 2534 qui
3214 2458 3629 2516 ministrat.Et
3674 2455 3791 2511 alio
3823 2456 3878 2507 in

2221 2560 2333 2618 loco
2367 2578 2382 2616 :
2411 2564 2583 2617 Orate
2609 2574 2683 2614 ne
2714 2554 2946 2613 intretis
2976 2553 3036 2608 in
3066 2550 3467 2608 tentationem.

2364 2704 2458 2760 DE
2486 2698 2890 2758 EVANGELIO
2936 2691 3323 2751 SECUNDUM
3366 2686 3732 2745 JOANNEM.

2296 2821 2453 2892 [Cap.
2493 2818 2571 2888 v.]
2605 2815 2902 2882 Quomodo
2934 2810 3179 2884 potestis
3206 2824 3307 2863 vos
3338 2805 3592 2867 credere,
3626 2799 3735 2871 qui
3763 2798 3877 2892 glo-

2227 2911 2371 2966 riam
2406 2911 2479 2965 ab
2529 2907 2773 2962 invicem
2826 2900 3114 2975 accipitis,
3146 2904 3204 2955 et
3241 2894 3485 2969 gloriam
3517 2908 3653 2964 qua:
3684 2907 3721 2946 a
3752 2887 3872 2945 solo

2226 3001 2343 3057 Deo
2370 3004 2458 3055 est
2490 3014 2603 3052 non
2637 2994 2897 3067 quaeritis
2921 2991 2949 3047 Ἰ

2298 3092 2367 3145 Et
2393 3092 2513 3162 post
2540 3089 2892 3158 aliquantum
2904 3080 3103 3153 [v111.]:
3127 3077 3284 3135 Dixit
3309 3078 3508 3133 autem
3529 3072 3737 3162 Jesus,
3761 3068 3873 3123 Nec

2230 3197 2336 3252 ego
2365 3159 2420 3235 te
2443 3176 2863 3235 condemnabo.
2889 3171 3067 3237 Vade,
3100 3174 3157 3226 et
3186 3164 3575 3238 ampliusjam
3603 3159 3727 3216 noli
3751 3173 3877 3230 pec-

2231 3286 2381 3327 care.
2415 3268 2658 3340 Elpaulo
2689 3272 2805 3337 post
2852 3280 2865 3318 :
2900 3261 2959 3317 Si
2990 3275 3091 3316 vos
3122 3254 3456 3313 manseritis
3488 3252 3546 3307 in
3606 3260 3877 3306 sermone

2232 3377 2382 3427 meo,
2416 3374 2547 3413 vere
2572 3335 2848 3426 discipuli
2880 3350 2994 3406 mei
3025 3348 3211 3415 eritis,
3245 3350 3301 3401 et
3330 3338 3699 3414 cognoscetis
3728 3335 3878 3392 veri-

2231 3454 2434 3515 tatem,
2467 3452 2524 3502 ct
2550 3444 2764 3500 veritas
2795 3438 3065 3496 liberabit
3120 3453 3242 3492 vos.
3276 3436 3343 3489 Et
3370 3438 3490 3504 post
3527 3428 3834 3502 paululum
3862 3442 3876 3479 :

2234 3543 2439 3605 Amen,
2473 3551 2643 3592 amen
2675 3531 2803 3588 dico
2831 3530 3021 3594 vobis,
3052 3526 3193 3598 quia
3221 3522 3415 3580 omnis
3445 3520 3547 3592 qui
3582 3518 3725 3574 facit
3754 3531 3879 3587 pec-

2234 3633 2452 3692 catum,
2508 3638 2712 3679 servus
2759 3625 2846 3675 est
2877 3616 3118 3690 peccati.
3144 3619 3210 3670 Et
3238 3612 3376 3667 alibi
3406 3626 3420 3665 :
3466 3614 3677 3677 Amen,
3711 3620 3881 3660 amen

2237 3718 2364 3773 dico
2395 3714 2585 3781 vobis,
2610 3712 2659 3768 si
2691 3710 2823 3783 quis
2857 3721 3157 3764 semonem
3181 3717 3377 3758 meum
3411 3696 3880 3765 servaverit,non

2235 3804 2456 3863 videbit
2484 3806 2731 3858 mortem
2765 3800 2823 3854 in
2855 3802 3157 3853 aeternum.

2310 3897 2375 3951 Et
2388 3893 2880 3967 postaliquantum
2899 3887 3023 3959 [χιι]
3052 3883 3191 3952 :Qui
3222 3884 3383 3939 amat
3403 3877 3665 3935 animam
3692 3891 3883 3939 suam,

2242 3984 2447 4058 perdet
2477 3997 2640 4048 eam;
2673 3982 2730 4035 et
2760 3977 2862 4050 qui
2892 3974 3015 4031 odit
3036 3973 3291 4030 animam
3308 3968 3552 4026 suamin
3584 3967 3698 4022 hoc
3722 3981 3889 4020 mun-

2244 4052 2403 4145 do,in
2425 4070 2604 4126 vitam
2628 4071 2905 4124 aeternam
2923 4062 3182 4120 custodit
3203 4077 3351 4116 eam.
3376 4058 3432 4113 Si
3454 4057 3592 4129 quis
3614 4055 3762 4111 mihi
3784 4052 3889 4107 mi-

2244 4143 2577 4226 nistrat,me
2603 4159 2903 4228 sequatur;
2922 4158 2979 4209 et
3001 4151 3099 4207 ubi
3124 4166 3257 4206 sum
3275 4145 3528 4221 ego,illic
3548 4149 3607 4201 et
3625 4143 3895 4199 minister

2246 4268 2413 4308 meus
2452 4248 2579 4304 erit.
2602 4247 2660 4301 Si
2690 4246 2823 4317 quis
2852 4242 2995 4298 mihi
3025 4236 3463 4302 ministraverit,
3482 4230 3897 4290 honorificabit

2248 4357 2383 4398 eum
2415 4342 2588 4394 Pater
2612 4334 2882 4391 meus.El
2905 4333 3018 4388 alio
3048 4331 3161 4386 loco
3193 4346 3211 4383 :
3233 4326 3567 4383 Dilexerunt
3587 4323 3751 4381 enim
3772 4321 3896 4395 glo-

2248 4431 2398 4487 riam
2431 4426 2743 4484 hominum
2775 4422 2961 4494 magis
2992 4435 3170 4493 quam
3201 4416 3448 4490 gloriam
3482 4414 3610 4471 Dei.

2320 4521 2388 4575 Et
2418 4517 2557 4575 alibi
2586 4515 2754 4588 [χιιι]
2788 4530 2802 4569 :
2834 4516 2953 4568 Vos
2972 4509 3194 4566 vocatis
3224 4523 3336 4576 me,
3370 4503 3671 4575 Magister,
3704 4507 3771 4558 Et
3790 4507 3895 4557 Do-

2254 4610 2442 4678 mine;
2477 4613 2534 4665 et
2554 4608 2700 4662 bene
2721 4602 2939 4671 dicitis,
2962 4616 3093 4657 sum
3123 4596 3339 4654 etenim
3366 4611 3379 4650 :
3406 4594 3455 4651 si
3486 4610 3627 4666 ergo
3651 4608 3761 4664 ego
3788 4590 3897 4647 lavi

2254 4701 2432 4775 pedes
2460 4700 2684 4753 vestros
2701 4691 2980 4750 Dominus
2996 4694 3055 4745 et
3075 4686 3437 4760 magister,et
3451 4700 3554 4740 vos
3578 4682 3809 4739 debetis
3826 4680 3899 4735 al-

2256 4770 2343 4846 ter
2355 4787 2599 4844 alterius
2613 4784 2807 4840 lavare
2824 4777 3201 4854 pedes.Exem
3209 4774 3371 4849 plum
3389 4773 3548 4829 enim
3562 4772 3701 4829 dedi
3713 4770 3897 4836 vobis,

2255 4883 2322 4936 ut
2341 4872 2840 4950 quemadmodum
2861 4886 2962 4941 ego
2986 4866 3093 4924 feci
3117 4866 3301 4936 vobis,
3333 4866 3416 4921 ita
3435 4870 3491 4919 et
3508 4879 3612 4919 vos
3652 4860 3901 4918 faciatis.

2255 4971 2322 5025 Et
2346 4967 2512 5040 paulo
2540 4966 2656 5037 post
2686 4981 2705 5019 :
2735 4960 3077 5017 Mandatum
3093 4970 3308 5013 novum
3326 4955 3398 5010 do
3418 4952 3686 5021 vobis,ut
3701 4951 3906 5022 diliga-

2260 5058 2337 5114 tis
2357 5048 2976 5123 invicem,sicutdilexi
3000 5050 3261 5118 vos,utet
3273 5061 3373 5102 vos
3385 5042 3908 5116 diligatisinvicem

505 5173 646 5213 nera
674 5174 784 5211 sua
814 5156 874 5209 in
921 5156 1401 5228 gazophylacium
1431 5129 1636 5214 divites
1662 5176 1675 5212 :
1702 5158 1843 5213 vidit
1871 5165 2067 5214 autem
2098 5164 2156 5214 et
2261 5150 2326 5203 In
2361 5147 2469 5201 hoc
2515 5145 2868 5215 cognoscent
2897 5153 3098 5195 omnes
3129 5136 3267 5207 (Ιυίθι
3297 5133 3408 5190 mei
3439 5132 3720 5205 discipuli
3750 5129 3907 5194 δεθεῖεν

501 5246 825 5319 quamdam
849 5244 1085 5300 viduam
1118 5245 1539 5317 pauperculam
1561 5247 1889 5303 mittentem
1916 5265 2030 5303 cera
2051 5248 2157 5303 mi-

502 5342 648 5393 nuta
676 5335 793 5391 duo
818 5356 832 5404 ς
855 5340 913 5391 et
944 5334 1109 5407 dixit,
1126 5335 1273 5392 Vere
1304 5336 1432 5392 dico
1462 5337 1647 5408 vobis,
1667 5337 1808 5409 quia
1834 5338 2011 5393 vidua
2036 5338 2156 5393 hinc

2262 5238 2312 5293 si
2343 5233 2716 5290 dilectionem
2749 5226 3077 5287 habueritis
3106 5226 3178 5281 ad
3209 5224 3481 5280 invicem.

2337 5328 2401 5381 Et
2425 5324 2595 5397 paulo
2624 5328 2740 5394 post
2771 5318 2964 5392 [xm]:
2998 5316 3057 5371 Si
3072 5313 3315 5386 diligitis
3338 5329 3452 5380 me,
3475 5312 3755 5368 mandata
3785 5321 3911 5364 mea

502 5443 727 5499 pauper
749 5402 884 5498 plus
907 5402 1318 5497 quam'omnes
1345 5402 1754 5483 misit.Nam-et
1780 5444 1983 5484 omnes
2006 5427 2068 5482 hi
2090 5444 2159 5483 ex
2267 5420 2516 5473 servate.
2548 5414 2615 5469 Et
2638 5415 2759 5485 post
2776 5408 3071 5482 paululum
3104 5421 3123 5461 :
3154 5403 3261 5470 Qui
3277 5403 3457 5459 habet
3488 5402 3762 5458 mandata
3783 5412 3909 5454 mea

509 5514 836 5571 abundanti
855 5514 967 5571 sibi
990 5515 1277 5571 miserunt
1299 5515 1359 5570 in
1383 5531 1628 5571 munera
1647 5516 1751 5572 Dei
1785 5535 1798 5583 ;
1825 5517 1942 5573 haec
1963 5520 2158 5573 autem

509 5622 579 5661 ex
609 5621 675 5659 eo
700 5605 854 5675 quod
874 5605 1039 5661 deest
1066 5604 1413 5672 illi,omnem
1435 5604 1653 5659 victum
1673 5620 1845 5661 suum
1868 5622 2045 5677 quem
2065 5607 2165 5662 ba-

2333 5579 2351 5615 ¹
2376 5577 2514 5628 Editi
2544 5591 2666 5627 cum
2708 5574 2943 5638 vulgata,
2973 5565 3323 5638 sieui‘mtlnorj.
3358 5567 3615 5638 Qte-tea,
3656 5565 3781 5638 sicut
3814 5562 3908 5638 ja-

2268 5655 2413 5691 mor:
2448 5642 2627 5704 sicque
2650 5628 2898 5690 etiamvin
2929 5632 3169 5698 antiquis
3188 5631 3345 5682 Corb.
3363 5630 3546 5681 Bibliis
3564 5643 3578 5692 ;
3596 5628 3752 5693 juxta
3778 5636 3907 5688 grte-

512 5692 661 5762 buit,
683 5692 865 5750 misit.
888 5695 1023 5751 Item
1052 5695 1171 5751 alio
1200 5693 1314 5750 loco
1349 5708 1362 5749 :
1394 5690 1597 5749 Ponite
1643 5708 1777 5766 ergo
1800 5693 1860 5750 in
1886 5695 2163 5752 cordibus
2265 5690 2411 5767 cum,
2439 5690 2582 5753 has'd
2604 5705 2851 5755 neoteros.
