3998 6184
477 310 631 372 1007

469 447 774 511 nero,tunc
797 440 1047 496 collectae
1081 440 1394 496 ﬁant.Cum
1418 444 1609 494 autem
1642 455 1895 509 praesens
1931 438 2111 499 fuero,

469 550 616 604 quos
649 530 1050 602 probaveritis,
1075 528 1464 599 perepistolas
1491 528 1592 583 hos
1620 528 1843 582 mittam
1865 526 2114 597 perferre

468 622 716 695 gratiam
752 625 998 675 vestram
1023 619 1080 672 in
1113 617 1639 680 Jerusalem.Quod
1658 616 1964 687 sidignum
1990 616 2111 669 fue-

468 712 543 767 rit
573 715 637 765 ut
667 714 720 763 et
752 724 856 779 ego
874 723 1023 773 eam,
1058 722 1285 761 mecum
1317 704 1506 761 ibunt.
1534 706 1779 760 Veniam
1815 710 2009 758 autem
2041 703 2111 757 ad

470 817 569 856 vos
588 815 717 854 cum
733 796 1128 852 Macedoniam
1144 794 2112 867 pertransiero.NamMacedoniam

469 886 857 961 pertransibo.
890 885 1054 955 Apud
1089 901 1188 939 vos
1208 888 1401 939 autem
1434 882 2111 952 forsitanremanebo,vel

469 978 642 1031 etiam
679 974 972 1043 hiemabo,
1009 978 1072 1027 ut
1101 989 1200 1028 vos
1247 990 1338 1027 me
1382 973 1687 1027 deducatis
1746 988 2114 1043 quocumque

468 1066 605 1121 iero.
640 1062 782 1119 Nolo
814 1062 968 1117 enim
1005 1079 1101 1117 vos
1127 1063 1295 1116 modo
1319 1062 1376 1115 in
1409 1062 1657 1116 transitu
1690 1062 1909 1116 videre:
1946 1077 2113 1131 spero

466 1159 663 1211 autem
689 1170 782 1209 me
802 1152 1166 1222 aliquantum
1196 1150 1476 1221 temporis
1502 1166 1735 1204 manere
1755 1150 1909 1220 apud
1936 1148 2109 1214 vos,si

466 1244 745 1299 Dominus
764 1240 1473 1313 permiserit.Permanebo
1492 1243 1687 1293 autem
1704 1237 1912 1309 Ephesi
1928 1253 2114 1308 usque

461 1335 534 1388 ad
556 1333 950 1388 Pentecosten.
987 1330 1212 1382 Ostium
1246 1328 1560 1382 enimmihi
1594 1332 1859 1398 apertum
1875 1333 1963 1381 est
1995 1343 2113 1380 ma-

460 1438 641 1492 gnum
674 1424 731 1475 et
759 1419 1022 1482 evidens,
1053 1423 1106 1471 et
1138 1417 1456 1471 adversarii
1493 1416 1682 1470 multi.
1710 1417 1767 1470 Si
1791 1421 1983 1469 autem
2018 1431 2110 1469 ve-

458 1510 611 1565 nerit
629 1509 986 1571 Timotheus,
1020 1506 1208 1560 videte
1243 1506 1441 1560 utsine
1477 1505 1683 1559 timore
1712 1505 1787 1558 sit
1810 1505 1962 1573 apud
1986 1521 2107 1559 vos.

456 1600 519 1655 Et
545 1603 666 1669 post
686 1595 1019 1667 paululum:
1048 1594 1548 1665 Vigilate,statein
1574 1593 1971 1648 l’idevirtiliter
1990 1593 2110 1664 agi-

453 1693 595 1754 te,et
616 1684 1050 1742 confortamini.
1085 1683 1295 1737 Omnia
1327 1687 1517 1737 vestra
1547 1682 1605 1737 in
1637 1684 1918 1738 eharitate
1942 1684 2102 1737 ﬁant.

505 1795 595 1849 DE
634 1792 979 1847 EPISTOLA
1022 1791 1068 1844 ll
1114 1792 1173 1844 Β.
1218 1790 1421 1844 PAULI
1464 1790 1556 1844 AD
1599 1790 2040 1845 CORINTHIOS.

525 1894 679 1962 [Cap.
715 1890 779 1961 1.]
811 1890 957 1943 Nam
992 1887 1177 1959 gloria
1195 1891 1395 1941 nostra
1425 1887 1544 1941 haec
1566 1892 1673 1953 est,
1708 1888 2110 1942 testimonium

455 1980 823 2037 conscientiae
861 1976 1332 2047 nostrae,quodin
1365 1976 1745 2047 simplicitate
1768 1979 1780 2011 ¹
1807 1981 1862 2031 et
1878 1977 2113 2040 sinceri_

454 2074 572 2126 tate
604 2068 725 2131 Dei,
753 2072 939 2121 etnon
963 2065 1018 2117 in
1038 2063 1325 2133 sapientia
1352 2062 1595 2128 carnali,
1614 2064 1714 2118 sed
1738 2064 1793 2116 in
1812 2063 1995 2133 gratia
2011 2064 2111 2127 Dei

454 2156 777 2213 conversati
812 2170 1020 2209 sumus
1054 2154 1111 2205 in
1139 2152 1379 2206 mundo.

528 2248 590 2299 El
619 2254 735 2314 post
764 2242 1056 2313 paululum
1088 2241 1233 2309 [11.]:
1270 2240 1323 2293 Si
1359 2241 1493 2310 quis
1524 2245 1715 2295 autem
1752 2241 2114 2295 contristavit

456 2351 547 2389 me
568 2336 608 2399 ²,
639 2350 752 2387 non
788 2348 878 2385 me
911 2331 1310 2395 contristavit;
1342 2330 1439 2383 sed
1458 2346 1525 2383 ex
1544 2335 1806 2400 parte,ut
1839 2346 1951 2383 non
1986 2346 2114 2383 one-

455 2438 813 2489 rem,omnes
847 2419 1217 2475 vos.Suflicit
1247 2417 1330 2471 illi
1359 2417 1455 2487 qui
1482 2418 1774 2487 ejusmodi
1794 2418 2109 2487 est,objur-

453 2514 609 2585 gatio
634 2513 753 2565 haec
777 2526 903 2580 quae
939 2510 1002 2563 ﬁt
1034 2525 1066 2562 a
1098 2508 1401 2578 pluribus;
1428 2507 1583 2560 itaut
1613 2521 1641 2559 e
1669 2507 1957 2561 contrario
1990 2524 2109 2561 ma-

459 2603 549 2674 gis
580 2600 809 2656 donetis
840 2602 897 2653 et
929 2597 1337 2661 consulamini,
1373 2612 1441 2650 ne
1492 2597 1634 2650 forte
1684 2596 2111 2651 abundantiore

450 2690 695 2746 tristitia
725 2687 1231 2755 absorbeatur,qui
1254 2685 1541 2755 ejusmodi
1561 2691 1684 2739 est,
1698 2689 1938 2755 Propter
1954 2687 2106 2756 quod

456 2780 896 2846 obsecrovos,ut
924 2775 1286 2830 conﬁrmetis
1312 2774 1369 2827 in
1391 2773 1554 2827 illum
1589 2773 1957 2828 charitatem.
1978 2775 2109 2830 Ideo

458 2869 612 2923 enim
644 2865 876 2931 scripsi,
898 2870 961 2919 ut
982 2879 1329 2934 cognoscam
1344 2863 1803 2934 experimentum
1829 2868 2107 2931 vestrum,

462 2974 533 3012 an
566 2957 622 3010 in
654 2955 929 3012 omnibus
960 2951 1298 3007 obedientes
1330 2951 1477 3006 sitis.
1511 2951 1611 3006 Cui
1645 2957 1838 3007 autem
1890 2953 2107 3024 aliquid

463 3043 747 3113 donastis,
779 3047 837 3098 et
865 3059 989 3115 ego.
1022 3040 1167 3095 Nam
1198 3044 1255 3095 et
1286 3057 1391 3112 ego
1424 3040 1576 3111 quod
1611 3042 1840 3105 donavi,
1875 3042 1921 3095 si
1968 3043 2104 3113 quid

467 3134 697 3199 donavi,
733 3136 967 3204 prepter
994 3147 1093 3185 vos
1126 3131 1179 3183 in
1200 3146 1448 3199 persona
1478 3129 1690 3183 Christi
1719 3146 1731 3193 ;
1767 3135 1830 3183 ut
1854 3147 1965 3185 non
1999 3133 2109 3188 cir-

463 3223 904 3281 cumveniamur
932 3239 965 3275 a
994 3225 1196 3275 satana
1229 3237 1241 3274 :
1279 3236 1389 3275 non
1421 3219 1928 3290 enimignoramus
1956 3224 2109 3295 cogi-

463 3314 711 3369 tationes
742 3314 891 3381 ejus.

530 3405 594 3457 Et
624 3402 735 3456 alio
766 3401 882 3455 loco
912 3399 1058 3468 [1v.];
1092 3398 1222 3452 Ideo
1256 3397 1534 3454 habentes
1567 3400 2103 3455 haneadministra-

455 3492 677 3545 tionem
691 3490 755 3559 3,j
766 3492 901 3542 uxta
915 3488 1069 3557 quod
1089 3487 1546 3541 misericordiam
1564 3489 1856 3542 consecuti
1873 3505 2099 3557 sumus,

451 3596 568 3634 non
584 3578 890 3632 deficimus
912 3594 923 3641 ;
942 3576 1041 3629 sed
1057 3575 1163 3629 abri
1176 3575 1400 3630 icamus
1423 3575 1647 3630 occulta
1661 3577 2098 3643 dedecoris,non

448 3666 817 3723 ambulantes
850 3664 909 3718 in
943 3664 1178 3730 astutia,
1213 3679 1401 3733 neque
1434 3664 1831 3719 adulterantes
1857 3668 2097 3723 verbum

448 3757 566 3823 Dei,
594 3755 693 3811 sed
726 3754 783 3808 in
818 3753 1290 3807 manil‘estatione
1322 3753 1580 3807 veritatis
1629 3755 2099 3811 commendantes

445 3844 842 3914 nosmetipsos
876 3842 947 3896 ad
979 3857 1211 3895 omnem
1241 3842 1654 3897 conscientiam
1688 3841 2098 3898 hominumco-

442 3953 562 3991 ram
600 3936 735 3989 Deo.
772 3935 838 3988 Et
864 3937 983 4002 post
1009 3948 1215 4003 paucos
1247 3948 1465 3986 versus:
1494 3932 1615 3987 Non
1658 3933 1811 3987 enim
1862 3950 2094 3989 nosme-

440 4028 629 4098 tipsos
661 4024 1070 4096 praedicamus,
1104 4025 1202 4077 sed
1228 4023 1426 4078 Jesum
1460 4023 1752 4078 Christum
1782 4024 2091 4080 Dominum

442 4121 707 4171 nostrum
742 4130 847 4167 nos
878 4117 1073 4165 autem
1114 4128 1311 4166 servos
1346 4116 1566 4165 vestros
1614 4128 1718 4182 per
1773 4112 1997 4167 Jesum.
2031 4116 2095 4170 Et

440 4206 609 4276 paulo
638 4210 789 4273 post:
815 4202 1107 4256 Habemus
1140 4204 1331 4254 autem
1352 4200 1692 4255 thesaurum
1719 4203 1898 4256 istum
1922 4202 1979 4256 in
2000 4220 2091 4258 va-

435 4295 518 4349 sis
555 4290 855 4356 fictilibus,
891 4294 955 4343 ut
982 4287 1319 4342 sublimitas
1352 4289 1427 4341 sit
1459 4291 1692 4343 virtutis
1726 4290 1847 4356 Dei,
1882 4296 1937 4345 et
1976 4309 2088 4347 non

433 4397 501 4437 ex
538 4379 729 4436 nobis.
762 4380 821 4432 In
848 4376 1124 4431 omnibus
1174 4376 1606 4430 tribulationem
1664 4378 1937 4445 patimur.
1986 4383 2085 4435 sed

428 4488 542 4527 non
579 4467 1025 4539 angustiamur;
1060 4466 1522 4536 aporiamur,sed
1540 4482 1655 4519 non
1676 4466 2081 4536 destituimur;

424 4556 895 4631 persecutionem
936 4553 1213 4625 patimur,
1258 4554 1356 4606 sed
1404 4571 1514 4607 non
1550 4554 2081 4635 derelinquimur‘;

418 4646 759 4717 dejicimur,
794 4644 896 4698 sed
936 4660 1048 4697 non
1082 4643 1382 4713 perimus;
1417 4657 1646 4712 semper
1688 4644 2082 4699 mortiﬁcatio-

433 4751 566 4790 nem
597 4734 737 4788 Jesu
769 4733 826 4786 in
860 4747 1101 4802 corpore
1134 4736 1331 4785 nostro
1367 4730 1860 4797 circumferentes,
1927 4740 1986 4788 ut
2025 4740 2082 4789 et

485 4859 500 4889 ¹
537 4856 594 4901 In
619 4854 797 4920 Biblus
826 4856 1028 4920 SixtihV
1052 4854 1206 4920 jussu
1245 4854 1552 4920 recognitis,
1588 4860 1727 4916 post,
1757 4857 1812 4904 in
1833 4857 2079 4920 simplici-

421 4922 541 4977 tate,
577 4918 810 4973 additur,
841 4918 1042 4965 comli's:
1072 4918 1160 4965 sed
1196 4917 1310 4965 hinc
1345 4932 1441 4966 vox
1482 4918 1669 4965 aberat
1727 4919 1792 4965 ab
1844 4917 2079 4981 antiquis

418 4981 573 5029 Corb.
594 4984 655 5051 et
682 4994 711 5027 a
742 4994 931 5041 graeco,
966 4993 1186 5029 necnon
1218 4981 1283 5027 ab
1316 4982 1567 5028 erunibus
1590 4982 1863 5030 codicibus
1914 4983 2077 5045 hujus

594 5042 646 5089 li.
1985 5042 1999 5045 “

417 5046 781 5169 εριθῗίυοοιφοο,
802 5117 896 5163 me,
934 5116 1040 5151 non
1075 5107 1153 5150 est
1183 5104 1233 5149 in
1265 5104 1426 5163 Regio
1441 5104 1642 5162 codice,
1670 5106 1839 5169 neerin
1872 5121 2070 5169 gnsco;

430 5168 637 5230 fuitque
659 5167 875 5230 demum
908 5172 1234 5230 expunctum
1267 5180 1294 5230 e
1322 5169 1554 5227 Vulgata,
1587 5180 1706 5227 quae
1727 5167 1862 5230 illud
1883 5167 1950 5217 in
1981 5185 2069 5219 ve-

411 5228 568 5281 tustis
600 5229 786 5277 Bibliis
826 5230 980 5276 Corb.
1017 5233 1066 5275 et
1090 5229 1151 5290 in
1185 5228 1302 5290 aliis
1341 5231 1599 5290 pletisi‘jne
1635 5229 1882 5277 addebat.

471 5295 491 5328 ³
522 5293 747 5354 Vulgata
780 5304 923 5338 nunc
954 5293 1004 5355 in
1039 5288 1211 5349 editis,
1246 5289 1489 5355 habentes
1516 5288 2066 5355 administrationem;

406 5352 767 5424 praetermissa
791 5367 945 5424 ‘voce,
984 5352 1310 5424 annuntio
1333 5356 1580 5424 antiquis
1610 5355 1761 5424 Corn.
1796 5355 1928 5403 Bibl.
1990 5352 2062 5405 fe;

408 5414 577 5475 i'ebat,
609 5415 853 5465 habentes
894 5414 1024 5462 hanc
1081 5414 1546 5475 ministrationem;
1602 5415 1757 5477 juxta
1813 5431 2063 5479 gressum,

420 5481 505 5528 ten
536 5480 824 5527 diaconiam
858 5478 1055 5525 (auten.

470 5543 491 5575 ⁴
521 5541 672 5603 Apud
708 5543 824 5603 Lev.
858 5539 1235 5603 interpositum
1270 5538 1351 5586 hic
1379 5538 1557 5603 luerat
1587 5552 1650 5587 ex
1691 5540 2062 5592 Gemblacensi

411 5600 612 5659 codice,
645 5600 1118 5658 humiliamur,’sed
1133 5616 1233 5649 non
1264 5600 1664 5662 con/undimur;
1698 5603 1839 5663 quod
1870 5618 1973 5653 nec
2003 5606 2056 5653 in

412 5664 535 5713 Mss.
576 5666 768 5713 nostris
799 5667 981 5714 aliisve
1001 5665 1323 5712 editionibus
1354 5665 1583 5725 Speculi,
1627 5678 1725 5711 nec
1784 5666 1835 5713 in
1896 5670 2058 5715 sacris

416 5729 593 5778 Bibliis
622 5728 726 5777 nisi
753 5728 889 5778 forte
918 5726 1241 5791 quibusdam
1280 5726 1628 5789 interpolatis,
1672 5729 2051 5789 reperiebatur.

1673 309 1734 364 S.
1786 301 2212 366 AUGUSTINI
2258 301 2672 366 SPECULUM
2687 350 2699 362 .

3654 318 3766 380 1008

2241 434 2356 491 vita
2385 436 2524 492 Jesu
2559 438 2615 491 in
2639 439 2982 509 corporibus
3009 440 3226 495 nostris
3261 443 3623 501 manifestatur.
3649 450 3770 505 Sem-

2226 539 2328 593 per
2356 526 2510 579 enim
2551 543 2657 581 nos
2704 530 2803 599 qui
2854 530 3123 598 vivimus,
3184 531 3243 584 in
3300 537 3516 587 mortem
3556 540 3773 595 tradimur

2227 619 2465 684 propter
2493 616 2520 671 J
2532 632 2718 687 esum,
2746 622 2809 671 ut
2838 622 2895 672 et
2924 618 3042 674 vita
3060 620 3774 683 Jesumanifesteturinenrne

2226 707 2424 757 nostra
2458 704 2713 760 mortali.
2752 709 2896 775 Ergo
2930 723 3088 763 mors
3119 708 3178 763 in
3212 708 3375 764 nobis
3402 717 3648 780 operatur,
3691 717 3776 772 vita

2224 798 2418 847 autem
2452 795 2510 847 in
2541 794 2724 849 vobis.
2757 796 3042 852 Habentes
3074 803 3269 853 autem
3299 798 3541 854 eumdem
3571 803 3773 872 spiritum

2225 880 2379 946 ﬁdei,
2413 881 2567 936 sicut
2596 883 2883 955 scriptum
2916 890 3026 951 est,
3059 886 3289 941 Credidi
3324 894 3536 958 propter
3559 892 3682 960 quod
3718 891 3776 947 lo-

2224 974 2396 1023 cutus
2429 988 2584 1038 sum,
2616 976 2673 1025 et
2706 989 2811 1027 nos
2842 974 3136 1029 credimus
3168 980 3398 1045 propter
3425 978 3559 1047 quod
3576 984 3622 1033 et
3643 979 3778 1051 loqui-

2226 1074 2378 1111 mur.
2410 1060 2469 1112 Ει
2499 1064 2616 1127 post
2636 1076 2736 1114 sca:
2768 1077 2991 1116 versus:
3026 1066 3268 1133 Propter
3314 1066 3459 1135 quod
3505 1082 3603 1120 non
3638 1069 3779 1123 delicio

2226 1162 2360 1200 mus
2382 1190 2395 1213 ,
2427 1148 2529 1202 sed
2565 1147 2699 1203 licet
2730 1150 2778 1204 is
2810 1152 2910 1219 qui
2945 1150 3086 1206 foris
3144 1156 3233 1207 est
3284 1152 3452 1208 homo
3504 1160 3670 1211 noster
3701 1174 3784 1211 cor-

2225 1241 2551 1306 rumpatur,
2584 1242 2778 1293 tamen
2810 1237 2861 1293 is
2894 1239 2995 1309 qui
3022 1240 3184 1295 intus
3214 1245 3303 1295 est
3333 1246 3613 1297 renovatur
3647 1245 3701 1297 de
3723 1246 3783 1299 die

2224 1323 2282 1377 in
2316 1327 2492 1378 diem.
2530 1327 2589 1380 Id
2622 1330 2773 1380 enim
2805 1330 2961 1398 quod
2994 1328 3053 1383 in
3087 1330 3354 1400 praesenti
3396 1337 3480 1386 est
3532 1339 3786 1389 momenta-

2225 1429 2398 1467 neum
2432 1419 2488 1469 et
2516 1414 2638 1469 leve
2663 1416 3059 1473 tribulationis
3076 1422 3313 1488 nostrai,
3333 1436 3505 1490 supra
3532 1424 3725 1475 modum
3748 1425 3786 1477 in

2221 1502 2619 1558 sublimitate‘
2655 1509 2935 1561 aeternum
2968 1506 3165 1579 glorias
3216 1508 3442 1578 pondus
3478 1515 3711 1579 operatur
3748 1512 3788 1565 in

2224 1591 2421 1646 nobis:
2460 1608 2574 1646 non
2605 1595 3148 1665 contemplantibus
3181 1596 3349 1652 nobis
3396 1613 3515 1668 quae
3567 1598 3787 1667 videntur,

2222 1681 2323 1736 sed
2350 1699 2476 1751 quae
2509 1698 2618 1736 non
2648 1683 2938 1738 videntur.
2973 1686 3109 1750 Quae
3136 1686 3293 1739 enim
3327 1686 3599 1751 videntur,
3624 1692 3790 1759 tempo-

2220 1769 2367 1824 ralia
2397 1776 2563 1824 sunt:
2600 1788 2728 1842 quas
2760 1777 2960 1827 autem
2984 1790 3099 1828 non
3129 1774 3420 1841 videntur,
3447 1781 3642 1831 aeterna
3680 1784 3792 1832 sunt.

2293 1861 2356 1913 Et
2384 1869 2501 1930 post
2527 1862 2824 1931 paululum
2844 1862 2966 1932 [vn]
2993 1863 3387 1933 :Adjuvantes
3405 1865 3425 1897 ²
3448 1869 3626 1920 autem
3640 1866 3793 1921 adhor-

2224 1953 2514 2015 tamur,ne
2546 1949 2604 2003 in
2629 1966 2873 2005 vacuum
2891 1952 3133 2021 gratiam
3150 1952 3247 2006 Dei
3262 1953 3795 2024 recipiatis.Aitenim,

2224 2039 2509 2108 Tempore
2540 2044 2776 2107 accepto
2803 2040 3069 2094 exaudivi
3089 2046 3231 2111 te,et
3261 2042 3321 2096 in
3347 2042 3438 2096 die
3456 2043 3796 2111 salutisadjuvi

2224 2133 2297 2181 te.
2338 2128 2472 2180 Ecce
2505 2144 2658 2182 nunc
2692 2132 2921 2199 tempus
2951 2131 3616 2200 aceeptabile,eccenunc
3635 2132 3803 2186 diessa-

2224 2215 2383 2269 Iutis.
2414 2216 2639 2269 Nemini
2675 2217 2881 2272 dantes
2900 2218 3083 2273 ullum
3105 2220 3679 2283 olfensionem,utnon
3697 2222 3800 2274 vitu-

2226 2309 2457 2374 peretur
2481 2304 2868 2360 ministerium
2893 2314 3155 2362 nostrum
3176 2325 3188 2363 :
3207 2310 3308 2363 sed
3328 2310 3387 2364 in
3418 2310 3671 2364 omnibus
3691 2311 3805 2364 exhi-

2226 2394 2385 2445 beam
2400 2410 2466 2446 us
2490 2393 2877 2464 nosmetipsos
2892 2396 3046 2449 sicut
3063 2397 3153 2451 Dei
3182 2397 3731 2466 ministros,§inmulta
3743 2416 3804 2468 pa-

2225 2482 2448 2547 tientia,
2485 2483 2543 2536 in
2581 2483 3080 2547 tribulationibus,
3107 2485 3165 2539 in
3200 2488 3804 2557 necessitatibus,inan-

2222 2571 2455 2641 gustiis,
2492 2572 2547 2625 in
2584 2571 2791 2643 plagis,
2827 2574 2883 2627 in
2917 2575 3272 2642 carceribus,
3309 2575 3367 2630 in
3400 2576 3804 2635 seditionibus.in

2223 2659 2545 2726 laboribus,
2586 2661 2642 2715 in
2676 2660 2910 2731 vigiliis,
2942 2662 2999 2716 in
3026 2663 3293 2733 jejuniis,
3358 2666 3417 2719 in
3468 2666 3724 2727 castitate,
3766 2665 3805 2717 in

2221 2749 2482 2814 scientia,
2515 2750 2573 2803 in
2607 2749 3072 2821 longanimitate,
3103 2751 3161 2806 in
3187 2754 3500 2820 suavitate,
3542 2753 3596 2808 in
3642 2754 3804 2824 Spiritu

2220 2844 2447 2908 saneto,
2476 2839 2533 2893 in
2575 2838 2861 2893 charitate
2892 2856 3006 2895 non
3040 2839 3194 2907 ﬁcta,
3228 2841 3288 2895 in
3317 2842 3494 2897 verbo
3514 2842 3805 2909 veritatis,in

2220 2929 2429 2982 virtute
2464 2927 2559 2981 Dei
2587 2945 2599 2993 ;
2617 2943 2718 2997 per
2737 2928 3221 2998 armajustitiaa,a
3236 2930 3461 2985 dextris
3482 2937 3578 2985 eta
3594 2930 3807 2986 sinistris.

2224 3032 2322 3085 per
2347 3015 2589 3087 gloriam
2604 3021 2661 3071 et
2686 3016 3136 3086 ignobilitatem,
3157 3034 3260 3089 per
3275 3018 3579 3075 infamiam
3595 3025 3643 3075 et
3654 3020 3810 3073 bonam

2222 3106 2434 3159 famam
2460 3123 2472 3171 ;
2506 3111 2568 3158 ut
2598 3104 2933 3160 seductores
2963 3111 3020 3160 et
3036 3107 3461 3174 veraces,sicut
3487 3108 3750 3179 quiignoti
3773 3112 3809 3160 et

2219 3195 2432 3264 cogniti
2457 3212 2469 3260 ;
2503 3194 2673 3265 quasi
2710 3195 3043 3260 morientes,
3063 3200 3121 3249 et
3148 3212 3283 3250 ecce
3302 3197 3583 3265 vivimus;
3615 3195 3808 3252 utcasti-

2216 3284 2330 3355 gati
2365 3288 2422 3337 et
2452 3300 2564 3337 non
2585 3282 2915 3337 mortificati
2942 3308 2955 3351 ;
2980 3283 3149 3354 quasi
3176 3285 3642 3358 tristes,semper
3665 3292 3810 3340 autem

2215 3373 2537 3443 gaudentes
2561 3389 2573 3438 ;
2600 3372 2751 3425 sicut
2780 3376 3034 3443 egentes,
3070 3372 3286 3429 multos
3302 3380 3499 3431 autem
3513 3375 3807 3445 locupletan-

2213 3466 2330 3529 tes;
2364 3470 2638 3532 tanquam
2669 3459 2812 3515 nihil
2836 3461 3139 3527 habentes,
3172 3466 3229 3517 et
3256 3464 3461 3520 omnia
3479 3465 3805 3537 possidentes.

2215 3554 2277 3605 Et
2304 3556 2425 3621 post
2461 3565 2663 3620 paucos
2692 3565 2881 3604 versus
2904 3567 2923 3603 :
2953 3550 3292 3607 Dilatamini
3324 3560 3384 3609 et
3414 3571 3535 3609 vos.
3571 3553 3729 3611 Nolite
3745 3553 3806 3619 ju-

2210 3656 2342 3709 gum
2377 3640 2588 3693 ducere
2616 3655 2747 3692 cum
2784 3639 3292 3704 intidelibus.Quze
3325 3643 3807 3715 enimparticipatio

2202 3728 2451 3798 justitire
2484 3744 2615 3783 eum
2648 3728 3002 3798 iniquitate?
3046 3734 3146 3784 aut
3178 3747 3307 3801 quea
3341 3733 3590 3788 societas
3618 3732 3715 3787 luci
3759 3732 3807 3783 ad

2208 3818 2519 3873 tenebras?
2549 3820 2683 3883 Qua:
2716 3822 2911 3872 autem
2945 3819 3250 3875 conventio
3285 3820 3509 3877 Christi
3540 3822 3607 3877 ad
3639 3817 3811 3875 Belial?

2207 3910 2309 3959 aut
2340 3923 2465 3974 quas
2502 3922 2640 3976 pars
2672 3905 2833 3961 ﬁdeli
2865 3923 2996 3960 cum
3029 3906 3253 3962 infideli
3287 3906 3310 3964 Ρ
3342 3910 3457 3974 Qui
3500 3917 3679 3965 autem
3714 3924 3810 3962 eon-

2206 4011 2417 4049 sensus
2451 3994 2668 4065 templo
2702 3995 2798 4049 Dei
2825 4010 2955 4049 cum
2986 3995 3158 4050 idolis
3178 3996 3205 4050 ?
3232 3998 3346 4054 Vos
3379 4000 3540 4055 enim
3569 3999 3813 4055 estistem-

2206 4082 2367 4153 plum
2408 4083 2502 4137 Dei
2531 4083 2663 4147 vivi,
2701 4084 2855 4139 sicut
2883 4083 3025 4138 dicit
3052 4085 3379 4142 Dominus:
3437 4091 3705 4155 Quoniam
3752 4088 3811 4138 iu-

2204 4173 2482 4227 habitabo
2516 4172 2573 4227 in
2609 4172 2748 4239 illis,
2783 4178 2840 4228 et
2871 4173 3249 4231 inambulabo
3282 4177 3444 4232 inter
3487 4194 3604 4247 eos,
3656 4183 3704 4233 et
3746 4190 3813 4229 ero

2202 4261 2437 4317 illorum
2474 4267 2645 4328 Deus,
2671 4266 2728 4316 et
2762 4261 2874 4331 ipsi
2908 4268 3081 4317 erunt
3113 4264 3257 4317 mihi
3299 4265 3580 4335 populus.
3632 4270 3813 4333 Propter

2201 4352 2355 4420 quod
2390 4352 2536 4405 exite
2554 4351 2624 4404 de
2650 4349 2834 4405 medio
2865 4355 3153 4422 eorum,et
3177 4355 3567 4426 separamini,
3593 4352 3719 4409 dicit
3734 4355 3810 4405 Do-

2200 4439 2418 4505 minos,
2437 4445 2491 4493 et
2523 4438 2896 4493 immundum
2919 4456 2990 4493 ne
3013 4440 3324 4512 tetigeritis
3354 4448 3446 4511 ;et
3461 4459 3567 4515 ego
3584 4442 3806 4513 recipiam

2197 4544 2317 4593 vos,
2352 4533 2409 4583 et
2434 4543 2529 4583 ero
2561 4527 2728 4581 vobis
2764 4527 2821 4582 in
2854 4533 3108 4598 patrem,
3144 4534 3201 4585 et
3229 4547 3333 4587 vos
3392 4532 3559 4588 eritis
3607 4531 3730 4587 mihi
3767 4528 3806 4581 in

2197 4618 2346 4671 ﬁlios
2368 4621 2425 4671 et
2454 4617 2625 4681 ﬁlias,
2657 4616 2802 4671 dicit
2832 4617 3119 4674 Dominus
3148 4620 3547 4692 omnipotens.

2263 4706 2531 4775 [vn.]Has
2549 4705 2728 4775 igitur
2750 4705 3031 4761 habentes
3045 4705 3805 4778 promissionss,charissimi.

2194 4795 2543 4849 mundemus
2577 4811 2680 4848 nos
2712 4794 2780 4848 ab
2798 4794 3424 4868 omniinquinamento
3448 4800 3637 4854 carnis
3658 4794 3807 4868 etspi-

2189 4882 2356 4951 ritus,
2393 4883 2760 4953 perﬁcientes
2779 4883 3299 4941 sanetificationem
3330 4886 3393 4941 in
3426 4888 3630 4943 timore
3660 4885 3808 4940 Det!)

2184 4981 2301 5042 post
2329 4972 2634 5043 paupulum
2651 4990 2668 5025 .·
2701 4973 2985 5036 Quoniam
3008 4978 3064 5029 et
3080 4974 3127 5029 si
3159 4976 3508 5032 contristavi
3534 4995 3629 5033 vos
3650 4978 3702 5032 in
3722 4973 3809 5045 epi-

2185 5060 2354 5127 stola,
2392 5078 2503 5115 non
2530 5077 2619 5116 me
2652 5060 2921 5131 pmnitet:
2947 5068 3005 5117 et
3036 5064 3087 5117 si
3117 5064 3447 5134 pmniteret,
3464 5066 3661 5120 videns
3686 5059 3805 5134 quod

2182 5150 2431 5220 epistola
2462 5149 2554 5203 illa
2577 5149 2685 5203 etsi
2719 5150 2789 5204 ad
2810 5149 3013 5206 horam
3031 5168 3132 5207 vos
3162 5152 3803 5223 contristavi,nuncgau-

2180 5239 2308 5299 deo,
2344 5255 2458 5293 non
2494 5238 2631 5309 quia
2664 5238 2993 5293 contristati
3026 5242 3192 5307 estis,
3226 5241 3325 5296 sed
3362 5259 3484 5313 qua
3513 5234 3805 5297 contristati

2174 5328 2317 5381 estis
2332 5327 2402 5381 ad
2427 5326 3199 5398 pmnitentiam.Contristati
3214 5329 3365 5385 enim
3378 5330 3521 5386 estis
3531 5327 3802 5385 secundun

2175 5414 2377 5482 Deum,
2415 5420 2476 5470 ut
2508 5416 2564 5469 in
2586 5414 2747 5470 nullo
2780 5416 3197 5473 detrimentum
3220 5418 3606 5490 patiaminiex
3631 5414 3793 5471 nobis.

2173 5505 2307 5568 Quae
2321 5504 2473 5559 enim
2490 5506 2809 5560 secundum
2838 5506 3016 5561 Deum
3041 5507 3276 5563 tristitia
3294 5512 3409 5575 est,
3432 5504 3795 5579 paenitentiam

2238 5606 2259 5669 ’ν
2287 5603 2483 5669 Regius
2517 5602 2684 5651 codex
2700 5607 2751 5652 et
2775 5602 2927 5669 Corb,
2952 5604 3135 5669 Biblia,
3165 5620 3316 5669 supra
3339 5606 3547 5655 modum
3576 5606 3626 5669 ia
3655 5599 3788 5669 subti-

2168 5666 2427 5732 milatcni;
2444 5666 2600 5728 juxta
2624 5680 2874 5732 graecum.
2902 5666 3041 5714 kath'
3071 5666 3343 5731 uperbolén
3374 5669 3448 5719 ei:
3473 5666 3737 5732 υρενὸοιέκ.

2231 5730 2251 5763 ³
2264 5729 2465 5793 Regius
2499 5731 2687 5791 codex,
2722 5729 3049 5792 adiurantes.
