3998 6184
159 317 301 380 1017

163 450 277 515 stis,
309 454 364 504 et
390 447 617 503 vidistis
647 448 706 503 in
740 464 851 515 me,
901 448 1023 503 hac
1075 447 1267 517 agite;
1318 451 1376 501 et
1418 450 1571 501 Deus
1625 442 1787 515 pacis

163 538 260 594 erit
288 538 598 592 vobiscum.
623 538 874 593 Gavisus
906 555 1037 593 sum
1061 542 1254 593 autem
1281 537 1336 590 in
1364 535 1603 590 Domino
1620 532 1787 588 vehe-

166 630 388 694 menter,
420 626 694 694 quoniam
710 628 945 681 tandem
974 626 1288 697 aliquando
1313 622 1661 679 reﬂoruistis
1683 637 1785 692 pro

166 731 246 770 me
262 714 648 781 sentire,sicut
666 721 722 769 et
746 715 1121 771 sentiebatis:
1142 714 1410 785 occupati
1439 716 1634 768 autem
1658 726 1785 765 era-

164 804 245 858 tis.
276 804 393 858 Non
423 804 589 873 quasi
623 808 859 874 propter
903 805 1209 875 penuriam
1260 804 1410 858 dico.
1464 803 1580 873 Ego
1627 800 1784 855 enim

162 891 336 957 didici,
360 890 417 945 in
450 890 662 962 quibus
694 909 849 959 sum,
870 892 1170 948 sufficiens
1187 907 1335 947 esse.
1358 890 1487 945 Scio
1508 894 1566 944 et
1586 887 1783 943 humi-

164 980 274 1035 liari
302 998 315 1047 ;
346 980 465 1035 scio
495 984 552 1034 et
574 981 874 1036 abundare
900 997 913 1037 :
937 981 1154 1052 ubique
1178 986 1236 1036 et
1257 981 1313 1035 in
1338 977 1783 1035 omnibusinsti-

160 1074 308 1124 tutus
328 1085 480 1137 sum,
508 1074 564 1123 et
585 1069 809 1132 satiari,
841 1076 898 1125 et
926 1070 1138 1136 esurie,
1162 1074 1219 1125 et
1244 1070 1563 1133 abundare,
1595 1072 1651 1123 et
1682 1083 1782 1138 pe-

162 1158 372 1212 nuriam
408 1157 552 1228 pati:
580 1159 779 1213 omnia
807 1176 1044 1230 possum
1068 1159 1126 1213 in
1150 1176 1217 1215 eo
1238 1159 1337 1230 qui
1363 1175 1455 1213 me
1476 1158 1782 1213 confortat.

160 1246 550 1301 Verumtamen
574 1248 720 1302 bene
742 1248 961 1303 fecistis
1004 1248 1508 1304 communicantes
1538 1246 1783 1301 tribula-

158 1334 284 1389 tioni
316 1351 473 1389 mete.
509 1336 685 1391 Scitis
712 1340 907 1391 autem
941 1341 997 1391 et
1025 1354 1146 1404 vos,
1179 1336 1607 1408 Philippenses,
1629 1336 1784 1405 quod

157 1423 207 1476 in
262 1422 545 1495 principio
598 1424 919 1497 Evangelii,
971 1428 1203 1496 quando
1251 1425 1544 1496 profectus
1592 1441 1788 1480 suma

158 1512 495 1582 Macedonia,
530 1512 688 1568 nulla
718 1514 865 1569 mihi
920 1514 1179 1570 Ecclesia
1225 1513 1680 1569 communicavit
1724 1513 1785 1568 in

159 1601 359 1655 ratione
388 1601 511 1656 dati
543 1606 599 1657 et
630 1603 870 1674 accepti,
906 1602 1018 1659 nisi
1071 1620 1171 1659 vos
1226 1602 1373 1658 soli:
1433 1604 1574 1675 quia
1624 1608 1679 1658 et
1726 1602 1784 1657 in

159 1688 616 1746 Thessalonicam
650 1696 707 1746 et
737 1691 917 1747 semel
950 1698 1007 1748 et
1038 1693 1128 1747 bis
1159 1694 1217 1747 in
1253 1710 1425 1748 usum
1476 1692 1621 1747 mihi
1676 1692 1785 1746 mi-

157 1778 321 1833 sistis.
353 1778 478 1834 Non
514 1780 654 1850 quia
683 1797 876 1851 quaero
903 1782 1127 1847 datum,
1154 1782 1253 1837 sed
1278 1782 1506 1853 requiro
1530 1781 1786 1836 fructum

157 1866 537 1923 abundantem
571 1869 631 1923 in
666 1868 949 1925 rationem
980 1874 1291 1926 vestram‘.
1344 1870 1536 1925 Habeo
1587 1873 1781 1925 autem

155 1956 349 2023 omnia,
375 1962 433 2012 et
463 1957 726 2014 abundo.
759 1958 1035 2029 Repletus
1064 1976 1219 2027 sum,
1252 1959 1507 2031 acceptis
1538 1960 1609 2014 ad
1635 1959 1786 2029 Epa-

157 2043 402 2115 phrodito
433 2062 568 2117 quae
602 2047 873 2115 misistis,
904 2049 1142 2104 odorem
1176 2048 1503 2118 suavitatis,
1534 2048 1785 2103 hostiam

156 2136 575 2206 acceptabilem,
610 2136 937 2209 placentem
975 2139 1106 2194 Deo.

328 2242 411 2297 DE
450 2242 799 2299 EPISTOLA
840 2246 860 2299 Ι
902 2249 960 2298 Β.
1008 2244 1213 2299 PAULI
1252 2245 1344 2300 AD
1382 2244 1595 2300 THES-

675 2315 1225 2372 SALONICENSES.

215 2402 359 2473 [Cap.
384 2404 468 2473 11.]
496 2403 607 2474 Ipsi
637 2404 822 2470 scitis,
848 2404 1075 2470 fratres,
1098 2405 1401 2460 introitum
1418 2410 1685 2461 nostrum
1709 2406 1781 2460 ad

159 2506 265 2559 vos,
288 2492 561 2562 quianon
588 2492 779 2549 inanis
803 2493 943 2549 fuit:
968 2495 1066 2549 sed
1088 2499 1222 2550 ante
1260 2495 1417 2566 passi
1462 2494 1646 2549 multa
1672 2495 1693 2528 ²
1725 2500 1784 2549 et

162 2580 520 2635 contumeliis
543 2582 1779 2654 aﬂ'ecti,sicutscitis,inPhilippis,fiduciam

156 2668 443 2725 habuimus
466 2670 534 2725 in
557 2671 672 2726 Deo
695 2676 893 2727 nostro
913 2672 1069 2743 loqui
1085 2673 1158 2727 ad
1174 2689 1277 2727 vos
1288 2672 1661 2744 Evangelium
1683 2673 1783 2728 Dei

159 2757 205 2811 in
224 2758 395 2813 multa
414 2759 1185 2817 sollicitudine.Exhortatio
1198 2762 1352 2817 enim
1369 2766 1567 2817 nostra
1582 2778 1697 2817 non
1712 2762 1783 2817 de

155 2862 343 2912 errore,
368 2864 480 2919 neq
494 2848 1059 2915 uedeimmunditia,
1081 2851 1339 2921 nequein
1354 2850 1515 2905 dolo:
1540 2852 1643 2905 sed
1666 2850 1783 2917 sic-

158 2941 211 2988 ut
231 2938 445 3007 probati
480 2954 696 2993 sumus
726 2955 761 2993 a
790 2938 927 3005 Deo,
962 2944 1026 2994 ut
1055 2940 1388 2995 crederetur
1406 2939 1574 2995 nobis
1597 2940 1781 2996 Evan-

154 3022 916 3098 gelium,italoquimur;non
929 3028 1096 3097 quasi
1112 3028 1450 3084 hominibus
1465 3028 1780 3102 placentes,

154 3113 239 3167 sed
260 3118 388 3180 Deo,
415 3115 526 3186 qui
553 3115 761 3186 probat
783 3118 960 3171 corda
983 3124 1203 3174 nostra.
1236 3117 1434 3188 Neque
1480 3118 1637 3173 enim
1676 3116 1781 3173 ali-

153 3203 361 3270 quando
388 3204 616 3259 fuimus
648 3204 705 3259 in
728 3221 997 3261 sermone
1018 3206 1397 3275 adulationis,
1420 3206 1574 3262 sicut
1593 3207 1780 3262 scitis:

154 3307 317 3361 neque
339 3292 393 3347 in
426 3294 739 3349 occasione
769 3294 1043 3361 avaritias,
1078 3295 1231 3351 Deus
1252 3296 1419 3351 testis
1444 3300 1560 3352 est:
1596 3311 1785 3367 neque

160 3387 457 3449 quaerentes
486 3382 562 3436 ab
588 3382 928 3439 hominibus
949 3383 1414 3455 gloriam,neque
1438 3402 1473 3441 a
1490 3386 1781 3451 vobis,ne-

159 3483 255 3537 que
272 3471 341 3524 ab
364 3470 675 3527 aliis.Cum
701 3488 1011 3543 possemus
1033 3474 1197 3529 vobis
1224 3474 1387 3529 oneri
1408 3474 1718 3541 esse,utCh
1730 3492 1781 3529 r-

154 3557 217 3611 sti
242 3559 500 3629 Apostoli
528 3577 540 3614 :
571 3561 672 3615 sed
707 3562 839 3615 facti
868 3578 1078 3617 sumus
1109 3563 1334 3634 parvuli
1366 3564 1423 3618 in
1458 3564 1647 3619 medio
1696 3581 1784 3619 ve-

154 3650 343 3715 strum,
370 3654 467 3704 tan
480 3665 665 3719 quam
693 3651 740 3705 si
762 3652 960 3706 nutrix
982 3653 1165 3707 foveat
1187 3652 1337 3707 filios
1359 3654 1614 3707 suos.lta
1630 3654 1783 3708 dcsi-

155 3734 402 3792 derantes
422 3739 770 3808 vos.cupide
791 3738 1131 3795 volebamus
1148 3742 1376 3796 tradere
1387 3740 1550 3796 vobis
1564 3758 1676 3795 non
1691 3759 1784 3797 so-

156 3821 260 3878 lum
286 3825 668 3897 Evangelium
687 3828 912 3897 Dei,sed
938 3829 1108 3884 etiam
1128 3830 1357 3885 animas
1380 3836 1785 3902 nostras;quo-

155 3911 295 3968 niam
308 3915 644 3972 charissimi
669 3917 837 3971 nobis
858 3918 993 3972 facti
1006 3918 1321 3974 estis.Mem
1331 3936 1459 3975 ores
1477 3920 1632 3975 enim
1648 3921 1784 3976 facti

155 4004 298 4072 estis,
323 4004 551 4073 fratres,
578 4005 793 4060 laboris
814 4007 1001 4063 nostri
1022 4011 1078 4062 et
1100 4006 1456 4080 fatigationis
1481 4027 1494 4065 :
1519 4015 1688 4065 nocte
1728 4014 1785 4065 et

157 4089 238 4145 die
260 4090 688 4160 laborantes,ne
702 4111 875 4165 quem
898 4100 1154 4151 vestrum
1170 4100 1784 4169 gravaremus,praadi-

154 4180 391 4235 cavimus
415 4182 473 4236 in
501 4183 668 4237 vobis
692 4184 1064 4255 Evangelium
1089 4186 1209 4241 Dei.
1229 4187 1346 4242 Vos
1367 4194 1543 4243 testes
1563 4190 1707 4244 estis
1729 4194 1785 4243 et

158 4266 314 4337 Deus,
344 4287 521 4342 quam
554 4278 775 4338 sancte,
807 4278 863 4328 et
884 4274 1069 4345 juste,
1097 4280 1154 4329 et
1184 4277 1313 4332 sine
1342 4277 1577 4347 querela
1598 4278 1783 4350 vobis,

155 4358 242 4426 qui
266 4360 934 4427 credidistis,aﬂ‘uimus:
960 4364 1787 4435 sicutscitis,qualiterunum-

156 4461 426 4518 quemque
446 4454 1021 4522 vestrum,tanquam
1042 4458 1205 4523 pater
1226 4454 1377 4509 ﬁlios
1392 4471 1552 4523 suos,
1575 4456 1786 4527 depre-

156 4540 342 4593 cantes
358 4542 543 4610 vos,et
558 4540 1253 4607 consolantes,testilicati
1275 4561 1484 4599 sumus
1499 4551 1562 4600 ut
1574 4546 1785 4601 ambu-

157 4620 339 4681 laretis
358 4626 537 4699 digne
556 4628 801 4699 Deo,qui
822 4632 1160 4686 vocavitvus
1185 4631 1241 4685 in
1267 4649 1440 4688 suum
1466 4651 1708 4705 regnum
1730 4640 1790 4690 et

155 4712 402 4779 gloriam.
438 4717 571 4771 Ideo
592 4724 769 4773 etnos
791 4718 1011 4789 gratias
1033 4720 1265 4791 agimus
1311 4727 1420 4776 Deo
1452 4723 1578 4778 sine
1608 4723 1787 4778 inter-

156 4800 733 4876 missione;quoniam
759 4822 891 4861 cum
916 4809 1291 4880 accepissetis
1309 4828 1342 4866 a
1364 4812 1787 4868 nobisverbum

155 4892 381 4948 auditus
426 4896 547 4957 Dei.
579 4895 887 4967 accepistis
916 4895 1061 4952 illud
1086 4915 1199 4954 non
1247 4905 1311 4954 ut
1339 4902 1575 4956 verbum
1600 4902 1789 4957 homi-

156 4994 306 5049 num,
340 4984 440 5039 sed
474 4984 623 5040 sicut
653 4991 743 5041 est
772 5003 902 5042 vere
934 4988 1175 5043 verbum
1232 4988 1348 5053 Dei,
1383 4990 1481 5061 qui
1514 4996 1792 5061 operatur

154 5064 206 5120 in
237 5072 422 5137 vobis,
453 5076 553 5144 qui
588 5075 939 5131 credidistis.
975 5076 1087 5132 Vos
1119 5078 1273 5132 enim
1306 5078 1631 5134 imitatores
1655 5079 1788 5134 facti

157 5159 308 5223 estis,
341 5162 568 5231 fratres,
608 5163 988 5220 Ecclesiarum
1023 5166 1146 5236 Dei,
1178 5183 1305 5238 quae
1330 5168 1543 5223 suntin
1564 5169 1787 5238 Judaea,

151 5243 206 5297 in
239 5248 466 5307 Christo
495 5253 680 5318 Jesu;
712 5254 847 5324 quia
876 5256 1078 5311 eadem
1123 5257 1279 5327 passi
1329 5258 1472 5313 estis
1520 5262 1577 5313 et
1625 5276 1724 5314 vos
1756 5276 1791 5314 a

155 5337 574 5396 contribulibus
606 5341 833 5406 vestris,
865 5343 1017 5398 sicut
1046 5349 1102 5399 et
1134 5344 1243 5415 ipsi
1274 5363 1309 5400 a
1336 5345 1574 5401 Judaeis.

222 5427 279 5479 Et
298 5428 409 5483 alio
432 5429 547 5484 loco
564 5431 715 5501 [1v.]:
737 5430 814 5486 De
835 5436 1038 5487 caetero
1061 5449 1218 5505 ergo,
1246 5434 1473 5497 fratres,
1513 5451 1791 5507 rogamus

164 5638 170 5646 _
222 5580 232 5606 ‘
268 5578 396 5625 Eiliti
432 5584 587 5629 antea
616 5581 763 5642 juxta
798 5582 1150 5644 anantmn,in
1172 5586 1373 5632 ralirme
1396 5588 1646 5635 vestr-mm
1667 5589 1789 5638 Mss.

156 5646 550 5709 Juatagraacum
581 5652 632 5695 et
659 5647 880 5708 antiqua
900 5647 1091 5709 iBiblia,’
1122 5647 1178 5698 in
1208 5652 1457 5700 rationem
1490 5654 1725 5699 vestram.

218 5702 237 5735 ³
263 5703 393 5764 Vox,
431 5706 610 5757 multa.
644 5722 674 5758 a
702 5702 868 5759 sacris
895 5702 1086 5761 Bibilis'
1110 5710 1291 5764 abent.

1386 314 1490 373 DE
1533 311 1979 374 SCRIPTURA
2021 311 2299 372 SACRA.

3388 312 3545 372 1018

1896 457 1997 497 vos
2009 442 2527 498 etobsecramusin
2542 442 3542 512 DominoJesu,utquemadmodum

1896 532 2207 603 accepistis
2230 533 2442 587 anobis
2455 532 2748 603 quomodo
2765 549 2866 587 vos
2888 530 3545 602 oporteatambulare,et

1895 619 2125 691 placere
2150 626 2282 687 Deo,
2308 620 2392 676 sic
2432 626 2488 675 et
2523 620 2856 685 ambuletis,
2885 624 2949 674 ut
2985 620 3297 675 abundetis
3329 620 3539 689 magis.

1893 709 2062 764 Scitis
2080 710 2235 765 enim
2258 715 2684 781 quaapraacepta
2700 710 3035 764 dederimus
3046 710 3211 764 vobis
3230 726 3328 781 per
3350 710 3543 764 Domi-

1897 815 2037 853 num
2058 800 2282 855 Jcsum.
2307 800 2431 853 Haec
2456 805 2544 854 est
2565 800 2721 853 enim
2738 797 3008 853 voluntas
3030 799 3544 862 Dei,sanctiﬁcatio

1894 894 2105 955 vestra,
2139 894 2203 942 ut
2232 888 2577 941 abstinentia
2606 904 2704 941 vos
2733 904 2765 942 a
2798 887 3179 941 fornicatione
3211 905 3223 954 ;
3282 892 3346 942 ut
3395 888 3546 943 sciat

1898 977 2304 1047 unusquisque
2347 983 2599 1031 vestrum
2625 993 2800 1031 suum
2823 993 2920 1030 vas
2944 974 3311 1046 possiderein
3332 976 3547 1031 sancti-

1904 1066 2173 1120 ficatione
2193 1072 2248 1119 et
2264 1066 2622 1124 honore.non
2644 1066 2699 1118 in
2721 1064 2987 1133 passione
3011 1064 3309 1131 desiderii,
3327 1064 3549 1119 sicutet

1895 1162 2099 1229 gentes
2122 1175 2247 1228 quae
2274 1158 2545 1227 ignorant
2574 1158 2747 1211 Deum
2771 1176 2783 1221 ;
2807 1161 2955 1210 etne
2976 1155 3109 1226 quis
3131 1155 3545 1227 supergredia-

1896 1252 2012 1313 tur,
2048 1264 2238 1318 neque
2278 1246 2695 1302 circumveniat
2727 1246 2783 1299 in
2816 1244 3042 1313 negotio
3073 1245 3309 1299 fratrem
3336 1261 3541 1306 suum:

1898 1335 2174 1406 quoniam
2200 1335 2403 1389 vindex
2426 1339 2514 1388 est
2536 1333 2687 1387 Deus
2712 1333 2781 1386 de
2808 1333 2900 1387 his
2924 1333 3542 1402 omnibus,sicutprae-

1896 1424 2153 1479 diximus
2178 1424 2425 1493 vobis,et
2443 1422 2735 1478 testificati
2761 1438 2990 1477 sumus.
3010 1422 3134 1475 Non
3147 1420 3303 1476 enim
3323 1422 3548 1476 vocavit

1898 1529 2003 1567 nos
2034 1513 2186 1567 Deus
2210 1513 2267 1565 in
2296 1512 2761 1581 immunditiam,
2785 1511 2884 1566 sed
2913 1511 2967 1564 in
2992 1509 3542 1566 sanctiﬁcationem.

1900 1602 2099 1672 itaque
2129 1602 2228 1672 qui
2262 1602 2383 1655 haec
2416 1600 2660 1671 spernit,
2688 1617 2803 1654 non
2837 1599 3134 1654 hominem
3161 1599 3404 1670 spernit,
3440 1600 3542 1655 sed

1896 1689 2114 1745 Deum:
2149 1690 2249 1760 qui
2282 1690 2457 1745 etiam
2486 1689 2647 1743 dedit
2676 1688 2954 1759 Spiritum
2987 1705 3157 1742 suum
3183 1693 3453 1743 sanctum
3484 1687 3546 1742 in

1895 1778 2079 1833 vobis.
2106 1779 2183 1833 De
2206 1778 2488 1833 cbaritate
2520 1783 2713 1832 autem
2750 1778 3129 1831 fraternitatis
3162 1794 3277 1831 non
3311 1792 3548 1832 necesse

1895 1868 2183 1923 habemus
2207 1867 2459 1922 scribere
2481 1867 2678 1921 vobis:
2706 1867 2817 1938 ipsi
2840 1866 2992 1921 enim
3018 1884 3118 1920 vos
3142 1884 3173 1920 a
3198 1866 3310 1921 Deo
3334 1865 3541 1921 didici-

1898 1959 2007 2013 stis
2032 1963 2096 2012 ut
2121 1956 2381 2028 diligatis
2404 1956 2669 2011 invicem.
2696 1956 2920 2010 Etenim
2944 1955 3133 2010 facitis
3158 1954 3303 2009 illud
3324 1955 3380 2008 in
3414 1972 3541 2011 om-

1896 2064 2001 2102 nes
2026 2048 2228 2102 fratres
2252 2046 2308 2100 in
2334 2046 2607 2100 universa
2629 2046 2985 2100 Macedonia.
3014 2045 3302 2115 Rogamus
3348 2048 3543 2099 autem

1895 2154 2013 2201 vos,
2042 2136 2268 2201 fratres,
2294 2140 2357 2189 ut
2378 2135 2688 2190 abundetis
2714 2134 2938 2204 magis;
2965 2138 3021 2188 et
3044 2150 3278 2204 operam
3303 2133 3549 2203 detis,ut

1896 2224 2076 2296 quieti
2100 2224 2228 2279 sitis
2247 2249 2259 2287 ;
2278 2227 2335 2277 et
2356 2226 2421 2275 ut
2438 2227 2693 2276 vestrum
2716 2221 3013 2291 negotium
3033 2219 3238 2291 agatis,
3263 2224 3319 2274 et
3339 2235 3546 2290 opere-

1896 2315 2039 2369 mini
2065 2313 2339 2368 manibus
2366 2312 2597 2377 vestris,
2637 2310 2790 2365 sicut
2824 2309 3202 2380 praecepimus
3237 2308 3443 2363 vobis:
3478 2311 3544 2364 ut

1896 2402 2137 2457 honeste
2169 2400 2484 2456 ambuletis
2516 2401 2585 2455 ad
2610 2416 2707 2453 eos
2729 2400 2825 2469 qui
2855 2399 2993 2452 foris
3017 2403 3176 2466 sunt,
3228 2403 3285 2451 et
3319 2396 3544 2451 nullius

1896 2491 2114 2561 aliquid
2150 2490 2515 2545 desideretis.
2550 2487 2839 2542 Nolumus
2871 2493 3065 2541 autem
3100 2503 3201 2541 vos
3250 2486 3541 2556 ignorare,

1896 2582 2126 2649 fratres,
2158 2581 2230 2633 de
2259 2578 2708 2643 dormientibus,
2745 2582 2809 2629 ut
2839 2592 2953 2630 non
2988 2575 3541 2641 contristemini,si-

1893 2676 1990 2725 cut
2020 2674 2076 2724 et
2107 2669 2293 2723 caeteri
2327 2667 2427 2738 qui
2459 2682 2622 2736 spem
2657 2682 2768 2719 non
2805 2665 3041 2718 habent.

1962 2762 2027 2813 Et
2058 2767 2171 2829 post
2201 2758 2416 2827 aliquos
2438 2771 2625 2809 veisus
2654 2755 2752 2824 [v.]
2774 2770 2785 2806 :
2806 2754 2985 2823 Igitur
3005 2770 3119 2808 non
3146 2751 3537 2823 dormiamus,

1894 2849 2107 2903 sicutet
2121 2847 2305 2901 caeteri
2318 2846 2438 2899 :sed
2457 2844 2764 2915 vigilemus
2777 2848 2833 2897 et
2849 2843 3025 2897 sobrii
3044 2842 3364 2904 simus.Qui
3384 2841 3540 2897 enim

1893 2938 2212 3003 dormiunt,
2248 2942 2412 2991 nocte
2443 2935 2783 3001 dormiunt;
2816 2940 2873 2988 ot
2903 2933 3002 3003 qui
3035 2933 3177 2988 ebrii
3196 2941 3351 3003 sunt,
3373 2936 3544 2989 nocte

1894 3028 2037 3084 ebrii
2058 3033 2215 3083 sunt.
2240 3026 2355 3081 Nos
2379 3030 2573 3080 autem
2598 3025 2697 3094 qui
2724 3024 2838 3078 diei
2864 3040 3096 3090 sumus,
3119 3023 3299 3077 sobrii
3321 3022 3540 3091 simus;

1891 3117 2082 3172 induti
2107 3116 2345 3171 loricam
2372 3114 2502 3167 fidei
2527 3118 2581 3167 et
2603 3112 2921 3177 charitatis,
2946 3120 3001 3166 et
3022 3111 3248 3182 galeam
3263 3128 3426 3182 spem
3451 3128 3544 3166 sa-

1893 3209 2054 3263 lutis.
2089 3207 2371 3272 Quoniam
2406 3222 2521 3259 non
2556 3202 2752 3275 posuit
2774 3220 2881 3257 nos
2909 3202 3063 3257 Deus
3085 3202 3141 3255 in
3163 3202 3330 3267 iram,
3355 3202 3456 3257 sed
3483 3200 3543 3256 in

1892 3296 2336 3369 acquisitionem
2364 3293 2706 3364 salutis,per
2719 3292 3033 3347 Dominum
3056 3296 3320 3345 nostrum
3340 3291 3542 3345 Jesum

1892 3388 2219 3441 Christum:
2243 3383 2342 3456 qui
2369 3388 2641 3437 mortuus
2659 3388 2747 3436 est
2775 3399 2876 3452 pro
2893 3380 3090 3445 nobis,
3118 3385 3179 3435 ut
3200 3380 3318 3435 sive
3347 3379 3549 3451 vigile-

1894 3494 2047 3546 mus,
2072 3476 2189 3530 sive
2206 3473 2591 3536 dormiamus,
2615 3470 2789 3525 simul
2814 3486 2947 3524 cum
2975 3469 3073 3525 illo
3094 3469 3376 3524 vivamus.
3408 3470 3545 3524 Pro-

1896 3570 2018 3638 pter
2049 3565 2203 3636 quod
2238 3561 2622 3618 consolamini
2658 3561 2930 3625 invicem,
2966 3564 3023 3613 et
3052 3559 3335 3614 aedificata
3368 3558 3547 3613 alter—

1893 3661 2113 3721 utrum,
2141 3655 2295 3708 sicut
2312 3657 2367 3706 et
2390 3651 2600 3705 facitis.
2630 3650 2925 3719 Rogamus
2950 3654 3144 3703 autem
3168 3664 3289 3715 vos,
3316 3648 3546 3717 fratres,

1896 3750 1961 3798 ut
1977 3742 2250 3798 noveritis
2272 3758 2369 3796 eos
2389 3740 2488 3810 qui
2516 3740 2779 3793 laborant
2802 3738 2955 3791 inter
2976 3741 3429 3807 vos,etpraasunt
3448 3753 3544 3790 vo-

1894 3833 1984 3887 bis
2008 3832 2065 3885 in
2094 3831 2420 3893 I)omino,et
2442 3834 2819 3889 monentvos,
2845 3831 2909 3879 ut
2931 3824 3340 3879 habeatisillos
3359 3825 3543 3878 abun-

1878 3921 2132 3977 dantius
2166 3921 2224 3973 in
2258 3917 2565 3982 cbaritate,
2602 3921 2837 3986 propter
2868 3931 3015 3984 opus
3037 3913 3269 3967 illorum
3298 3931 3309 3977 ;
3343 3928 3544 3981 pacem

1895 4011 2103 4066 habete
2125 4024 2257 4063 cum
2284 4007 2385 4061 eis.
2414 4006 2713 4076 Rogamus
2737 4008 2933 4058 autem
2959 4004 3299 4063 vos.fratres
3330 4018 3343 4067 ;
3366 3999 3545 4055 corri-

1897 4100 2012 4172 pite
2035 4098 2351 4168 inquietos,
2398 4092 2784 4147 consolamini
2821 4087 3547 4161 pusillanimes,suscipite

1894 4190 2179 4255 infirmos,
2217 4186 2503 4256 patientes
2524 4187 2706 4237 estote
2730 4184 2799 4235 ad
2825 4198 3047 4235 omnes.
3074 4180 3273 4235 Videte
3312 4195 3383 4234 ne
3413 4176 3546 4249 quis

1896 4277 2115 4332 malum
2145 4292 2248 4347 pro
2272 4272 2424 4328 malo
2447 4271 2621 4326 alicui
2639 4270 2873 4325 reddat:
2903 4270 3001 4325 sed
3023 4286 3255 4340 semper
3268 4266 3420 4339 quod
3445 4266 3546 4322 bo-

1894 4384 2035 4421 num
2056 4368 2146 4419 est
2168 4361 2472 4418 sectamini
2496 4360 2556 4414 in
2591 4359 2861 4426 invicem,
2882 4364 2938 4413 et
2962 4358 3017 4412 in
3056 4374 3279 4413 omnes.
3305 4357 3548 4427 Semper

1894 4456 2143 4527 gaudete
2166 4470 2177 4506 :
2199 4452 2325 4506 sine
2357 4448 2798 4505 intermissione
2820 4453 2981 4502 orate
3004 4464 3017 4513 ;
3044 4448 3099 4501 in
3119 4446 3393 4501 omnibus
3414 4461 3545 4515 gra-

1894 4546 2008 4600 tias
2034 4543 2339 4611 agite.Haec
2362 4540 2514 4595 enim
2541 4538 2808 4593 voluntas
2833 4537 2928 4591 Dei
2955 4536 3109 4591 eslin
3134 4535 3363 4589 Christo
3385 4535 3542 4600 Jesu,

1898 4636 1955 4689 in
1971 4633 2247 4688 omnibus
2265 4630 2449 4684 vobis.
2475 4628 2757 4698 Spiritum
2788 4626 2967 4681 nolite
2987 4624 3373 4694 exstinguere.
3402 4622 3542 4677 Pro-

1897 4723 2127 4795 phetias
2152 4720 2328 4774 nolite
2351 4733 2645 4789 spernere.
2671 4715 2880 4770 Omnia
2903 4720 3095 4768 autem
3122 4710 3546 4784 probatezquod

1898 4815 2117 4869 bonum
2139 4816 2227 4864 est
2246 4811 2459 4862 tenete.
2503 4806 2586 4859 Ab
2624 4804 2783 4858 omni
2827 4803 3019 4874 specie
3062 4800 3217 4858 mala
3257 4800 3547 4855 abstinete

1896 4919 2017 4958 VOS.

2102 5006 2191 5060 DE
2225 5001 2559 5059 EPISTULA
2595 5001 2637 5053 ll
2674 4999 2733 5052 B.
2771 4998 2970 5053 PAULI
3005 4998 3097 5053 AD
3127 4997 3340 5052 THES-

2445 5070 2993 5127 SALONICENSES.

1973 5169 2131 5240 [Cap.
2168 5170 2226 5232 1.]
2255 5162 2485 5219 Gratias
2507 5176 2676 5232 agere
2699 5160 2983 5215 debemus
3028 5160 3140 5214 Deo
3182 5173 3411 5228 semper
3442 5172 3546 5227 pro

1898 5252 2413 5325 vobis,fratres,ita
2441 5249 2761 5321 utdignum
2782 5254 2900 5317 est;
2935 5248 3212 5320 quoniam
3237 5260 3547 5317 supercre-

1899 5348 2009 5403 scit
2031 5348 2174 5400 fides
2197 5347 2407 5404 vestra,
2430 5344 2489 5395 et
2511 5340 2775 5394 abundat
2791 5339 3047 5393 charitas
3084 5336 3547 5405 uniuscujusque

1898 5441 2154 5492 vestrum
2179 5433 2238 5487 in
2263 5430 2509 5485 invicem
2536 5446 2548 5483 :
2574 5427 2654 5483 ita
2700 5433 2763 5482 ut
2786 5445 2891 5482 nos
2918 5428 3028 5497 ipsi
3054 5428 3108 5481 in
3140 5424 3301 5480 vobis
3337 5422 3548 5495 glorie-

1902 5542 2031 5581 mur
2052 5524 2111 5576 in
2143 5520 2417 5576 Ecelesiis
2444 5519 2561 5588 Dei,
2586 5534 2688 5589 pro
2738 5515 3016 5587 patientia
3040 5519 3231 5569 vestra
3252 5518 3309 5567 et
3329 5512 3444 5567 fine
3486 5512 3543 5567 in

1898 5612 2178 5669 omnibus
2200 5606 2705 5681 persecutionibus
2727 5604 2937 5660 vestris
2960 5608 3013 5657 ct
3046 5600 3546 5675 tribulationibus,

1900 5719 2049 5776 quas
2062 5697 2445 5758 sustinetisin
2460 5691 3163 5768 exemplumjustijudicii
3180 5692 3371 5760 Dei,ut
3385 5691 3551 5765 digni
