4042 6190
210 300 234 359 l
245 303 359 362 029

199 435 367 490 faciat
398 434 539 489 mihi
564 434 755 489 homo.
783 434 1129 490 Mementote
1153 435 1595 507 praepositorum
1618 442 1839 491 vestro-

196 542 343 589 rum,
364 524 465 595 qui
490 523 654 578 vobis
679 523 855 579 locuti
879 528 1018 578 sunt
1036 524 1278 580 verbum
1315 525 1409 579 Dei
1435 542 1447 580 ;
1474 542 1723 596 quorum
1747 525 1840 578 in-

191 618 417 669 tuentes
439 613 657 667 exitum
681 612 1163 686 conversationis,
1184 613 1497 669 imitamini
1524 614 1720 669 fidem.
1743 613 1839 669 Je-

192 719 288 757 sus
318 701 586 756 Christus
617 701 743 756 heri
775 705 832 756 et
861 701 1055 768 hodie,
1089 701 1214 773 ipse
1247 707 1302 758 et
1338 703 1399 756 in
1432 702 1663 758 szecula.
1698 702 1839 758 Doo—

190 792 357 846 trinis
387 790 563 846 variis
595 794 653 845 et
701 789 1025 862 peregrinis
1056 790 1238 846 nolite
1268 791 1501 847 abduci.
1536 790 1839 863 Optimum

188 886 273 935 est
300 879 454 935 enim
487 879 677 951 gratia
724 879 987 935 stabilire
1036 896 1154 951 cor,
1189 897 1304 936 non
1355 881 1530 948 escis,
1562 897 1691 951 quae
1725 896 1838 936 non

190 971 530 1042 profuerunt
574 968 1022 1024 ambulantibus
1054 969 1113 1023 in
1165 970 1268 1024 eis.
1300 970 1598 1025 Habemus
1629 970 1837 1038 altare,

188 1059 254 1112 de
286 1073 397 1126 quo
427 1058 597 1112 edere
630 1074 745 1112 non
780 1057 997 1113 habent
1054 1063 1401 1130 potestatem
1436 1058 1535 1131 qui
1566 1061 1840 1114 taberna-

187 1149 313 1203 culo
345 1146 700 1202 deserviunt.
734 1149 991 1210 Quorum
1016 1147 1172 1202 enim
1207 1148 1551 1204 animalium
1585 1149 1841 1204 infertur

188 1236 425 1307 sanguis
460 1251 563 1306 pro
594 1239 829 1307 peccato
861 1234 921 1290 in
970 1240 1173 1291 sancta
1220 1252 1322 1308 per
1354 1239 1705 1307 pontificem,
1740 1238 1840 1293 ho—

186 1342 312 1380 rum
345 1340 588 1395 corpora
620 1328 957 1379 cremantur
975 1329 1136 1379 extra
1166 1331 1378 1381 castra.
1420 1327 1658 1398 Propter
1680 1328 1838 1399 quod

184 1419 241 1471 et
271 1414 464 1479 Jesus,
499 1417 564 1468 ut
593 1413 985 1468 sanctificaret
1016 1430 1119 1485 per
1148 1431 1323 1470 suum
1353 1416 1701 1487 sanguinem
1736 1433 1837 1488 po-

187 1503 412 1576 pulum,
444 1506 607 1557 extra
656 1507 885 1573 portam
917 1519 1131 1573 passus
1180 1507 1291 1559 est.
1340 1504 1627 1559 Exeamus
1660 1505 1841 1576 igitur

181 1594 251 1647 ad
285 1608 419 1646 eum
452 1596 616 1647 extra
649 1596 862 1657 castra,
897 1590 1321 1663 improperium
1352 1593 1483 1663 ejus
1515 1598 1835 1664 portantes.

177 1682 299 1737 Non
330 1681 485 1735 enim
545 1680 829 1735 habemus
862 1679 956 1735 hic
1005 1686 1340 1737 manentem
1389 1681 1704 1750 civitatem,
1737 1684 1838 1738 sed

181 1771 439 1824 futuram
495 1768 872 1841 inquirimus.
933 1773 1042 1825 Per
1092 1770 1287 1842 ipsum
1337 1787 1473 1843 ergo
1525 1772 1840 1828 offeramus

185 1859 439 1915 hostiam
464 1857 657 1913 laudis
676 1873 797 1913 sem
810 1875 909 1927 per
924 1863 1061 1925 Deo,
1080 1859 1136 1914 id
1167 1866 1253 1915 est
1270 1861 1526 1916 fructum
1551 1860 1838 1917 labiorum

182 1947 590 2003 confitentium
627 1946 850 2001 nomini
896 1949 1046 2017 ejus.
1100 1948 1503 2006 Beneﬁcentias
1557 1954 1754 2005 autem
1786 1954 1843 2005 et

182 2036 618 2093 communionis
650 2035 827 2091 nolite
861 2036 1123 2092 oblivisci
1160 2055 1172 2091 :
1209 2038 1425 2094 talibus
1451 2039 1606 2094 enim
1630 2038 1841 2094 hostiis

182 2129 554 2198 promeretur
578 2124 753 2180 Deus.
779 2124 1021 2182 Obedite
1045 2127 1371 2197 prapositis
1393 2129 1624 2191 vestris,
1660 2132 1715 2182 et
1743 2146 1837 2183 su-

182 2217 402 2287 bjacete
435 2214 557 2281 eis;
591 2214 702 2285 ipsi
746 2213 900 2269 enim
954 2214 1325 2287 pervigilant,
1354 2217 1524 2287 quasi
1556 2218 1839 2272 rationem

181 2320 284 2375 pro
319 2302 635 2357 animabus
656 2303 868 2358 vestris
891 2304 1213 2358 reddituri:
1244 2310 1307 2359 ut
1335 2321 1470 2360 cum
1498 2307 1712 2377 gaudio
1736 2306 1844 2361 hoc

180 2392 420 2458 faciant,
458 2396 515 2446 et
560 2408 673 2447 non
726 2397 1064 2464 gementes;
1119 2393 1228 2449 hoc
1262 2394 1418 2449 enim
1470 2411 1583 2450 non
1614 2394 1844 2466 expedit

181 2480 374 2536 vobis.
426 2480 597 2536 Orate
648 2498 749 2551 pro
802 2482 987 2537 nobis.
1041 2482 1406 2539 Conﬁdimus
1455 2487 1673 2550 autem,
1709 2484 1846 2555 quia

189 2570 403 2625 bonam
457 2569 871 2624 conscientiam
925 2569 1212 2627 habemus
1262 2572 1323 2627 in
1374 2573 1650 2628 omnibus
1697 2573 1845 2629 bene

186 2659 454 2715 volentes
485 2659 834 2715 conversari.

611 2748 698 2802 DE
740 2748 1083 2804 EPISTOLA
1124 2749 1145 2805 Ι
1190 2750 1416 2807 PETRI.

264 2837 430 2908 [Cap.
462 2837 536 2907 1.]
568 2837 857 2891 Modicum
894 2855 1049 2892 nunc
1080 2838 1129 2893 si
1161 2844 1388 2910 Oportet
1418 2840 1755 2896 contristari
1787 2840 1843 2894 in

190 2926 370 2981 variis
400 2924 844 2993 tentationibus,
871 2930 935 2981 ut
966 2928 1231 2999 probatio
1261 2934 1462 2985 vestra)
1497 2930 1626 2985 fidei
1662 2929 1845 2984 multo

192 3015 508 3088 pretiosior
528 3013 603 3069 sit
624 3031 787 3085 auro,
802 3017 956 3086 quod
980 3032 1082 3088 per
1101 3017 1295 3090 ignem
1324 3019 1625 3090 probatur.
1649 3021 1716 3073 Et
1735 3018 1847 3073 alio

192 3104 307 3158 loco
330 3121 349 3157 :
370 3103 614 3175 Propter
636 3104 789 3175 quod
815 3105 1097 3161 succincti
1124 3106 1357 3163 lumbos
1383 3108 1596 3164 mentis
1615 3112 1845 3176 vestrae,

191 3191 374 3247 sobrii
413 3191 662 3263 perfecte
694 3197 923 3262 sperate
957 3193 1014 3247 in
1048 3210 1199 3263 eam,
1233 3212 1360 3267 quae
1392 3196 1632 3251 offertur
1664 3196 1845 3263 vobis,

191 3280 447 3353 gratiam
472 3282 531 3334 in
551 3280 899 3336 revelatione
920 3284 935 3317 ¹
955 3283 1091 3337 Jesu
1121 3283 1335 3339 Christi
1361 3301 1374 3340 :
1401 3286 1567 3356 quasi
1594 3284 1695 3339 filii
1720 3284 1847 3339 obe-

189 3369 450 3435 dientiaa,
469 3386 581 3424 non
604 3370 953 3442 conﬁgurati
973 3372 1268 3442 prioribus
1285 3374 1627 3445 ignorantiaa
1650 3383 1850 3429 vestrae

189 3457 528 3527 desideriis,
556 3460 656 3513 sed
691 3460 1013 3514 secundum
1040 3478 1172 3515 cum
1209 3462 1308 3533 qui
1339 3464 1569 3519 vocavit
1588 3481 1687 3519 vos
1712 3481 1848 3519 san-

188 3551 376 3616 ctum,
405 3550 467 3600 ut
493 3550 548 3601 et
578 3547 688 3619 ipsi
722 3547 780 3601 in
817 3549 974 3603 omni
1011 3552 1445 3608 conversatione
1468 3554 1656 3608 sancti
1681 3553 1848 3621 sitis;

189 3634 474 3707 quoniam
490 3636 708 3708 scriptu
721 3653 773 3690 m
790 3637 1099 3706 est,Sancti
1116 3639 1589 3711 eritis,quoniam
1606 3658 1709 3715 ego
1723 3659 1852 3697 san-

188 3728 332 3781 ctus
355 3740 511 3778 sum.
535 3725 666 3779 Etsi
692 3727 914 3781 Patrem
941 3728 1222 3783 invocatis
1244 3747 1400 3798 eum,
1422 3731 1514 3799 qui
1542 3731 1668 3787 sine
1690 3747 1850 3785 acce-

196 3812 397 3883 ptione
411 3815 1028 3884 personarumjudicat
1042 3818 1366 3872 secundum
1385 3821 1852 3891 uniuscujusque

197 3917 374 3972 opus,
408 3901 467 3955 in
501 3901 708 3956 timore
739 3902 1027 3959 incolatus
1060 3905 1234 3960 vestri
1265 3912 1524 3978 tempore
1555 3923 1855 3962 conversa-

199 3989 371 4044 mini.
399 3992 461 4045 Et
482 3998 604 4061 post
634 3993 851 4063 aliquos
883 4010 1064 4048 versus
1084 4012 1103 4047 :
1126 3995 1370 4051 Animas
1395 4000 1614 4052 vestras
1636 3996 1852 4051 castifi-

194 4087 402 4135 cantes
416 4082 473 4133 in
490 4080 820 4136 obedientia
840 4082 1226 4147 charitatis,in
1243 4084 1622 4140 fraternitatis
1635 4101 1854 4149 amore,

192 4168 456 4239 simplici
480 4185 547 4223 ex
568 4170 740 4225 corde
762 4170 1010 4226 invicem
1034 4172 1257 4245 diligite
1284 4175 1588 4241 attentius,
1616 4174 1856 4230 renati’.

264 4259 465 4328 Elpes!
483 4273 681 4329 paucos
698 4275 882 4315 versus
896 4260 1026 4331 [11].:
1054 4262 1413 4333 Deponentes
1430 4263 1715 4335 igiturom
1727 4279 1856 4319 nem

192 4346 586 4412 malitiam,et
607 4364 838 4404 omnem
863 4350 1085 4417 dolum,
1111 4355 1168 4405 et
1190 4350 1689 4419 simulationes,et
1714 4352 1860 4407 invi-

191 4433 347 4499 dias,
364 4439 423 4488 et
443 4450 647 4490 omnes
670 4437 1076 4506 detractiones,
1099 4438 1251 4493 sicut
1268 4442 1441 4495 modo
1463 4441 1643 4513 geniti
1661 4441 1858 4495 infan-

191 4526 284 4578 tes
308 4523 659 4579 rationabile
674 4526 799 4580 sine
814 4525 945 4582 dolo
965 4526 1056 4581 lac
1081 4528 1490 4600 concupiscite.
1507 4535 1573 4585 Et
1585 4540 1711 4601 post
1725 4546 1859 4601 pau-

191 4612 383 4666 lulum
405 4630 426 4666 :
445 4611 818 4681 Charissimi,
834 4615 1073 4671 obsecro
1095 4634 1195 4672 vos
1220 4622 1502 4690 tanquam
1527 4620 1781 4674 advenas
1803 4622 1859 4673 et

188 4701 543 4772 peregrinos
564 4702 871 4788 abstinere
902 4721 1004 4759 vos
1053 4722 1086 4759 a
1137 4707 1473 4762 carnalibus
1526 4707 1855 4775 desideriis,

189 4806 328 4860 quae
348 4790 607 4844 militant
631 4792 910 4847 adversus
932 4794 1207 4849 animam.
1226 4796 1739 4852 Conversationem
1762 4813 1855 4851 ve-

188 4884 385 4934 stram
422 4878 576 4934 inter
609 4879 819 4936 Gentes
852 4880 1135 4938 habentes
1166 4884 1402 4952 bonam,
1428 4889 1493 4940 ut
1521 4886 1579 4940 in
1612 4902 1677 4941 eo
1701 4886 1856 4957 quod

192 4968 533 5022 detrectant
564 4968 632 5024 de
664 4969 826 5026 vobis
856 4975 1140 5042 tanquam
1173 4974 1243 5028 de
1274 4973 1767 5040 malefactoribus,
1791 4991 1858 5030 ex

189 5056 376 5111 bonis
407 5057 685 5127 operibus
716 5075 817 5114 vos
849 5062 1287 5117 considerantes
1317 5062 1643 5133 glorificent
1675 5069 1855 5119 Deum

187 5144 252 5200 in
285 5144 387 5200 die
405 5144 779 5204 visitationis.
812 5149 1068 5220 Subjecti
1094 5154 1277 5206 estote
1299 5151 1457 5207 omni
1481 5152 1751 5208 humanae
1772 5169 1859 5208 or—

188 5231 495 5287 dinationi
517 5233 539 5266 ³
572 5239 808 5306 propter
836 5236 1019 5292 Deum
1047 5255 1059 5306 ;
1095 5237 1214 5294 sive
1246 5239 1387 5310 regi,
1420 5240 1587 5311 quasi
1619 5239 1855 5312 praecel-

259 5441 274 5473 ¹
315 5437 402 5509 Sic
432 5438 596 5509 etiam
621 5440 676 5509 in
709 5442 943 5509 antiquis
971 5444 1124 5509 Corb.
1157 5443 1291 5509 Bibl.
1332 5444 1488 5508 juxta
1511 5459 1763 5509 grtecum,
1792 5461 1857 5497 en

188 5501 544 5571 αρριχιιαρεεί.
572 5503 637 5571 At
657 5504 709 5551 in
734 5501 943 5571 excusis
962 5508 1181 5571 Vulgata
1206 5501 1382 5568 habet,
1407 5515 1461 5559 τη
1478 5501 1856 5559 νὲυθιαιίοήεηι.

257 5564 281 5598 ³
312 5564 511 5625 Regius
540 5565 707 5615 codex
740 5570 958 5625 omittit,
991 5564 1181 5619 νεῆατὶ.

190 5624 583 5738 ":01‘r‘1‘t'e’rpres
614 5630 825 5680 videtur
854 5632 1063 5697 legisse,
1095 5633 1253 5693 taret,
1290 5647 1383 5696 pro
1404 5633 1565 5691 ctisei,
1591 5635 1731 5697 quod
1758 5637 1857 5696 est,

1455 300 1551 361 DE
1597 302 2036 365 SCRIPTURA
2083 302 2121 361 S
2135 304 2173 360 A
2187 304 2362 361 CBA.

3446 299 3604 361 1030

1950 435 2133 502 lenti;
2168 435 2287 490 sive
2309 434 2580 501 ducibus,
2603 439 2878 504 tanquam
2903 435 2974 488 ab
3007 449 3072 489 eo
3093 433 3291 489 missis
3313 435 3380 488 ad
3407 435 3601 489 vindi-

1949 534 2100 583 ctam
2138 527 2600 597 malei‘actorum,
2621 527 2851 582 Iaudem
2871 542 3002 581 vero
3024 527 3331 581 bonorum.
3358 526 3504 589 Quia
3521 527 3603 581 sic

1950 622 2039 673 est
2058 617 2329 672 voluntas
2347 616 2534 681 Dei,ut
2560 615 2985 671 benefacientes
2999 616 3402 670 obmutescere
3426 615 3601 669 facia-

1949 706 2028 762 tis
2058 706 2521 778 imprudentium
2547 704 2853 759 hominum
2875 704 3268 774 ignorantiam
3297 720 3309 757 :
3338 704 3507 774 quasi
3532 704 3602 758 li-

1949 795 2093 865 beri,
2128 801 2185 849 et
2217 811 2330 848 non
2364 794 2527 863 quasi
2552 794 2814 847 velamen
2848 792 3130 847 habentes
3160 792 3396 847 malitias
3426 793 3603 847 liber-

1947 888 2149 952 tatem,
2175 884 2273 938 sed
2307 883 2462 937 sicut
2492 882 2639 937 servi
2674 882 2771 936 Dei
2821 879 3038 936 Om‘nes
3061 882 3363 949 honorate,
3392 881 3605 936 frater-

1950 973 2196 1027 nitatem
2229 971 2476 1043 diligite,
2511 976 2687 1025 Deum
2724 970 2946 1036 timete,
2971 985 3164 1040 regem
3198 970 3600 1024 honorificate.

1947 1061 2126 1126 Servi,
2162 1060 2379 1117 subditi
2412 1065 2598 1115 estote
2630 1060 2689 1113 in
2722 1059 2881 1113 omni
2930 1060 3138 1114 timore
3168 1058 3425 1112 dominis
3472 1074 3602 1113 ves-

1948 1152 2097 1219 tris;
2134 1167 2249 1206 non
2284 1155 2513 1205 tantum
2540 1149 2707 1204 bonis
2736 1154 2793 1203 et
2827 1148 3127 1213 modestis,
3152 1149 3251 1202 sed
3285 1148 3464 1203 etiam
3496 1148 3603 1220 dy-

1949 1240 2146 1297 scolis.
2171 1240 2299 1295 Haec
2322 1244 2409 1294 est
2431 1240 2586 1294 enim
2614 1237 2820 1309 gratia,
2848 1238 2893 1291 si
2922 1241 3157 1307 propter
3180 1237 3601 1293 conscientiam

1949 1330 2048 1386 Dei
2099 1332 2349 1384 sustinet
2395 1328 2528 1398 quis
2579 1327 2873 1391 tristitiae,
2911 1328 3137 1397 patiens
3185 1326 3422 1395 injuste.
3465 1328 3599 1391 Quae

1949 1420 2107 1475 enim
2138 1418 2323 1489 gloria
2351 1423 2441 1473 est
2463 1420 2501 1482 ¹,
2528 1417 2577 1471 si
2614 1420 2917 1487 peccantes
2945 1423 3001 1469 et
3018 1414 3365 1486 colaphizati
3389 1414 3602 1471 suﬂ‘er-

1949 1509 2072 1564 tis?
2104 1509 2215 1563 Sed
2267 1506 2315 1561 si
2367 1508 2511 1560 bene
2561 1504 2837 1559 facientes
2884 1503 3173 1574 patimini,
3208 1509 3265 1559 et
3311 1503 3603 1574 patienter

1948 1597 2293 1663 sustinetis;
2328 1596 2449 1649 haec
2482 1599 2569 1649 est
2601 1595 2788 1665 gratia
2818 1593 2971 1663 apud
2998 1593 3200 1646 Deum.
3223 1592 3283 1647 In
3308 1592 3419 1648 hoc
3443 1591 3601 1648 enim

1948 1689 2136 1744 vocati
2169 1688 2308 1742 estis
2335 1705 2346 1742 :
2382 1687 2517 1757 quia
2550 1690 2606 1740 et
2634 1685 2905 1740 Christus
2929 1700 3139 1756 passus
3162 1687 3251 1739 est
3282 1700 3385 1754 pro
3409 1683 3601 1751 nobis,

1950 1778 2115 1835 vobis
2148 1777 2485 1847 relinquens
2516 1774 2870 1846 exemplum,
2901 1778 2964 1828 ut
2996 1773 3327 1843 sequamini
3360 1772 3606 1844 vestigia

1949 1868 2096 1938 ejus.
2119 1866 2225 1929 Qui
2249 1872 2547 1937 peccatum
2574 1881 2685 1918 non
2717 1864 2873 1930 fecit,
2902 1879 3004 1917 nec
3029 1863 3297 1918 inventus
3319 1865 3409 1917 est
3431 1860 3604 1916 dolus

1951 1958 2007 2012 in
2041 1973 2137 2011 ore
2164 1957 2315 2025 ejus.
2350 1956 2457 2019 Qui
2488 1970 2620 2009 cum
2657 1952 3253 2018 malediceretur,non
3288 1950 3607 2006 maledice-

1951 2047 2088 2112 bat;
2123 2061 2253 2098 cum
2294 2048 2612 2115 pateretur,
2647 2058 2761 2095 non
2796 2040 3301 2095 comminabatur:
3336 2038 3606 2095 tradebat

1949 2138 2143 2189 autem
2169 2131 2463 2204 judicanti
2491 2149 2551 2185 se
2580 2130 2797 2200 injuste
2818 2130 2971 2192 ’.Qui
3006 2133 3235 2199 peccata
3258 2127 3606 2198 nostraipse

1951 2223 2189 2294 pertulit
2215 2223 2270 2276 in
2305 2237 2545 2292 corporo
2588 2237 2694 2274 suo
2741 2235 2918 2288 super
2948 2219 3198 2287 lignum,
3235 2222 3301 2271 ut
3350 2217 3605 2287 peccatis

1950 2312 2186 2374 mortui,
2206 2310 2453 2380 justitize
2474 2309 2757 2367 vivamus.
2787 2308 2959 2377 hujus
2980 2306 3001 2339 ³
3027 2304 3205 2359 livore
3225 2305 3413 2360 sanati
3436 2304 3602 2360 estis.

1956 2401 2141 2456 Eratis
2172 2399 2329 2455 enim
2362 2399 2513 2453 sicut
2544 2414 2675 2452 oves
2709 2401 2990 2461 errantes,
3026 2395 3127 2449 sed
3160 2393 3421 2449 conversi
3460 2392 3605 2450 estis

1954 2506 2109 2545 nunc
2141 2490 2211 2543 ad
2245 2494 2536 2559 pastorem
2572 2492 2624 2541 et
2659 2486 2996 2557 episcopum
3023 2482 3353 2538 animarum
3383 2488 3606 2538 vestra-

1954 2595 2108 2634 rum.

2024 2670 2088 2722 Et
2108 2668 2218 2722 alio
2233 2666 2341 2721 loco
2365 2666 2492 2735 [111.]
2514 2682 2525 2718 :
2544 2663 2828 2717 Similiter
2846 2666 2902 2715 et
2928 2660 3198 2713 mulieres
3212 2658 3462 2712 subdita:
3485 2656 3606 2711 sint

1954 2756 2091 2809 viris
2111 2755 2255 2821 suis,
2283 2758 2345 2807 ut
2363 2758 2418 2807 et
2448 2753 2496 2806 si
2530 2751 2627 2822 qui
2656 2767 2766 2804 non
2792 2749 3035 2804 credunt
3056 2748 3248 2812 verbo,
3276 2762 3376 2817 per
3398 2744 3605 2798 mulie-

1956 2860 2083 2897 rum
2120 2840 2620 2897 conversationem
2649 2838 2775 2894 sine
2796 2838 2968 2892 verbo
2995 2835 3310 2900 lucrifiant,
3337 2832 3605 2888 conside-

1956 2935 2151 2987 rantes
2182 2931 2241 2985 in
2274 2931 2482 2984 timore
2532 2932 2750 2983 castam
2797 2924 3292 2981 conversationem
3325 2927 3602 2977 vestram.

1956 3022 2211 3086 Quarum
2238 3020 2444 3073 sitnon
2464 3016 2825 3071 extrinsecus
2838 3013 3204 3084 capillatura,
3229 3016 3330 3066 aut
3351 3010 3604 3065 circum-

1956 3110 2113 3164 datio
2128 3108 2384 3176 auri,aut
2404 3104 2734 3160 indumenti
2760 3102 3241 3158 vestimentorum
3268 3097 3611 3155 cultuszsed

1957 3197 2058 3269 qui
2076 3196 2458 3253 absconditus
2476 3198 2563 3249 est
2580 3193 2772 3247 cordis
2796 3192 2970 3246 homo
2988 3190 3045 3244 in
3070 3187 3615 3259 incorruptibilitate

1958 3286 2139 3359 quieti
2171 3303 2237 3341 ac
2265 3284 2512 3339 modesti
2545 3282 2811 3353 spiritus,
2832 3280 2932 3351 qui
2957 3284 3047 3334 est
3076 3279 3135 3332 in
3169 3282 3482 3348 conspectu
3507 3275 3608 3331 Dei

1958 3375 2239 3447 locuples.
2259 3374 2354 3428 Sic
2369 3374 2525 3428 enim
2546 3370 2859 3441 aliquando
2881 3373 2938 3424 et
2955 3372 3166 3423 sanctas
3182 3365 3616 3437 mulieres,spe-

1960 3471 2155 3523 rantes
2189 3465 2244 3518 in
2279 3463 2414 3532 Deo,
2438 3462 2726 3517 ornabant
2750 3476 2832 3525 se,
2861 3458 3135 3529 subjecta
3162 3454 3411 3528 propriis
3433 3453 3573 3509 viris
3598 3472 3611 3510 :

1962 3558 2117 3613 sicut
2133 3559 2272 3609 Sara
2288 3552 2599 3608 obediebat
2616 3549 2883 3615 Abrahae,
2905 3548 3212 3603 dominum
3231 3561 3363 3601 eum
3377 3560 3615 3600 vocans.

1959 3646 2293 3717 Cujusestis
2313 3642 2444 3697 ﬁlii!)
2463 3641 2607 3695 bene
2630 3640 3115 3703 facientes,etnon
3132 3636 3411 3690 timentes
3437 3632 3617 3689 ullam

1964 3733 2478 3807 perturbationem.
2504 3729 2627 3783 Viri
2651 3727 2923 3782 similiter
2954 3725 3378 3790 cohabitantes,
3404 3739 3617 3777 secun-

1962 3825 2102 3878 dum
2136 3819 2469 3885 scientiam,
2502 3817 2664 3886 quasi
2698 3813 3012 3869 intirmiori
3059 3810 3298 3866 vasculo
3352 3810 3620 3865 muliebri

1962 3912 2039 3965 im
2053 3910 2369 3982 partientes
2384 3906 2974 3973 honorem,tanquam
2993 3904 3050 3955 et
3070 3898 3468 3953 cohaeredibus
3492 3914 3619 3968 gra-

1964 4000 2053 4055 tia:
2084 3999 2234 4062 vitae,
2270 4000 2335 4050 ut
2368 4011 2480 4048 non
2528 3992 2926 4062 impediantur
2974 3988 3267 4043 orationes
3296 3990 3520 4041 VCStI‘tB.
3553 3985 3617 4040 In

1966 4090 2077 4143 tide
2109 4090 2300 4141 autem
2334 4098 2540 4137 omnes
2572 4079 2906 4141 unanimes,
2931 4075 3375 4145 compatientes,
3408 4074 3615 4128 frater-

1965 4176 2165 4233 nitatis
2188 4178 2500 4238 amatores,
2527 4168 2958 4232 misericordes,
2985 4164 3297 4228 modesti‘,
3323 4160 3577 4217 humiles
3600 4176 3615 4215 :

1966 4281 2080 4321 non
2112 4262 2420 4317 reddentes
2474 4255 2691 4311 malum
2727 4270 2830 4325 pro
2882 4251 3059 4317 malo,
3091 4250 3178 4306 vel
3233 4248 3615 4304 maledictum

1968 4370 2070 4426 pro
2103 4350 2433 4413 maledicto,
2466 4347 2564 4402 sed
2611 4361 2641 4400 e
2672 4342 2961 4399 contrario
2995 4341 3444 4406 benedicentes;
3479 4337 3619 4409 quia

1967 4442 2025 4495 in
2072 4442 2180 4495 hoc
2221 4437 2404 4493 vocati
2456 4435 2620 4501 estis,
2658 4439 2722 4487 ut
2770 4430 3232 4486 benedictionem
3280 4427 3616 4481 haereditate

1968 4528 2336 4602 possidentis.
2369 4525 2475 4589 Qui
2506 4522 2661 4580 enim
2694 4520 2819 4575 vult
2842 4519 3018 4575 vitam
3045 4518 3306 4589 diligere,
3336 4519 3390 4569 et
3421 4514 3616 4602 videre

1967 4601 2091 4674 dies
2116 4619 2318 4685 bonos,
2342 4617 2603 4670 coerceat
2626 4610 2887 4682 linguam
2915 4624 3081 4662 suam
3115 4623 3147 4662 a
3173 4602 3347 4669 malo,
3375 4607 3431 4657 et
3461 4601 3617 4657 labia

1967 4710 2093 4777 ejus
2125 4722 2196 4761 ne
2226 4705 2545 4774 loquantur
2592 4699 2811 4754 dolum.
2846 4695 3107 4752 Declinet
3137 4698 3331 4748 autem
3373 4708 3405 4746 a
3438 4689 3615 4761 malo,

1966 4803 2022 4853 et
2052 4795 2227 4851 faciat
2258 4795 2473 4848 bonum
2504 4816 2518 4856 ς
2551 4787 2809 4859 inquirat
2832 4788 3131 4856 pacem,et
3163 4790 3441 4852 sequatur
3460 4795 3612 4835 eam.

1965 4886 2111 4950 Quia
2142 4882 2293 4938 oculi
2332 4877 2557 4935 Domini
2612 4891 2788 4946 super
2832 4874 3053 4943 justos,
3088 4875 3144 4925 et
3173 4886 3346 4925 aures
3395 4868 3521 4938 ejus
3554 4867 3612 4923 in

1969 4989 2166 5045 preces
2187 4986 2411 5026 eorum.
2438 4965 2646 5020 Vultus
2669 4969 2860 5018 autem
2889 4959 3116 5016 Domini
3138 4974 3315 5030 super
3338 4957 3615 5013 facientes

1967 5062 2141 5117 mala.
2172 5060 2236 5114 Et
2268 5058 2400 5129 quis
2430 5059 2520 5110 est
2545 5052 2688 5124 quid
2720 5051 2883 5106 vobis
2916 5054 3138 5115 noceat,
3174 5047 3222 5103 si
3264 5046 3399 5102 boni
3431 5062 3614 5101 aemu-

1965 5151 2181 5206 latores
2212 5143 2485 5204 fueritis?
2514 5143 2622 5198 Sed
2648 5144 2704 5196 et
2732 5138 2779 5195 si
2806 5138 2941 5211 quid
2967 5136 3235 5209 patimini
3260 5135 3612 5208 propterju-

2033 5322 2045 5354 ¹
2060 5320 2144 5368 Sic
2162 5317 2282 5365 Mss.
2305 5327 2424 5363 cum
2443 5310 2604 5359 sacris
2620 5306 2892 5373 Bibliis.At
2910 5304 3239 5373 editi,_gr_atia
3253 5299 3617 5373 atumat-tera

1966 5366 2113 5447 parte
2136 5380 2375 5443 ejusdem
2408 5372 2656 5443 versiculi
2676 5370 2901 5443 Vulgata
2918 5382 3030 5441 non
3056 5366 3233 5439 habet,
3256 5366 3519 5436 patimini,
3544 5366 3610 5409 et.

2028 5449 2048 5479 ι
2082 5446 2140 5487 In
2171 5455 2343 5487 πτωαο
2375 5441 2471 5487 est.
2505 5436 2553 5484 td
2578 5437 2841 5484 crtmonm
2870 5430 3064 5480 ducazds
3081 5428 3347 5487 Judzcnnlt
3370 5428 3528 5487 Iuste.

2028 5449 2048 5479 ι
2081 5446 2140 5493 In
2163 5436 2343 5503 'graaco
2375 5441 2471 5493 est,
2505 5436 2553 5484 ιό
2578 5436 2841 5484 crimonz'ti
2870 5436 3064 5480 dicatas
3081 5436 3347 5491 judicent:
3370 5436 3528 5487 Iuste.

2030 5508 2050 5542 ³
2076 5506 2317 5561 Vulgata,
2349 5502 2509 5563 cuius.
2541 5500 2771 5563 Gnaeus,
2802 5495 2905 5563 οὐ.-
3000 5556 3009 5563 _
3162 5553 3194 5563 υ
3344 5552 3353 5563 ⁸
3402 5562 3405 5563 ν
3454 5548 3491 5563 Α

2027 5572 2047 5606 ιι
2078 5548 2327 5627 vagas;
2355 5548 2603 5618 'niodesu,
2636 5548 2856 5627 abes—ta
2886 5556 3057 5627 Regio
3079 5553 3260 5627 conice
3310 5552 3361 5598 et
3390 5562 3420 5597 a
3442 5548 3610 5627 corp,

1966 5612 2393 5691 Biblii§7neque
2423 5628 2476 5674 in
2508 5612 2680 5686 graeco
2712 5625 2859 5691 textu
2884 5612 3092 5691 probis
3120 5613 3349 5671 duobus,
3381 5612 3610 5670 modesti,

1965 5680 2203 5754 ιιαὶηέιεε,
2233 5680 2378 5742 anim
2409 5692 2489 5739 est
2510 5680 2686 5751 quam,
2717 5680 3091 5747 philophrones.
