4042 6190
520 314 667 373 1031

520 446 764 511 stitiam,
787 445 959 500 beati.
986 445 1279 499 Timorem
1303 448 1495 498 autem
1515 459 1715 497 eorum
1741 458 1811 496 ne
1834 440 2168 507 timueritis,

525 541 717 590 utnon
730 532 1503 589 conturbemini.Dominum
1518 539 1711 586 autem
1727 532 2023 585 Christum
2040 547 2169 584 san-

524 624 770 680 ctiﬁcate
790 625 847 678 in
872 623 1145 678 cordibus
1162 621 1468 690 vestris,pa
1481 621 1587 674 rati
1608 638 1840 692 semper
1860 621 1930 675 ad
1945 619 2169 674 satisfa-

523 715 775 769 ctionem
800 712 959 768 omni
974 712 1233 782 poscenti
1252 727 1350 764 vos
1367 728 1420 763 ra
1435 712 1645 765 tionem
1664 711 1733 765 de
1757 726 1977 780 ea,quze
2001 711 2059 762 in
2077 724 2167 762 vo-

519 802 610 858 bis
625 800 972 872 est,spe:sed
989 816 1056 854 cu
1068 816 1121 853 m
1141 799 1428 853 modestia
1441 804 1496 853 et
1508 799 1546 852 ti
1558 797 2165 864 more,conscientiam

518 890 797 946 habentes
820 893 1126 953 bonam,ut
1149 889 1205 942 in
1231 904 1295 942 eo
1319 891 1470 958 quod
1497 888 1814 941 detrahunt
1836 887 2166 956 vobis,con-

514 978 838 1033 fundantur
859 994 890 1048 q
904 976 959 1031 ui
983 975 1421 1031 calumniantur
1440 981 1692 1031 vestram
1711 977 1922 1030 bonam
1937 976 1993 1029 in
2009 974 2167 1030 Chri-

511 1071 600 1121 sto
632 1066 1153 1121 conversationem.
1184 1065 1391 1120 Melius
1414 1070 1503 1119 est
1526 1064 1682 1119 enim
1712 1064 2161 1131 benefacientes,

507 1155 556 1209 si
592 1155 727 1210 velit
760 1156 856 1209 Dei
890 1155 1183 1219 voluntas,
1216 1154 1354 1225 pati,
1389 1170 1565 1224 quam
1600 1154 2054 1207 malefacientes.

576 1247 643 1299 Et
661 1249 783 1315 post
804 1246 1025 1313 aliqua:
1050 1260 1231 1297 versus
1258 1245 1375 1311 liv.)
1405 1259 1416 1296 :
1441 1242 1672 1295 Christo
1704 1242 1884 1313 igitur
1906 1258 2078 1311 passo
2103 1241 2160 1295 in

511 1338 776 1396 carne,et
797 1349 898 1387 vos
927 1333 1131 1387 eadem
1154 1332 1503 1402 cogitatione
1524 1330 1834 1385 armamini
1862 1346 1873 1385 :
1902 1332 2041 1400 quia
2063 1329 2161 1401 qui

508 1439 720 1494 passus
738 1422 899 1477 estin
920 1437 1113 1487 carne,
1135 1421 1309 1476 desiit
1339 1439 1371 1475 a
1395 1424 1667 1490 peccatis,
1693 1422 1891 1490 utjam
1923 1436 2032 1475 non
2054 1419 2159 1473 ho-

510 1511 737 1565 minum
761 1508 1091 1574 desideriis,
1112 1510 1211 1563 sed
1232 1508 1520 1563 voluntati
1549 1509 1663 1577 Dei,
1690 1509 1843 1578 quod
1869 1508 2159 1579 reliquum

506 1604 597 1657 est
616 1600 675 1653 in
703 1616 877 1654 carne
900 1598 1603 1667 vivattemporis.Sufficit
1625 1598 1778 1651 enim
1804 1598 2158 1667 praeteritum

500 1694 736 1760 tempus
752 1690 822 1744 ad
846 1688 1203 1743 voluntatem
1220 1687 1482 1759 gentium
1510 1686 2159 1751 consummandam,bis

501 1778 598 1850 qui
616 1778 1064 1834 ambulaverunt
1082 1777 1137 1830 in
1162 1776 1432 1843 luxuriis,
1457 1776 1781 1840 desideriis,
1801 1776 2156 1841 vinolentiis,

498 1865 1491 1937 comessationibus,potationibus,
1512 1866 1897 1921 ebrietatibus
1922 1869 2028 1931 1,et
2050 1864 2158 1925 illi,

501 1957 633 2013 citis
656 1956 944 2011 idolorum
969 1956 1245 2010 cultibus.
1272 1957 1333 2009 Et
1348 1959 1462 2023 post
1483 1954 1702 2025 aliquos
1731 1972 1941 2011 versus:
1963 1957 2158 2012 Estote

501 2046 701 2118 itaque
749 2048 1084 2117 prudentes,
1116 2051 1173 2098 et
1222 2044 1457 2115 vigilate
1487 2044 1544 2097 in
1592 2044 1975 2099 orationibus.
2008 2049 2155 2101 Ante

501 2138 699 2191 omnia
730 2140 995 2189 mutuam
1025 2134 1081 2187 in
1117 2134 1553 2204 vobismetipsis
1590 2133 1933 2189 charitatem
1967 2135 2156 2189 conti-

503 2241 683 2279 nuam
714 2224 997 2278 habentes
1024 2240 1035 2277 :
1061 2224 1197 2293 quia
1225 2223 1479 2276 charilas
1502 2224 1689 2292 operit
1712 2222 2153 2279 multitudinem

502 2318 897 2383 peccatorum.
952 2310 1278 2381 Hospitales
1327 2310 1593 2373 invicem,
1642 2312 1769 2365 sine
1819 2327 2156 2367 murmura-

506 2402 685 2455 tione.
720 2399 1139 2470 Unusquisque
1169 2401 1321 2454 sicut
1346 2399 1568 2470 accepit
1598 2400 1868 2470 gratiam,
1901 2402 1956 2455 in
2009 2400 2155 2455 alte-

504 2493 733 2543 rutrum
768 2488 925 2541 illam
966 2487 1474 2551 administrantes,
1498 2488 1651 2543 sicut
1683 2488 1816 2542 boni
1845 2489 2151 2561 dispensa-

502 2582 658 2632 tores
709 2576 1089 2631 multiformis
1144 2578 1341 2647 gratia:
1393 2577 1509 2631 Dei.
1566 2577 1624 2630 Si
1687 2577 1819 2648 quis
1870 2577 2150 2648 loquitur,

503 2665 671 2738 quasi
714 2682 1013 2721 sermones
1067 2666 1204 2729 Dei;
1257 2666 1302 2719 si
1338 2666 1470 2735 quis
1521 2666 1834 2733 ministrat,
1870 2672 2149 2737 tanquam

502 2772 569 2811 ex
600 2755 813 2809 virtute
845 2772 1017 2824 quam
1055 2754 1430 2809 administrat
1461 2755 1611 2809 Deus
1646 2772 1657 2807 :
1696 2761 1755 2808 ut
1791 2757 1844 2808 in
1879 2758 2154 2811 omnibus

503 2844 920 2899 bonorilicetur
949 2845 1122 2908 Deus,
1145 2861 1245 2915 per
1272 2845 1470 2898 Jesum
1503 2844 1796 2899 Christum
1814 2845 2147 2913 Dominum,

500 2933 593 2988 cui
628 2938 716 2988 est
754 2932 941 3003 gloria
972 2939 1027 2985 et
1077 2933 1387 3002 imperium
1442 2933 1497 2986 in
1533 2934 1746 2986 szecula
1778 2934 2148 2989 saeculorum.

498 3021 864 3089 Charissimi,
901 3020 1076 3075 nolite
1132 3022 1487 3091 peregrinari
1514 3022 1532 3054 ³
1579 3023 1635 3075 in
1672 3023 1912 3089 fervore,
1948 3024 2047 3093 qui
2079 3025 2149 3079 ad

499 3112 884 3166 tentationem
918 3110 1079 3165 vobis
1114 3112 1215 3175 lit;
1270 3110 1445 3165 nolite
1481 3127 1684 3180 pavere
1711 3112 1877 3181 quasi
1926 3112 2147 3183 aliquid

502 3199 634 3255 novi
664 3200 829 3254 vobis
876 3198 1173 3269 contingat
1210 3214 1221 3251 :
1257 3200 1355 3252 sed
1406 3201 1906 3255 communicantes
1937 3202 2145 3257 Christi

501 3288 877 3360 passionibus
895 3290 1241 3359 gaudete,ut
1273 3288 1402 3341 etin
1432 3288 1775 3343 revelatione
1805 3290 1999 3361 gloriae
2021 3292 2150 3362 ejus

502 3378 806 3447 gaudeatis
837 3376 1219 3430 exsultantes.
1253 3377 1312 3431 Si
1361 3378 1787 3447 exprobramini
1824 3380 1879 3432 in
1914 3381 2149 3435 nomine

502 3465 736 3531 Christi,
772 3466 924 3517 beati
958 3466 1122 3518 eritis
1147 3467 1166 3497 ³
1201 3482 1213 3519 :
1250 3466 1527 3535 quoniam
1563 3468 1712 3537 quod
1749 3471 1837 3521 est
1889 3468 2145 3534 honoris,

503 3553 722 3624 glorim,
758 3558 815 3606 et
847 3553 1076 3605 virtutis
1112 3554 1225 3618 Dei,
1262 3560 1318 3607 et
1350 3555 1446 3623 qui
1482 3558 1571 3607 est
1602 3557 1727 3623 ejus
1760 3556 2023 3626 spiritus,
2046 3575 2147 3613 su-

500 3658 605 3712 per
636 3658 734 3695 vos
766 3641 1108 3711 requiescet.
1144 3642 1324 3696 Nemo
1355 3648 1551 3697 autem
1606 3651 1860 3699 vestrum
1897 3648 2150 3716 patiatur

497 3730 665 3800 quasi
683 3730 1106 3795 homicida,aut
1122 3732 1341 3795 fur,aut
1362 3730 1807 3798 maledicus,aut
1824 3734 2145 3791 alienorum

497 3820 803 3890 appetitor.
838 3821 892 3873 Si
928 3825 1121 3874 autem
1157 3824 1219 3874 ut
1250 3819 1632 3884 christianus,
1658 3839 1768 3877 non
1803 3825 2144 3880 erubescat:

497 3908 785 3981 glorificet
833 3913 1027 3963 autem
1069 3910 1243 3964 Deum
1298 3912 1351 3962 in
1403 3911 1514 3965 isto
1548 3912 1815 3979 nomine;
1868 3914 2146 3984 quoniam

497 4002 735 4070 tempus
768 4004 857 4053 est
886 4003 949 4052 ut
997 3998 1243 4069 incipiat
1266 3999 1559 4068 judicium
1593 4001 1663 4055 de
1693 4002 1907 4056 domo‘
1933 4002 2054 4057 Dei.
2088 4003 2147 4058 Si

499 4091 693 4143 autem
728 4088 983 4158 primum
1019 4105 1050 4140 a
1082 4088 1263 4155 vobis,
1299 4088 1431 4158 quis
1484 4089 1616 4143 linis
1666 4106 1865 4145 eorum
1901 4091 2000 4162 qui
2033 4108 2146 4146 non

498 4177 747 4232 credunt
776 4175 876 4231 Dei
912 4177 1262 4248 Evangelio?
1292 4184 1349 4231 et
1380 4178 1427 4232 si
1453 4179 1656 4248 justus
1690 4180 1777 4232 vix
1809 4180 2147 4248 salvaliitur,

495 4264 716 4335 impius
748 4269 805 4319 et
834 4271 1106 4335 peccator
1138 4266 1237 4320 ubi
1293 4267 1628 4337 parebunt?
1664 4273 1862 4338 Itaque
1894 4274 1949 4323 et
1978 4269 2017 4323 ii
2049 4268 2150 4340 qui

492 4356 801 4425 patiuntur
834 4356 1163 4409 secundum
1190 4354 1548 4411 voluntatem
1579 4357 1694 4423 Dei,
1718 4357 1871 4412 ﬁdeli
1897 4360 2148 4414 Creatori

492 4444 907 4498 commendent
940 4443 1169 4498 animas
1195 4460 1333 4498 suas
1364 4444 1420 4499 in
1455 4445 1795 4501 benefactis.

565 4534 666 4603 [v.]
700 4533 971 4588 Seniores
1003 4549 1137 4603 ergo
1158 4534 1257 4604 qui
1290 4534 1347 4588 in
1367 4534 1529 4589 vobis
1562 4540 1721 4601 sunt,
1750 4537 1988 4592 obsecro
2011 4555 2149 4594 con-

495 4622 692 4678 senior
707 4627 764 4677 et
780 4624 947 4677 testis
967 4623 1177 4678 Christi
1197 4624 1561 4693 passionum,
1585 4626 1685 4694 qui
1717 4630 1773 4678 et
1794 4627 1919 4695 ejus
1944 4644 2071 4698 quae
2090 4628 2147 4683 in

496 4712 693 4765 futuro
727 4711 1034 4766 revelanda
1065 4717 1153 4766 est
1184 4711 1379 4783 gloriae
1412 4714 1894 4783 communicator,
1930 4717 2151 4788 pascite

498 4800 595 4869 qui
632 4802 687 4854 in
715 4802 875 4855 vobis
897 4807 985 4855 est
1001 4818 1233 4871 gregem
1261 4804 1377 4861 Dei.
1402 4804 1766 4873 providentes
1792 4822 1903 4859 non
1932 4812 2149 4872 coacte,

499 4889 599 4942 sed
634 4895 957 4959 spontanee
985 4893 1308 4945 secundum
1347 4891 1524 4946 Deum
1550 4909 1561 4947 :
1585 4908 1773 4963 neque
1795 4895 1983 4964 turpis
2005 4896 2147 4950 lucri

499 4977 814 5046 gratia,sed
845 4979 1383 5051 voluntarie;neque
1407 4985 1469 5035 ut
1492 4982 1861 5037 dominantes
1880 4986 1932 5037 in
1958 4985 2149 5050 cleris,

499 5066 601 5121 sed
637 5066 835 5121 forma:
872 5069 1002 5123 facti
1027 5069 1220 5139 gregis
1239 5088 1304 5124 ex
1323 5070 1538 5126 animo.
1569 5072 1793 5126 Etcum
1818 5074 2152 5144 apparuerit

503 5164 908 5276 BuLll‘iedundat
939 5180 1058 5225 vox,
1090 5165 1440 5226 ebria-tatibus,
1464 5182 1562 5217 nec
1593 5172 1672 5217 est
1700 5170 1753 5217 in
1776 5172 2152 5221 sincieroribus

550 5244 561 5276 ι
626 5243 707 5276 iis.

550 5243 707 5276 mins.

567 5291 589 5326 ²
616 5291 742 5339 Mss.
775 5304 891 5355 pro,
923 5292 1080 5339 nolite
1111 5294 1454 5355 peregrinari,
1490 5293 1707 5352 habent,
1742 5294 1895 5344 nolite
1924 5298 2107 5344 mirari
2139 5312 2151 5346 :

504 5355 649 5421 quod
681 5368 790 5402 non
823 5354 1001 5403 minus
1032 5354 1257 5421 quadrat
1306 5357 1384 5421 ad_
1401 5370 1649 5419 graecum,
1683 5360 1764 5405 me
1803 5360 2153 5421 xenidzesthe,

505 5418 554 5466 id
588 5422 686 5475 est,
705 5430 774 5466 ne
808 5419 1252 5467 commoveamini
1280 5423 1336 5467 ut
1360 5418 1421 5468 ﬁt
1448 5434 1499 5467 re
1526 5434 1666 5468 nova
1695 5427 1745 5469 et
1774 5422 2001 5471 insolita.
2023 5418 2149 5474 Nam

505 5484 555 5528 et
586 5480 743 5550 paulo
774 5484 909 5550 post,
942 5480 996 5528 (is
1018 5482 1204 5550 menon,
1240 5483 1395 5550 vertit
1424 5482 1703 5550 interpres,
1735 5485 1882 5550 quasi
1912 5484 2033 5537 novi
2053 5486 2148 5535 ali-

506 5544 668 5613 quid;
697 5545 892 5613 quibus
921 5544 1096 5613 verbis
1126 5544 1267 5606 quod
1293 5544 1378 5593 llic
1396 5544 1753 5607 praemittitur,
1778 5546 1936 5597 nolite
1950 5565 2152 5613 pavere,

505 5605 657 5653 abest
687 5618 715 5651 a
748 5607 909 5654 sacris
942 5605 1141 5654 Bibliis.

562 5668 582 5735 ἓ
614 5668 806 5735 Regius
836 5670 1001 5716 codex
1034 5682 1210 5727 arinen
1263 5670 1604 5716 Consentinus
1656 5683 1763 5735 non
1797 5672 1960 5735 addit,
1993 5676 2151 5723 eritis.

563 5730 581 5763 ³
616 5730 860 5792 Vulgata,
891 5746 921 5778 ιι
954 5735 1122 5779 domo.
1155 5735 1339 5791 Crtcc.,
1373 5748 1470 5794 (ψυ
1501 5743 1585 5779 tou
1618 5731 1787 5781 oikou.

1706 310 1769 369 S.
1817 306 2243 369 AUGUSTINI
2290 306 2733 371 SPECULUM.

3736 316 3863 379 1032

2283 442 2553 513 princeps
2605 449 2931 514 pastorum,
2993 444 3321 515 percipietis
3380 446 3863 504 immarcescibilem

2280 530 2475 601 gloriae
2497 548 2793 588 coronam.
2814 533 3118 601 Similiter,
3138 533 3543 600 adolescentes,
3575 536 3769 590 subditi
3788 554 3863 592 es-

2278 624 2396 674 tote
2420 620 2769 677 senioribus.
2792 621 3008 677 Omnes
3032 629 3227 677 autem
3252 622 3488 678 invicem
3521 623 3863 680 humilitatem

2277 706 2611 776 insinuata;
2665 712 2804 782 quia
2835 716 2982 766 Deus
3028 711 3296 782 superbis
3327 711 3556 777 resistit,
3585 712 3863 769 humilibus

2279 801 2474 853 autem
2508 799 2606 854 dat
2624 800 2894 871 gratiam.
2923 799 3328 855 Humiliamini
3360 800 3530 873 igitur
3557 801 3657 856 sub
3683 804 3862 872 potenti

2280 903 2457 942 manu
2491 890 2609 956 Dei,
2647 895 2712 943 ut
2756 905 2855 943 vos
2886 888 3096 944 exaltet
3148 889 3203 943 in
3236 894 3492 960 tempore
3541 889 3861 946 visitationis.

2277 974 2522 1032 Omnem
2542 976 2998 1033 sollicitudinem
3019 986 3270 1033 vestram
3290 977 3643 1047 projicientes
3661 978 3713 1032 in
3728 996 3861 1045 eum;

2276 1065 2555 1134 quoniam
2589 1065 2701 1137 ipsi
2733 1082 2873 1120 cura
2896 1069 2985 1121 est
3015 1067 3086 1121 de
3116 1066 3295 1121 vobis.
3334 1067 3517 1121 Sobrii
3542 1072 3728 1131 estote,
3754 1067 3862 1139 vigi-

2276 1153 2390 1208 late
2424 1172 2436 1208 :
2471 1154 2609 1225 quia
2657 1156 3031 1210 adversarius
3075 1160 3265 1210 vester
3311 1155 3595 1223 diabolus,
3630 1161 3864 1226 tanquam

2274 1241 2361 1296 leo
2395 1244 2630 1313 rugiens
2662 1244 2869 1297 circuit
2901 1260 3168 1314 quarens
3200 1260 3373 1314 quem
3407 1245 3649 1298 devoret.
3681 1244 3769 1297 Cui
3797 1260 3864 1299 rc-

2274 1330 2464 1385 sistite
2494 1333 2671 1388 fortes
2710 1333 2768 1387 in
2817 1333 2951 1400 fide,
2985 1332 3237 1388 scientes
3286 1333 3550 1387 eamdem
3585 1334 3865 1403 passionem

2271 1418 2345 1485 ei,
2380 1436 2505 1491 qua:
2531 1421 2589 1475 in
2614 1422 2834 1477 mundo
2852 1427 2960 1488 est,
2979 1426 3183 1477 vestras
3216 1420 3565 1476 fraternitati
3594 1422 3729 1475 fieri.
3748 1426 3866 1476 Deus

2272 1513 2465 1563 autem
2501 1510 2694 1565 omnis
2743 1510 2966 1581 gratiae,
3000 1511 3100 1582 qui
3145 1511 3370 1566 vocavit
3422 1526 3525 1566 nos
3554 1508 3609 1565 in
3639 1514 3864 1565 aeternam

2271 1614 2439 1652 suam
2491 1598 2737 1668 gloriam
2792 1599 2853 1654 in
2900 1599 3128 1655 Christo
3158 1599 3320 1667 Jesu,
3356 1598 3645 1654 modicum
3682 1615 3864 1669 passos,

2271 1686 2395 1757 ipse
2427 1686 2703 1758 perficiet,
2739 1688 3133 1758 confirmabit,
3152 1687 3566 1760 soladibitque.
3592 1686 3699 1759 Ipsi
3718 1688 3867 1759 gloria

2269 1778 2325 1828 et
2355 1776 2668 1847 imperium
2702 1778 2757 1831 in
2793 1777 3006 1833 saecula
3036 1776 3409 1833 seculorum.
3443 1779 3641 1832 Amen.

2670 1892 2759 1947 DE
2800 1892 3148 1948 EPISTULA
3187 1893 3236 1948 II
3277 1892 3513 1948 PETRI.

2342 1998 2507 2070 [Cap.
2538 2000 2601 2071 1.]
2627 2000 2731 2054 Per
2745 2004 2946 2072 qucm'
2977 2000 3231 2055 maxima
3255 1998 3427 2055 nobis
3444 2006 3501 2055 et
3523 1999 3755 2072 pretiosa
3772 2016 3867 2071 pro-

2271 2087 2451 2141 missa
2468 2088 2721 2155 donavit,
2741 2094 2803 2144 ut
2827 2106 2929 2160 per
2954 2089 3073 2144 haec
3090 2089 3431 2144 efﬁciamini
3456 2089 3656 2144 divina:
3675 2106 3867 2145 consor-

2266 2179 2355 2231 tes
2388 2181 2628 2243 naturaa,
2650 2178 2938 2249 fugientes
2969 2180 3097 2248 ejus
3128 2179 3333 2249 quaein
3360 2180 3577 2233 mundo
3598 2184 3680 2234 est
3696 2194 3869 2234 concu-

2268 2264 2563 2336 piscentiae
2596 2267 3043 2337 corruptionem.
3072 2267 3189 2323 Vos
3219 2273 3421 2323 autem
3455 2284 3646 2323 curam
3679 2283 3865 2323 omnem

2266 2354 2714 2424 subinferentes,
2738 2355 3067 2411 ministrate
3087 2356 3141 2410 in
3170 2356 3283 2413 ﬁde
3309 2360 3504 2412 vestra
3528 2357 3804 2422 virtutem;
3824 2355 3865 2409 in

2265 2442 2477 2499 virtute
2509 2449 2729 2510 autem,
2754 2445 3057 2500 scientiam
3090 2463 3102 2513 ;
3132 2444 3190 2500 in
3225 2445 3476 2501 scientia
3497 2451 3700 2515 autem,
3723 2445 3865 2501 absti-

2266 2533 2557 2600 nentiam;
2592 2534 2648 2587 in
2682 2534 3041 2589 abstinentia
3072 2539 3289 2603 autem,
3312 2535 3651 2607 patientiam
3680 2552 3690 2601 ;
3722 2536 3771 2587 in
3790 2550 3863 2605 pa-

2264 2620 2467 2676 tientia
2489 2622 2979 2692 autem,pielatem
3003 2648 3015 2691 ;
3039 2622 3096 2676 in
3116 2623 3333 2694 pietate
3356 2622 3863 2691 autem,fraternita-

2263 2709 2696 2775 tisamorem;in
2714 2728 2909 2767 amore
2922 2716 3115 2767 autem
3136 2712 3861 2779 fraternitatis,cliaritatem.

2263 2798 2392 2853 Haec
2405 2800 2561 2855 enim
2586 2800 2747 2855 vobis
2764 2817 2895 2856 cum
2912 2801 3108 2856 adsint
3126 2802 3145 2835 ²
3160 2805 3216 2857 et
3237 2805 3656 2872 superent,non
3674 2814 3864 2863 vacuos,

2263 2904 2367 2942 nec
2384 2889 2509 2943 sine
2534 2889 2724 2943 fructu
2748 2907 2846 2945 vos
2870 2890 3229 2945 constituent
3252 2892 3308 2945 in
3330 2891 3557 2945 Domini
3585 2888 3863 2945 nostriJesu

2260 2976 2471 3031 Christi
2497 2978 2828 3049 cognitione
2849 2979 2889 3031 ³.
2914 2980 3015 3034 Cui
3050 2979 3207 3033 enim
3231 2995 3348 3032 non
3380 2985 3587 3050 praesto
3610 2982 3735 3033 sunt
3753 2977 3863 3037 haec,

2261 3081 2448 3122 cmeus
2481 3070 2587 3136 est,
2631 3072 2688 3122 et
2719 3084 2895 3123 manu
2948 3072 3203 3135 tentans,
3237 3068 3591 3123 oblivionem
3625 3064 3866 3137 accipiens

2261 3154 2627 3225 purgationis
2657 3161 2914 3211 veterum
2940 3173 3180 3211 suorum
3207 3155 3580 3213 delictorum.
3613 3157 3861 3225 Quaprop-

2258 3246 2364 3311 ter,
2400 3244 2627 3311 fratres,
2662 3245 2849 3316 magis
2880 3245 3146 3315 satagite,
3174 3249 3237 3299 ut
3269 3262 3375 3316 per
3406 3246 3558 3301 bona
3586 3260 3745 3317 opera
3771 3258 3859 3296 cere

2258 3336 2376 3385 tam
2426 3336 2677 3387 vestram
2726 3334 3090 3388 vocationem
3143 3337 3199 3388 et
3254 3334 3601 3389 electionem
3659 3328 3860 3387 faciatis.

2259 3420 2387 3475 Haec
2418 3420 2574 3475 enim
2608 3422 2887 3477 facientes
2920 3440 3031 3477 non
3068 3423 3391 3494 peccabitis
3422 3422 3744 3495 aliquando.

2331 3511 2395 3563 Et
2420 3519 2539 3580 post
2580 3510 2880 3582 paululum
2924 3512 3034 3582 [11.]
3080 3529 3092 3567 :
3137 3511 3303 3567 Sicut
3352 3518 3411 3568 et
3451 3512 3511 3566 in
3545 3511 3700 3566 vobis
3731 3511 3865 3563 erunt

2260 3599 2525 3669 magistri
2576 3600 2910 3668 mendaces,
2962 3601 3059 3669 qui
3109 3600 3490 3655 introducent
3544 3604 3719 3655 sectas
3763 3611 3863 3668 per-

2258 3686 2520 3751 ditionis,
2571 3692 2625 3743 et
2678 3706 2809 3743 cum
2845 3689 2942 3761 qui
2997 3689 3140 3743 emit
3171 3706 3291 3755 eos,
3336 3690 3521 3744 Deum
3565 3684 3864 3759 negabunt‘,

2258 3778 2719 3847 superducentes
2750 3778 2859 3833 sibi
2904 3779 3149 3834 celerem
3189 3778 3601 3850 perditionem.
3634 3777 3695 3830 Et
3734 3769 3865 3829 multi

2257 3870 2580 3936 sequentur
2617 3883 2819 3922 eorum
2864 3866 3148 3934 luxurias,
3201 3883 3304 3939 per
3340 3884 3491 3940 quos
3535 3865 3623 3921 via
3657 3858 3865 3919 veritatis

2260 3952 2783 4025 blasphemabitur,
2818 3962 2873 4011 et
2896 3956 3205 4011 inavaritia
3244 3956 3397 4011 ﬁctis
3437 3954 3625 4011 verbis
3655 3952 3718 4007 de
3744 3946 3865 4004 vobis

2259 4044 2736 4114 negotiabuntur.
2763 4045 3441 4115 Quibusjudiciumjam
3476 4042 3613 4099 olim
3643 4057 3747 4096 non
3775 4052 3865 4091 ces-

2257 4134 2368 4198 sat,
2403 4136 2460 4187 et
2489 4133 2736 4203 perditio
2768 4149 2968 4189 eorum
3014 4151 3127 4189 non
3165 4134 3469 4188 dormitat.
3500 4134 3565 4187 Et
3595 4132 3697 4186 alia
3741 4128 3865 4181 loco:

2256 4218 2424 4274 Novit
2475 4221 2755 4276 Dominus
2789 4221 2916 4292 pios
2950 4222 3020 4276 de
3047 4222 3375 4277 tentatione
3404 4221 3643 4292 eripere,
3676 4215 3864 4286 iniquos

2256 4324 2388 4363 vero
2422 4308 2480 4363 in
2522 4309 2676 4364 diem
2704 4310 2911 4379 judicii
2962 4327 3258 4366 reservare
3308 4310 3675 4365 cruciandos.
3719 4301 3863 4373 Magis

2258 4402 2454 4453 autem
2487 4414 2586 4453 eos
2637 4400 2735 4470 qui
2771 4406 2902 4471 post
2926 4416 3159 4455 carnem
3194 4400 3251 4454 in
3284 4394 3748 4470 concupiscentia
3786 4391 3863 4444 im-

2260 4486 2563 4542 munditiae
2576 4487 3065 4558 ambulant,domi
3078 4488 3494 4559 nationemque
3511 4481 3861 4542 contemnunt:

2259 4576 2531 4641 audaces,
2583 4575 2693 4631 sibi
2755 4576 3069 4648 placentes,
3127 4582 3319 4633 sectas
3364 4594 3480 4631 non
3541 4576 3755 4630 metunt
3796 4568 3863 4621 in-

2261 4665 2563 4720 troducere
2611 4666 2654 4733 ⁵,
2733 4665 3232 4738 blasphemantes.
3318 4665 3422 4720 Ubi
3497 4662 3681 4735 angeli
3734 4656 3862 4713 forti-

2329 4801 2344 4862 ¹ν
2376 4798 2461 4862 Sic
2490 4798 2616 4847 editi
2643 4798 2798 4861 juxta
2829 4800 3105 4861 Vulgatam
3140 4815 3153 4849 :
3186 4812 3305 4862 quae
3353 4802 3533 4847 tamen
3566 4797 3617 4862 in
3645 4786 3863 4862 Cprb._

2260 4854 2661 4927 bliis_babebat;
2703 4878 2815 4927 per"
2840 4854 3104 4927 ᾳυάὴιηΕι
3137 4854 3218 4910 ξω·
3258 4866 3534 4927 speculum
3586 4860 3636 4927 in
3666 4854 3863 4927 Gembla:

2259 4925 2405 4989 censi
2453 4924 2633 4972 codice
2667 4938 2678 4971 :
2711 4929 2763 4973 at
2805 4924 2866 4989 in
2910 4926 3090 4988 Hegio,
3135 4940 3226 4989 per
3267 4939 3385 4989 qua:
3428 4937 3440 4983 ;
3481 4924 3632 4989 juxta
3673 4924 3862 4989 graecum

2262 4986 2400 5060 di'dn
2442 5001 2453 5033 :
2499 4987 2955 5060 quanquamdioc
2996 4984 3169 5060 possit
3195 4984 3295 5060 ⁸ςιί1⁷
3324 4984 3681 5049 praecedentes
3722 4988 3857 5029 vocet,

2261 5048 2429 5112 gloria
2462 5048 2527 5095 et
2546 5048 2732 5097 virtute
2760 5050 2947 5098 referri
2972 5066 2985 5107 ;
3008 5048 3071 5098 et
3096 5052 3250 5105 verti,
3277 5048 3369 5112 per
3396 5060 3539 5110 quas.

2323 5114 2343 5144 ί
2375 5111 2529 5167 Editi,
2558 5113 2605 5159 si
2638 5111 2889 5159 vobiscum
2927 5113 3113 5161 adsint.
3162 5113 3246 5162 Sic
3290 5113 3448 5161 etiam
3497 5120 3637 5156 nunc
3661 5103 3859 5167 Vulgata;

2264 5175 2328 5238 At
2357 5163 2633 5235 particula,
2685 5173 2768 5238 si,
2801 5174 2983 5224 aberat
3028 5176 3094 5225 ab
3144 5176 3377 5238 antiquis
3422 5172 3579 5238 Corh.
3612 5166 3729 5238 Pibl.
3758 5167 3802 5213 et
3821 5163 3860 5238 ei

2259 5228 2423 5305 Regio
2455 5238 2549 5305 Ms.
2584 5228 2813 5305 speculi,
2836 5251 3010 5305 neque
3041 5228 3343 5305 necessaria
3363 5239 3459 5290 est,
3484 5228 3859 5305 dummodo‘nqtl

2260 5288 2589 5363 coniunctim
2620 5288 2841 5363 legatur,
2888 5288 3165 5353 vobiscum.
3216 5303 3273 5349 In
3318 5288 3489 5362 graeco
3533 5296 3604 5343 sic
3633 5288 3860 5351 esb‘W‘“

2258 5374 2356 5424 gar
2384 5362 2559 5410 Immin
2594 5363 2961 5419 lmparchunta.
3838 5408 3846 5417 .

2271 5485 2301 5495 η
2324 5425 2343 5458 ³
2375 5424 2566 5487 Regius
2595 5426 2762 5475 codex
2794 5432 2847 5475 et
2873 5425 3026 5475 Corh.
3056 5424 3243 5485 Biblia,
3275 5425 3485 5475 favente
3514 5430 3695 5487 graeco,
3723 5421 3859 5473 009³³·

2262 5488 2488 5598 “ora”;
2522 5549 2605 5597 Er.
2638 5555 2693 5614 et
2721 5550 2827 5598 duo
2847 5550 2984 5614 Mss.
3010 5549 3166 5614 juxta
3192 5542 3707 5614 Vulgatam._ﬂ€9”"."

2327 5614 2347 5646 ι
2374 5596 2577 5676 segnis
2591 5596 2754 5662 code;
2766 5596 2822 5660 ei
2836 5596 2988 5661 Corn.
3009 5596 3180 5661 hibita
3196 5596 3322 5676 p53:
3330 5596 3660 5676 insanae,
3674 5596 3854 5676 habent.

2261 5675 2432 5736 facere
2451 5669 2479 5723 V:
2518 5676 2909 5739 seddneutrum
2942 5677 3161 5724 verbum
3192 5669 3492 5739 expressum
3525 5674 3599 5719 est
3626 5679 3681 5739 eg

2264 5731 2426 5796 texta,
2458 5738 2550 5800 qui
2580 5737 2654 5786 nil
2697 5738 2839 5788 aliud
2871 5739 3111 5789 continet
3156 5731 3334 5803 quam,
3365 5738 3523 5786 domas
3562 5745 3621 5779 ou
3648 5731 3852 5777 tremant”
