4042 6190
446 367 600 428 1039

446 500 546 552 Est
567 500 869 565 peccatum
896 497 968 552 ad
986 499 1234 553 mortem
1263 514 1276 562 ;
1311 512 1422 550 non
1446 511 1550 566 pro
1570 492 1671 548 illo
1690 493 1818 548 dico
1844 496 1910 547 ut
1938 494 2102 563 roget

449 586 1148 657 quis‘.0mnisiniquitas
1169 588 1473 656 peccatum
1490 587 1663 650 est,et
1684 588 1773 637 est
1797 586 2099 653 peccatum

1004 364 1446 426 ADMONITIO
1492 365 1569 425 ΙΝ
1614 362 1894 424 LIBROS
1942 361 2040 419 DE
2085 358 2494 419 CONSENSU
2539 358 3287 422 EVANGELISTABUM.

3674 366 3807 425 {050

2210 492 2394 543 torem
2408 491 2462 542 et
2477 488 2790 544 Dominum
2806 494 3071 545 nostrum
3092 490 3296 545 Jesum
3313 490 3599 548 Christum
3620 510 3810 567 negan-

2210 582 2318 633 tes.
2345 581 2415 633 Et
2435 579 2600 649 paulo
2620 589 2738 650 post
2761 598 2779 634 :
2804 580 2869 634 Hi
2910 586 3049 636 sunt
3096 581 3153 636 in
3191 581 3381 654 epulis
3426 584 3544 638 suis
3584 584 3813 653 maculas,

452 692 567 730 non
600 676 670 731 ad
704 681 949 732 mortem
972 677 1011 729 ².
1036 674 1263 728 Scimus
1288 673 1564 744 quoniam
1590 672 1781 727 omnis
1804 671 1903 743 qui
1927 675 2100 726 natus

452 770 542 820 est
570 782 635 821 ex
663 766 792 831 Deo,
832 781 944 819 non
977 768 1212 836 peccat;
1248 763 1346 818 sed
1382 762 1678 833 generatio
1730 761 1828 816 Dei
1862 776 2097 815 conser—

452 858 547 909 vat
578 869 731 918 eum,
764 858 821 908 et
851 852 1145 923 malignus
1178 868 1291 906 non
1325 851 1513 923 tangit
1538 867 1693 906 eum.
1730 851 1791 904 Et
1821 851 1932 905 alio
1956 850 2098 904 loco:

452 942 660 1012 Filioli,
694 942 990 998 custodite
1020 958 1122 997 vos
1158 958 1190 996 a
1218 939 1573 996 simulacris.

826 1057 917 1113 DE
959 1056 1302 1112 EPISTULA
1328 1055 1623 1111 JOANNIS
1654 1055 1723 1110 II.

524 1165 651 1220 Non
672 1167 953 1235 tanquam
978 1164 1324 1219 mandatum
1345 1179 1561 1218 novum
1584 1160 1985 1217 scribenstibi.
2001 1161 2102 1216 sed

453 1252 603 1324 quod
622 1252 939 1308 habuimus
961 1252 1306 1318 abinitio,ut
1324 1252 1640 1324 diligamus
1660 1251 2106 1306 alterutrum.Et

456 1343 571 1398 hac
593 1347 682 1398 est
701 1342 1053 1408 charitas,ut
1075 1340 1449 1397 ambulemus
1474 1342 1805 1396 secundum
1830 1340 2107 1395 mandata

455 1433 605 1503 ejus.
626 1431 742 1487 Hoc
760 1432 1104 1487 mandatum
1125 1435 1235 1496 est,
1260 1430 1836 1501 utquemadmodum
1855 1428 2103 1483 audistis

456 1522 528 1577 ab
553 1520 806 1591 initio,in
830 1536 896 1575 eo
918 1519 1327 1575 ambuletis.Et
1340 1526 1461 1590 post
1474 1534 1678 1590 paucos
1694 1517 2105 1575 versus-Omnis

456 1610 559 1681 qui
591 1610 826 1680 recedit,
859 1614 915 1665 et
946 1626 1061 1664 non
1092 1612 1396 1680 permanet
1427 1609 1485 1663 in
1545 1608 1813 1663 doctrina
1869 1608 2102 1673 Christi,

458 1702 642 1755 Deum
670 1715 783 1755 non
808 1698 1018 1754 habet:
1045 1698 1144 1770 qui
1167 1702 1469 1769 permanet
1489 1695 1548 1751 in
1595 1697 1883 1767 doctrina,
1916 1696 2011 1752 hic
2049 1700 2106 1752 et

458 1789 669 1844 Filium
703 1791 758 1844 et
792 1788 1014 1843 Patrem
1046 1786 1244 1841 habet.
1282 1786 1341 1841 Si
1375 1786 1508 1857 quis
1540 1788 1698 1841 venit
1746 1788 1817 1841 ad
1876 1803 1997 1854 vos,
2054 1790 2110 1841 et

460 1879 612 1935 hanc
642 1877 967 1934 doctrinam
1000 1893 1117 1931 non
1149 1875 1334 1945 affert,
1369 1875 1547 1930 nolite
1577 1876 1831 1947 recipere
1857 1892 1992 1931 eum
2048 1875 2109 1929 in

458 1968 723 2034 domum,
755 1982 859 2021 nec
891 1971 1006 2019 Ave
1038 1966 1090 2020 ei
1123 1963 1406 2019 dixeritis.
1448 1964 1555 2027 Qui
1615 1964 1769 2020 enim
1828 1964 1969 2019 dicit
2024 1963 2109 2020 illi

460 2062 597 2127 Ave,
629 2054 1029 2112 communicat
1061 2053 1337 2125 operibus
1369 2053 1499 2123 ejus
1528 2052 1823 2125 malignis.

818 2170 911 2225 DE
938 2168 1285 2224 EPISTULA
1312 2168 1609 2224 JOANNIS
1654 2170 1751 2224 lli.

534 2275 1164 2346 Charissimeﬁdeliter
1185 2275 1329 2330 facis
1352 2276 1635 2347 quidquid
1650 2276 1980 2348 operarisin
2004 2279 2112 2333 fra-

461 2372 665 2433 tres,et
680 2366 789 2422 hoc
812 2365 870 2420 in
894 2365 1255 2438 peregrinos,
1289 2365 1391 2435 qui
1412 2364 1819 2421 testimonium
1842 2367 2112 2422 reddide-

456 2461 596 2513 runt
617 2454 887 2512 charitati
909 2460 1020 2509 tum
1046 2454 1102 2509 in
1127 2459 1445 2525 conspectu
1468 2453 1918 2527 Ecclesiae:quod
1944 2456 2112 2512 bene-

451 2547 632 2603 facies
656 2545 955 2600 deducens
978 2544 999 2578 ³
1026 2544 1201 2615 digne
1224 2543 1479 2598 Deo.Pro
1503 2544 1737 2599 nomine
1783 2544 1940 2600 enim
1981 2546 2109 2615 ejus

449 2634 690 2709 profecti
725 2638 885 2702 sunt,
912 2631 1060 2687 nihil
1084 2632 1438 2703 accipientes
1462 2648 1493 2686 a
1520 2631 1954 2690 Gentibus.Nos
1976 2651 2109 2705 ergo

448 2726 735 2780 debemus
760 2722 1061 2792 suscipere
1081 2720 1449 2790 hujusmodi,
1478 2725 1539 2776 ut
1594 2726 1999 2794 cOOperatores
2031 2724 2109 2778 si-

450 2830 585 2869 mus
605 2811 955 2868 veritatis.Et
970 2810 1399 2882 postpaululum
1420 2810 1951 2877 :Charissime,noli
1976 2813 2114 2868 imi-

454 2901 571 2957 tari
602 2899 846 2967 malum,
888 2898 991 2954 sed
1020 2900 1175 2969 quod
1208 2899 1427 2954 bonum
1463 2904 1571 2954 est.
1605 2900 1711 2963 Qui
1748 2902 1893 2956 bene
1954 2903 2113 2973 facit,

462 3006 530 3046 ex
558 2989 674 3046 Deo
706 2991 815 3051 est,
850 2987 950 3060 qui
1003 2987 1154 3043 male
1186 2988 1342 3055 facit,
1375 3004 1490 3043 non
1518 2988 1665 3042 vidit
1700 2990 1897 3045 Deum.

727 3112 821 3168 DE
858 3112 1199 3169 EPISTULA
1229 3110 1428 3167 JUD/E
1468 3114 1836 3170 APOSTOLI.

535 3219 1013 3277 Subintroierunt
1041 3219 1198 3275 enim
1231 3218 1472 3291 quidam
1518 3219 1811 3289 homines,
1846 3223 1945 3293 qui
1977 3222 2117 3279 olim

2212 667 2586 723 convivantes
2619 669 2744 724 sine
2776 669 3007 739 timore,
3042 672 3394 743 semetipsos
3444 678 3739 745 pascentes.
3769 676 3819 732 Et

2210 758 2320 812 alio
2352 758 2499 811 loco:
2536 757 2602 812 Hi
2638 762 2777 813 sunt
2810 765 3271 816 murmuratores
3305 762 3618 832 querulosi,
3645 780 3821 820 secun-

2211 848 2350 901 dum
2375 846 2667 902 desideria
2688 865 2796 903 sua
2814 848 3269 918 ambulantes;ct
3297 867 3363 906 os
3384 868 3579 906 eorum
3596 850 3822 924 loquitur

2211 934 2637 1006 blasphemiam
2663 938 2702 1004 ί,
2726 937 3010 994 mirantes
3033 956 3315 1011 personas
3354 945 3609 1011 questus
3651 957 3821 997 causa.

2210 1024 2327 1080 Vos
2358 1029 2576 1090 autem,
2608 1025 2960 1099 charissimi,
2994 1044 3278 1085 memores
3313 1034 3496 1085 estote
3551 1031 3823 1088 verborum

2212 1133 2335 1185 quae
2368 1114 2646 1185 praedicta
2677 1122 2815 1171 sunt
2844 1118 2915 1173 ab
2948 1118 3241 1189 Apostolis
3272 1119 3505 1175 Domini
3537 1121 3707 1176 nostri
3746 1125 3824 1177 Je-

2215 1221 2282 1259 su
2316 1202 2551 1269 Christi,
2579 1206 2677 1275 qui
2708 1206 2980 1261 dicebant
3011 1207 3199 1273 vobis,
3231 1208 3512 1274 quoniam
3562 1209 3617 1263 in
3665 1210 3826 1266 novis-

2216 1292 2364 1347 simo
2394 1297 2653 1364 tempore
2685 1296 2917 1350 venient
2947 1294 3239 1367 illusores,
3271 1299 3597 1353 secundum
3628 1299 3826 1356 deside-

2217 1381 2302 1437 ria
2334 1399 2442 1437 sua
2472 1383 2840 1441 ambulantes
2871 1385 2928 1439 in
2962 1386 3263 1458 impietate
3284 1388 3327 1442 ².
3362 1386 3431 1443 Hi
3461 1392 3597 1444 sunt
3623 1390 3715 1461 qui
3756 1406 3831 1445 se-

2217 1476 2462 1543 gregant
2492 1473 2863 1545 semetipsos,
2897 1474 3485 1548 animales,spiritum
3508 1493 3620 1534 non
3637 1477 3829 1535 haben-

2217 1565 2323 1614 tes.
2358 1560 2470 1616 Vos
2503 1562 3064 1631 autem,charissimi
3088 1565 3622 1637 supermdiﬁcantes
3640 1583 3832 1623 vosme-

2216 1648 2401 1720 tipsos
2433 1650 2817 1708 sanctissima:
2846 1658 3048 1709 vestrae
3082 1654 3237 1724 ﬁdei,
3288 1656 3347 1710 in
3408 1654 3622 1727 Spiritu
3664 1659 3834 1713 sancto

2220 1743 2478 1809 orantes,
2514 1739 2670 1811 ipsos
2700 1758 2798 1796 vos
2828 1742 2886 1796 in
2907 1740 3218 1798 dilectione
3244 1742 3341 1798 Dei
3366 1747 3615 1809 servate,
3634 1760 3834 1817 exspec-

2220 1831 2410 1882 tantes
2434 1828 2889 1886 misericordiam
2924 1831 3157 1888 Domini
3189 1833 3378 1887 nostri
3409 1833 3549 1888 Jesu
3570 1832 3834 1905 Christi,in

2218 1917 2395 1973 vitam
2430 1924 2727 1976 aeternam.
2761 1923 2830 1978 Et
2859 1923 2967 1979 hos
2999 1924 3239 1995 quidem
3268 1926 3501 1997 arguite
3538 1926 3834 1996 judicatos;

2218 2006 2353 2062 illos
2383 2024 2514 2063 vero
2546 2009 2762 2066 salvate
2793 2012 2863 2067 de
2921 2013 3054 2084 igne
3110 2013 3438 2085 rapientes:
3496 2014 3623 2071 aliis
3672 2018 3835 2071 autem

2222 2097 2583 2153 miseremini
2616 2100 2674 2154 in
2709 2102 2938 2171 timore,
2972 2102 3236 2159 odientes
3267 2107 3328 2159 et
3357 2120 3511 2176 eam,
3537 2121 3838 2177 quacarna-

2220 2186 2294 2241 lis
2325 2192 2431 2253 est,
2468 2187 2821 2244 maculatam
2852 2190 3137 2247 tunicam.

2454 2312 2547 2367 DE
2577 2313 2787 2370 LIBRO
2816 2316 3293 2373 APOCALYPSIS
3324 2318 3640 2374 JOANNIS.

2294 2418 2621 2490 [Cap.u.]Si
2641 2419 2908 2493 homines,
2934 2426 3047 2477 imo
3065 2426 3198 2494 quia
3217 2426 3468 2481 homines
3488 2425 3839 2493 intelliguntur

2220 2511 2585 2574 moneri,cum
2611 2511 2808 2578 Ληρειὶ
2825 2520 3133 2578 monentur,
3143 2516 3202 2568 in
3218 2516 3481 2570 omnibus
3502 2515 3697 2571 eisdem
3710 2528 3835 2585 prae-

2221 2600 2389 2667 ceptis
2408 2598 2669 2653 discimus
2680 2602 2844 2669 falsos
2862 2603 3066 2670 fratres
3073 2619 3172 2673 per
3186 2606 3516 2672 patientiam
3529 2604 3837 2659 sustinendos

2215 2691 2451 2757 propter
2474 2702 2667 2742 nomen
2694 2690 2805 2754 Dei,
2829 2697 2877 2744 et
2897 2706 2993 2761 per
3010 2694 3409 2761 paenitentiam
3424 2693 3495 2749 ad
3510 2694 3687 2765 prima
3704 2708 3834 2764 opera

2223 2777 2363 2831 bona
2393 2776 2753 2843 redeundum,
2790 2786 2840 2833 et
2867 2796 3035 2849 usque
3061 2781 3135 2836 ad
3190 2791 3427 2838 mortem
3474 2784 3835 2855 persecutiones

2218 2880 2319 2937 pro
2348 2866 2451 2934 ﬁde
2481 2867 2813 2933 tolerandas,
2846 2876 2897 2923 et
2927 2870 2986 2923 in
3014 2869 3283 2926 charitate
3312 2872 3661 2928 serviendum
3680 2874 3718 2925 ³.

2298 2955 2463 3008 Circa
2492 2961 2679 3010 autem
2695 2958 2861 3026 ﬁnem
2891 2958 3043 3024 libri,
3075 2976 3196 3014 cum
3227 2960 3293 3015 de
3321 2966 3523 3017 sancta
3550 2964 3757 3016 civitate
3778 2960 3834 3014 lo-

2227 3047 2484 3112 queretur
2505 3044 2666 3114 [χχι]
2689 3062 2701 3099 :
2726 3044 2848 3099 Non
2876 3046 3120 3102 intrabit
3143 3064 3155 3101 :
3189 3048 3397 3120 inquit,
3419 3051 3479 3105 in
3502 3066 3627 3105 eam
3650 3047 3834 3120 aliquid

2227 3132 2699 3203 coinquinatum,
2731 3141 2787 3190 et
2817 3136 3035 3193 faciens
3061 3138 3569 3195 abominationem
3600 3144 3655 3194 et
3706 3152 3837 3193 men-

2231 3220 2483 3276 dacium.

468 3308 789 3381 prtescripti
804 3312 943 3364 sunt
964 3307 1023 3364 in
1040 3307 1911 3380 hocjudicium,impii,Domini
1932 3313 2120 3368 nostri

468 3398 714 3471 gratiam
730 3397 1609 3465 transferentesinluxuriam,ct
1634 3398 1827 3454 solum
1850 3400 2121 3456 domina-

467 3539 726 3607 nousime
752 3538 874 3607 prds
904 3538 1178 3607 thanaton.
1201 3540 1521 3607 At_Vulgata
1554 3541 1713 3589 habet
1743 3554 1906 3607 nunc,
1961 3545 2121 3607 petat,

2302 3314 2368 3366 Et
2389 3314 2712 3386 alibi[xxn.]
2728 3333 2746 3369 :
2778 3316 2933 3371 Beati
2957 3318 3055 3387 qui
3073 3317 3269 3374 lavant
3290 3320 3481 3376 stolas
3504 3337 3639 3376 suas
3659 3319 3713 3374 in
3731 3333 3842 3373 san-

2232 3402 2409 3473 guine
2438 3406 2609 3476 Agni,
2641 3411 2704 3460 ut
2734 3406 2810 3461 sit
2841 3412 3097 3478 potestas
3127 3426 3333 3465 eorum
3363 3412 3425 3467 in
3458 3412 3614 3483 ligno
3643 3411 3774 3479 vita,
3800 3411 3844 3463 et

2231 3492 2416 3561 portis
2440 3492 2657 3548 intrent
2677 3493 2988 3551 civitatem.
3020 3497 3182 3553 Foris
3203 3515 3404 3568 canes,
3432 3504 3492 3556 et
3538 3498 3777 3561 venefici,
3800 3499 3845 3551 et

2233 3576 2537 3649 impudici,
2571 3588 2627 3636 et
2657 3582 2983 3652 homicidae,
3017 3589 3072 3640 et
3102 3585 3275 3641 idolis
3308 3589 3647 3653 servientes,
3678 3592 3728 3643 et
3752 3599 3847 3640 om-

2234 3668 2327 3723 nis
2357 3671 2456 3739 qui
2491 3676 2649 3727 amat
2677 3679 2732 3727 et
2762 3672 2900 3727 facit
2931 3675 3325 3731 mendacium.
3363 3679 3485 3749 Ego
3534 3678 3697 3734 Jesus
3740 3671 3844 3730 misi

2233 3761 2509 3832 angelum
2544 3779 2739 3817 meum
2772 3763 3071 3819 testiﬁcari
3106 3765 3227 3821 haec
3258 3753 3457 3823 vobis.

469 3607 517 3651 et
548 3599 763 3676 angitur
910 3601 1319 3676 _uita_pec‘ca.nti,‘
1364 3599 1501 3676 etet;
1536 3617 1843 3676 quanquam
1875 3599 2123 3676 infanti-'-

470 3663 591 3728 quis
621 3663 776 3713 Corb.
811 3662 993 3712 Bibliis
1022 3662 1241 3721 ferebat,
1274 3668 1320 3712 et
1343 3662 1725 3715 dabiteivitariz
1744 3667 1994 3730 peccnnli,
2022 3674 2119 3718 etc.

538 3728 555 3761 1
588 3726 647 3775 In
678 3725 802 3773 Mss.
836 3738 946 3774 non
976 3726 1208 3779 additur.
1240 3728 1393 3779 auis:
1424 3742 1521 3777 nec
1550 3734 1631 3777 est
1662 3730 1711 3775 in
1744 3744 1934 3779 graeco.

538 3740 555 3761 ι
588 3740 647 3775 in
678 3740 802 3773 mss.
836 3740 946 3774 non
976 3740 1208 3786 aaaitur,
1240 3740 1393 3790 quis;
1424 3742 1521 3777 nec
1550 3740 1631 3777 est
1662 3742 1711 3775 lu
1744 3744 1934 3789 graeco.

536 3790 557 3823 ³
578 3788 670 3861 Sic
691 3788 903 3861 Speculi
936 3789 1163 3861 codices,
1196 3794 1421 3861 excepto
1455 3792 1619 3861 Regio
1651 3792 1747 3861 liis.
1778 3794 1869 3861 qui
1924 3793 2125 3855 pariter

474 3865 596 3900 cum
628 3851 851 3913 Vulgata
880 3854 1030 3916 caret
1058 3852 1144 3901 hic
1172 3851 1424 3915 negativa
1459 3851 1754 3916 particula;
1786 3851 1900 3905 haec
1927 3851 2125 3904 'tamen

474 3916 531 3963 in
561 3927 735 3987 graeco
763 3916 911 3986 textu
947 3913 1191 3972 habetur,
1221 3913 1273 3964 et
1302 3916 1355 3964 in
1387 3913 1532 3966 hunc
1562 3913 1775 3966 sensum
1809 3918 1956 3968 ducit
1986 3919 2124 3981 glos-

476 3976 1260 4101 sa'ol'gigafegtioniaspulatur
1291 4053 1464 4150 graec?
1494 4040 1776 4102 scriptura.
1808 4042 1873 4089 At
1902 4042 2127 4105 Vulgata

477 4101 644 4150 latina
698 4103 751 4150 in
812 4101 1045 4150 excussis
1101 4101 1339 4150 praefert.
1401 4101 1427 4150 ὁ
1461 4105 1724 4150 rte/“acim:
1765 4103 2014 4150 deducas:
2072 4107 2125 4150 in

477 4101 772 4167 latinajn
812 4101 1071 4167 ex_cussis_
1101 4101 1339 4167 praefert,
1401 4101 1724 4166 bene/acim:
1765 4101 2032 4167 deducesf
2072 4107 2125 4153 in

474 4164 630 4215 Corh.
662 4163 816 4225 Bibl.,
854 4162 1165 4215 beneaciens
1193 4164 1468 4213 deducens.

2300 3912 2583 3981 f_Vu-lgata_
2605 3912 2659 3960 in
2716 3914 2941 3981 excusis,
2998 3914 3241 3981 loquatur
3297 3917 3558 3981 superba:
3613 3920 3665 3966 in
3717 3914 3840 3965 Corb.

2236 3975 2387 4043 Bibl:
2420 3974 3001 4043 loquitug‘superbiam}
3034 3974 3210 4043 Graios
3242 3974 3506 4037 estflalei
3551 3981 3821 4043 huperogca.

2241 4098 2249 4107 _
2300 4038 2498 4107 IVCorb.
2530 4038 2841 4107 Biblia,_pro
2872 4041 2925 4088 in
2955 4040 3239 4107 impietate,
3270 4043 3491 4107 habent,
3528 4038 3847 4107 impietatum;

2231 4102 2385 4169 juitta
2415 4114 2667 4169 grmcum.
2692 4102 2843 4169 Nunc
2861 4102 3039 4169 tamen
3058 4105 3275 4168 vulgata
3294 4106 3491 4165 fert,in
3512 4102 3845 4169 impietatibm.

2300 4164 2318 4196 ³
2348 4163 2541 4225 Regius
2574 4164 2754 4223 codex,
2789 4166 3111 4227 fervendum.

1818 4427 2531 4526 ADMONITIO
2570 4400 2575 4407 ’

1401 4589 1473 4644 ΙΝ
1514 4589 1717 4645 LIBRO
1759 4590 1845 4645 DE
1887 4589 2249 4647 CONSENSU
2291 4589 2961 4647 EVANGELISTABUM.

555 4726 671 4782 Hoc
702 4726 759 4781 in
785 4740 955 4798 opere
984 4725 1043 4780 Β.
1076 4723 1422 4795 Augustinus
1449 4722 1817 4793 Evangelium
1840 4741 1874 4778 a
1906 4725 2254 4795 Paganorum
2279 4725 2583 4780 calumniis
2614 4724 3037 4779 defendendum
3064 4724 3320 4795 suscipit.
3353 4725 3420 4780 Et
3442 4726 3667 4796 quidem
3688 4721 3846 4779 statim

474 4820 547 4877 ab
575 4818 697 4889 ipsa
719 4816 1173 4886 promulgatione
1209 4814 1447 4869 multum
1480 4815 1628 4883 apud
1652 4815 1889 4884 pOpulos
1918 4831 2120 4870 omnes
2150 4816 2500 4870 auctoritatis
2528 4830 2593 4870 ac
2628 4814 2755 4869 ﬁdei
2785 4830 2913 4870 cum
2951 4822 3165 4884 patrata
3190 4815 3462 4870 divinitus
3493 4823 3567 4871 tot
3591 4810 3845 4875 miracula,

477 4921 749 4978 corporea
779 4905 963 4974 specie
984 4903 1308 4974 illapsus,ut
1339 4902 1478 4959 illud
1511 4919 1611 4958 suo
1639 4903 1875 4960 numine
1897 4906 2161 4973 sanciret,
2184 4905 2421 4973 Spiritus
2441 4911 2673 4960 sanctus
2704 4904 3033 4959 conciliarat
3058 4921 3071 4971 ;
3095 4906 3190 4959 sed
3217 4919 3333 4959 non
3354 4905 3604 4971 defuere,
3625 4922 3655 4958 a
3674 4899 3848 4971 quibus

482 5000 929 5069 impugnaretur.
959 4994 1207 5049 Primum
1230 4992 1383 5049 enim
1408 4999 1818 5048 tormentorum
1841 5006 2006 5063 atque
2027 4994 2433 5062 suppliciorum
2464 4994 2596 5057 vim,
2631 5009 2737 5063 qua
2760 4993 2881 5047 dire
2901 4993 2961 5048 in
2986 4994 3199 5061 primos
3220 4993 3569 5049 Christianos
3599 4992 3844 5054 saevitum,

477 5083 746 5143 sustinuit
771 5105 785 5150 ;
816 5081 1021 5136 deinde
1050 5080 1433 5135 immanitales
1450 5079 1575 5135 illas
1596 5093 1814 5152 excepit
1844 5081 2116 5135 doctrinae
2138 5083 2342 5150 pariter
2369 5091 2533 5151 atque
2553 5081 2817 5147 historiae,
2860 5082 3243 5150 quamafﬂatu
3259 5081 3454 5137 divino
3476 5081 3619 5137 sacri
3639 5083 3845 5150 quatuor

474 5175 788 5246 Scriptores
819 5172 888 5225 de
917 5186 981 5226 eo
1015 5177 1328 5239 texuerant,
1363 5170 1685 5226 criminatio
1712 5186 1722 5224 :
1762 5176 2060 5241 utrumque
2091 5171 2395 5227 incassum.
2432 5171 2750 5235 Enimvero,
2786 5170 3262 5240 quemadmodum
3294 5171 3495 5240 primis
3523 5169 3636 5224 suis
3660 5165 3843 5224 conati-

476 5266 582 5322 bus
611 5262 755 5319 nihil
786 5260 938 5316 aliud
974 5259 1263 5315 consecuti
1290 5269 1420 5314 sunt
1448 5260 1788 5329 evangelicae
1822 5261 2067 5314 veritatis
2098 5261 2423 5329 adversarii,
2456 5261 2567 5315 nisi
2601 5268 2654 5314 ut
2688 5259 2786 5313 illa
2815 5260 3022 5315 certior
3061 5259 3511 5329 exploratiorque
3541 5258 3843 5314 redderetur,

473 5354 667 5410 divino
695 5350 902 5423 Spiritu
935 5348 1302 5417 martyribns,
1336 5348 1431 5418 qui
1463 5363 1587 5403 eam
1619 5364 1719 5403 suo
1753 5348 2034 5418 sanguine
2062 5357 2398 5415 assererem,
2432 5350 2583 5405 vires
2625 5356 2960 5417 suggerente
2990 5364 3001 5403 :
3036 5348 3117 5403 sic
3150 5348 3299 5402 idem
3340 5346 3435 5402 ille
3467 5347 3698 5417 Spiritus
3724 5355 3846 5413 pra-

472 5442 950 5500 stantissimorum
985 5439 1235 5492 virorum
1272 5444 1488 5493 mentes
1519 5438 1722 5493 ardore
1754 5438 2066 5507 succendit,
2099 5453 2209 5509 quo
2242 5439 2496 5493 refutatis
2530 5438 2709 5492 multa
2733 5452 2865 5492 cum
2897 5438 3231 5493 eruditionis
3265 5436 3429 5491 laude
3458 5433 3845 5490 Idololatrarum

472 5532 796 5597 calumniis,
832 5529 1105 5598 majorem
1136 5528 1186 5583 ei
1220 5527 1636 5582 ﬁrmitudinem
1692 5543 1757 5582 ac
1787 5529 2125 5597 dignitatem
2183 5536 2596 5599 compararent.
2632 5532 2801 5581 Porro
2853 5525 2993 5580 illud
3029 5526 3086 5581 in
3119 5528 3320 5597 primis
3364 5524 3586 5581 crimini
3615 5520 3839 5582 dabatur,

476 5622 626 5677 inter
653 5636 713 5676 se
745 5619 1072 5688 neutiquam
1132 5617 1455 5672 consentire
1511 5632 1699 5671 sacros
1731 5616 2067 5672 historicos:
2120 5638 2149 5667 «
2207 5617 2324 5674 Hoc
2358 5618 2510 5674 enim
2543 5616 2747 5685 solent,
2782 5638 2809 5666 ››
2843 5615 2920 5670 ait
2975 5616 3346 5687 Augustinus,
3385 5638 3410 5665 ‹‹
3441 5613 3593 5686 quasi
3623 5608 3838 5681 palmare

479 5725 593 5769 suae
653 5709 915 5765 vanitatis
979 5705 1249 5777 objicere,
1280 5706 1429 5778 quod
1480 5704 1586 5776 ipsi
1615 5705 1984 5777 Evangelistae
2015 5707 2165 5765 inter
2193 5708 2409 5778 seipsos
2438 5708 2775 5764 dissentiant
2806 5727 2834 5755 ››
2867 5704 3011 5778 (Lib.
3046 5704 3098 5777 Ι,
3140 5722 3258 5778 cap.
3290 5707 3346 5772 7,
3385 5722 3443 5760 η.
3476 5704 3579 5776 10).
3611 5694 3835 5757 Ethnici:
