3998 6184
190 384 317 446 1081

186 518 389 572 aurtbus
408 511 554 579 meis,
571 511 843 566 multavit
868 511 924 564 in
947 511 1152 579 gaudio
1174 511 1364 584 infans
1390 513 1444 565 in
1468 519 1626 565 utero
1647 525 1763 565 meo
1783 527 1805 564 .°

186 616 228 661 et
258 605 398 658 beata
425 616 538 671 quae
565 599 875 666 credidisti,
909 603 1169 671 quoniam
1198 601 1553 672 perficientur
1581 617 1644 654 ea
1685 618 1804 669 qam

189 695 317 748 dicta
367 699 489 745 sunt
535 690 636 744 tibi
685 707 722 743 α
752 691 1000 744 Domino.
1033 692 1098 745 Et
1131 692 1214 744 ait
1247 691 1418 744 Maria
1447 711 1464 744 .-
1497 690 1805 760 Magnificat

189 782 354 837 anima
381 794 494 832 mea
523 778 833 831 Dominum.
866 780 930 832 Et
961 780 1256 844 exultavit,
1287 781 1515 849 spiritus
1541 795 1696 832 meus
1747 780 1805 832 in

187 875 287 926 Deo
313 867 541 922 salutari
569 882 706 922 meo.
733 868 874 934 Quia
905 870 1143 938 respexit
1177 870 1550 923 humilitatem
1578 868 1807 924 ancillae

184 973 315 1019 suae;
344 971 453 1010 ecce
481 957 627 1010 enim
655 971 726 1010 ex
753 957 857 1010 hoc
889 959 1098 1011 beatam
1120 975 1206 1012 me
1237 959 1418 1013 dicent
1442 974 1626 1012 omnes
1647 973 1806 1025 gene-

186 1049 414 1102 rationes.
435 1046 565 1111 Quia
587 1047 720 1114 fecit
749 1047 891 1100 mihi
920 1064 1119 1116 magna
1149 1050 1244 1117 qui
1271 1057 1457 1117 potens
1487 1054 1642 1114 est,et
1671 1064 1806 1102 san-

183 1145 307 1190 ctum
335 1149 514 1188 nomen
549 1135 684 1203 ejus.
717 1136 782 1189 Et
811 1136 1184 1190 misericordia
1232 1138 1352 1204 ejus
1399 1139 1460 1190 in
1517 1139 1805 1206 progenies

182 1235 226 1280 et
250 1226 514 1294 progenies
536 1225 853 1278 timentibus
867 1228 1162 1281 eum.Fecit
1179 1230 1482 1297 potentiam
1505 1229 1564 1281 in
1585 1227 1806 1283 brachio

182 1328 282 1376 suo,
308 1313 556 1377 dispersit
579 1316 838 1382 superbos
869 1324 1048 1369 mente
1076 1315 1256 1370 cordis
1285 1319 1393 1371 sui.
1430 1318 1683 1385 Deposuit
1709 1333 1806 1386 po-

183 1407 326 1456 tentes
351 1404 412 1455 de
439 1401 635 1469 sede,et
652 1403 926 1457 exultavit
947 1405 1539 1461 humilesJism'ientes
1560 1408 1632 1460 im
1639 1404 1806 1474 plevit

183 1491 333 1556 bonis,
355 1493 404 1544 et
420 1490 608 1544 divites
627 1490 842 1546 dimisit
874 1494 1083 1546 inanes.
1106 1496 1350 1563 Suscepit
1379 1495 1548 1549 Israel
1573 1511 1805 1564 puerum

181 1579 643 1643 suum,memorari
662 1583 817 1634 misei
835 1581 1059 1637 icordiae
1076 1584 1374 1638 suaSicut
1399 1585 1609 1638 locutus
1633 1593 1710 1638 est
1737 1583 1807 1638 ad

182 1672 340 1736 patres
370 1672 599 1734 nostros,
630 1668 905 1724 Abraham
933 1675 982 1724 et
1025 1674 1225 1726 semini
1280 1673 1398 1743 ejus
1454 1675 1515 1727 in
1569 1672 1804 1730 saecula.
1854 1741 1860 1748 _

185 1757 353 1810 Mansit
408 1762 591 1812 autem
619 1759 803 1814 Maria
830 1776 955 1813 cum
987 1761 1086 1814 illa
1115 1764 1277 1830 quasi
1305 1764 1580 1817 mensibus
1610 1764 1803 1832 tribus,

183 1853 223 1899 et
248 1861 448 1900 reversa
476 1851 559 1900 est
593 1849 652 1901 in
676 1847 896 1902 domum
925 1865 1078 1903 suam
1113 1851 1261 1921 (Luc.
1296 1867 1334 1916 ι,
1367 1852 1528 1920 5-36)
1563 1869 1575 1906 :
1606 1858 1664 1906 at
1715 1855 1803 1906 in-

181 1941 320 1987 venta
371 1939 445 1988 est
498 1951 560 1989 τη
607 1940 762 1992 utero
792 1938 993 1993 habens
1023 1939 1086 1992 de
1116 1940 1334 2010 Spiritu
1361 1946 1566 1996 sancto.
1599 1944 1803 2012 Joseph

179 2029 335 2076 autem
361 2024 444 2077 vir
469 2025 608 2092 ejus,
640 2041 763 2080 cum
792 2029 925 2081 esset
947 2029 1147 2098 justus,
1178 2037 1230 2083 et
1261 2029 1428 2084 nollet
1455 2045 1574 2084 eam
1605 2030 1800 2085 tradu-

178 2125 297 2178 cere,
322 2113 480 2167 voluit
504 2115 713 2168 occulte
737 2116 1020 2170 dimittere
1047 2134 1188 2171 eam.
1210 2119 1330 2172 Ilaec
1359 2122 1542 2173 autem
1571 2134 1631 2174 eo
1654 2122 1799 2190 cogi-

176 2201 436 2268 tante,ecce
455 2203 692 2272 angelus
713 2204 931 2259 Domini
951 2207 1014 2258 in
1033 2209 1238 2261 somnis
1258 2211 1515 2277 apparuit
1528 2213 1582 2263 ei
1591 2208 1801 2262 dicens:

176 2288 367 2359 Ioseph,
396 2291 478 2359 ﬁli
507 2292 709 2358 David,
744 2294 861 2347 noli
890 2295 1078 2349 timere
1108 2299 1352 2366 accipere
1383 2301 1621 2352 Mariam
1669 2315 1800 2352 con-

170 2378 334 2446 jugem
376 2388 524 2434 tuam
556 2398 575 2434 :
607 2381 745 2450 quod
773 2384 922 2436 enim
948 2385 1004 2436 in
1036 2399 1100 2438 ea
1127 2394 1321 2440 natum
1353 2390 1449 2453 est,
1483 2388 1556 2441 de
1584 2387 1802 2457 Spiritu

176 2471 336 2522 sancto
362 2477 454 2522 est.
474 2471 670 2524 Pariet
699 2476 887 2525 autem
915 2472 1115 2540 ﬁlium,
1137 2479 1186 2527 et
1219 2475 1430 2530 vocabis
1458 2491 1657 2530 nomen
1685 2479 1801 2542 eius

174 2555 332 2609 Iesum
349 2575 366 2609 :
385 2558 494 2627 ipse
521 2559 672 2613 enim
702 2563 917 2614 salvum
947 2563 1120 2631 faciet
1148 2563 1412 2632 po-pulum
1437 2579 1601 2618 suum
1618 2582 1652 2618 a
1669 2582 1798 2634 pec-

175 2645 290 2696 catis
316 2648 633 2701 e0rum.Hoc
663 2652 848 2703 autem
879 2653 1056 2703 totum
1083 2653 1296 2720 factum
1325 2655 1422 2717 est,
1445 2659 1508 2706 ut
1527 2653 1797 2722 adimple-

178 2735 307 2786 relur
334 2735 466 2804 quod
493 2736 706 2792 dictum
733 2741 811 2792 est
831 2755 863 2792 a
895 2739 1120 2793 Domino
1149 2754 1244 2800 per
1267 2739 1591 2810 prophetam
1617 2740 1799 2796 dicen-

177 2824 264 2875 tem
291 2840 308 2875 :
335 2824 460 2879 Ecce
494 2827 659 2896 Virgo
691 2829 748 2880 in
781 2829 932 2881 utero
960 2826 1176 2882 habebit
1205 2831 1253 2882 et
1282 2833 1460 2899 pariet
1488 2830 1692 2900 ﬁlium,
1745 2838 1800 2885 et

177 2913 432 2966 vocabitur
459 2929 658 2969 nomen
690 2915 807 2986 ejus
835 2917 1154 2971 Emmanuel
1164 2917 1331 2988 ,quod
1358 2924 1438 2972 est
1469 2921 1797 2988 interpreta-

178 3006 292 3063 tum,
312 3001 602 3058 Nobiscum
627 3005 786 3059 Deus.
808 3006 1092 3075 Exurgens
1112 3016 1299 3059 autem
1318 3006 1512 3077 Ioseph
1535 3024 1569 3062 a
1588 2998 1795 3074 somno,

176 3085 286 3152 fecit
311 3089 449 3143 sicut
477 3092 746 3160 praecepit
765 3093 818 3146 ei
846 3094 1068 3162 angelus
1100 3094 1336 3160 Domini,
1355 3103 1404 3149 et
1431 3097 1637 3166 accepit
1667 3112 1795 3151 con-

168 3174 332 3242 jugem
373 3193 528 3233 suam
558 3196 577 3232 :
611 3183 660 3234 et
708 3195 816 3234 non
848 3182 1206 3253 cognoscebat
1235 3198 1353 3238 eam
1381 3184 1589 3251 (Matth.
1627 3203 1666 3250 1,
1701 3186 1794 3239 18-

173 3262 266 3327 25).
288 3265 552 3322 Elisabeth
580 3273 762 3323 autem
792 3271 1079 3340 impletum
1107 3280 1183 3327 est
1209 3281 1420 3343 tempus
1446 3275 1720 3344 pariendi,
1746 3280 1797 3330 et

170 3355 352 3420 peperit
371 3354 642 3422 filium.Et
663 3357 958 3413 audierunt
991 3361 1157 3414 vicini
1185 3367 1238 3415 et
1266 3365 1482 3432 cognati
1510 3364 1649 3433 ejus,
1664 3366 1798 3436 quia

169 3443 508 3512 magniﬁcavit
529 3447 797 3502 Dominus
825 3449 1267 3506 misericordiam
1289 3469 1450 3506 suam
1474 3469 1593 3508 cum
1619 3455 1797 3523 illa,et

167 3536 686 3600 congratulabantur.
717 3537 782 3591 Et
804 3540 1013 3606 factum
1041 3542 1121 3592 est
1152 3541 1208 3593 in
1241 3540 1330 3595 die
1375 3551 1580 3606 octavo,
1637 3559 1795 3599 vene-

170 3625 278 3673 runt
295 3625 686 3681 circumcidere
702 3631 1015 3696 puerum,ct
1035 3628 1296 3682 vocabant
1319 3646 1441 3685 eum
1463 3635 1685 3688 nomine
1699 3651 1797 3705 pa-

165 3709 254 3761 tris
276 3711 388 3779 ejus
414 3715 764 3770 Zachariam.
794 3716 1211 3786 tit-respondens
1241 3724 1416 3775 mater
1444 3722 1581 3789 eius,
1613 3722 1794 3778 dixit:

170 3793 515 3871 Nequaquam,
542 3805 640 3859 sed
668 3806 952 3860 vocabitur
976 3807 1232 3863 Ioannes.
1287 3810 1352 3862 Et
1405 3810 1675 3866 disserunt
1725 3811 1796 3866 ad

170 3885 302 3942 illam
323 3908 338 3942 :
359 3892 499 3960 Quia
519 3910 679 3950 nemo
699 3899 778 3950 est
803 3898 858 3950 in
881 3898 1201 3967 cognatione
1221 3907 1317 3952 tua
1338 3900 1434 3968 qui
1454 3905 1676 3955 vocetur
1700 3901 1797 3956 hoc

167 3979 698 4038 nomineJnnuebant
728 3987 909 4039 autem
934 3987 1083 4056 patri
1112 3987 1230 4053 eius
1249 4003 1409 4058 quem
1435 3991 1592 4045 vellet
1614 3993 1797 4046 vocari

168 4077 293 4120 eum.
327 4073 389 4124 Et
409 4073 694 4142 postulans
721 4075 1062 4147 pugillarem
1089 4080 1330 4148 scripsit,
1363 4081 1549 4134 dicens
1581 4097 1594 4134 :
1625 4083 1794 4136 Ioan-

168 4167 248 4208 nes
273 4161 342 4211 est
379 4177 577 4217 nomen
609 4165 744 4229 eius.
777 4165 840 4218 Et
870 4168 1061 4221 mirati
1083 4176 1212 4222 sunt
1240 4169 1503 4223 universi.
1536 4170 1796 4238 Apertum

170 4253 236 4298 est
256 4251 434 4304 autem
459 4251 621 4308 illico
641 4268 697 4307 os
725 4255 841 4324 ejus
871 4259 920 4308 et
949 4256 1146 4324 lingua
1178 4273 1316 4329 ejus,
1360 4262 1410 4312 et
1467 4259 1797 4328 loquebatur

169 4332 464 4394 benedicens
515 4343 712 4396 Deum.
772 4343 835 4396 Et
889 4347 1067 4413 factus
1121 4352 1198 4401 est
1228 4349 1392 4402 timor
1418 4364 1583 4418 super
1613 4364 1796 4405 omnes

165 4421 347 4481 vicinos
373 4443 593 4490 eorum;
614 4432 663 4484 et
690 4447 852 4502 super
881 4436 1065 4488 omnia
1095 4444 1362 4490 montana
1390 4437 1592 4494 Iudam
1615 4439 1794 4494 divul-

169 4514 420 4576 gabantur
445 4521 635 4574 omnia
662 4521 826 4576 verba
855 4523 988 4576 haec.
1024 4524 1087 4577 Et
1112 4533 1414 4594 posuerunt
1461 4541 1644 4581 omnes
1702 4531 1798 4598 qui

169 4599 437 4661 audierant
460 4609 516 4662 in
533 4607 691 4663 corde
707 4625 826 4674 suo,
857 4609 1092 4666 dicentes
1113 4629 1132 4666 :
1154 4613 1295 4679 Quid
1319 4616 1333 4647 ί
1353 4619 1513 4684 putas
1535 4632 1674 4685 puer
1693 4618 1797 4671 iste

168 4691 296 4744 erit?
326 4695 538 4751 Etenim
571 4714 775 4753 manus
804 4701 1025 4754 Domini
1051 4710 1171 4755 erat
1197 4719 1318 4757 cum
1348 4703 1465 4758 illo.
1496 4705 1559 4758 Et
1577 4705 1796 4762 Zacha-

172 4778 270 4833 rius
294 4789 452 4852 pater
477 4788 595 4857 ejus
624 4788 880 4858 impletus
907 4797 988 4844 est
1014 4790 1226 4860 Spiritu
1254 4795 1534 4856 sancto,et
1560 4796 1793 4865 prophe-

166 4870 487 4937 lavit,dicens
517 4893 536 4930 :
569 4877 885 4932 Benedictus
915 4879 1196 4944 Dominus,
1228 4883 1369 4935 Deus
1408 4882 1600 4946 Israel,
1663 4888 1798 4955 quia

169 4957 389 5014 uisitauit
443 4972 494 5017 et
549 4966 676 5033 fecit
708 4965 1132 5036 redemptin
1160 4969 1333 5038 plebis
1362 4985 1498 5026 suae.
1537 4973 1596 5025 Et
1619 4975 1796 5027 erexit

165 5058 320 5101 cornu
345 5051 540 5106 salutis
570 5053 747 5119 nobis,
780 5055 834 5108 in
867 5055 1028 5110 domo
1059 5057 1232 5112 David
1258 5060 1420 5128 pueri
1474 5061 1584 5113 sui.
1641 5062 1794 5116 Sicut

167 5131 358 5192 locutus
384 5149 466 5195 est
491 5158 594 5212 per
621 5157 677 5197 os
700 5151 1032 5214 sanctorum,
1057 5147 1157 5216 qui
1183 5163 1216 5200 a
1245 5147 1447 5203 saeculo
1475 5153 1620 5216 sunt,
1655 5150 1792 5204 Pro-

164 5223 440 5287 Phetarum
467 5231 854 5298 eius.Salutem
872 5249 941 5288 ex
956 5234 1198 5288 inimicis
1226 5237 1444 5301 nostris,
1459 5239 1510 5291 et
1537 5236 1602 5291 de
1627 5254 1798 5292 manu

169 5318 396 5371 omnium
425 5320 522 5389 qui
549 5319 777 5375 oderunt
803 5322 1000 5377 nos.Ad
1024 5324 1339 5393 faciendam
1360 5327 1799 5382 misericordiam

167 5417 278 5458 cum
305 5409 554 5476 patribus
585 5411 862 5481 nostris,et
892 5416 1190 5467 memorari
1213 5417 1522 5469 testamenti
1549 5419 1640 5470 sui
1666 5433 1794 5470 san-

194 5589 200 5596 .
227 5530 238 5558 ‘
261 5529 468 5600 .UnusJe
500 5533 990 5600 C_olbertrinis_Mss,:
1019 5535 1169 5595 Quis?
1189 5537 1285 5586 Alii
1319 5538 1688 5598 codices,0uid
1707 5556 1724 5588 :
1747 5544 1799 5589 et

168 5595 233 5636 sic
261 5595 308 5662 in
338 5595 571 5656 antiquis
597 5599 750 5646 Corb.
787 5597 988 5657 Bibliis;
1027 5611 1218 5660 nempe
1249 5602 1371 5662 quia
1401 5595 1577 5662 grasce‘
1603 5606 1703 5657 est,
1743 5604 1796 5659 ti,

166 5660 338 5702 neutro
392 5671 586 5728 genere
644 5661 972 5728 concerdans
1010 5675 1130 5710 cum
1162 5660 1311 5719 voce,
1344 5667 1392 5712 to
1407 5660 1647 5726 'paidion,
1678 5678 1797 5728 qua

169 5727 376 5773 puerum
401 5720 680 5781 signiﬁcat.

1503 377 1736 438 LIBER
1783 375 2211 438 SECUNDUS.

3404 385 3428 441 1
3439 382 3558 445 082

1907 512 2403 583 ctiJusjurandum
2434 514 2581 585 quod
2598 515 2820 585 juravit
2841 515 2908 570 ad
2929 515 3204 571 Abraham
3231 521 3446 585 patrem
3465 532 3558 572 no-

1907 601 2370 665 strum,daturum
2397 619 2454 658 se
2483 605 2731 661 nobis.Ut
2760 606 2883 659 sine
2910 606 3111 659 timore
3141 605 3207 659 de
3233 622 3413 660 manu
3442 607 3557 660 ini-

1908 690 2176 744 micorum
2195 698 2512 746 nostrorum
2533 696 2550 746 l
2559 696 2576 746 i
2583 694 2760 748 berati
2769 695 3070 748 serviamus
3084 695 3258 754 illi,in
3270 697 3562 750 sanctitate

1909 779 2204 847 etjustitia
2233 796 2419 834 coram
2452 783 2585 852 ipso,
2619 783 2870 837 omnibus
2900 782 3088 837 diebus
3117 786 3340 838 nostris.
3372 786 3435 838 Et
3476 793 3557 853 tu,

1905 870 2346 939 puer,Propheta
2365 871 2639 925 Altissimi
2665 873 2940 926 vocaberis
2968 888 2980 925 :
3003 873 3228 941 przibis
3256 873 3405 927 enim
3433 882 3562 928 ante

1908 956 2106 1025 faciem
2138 958 2356 1013 Domini
2379 975 2582 1028 parare
2611 961 2727 1014 vias
2755 960 2964 1029 ejus,ad
2987 960 3240 1014 dandam
3267 962 3562 1016 scientiam

1909 1046 2109 1100 salutis
2135 1047 2286 1116 plebi
2312 1048 2428 1111 eius
2459 1048 2518 1101 in
2547 1049 2926 1102 remissionem
2951 1053 3294 1118 peccatorum
3345 1067 3557 1107 eorum.

1911 1139 2018 1188 Per
2037 1135 2244 1189 viscera
2274 1138 2674 1192 misericordiae
2699 1139 2804 1191 Dei
2822 1140 2997 1192 nostri
3017 1141 3076 1192 in
3097 1139 3296 1210 quibus
3319 1141 3562 1194 visitavit

1909 1238 2008 1277 nos
2039 1224 2232 1279 Oriens
2261 1240 2331 1280 ex
2363 1226 2490 1281 alto.
2524 1227 2851 1280 Illuminare
2871 1227 2941 1280 iis
2961 1228 3061 1296 qui
3079 1229 3140 1281 in
3160 1228 3395 1282 tenebris
3422 1232 3472 1283 et
3502 1230 3562 1283 in

1911 1314 2106 1368 umbra
2136 1317 2327 1368 mortis
2358 1313 2566 1381 sede-nt,
2605 1315 2674 1368 ad
2703 1315 3018 1382 dirigendos
3049 1315 3206 1386 pedes
3236 1321 3451 1372 nostros
3498 1318 3561 1371 in

1913 1404 2058 1456 viam
2113 1405 2282 1472 pacis.
2346 1410 2492 1458 Puer
2520 1407 2702 1458 autem
2731 1405 3024 1473 crescebat,
3058 1408 3108 1459 et
3136 1407 3561 1476 confortabatur

1910 1492 2147 1561 spiritu;
2173 1494 2222 1545 el
2249 1496 2368 1546 erat
2395 1494 2454 1547 in
2485 1493 2708 1547 desertis
2737 1509 2908 1564 usque
2939 1494 2996 1547 in
3045 1494 3187 1548 diem
3234 1495 3562 1550 ostensionis

1909 1594 2028 1635 suae
2058 1579 2128 1633 ad
2153 1581 2344 1634 Israel.
2369 1585 2596 1635 Factam
2627 1586 2704 1635 est
2732 1590 2917 1635 autem
2948 1583 3008 1636 in
3039 1582 3232 1637 diebus
3263 1584 3400 1653 illis,
3423 1585 3562 1638 exiit

1910 1667 2148 1722 edictum
2176 1685 2208 1721 a
2241 1669 2456 1724 Caesare
2487 1670 2744 1738 Augusto,
2763 1673 2820 1724 ut
2849 1669 3244 1726 describeretur
3273 1673 3565 1728 uni-versus

1911 1757 2223 1812 orbilesec
2251 1758 2548 1829 descriptio
2575 1761 2757 1829 pri-ma
2784 1762 2934 1829 facta
2961 1771 3038 1815 est
3065 1761 3296 1831 praeside
3327 1764 3342 1796 ¹
3378 1760 3564 1832 Syriae

1910 1845 2198 1916 Syrino.Et
2222 1848 2374 1902 ibant
2403 1865 2588 1903 omnes
2609 1854 2670 1902 ut
2690 1849 3088 1917 profiterentur
3101 1851 3310 1920 singuli
3326 1851 3386 1904 in
3405 1867 3562 1904 suam

1907 1936 2203 1990 civitatem.
2231 1937 2482 1991 Ascendit
2510 1941 2695 1992 autem
2724 1942 2772 1991 et
2794 1937 2992 2005 Ioseph
3015 1956 3046 1992 a
3070 1937 3301 1994 Gulileea
3331 1939 3396 1992 de
3424 1939 3560 1992 civi-

1910 2028 2018 2080 tate
2041 2025 2318 2079 Nazareth
2338 2027 2396 2078 in
2415 2025 2664 2081 Iudaeam
2682 2027 2968 2080 civitatem
2991 2025 3314 2096 David,quae
3337 2031 3564 2080 vocatur

1907 2113 2200 2179 Bethleem,
2235 2130 2299 2168 eo
2330 2113 2472 2183 quod
2497 2116 2628 2169 esset
2657 2115 2728 2168 de
2756 2114 2910 2169 domo
2939 2117 2989 2169 et
3012 2116 3232 2184 familia
3261 2114 3453 2186 David,
3501 2123 3563 2170 ut

1901 2203 2264 2272 proﬁteretur
2318 2219 2443 2256 cum
2494 2205 2682 2258 Maria
2712 2204 3041 2273 desponsata
3070 2203 3182 2258 sibi
3212 2219 3381 2258 uxore
3412 2220 3564 2273 prse-

1904 2293 2357 2362 gnante.Factum
2387 2300 2467 2345 est
2495 2296 2678 2345 autem
2705 2307 2833 2347 cum
2862 2297 3035 2347 essent
3066 2293 3161 2358 ibi,
3186 2293 3397 2363 impleti
3425 2295 3552 2347 sunt

1906 2381 2021 2435 dies
2047 2390 2108 2435 ut
2137 2385 2430 2451 pareret:et
2455 2383 2670 2451 peperit
2701 2381 2883 2449 filium
2913 2398 3073 2436 suum
3100 2383 3562 2453 primogenitum,

1905 2473 1957 2524 et
1984 2472 2188 2540 pannis
2217 2485 2343 2524 eum
2372 2471 2627 2536 involvit;
2648 2474 2697 2524 et
2727 2471 3015 2526 reclinavit
3043 2487 3165 2525 eum
3183 2473 3243 2524 in
3260 2472 3563 2541 praesepio;

1905 2560 2035 2629 quia
2064 2574 2170 2613 non
2203 2563 2324 2614 erat
2343 2561 2422 2613 eis
2443 2560 2588 2614 locus
2611 2562 2670 2613 in
2692 2559 3010 2614 diversorio.
3038 2561 3101 2614 Et
3129 2564 3372 2628 pastores
3401 2565 3565 2615 erant

1905 2652 1962 2703 in
1991 2649 2181 2703 eadem
2203 2651 2427 2717 regione
2446 2647 2746 2716 vigilantes
2767 2657 2818 2702 et
2835 2648 3199 2703 custodientes
3226 2649 3446 2714 vigilias
3466 2665 3564 2704 n.0-

1903 2739 2006 2792 ctis
2035 2755 2206 2808 supra
2234 2754 2458 2808 gregem
2483 2753 2678 2791 suum:
2696 2741 2750 2791 et
2771 2753 2890 2792 ecce
2916 2737 3146 2805 angelus
3174 2738 3399 2792 Domini
3414 2740 3566 2792 stetit

1904 2828 2061 2897 juxta
2092 2827 2237 2892 illos,
2271 2835 2322 2882 et
2351 2827 2574 2882 claritas
2607 2826 2706 2880 Dei
2733 2827 3090 2894 circomfulsit
3120 2826 3261 2895 illos,
3291 2834 3342 2882 et
3387 2828 3558 2882 timu-

1903 2921 2064 2971 erunt
2125 2918 2318 2972 timore
2371 2933 2593 2986 magno.
2651 2917 2714 2970 Et
2751 2915 2896 2971 dixit
2927 2916 3039 2970 illis
3070 2918 3299 2983 angelus
3330 2935 3348 2970 :
3380 2916 3564 2971 Nolite

1906 3008 2244 3060 timere:ecce
2277 3005 2422 3061 enim
2454 3006 2774 3077 evangelizo
2807 3007 2952 3060 vobis
2981 3005 3248 3072 gaudium
3276 3021 3558 3075 magnum,

1903 3094 2042 3165 quod
2071 3096 2176 3149 erit
2205 3096 2361 3148 omni
2389 3095 2757 3165 pOpulo;quia
2785 3103 2945 3148 natus
2973 3103 3052 3149 est
3076 3095 3224 3149 vobis
3246 3094 3410 3149 hodie
3435 3094 3555 3149 Sal-

1902 3188 2080 3251 vator,
2109 3186 2206 3255 qui
2236 3195 2314 3239 est
2347 3184 2594 3239 Christus
2623 3185 2906 3252 Dominus,
2929 3185 2988 3238 in
3017 3186 3240 3239 civitate
3271 3184 3458 3238 David.
3493 3185 3558 3238 Et

1903 3275 2001 3330 hoc
2031 3274 2176 3328 vobis
2199 3275 2420 3342 signum
2450 3291 2469 3328 :
2499 3274 2788 3327 invenietis
2819 3273 3085 3342 infantem
3110 3275 3312 3343 pannis
3342 3273 3558 3328 involu-

1903 3372 2040 3429 tum,
2071 3369 2124 3419 et
2151 3367 2390 3435 positum
2421 3366 2480 3418 in
2507 3365 2788 3434 prmsepio.
2826 3367 2888 3418 Et
2917 3363 3097 3418 subito
3126 3365 3276 3432 facta
3305 3372 3383 3418 est
3430 3380 3556 3418 cum

1902 3454 2096 3522 angelo
2123 3451 2426 3508 multitudo
2455 3454 2680 3508 militia:
2707 3453 2959 3518 caelestis,
2992 3453 3346 3507 laudantium
3385 3453 3555 3507 Deum

1901 3547 1952 3599 et
1982 3544 2321 3598 dicentium:
2341 3542 2529 3597 litaria
2557 3543 2616 3596 in
2644 3542 2934 3596 altissimis
2963 3543 3150 3610 Dco,et
3180 3543 3236 3596 in
3269 3543 3420 3594 terra
3442 3556 3558 3611 pax

1903 3631 2219 3688 hominibus
2245 3631 2395 3687 bonae
2424 3632 2734 3686 voluntatis.
2770 3633 2834 3684 Et
2865 3631 3073 3699 factum
3102 3639 3178 3684 est
3213 3637 3271 3683 ut
3299 3629 3557 3684 discesse-

1903 3733 2033 3779 runt
2062 3725 2130 3778 ab
2161 3724 2239 3778 eis
2268 3723 2460 3790 angeli
2488 3723 2547 3775 in
2575 3721 2796 3785 caelum,
2818 3729 3061 3789 pastores
3091 3720 3458 3789 loquebantur
3488 3717 3558 3772 ad

1903 3815 2183 3869 invicem:
2214 3814 2569 3866 Transeamus
2599 3826 2766 3879 usque
2814 3809 3101 3877 Bethleem,
3160 3817 3210 3863 et
3264 3808 3556 3862 videamus

1904 3904 2001 3957 hoc
2057 3901 2282 3957 verbum
2311 3900 2453 3972 quod
2480 3905 2689 3968 factum
2721 3907 2820 3968 est,
2853 3897 2993 3967 quod
3023 3898 3281 3950 Dominus
3311 3897 3554 3951 ostendit

1902 3994 2078 4048 nobis.
2106 3992 2171 4045 Et
2200 3994 2458 4044 venerunt
2486 3989 2839 4058 festinantes,
2869 3995 2919 4041 et
2950 3987 3277 4040 invenerunt
3311 3985 3555 4039 Mariam

1902 4089 1956 4138 et
1985 4083 2201 4152 Ioseph,
2234 4091 2284 4135 et
2314 4081 2586 4151 infantem
2611 4079 2850 4148 positum
2884 4080 2942 4132 in
2969 4077 3257 4147 praesepio.
3309 4075 3556 4130 Videntes

1904 4178 2088 4228 autem
2117 4175 2484 4240 cognoverunt
2516 4168 2582 4222 de
2612 4167 2774 4222 verbo
2805 4167 2949 4238 quod
2977 4167 3185 4220 dictum
3204 4169 3324 4219 erat
3345 4164 3461 4218 illis
3492 4162 3557 4218 de

1902 4277 2068 4333 puero
2098 4262 2214 4315 hoc.
2251 4263 2316 4314 Et
2347 4273 2529 4314 omnes
2557 4258 2653 4328 qui
2682 4257 2976 4311 audierunt
3010 4255 3206 4309 mirati
3234 4258 3386 4321 sunt,
3412 4263 3462 4308 et
3495 4252 3559 4307 de

1903 4353 1976 4407 iis
2003 4365 2124 4422 quae
2151 4352 2302 4404 dicta
2322 4355 2482 4403 erant
2512 4363 2547 4400 a
2573 4345 2886 4416 pastoribus
2918 4345 2994 4399 ad
3026 4347 3186 4415 ipsos.
3220 4343 3397 4397 Maria
3451 4358 3556 4396 au-

1901 4443 2008 4495 tem
2033 4437 2391 4494 conservabat
2420 4437 2607 4490 omnia
2635 4435 2801 4489 verba
2830 4435 2966 4500 haec,
2998 4436 3278 4503 conferens
3309 4433 3369 4485 in
3397 4432 3556 4486 corde

1903 4532 2091 4584 suo.Et
2113 4528 2322 4582 reversi
2350 4533 2478 4580 sunt
2506 4534 2752 4595 pastores
2782 4523 3152 4593 glorificantes
3181 4532 3231 4576 et
3262 4521 3555 4575 laudantes

1908 4619 2075 4674 Deum
2103 4620 2163 4672 in
2193 4618 2450 4669 omnibus
2481 4629 2603 4684 quae
2618 4612 2912 4667 audierant
2928 4621 2980 4667 et
2996 4610 3276 4671 viderant,
3298 4611 3444 4664 sicut
3463 4610 3556 4664 di-

1903 4713 2050 4762 ctum
2081 4708 2159 4760 est
2186 4703 2257 4758 ad
2286 4705 2430 4758 illos.
2464 4707 2531 4758 Et
2555 4711 2840 4773 postquam
2869 4701 3231 4756 consummati
3252 4703 3381 4752 sunt
3437 4697 3552 4752 dies

1907 4801 2022 4850 octo
2043 4799 2103 4848 ut
2133 4791 2616 4848 circumcideretur
2641 4805 2796 4860 puer,
2824 4791 3073 4844 vocatum
3101 4791 3180 4841 est
3207 4802 3404 4842 nomen
3437 4787 3554 4854 ejus

1903 4881 2233 4953 Iesus,qu0d
2261 4884 2512 4936 vocatum
2541 4883 2617 4932 est
2637 4879 2704 4931 ab
2728 4878 2921 4945 angelo
2948 4878 3283 4948 priusquam
3313 4877 3370 4929 in
3405 4885 3553 4930 utero

1905 4975 2275 5042 conciperetur
2333 4969 2484 5039 (Luc.
2547 4983 2584 5030 ι,
2645 4967 2735 5030 57,
2790 4983 2852 5034 u,
2910 4967 3020 5034 21).
3076 4965 3145 5019 Et.
3174 4981 3290 5019 ecce
3320 4965 3458 5034 Magi
3486 4963 3554 5018 ab

1907 5061 2125 5117 Oriente
2153 5063 2420 5114 venerunt
2445 5055 2861 5125 Jerosolymam,
2891 5054 3130 5109 dicentes
3163 5073 3180 5108 :
3217 5055 3316 5111 Ubi
3344 5056 3421 5108 est
3460 5053 3559 5123 qui

1904 5155 2068 5205 natus
2086 5153 2164 5204 est
2187 5163 2284 5202 rex
2300 5144 2613 5202 Iudaeorum
2627 5147 2651 5196 γ
2673 5143 2908 5199 vidimus
2929 5145 3080 5200 enim
3108 5144 3319 5198 stellam
3347 5143 3465 5211 ejus
3496 5143 3556 5195 in

1909 5240 2205 5301 0riente,et
2216 5235 2458 5290 venimus
2475 5234 2722 5288 adorare
2731 5249 2851 5287 eum
2861 5275 2872 5285 .
2883 5233 3116 5288 Audiens
3130 5241 3312 5286 autem
3325 5228 3556 5285 Herodes

1908 5345 2008 5383 res:
2026 5326 2288 5380 turbatus
2309 5327 2408 5389 est,
2433 5331 2484 5377 et
2502 5323 2679 5377 omnis
2699 5322 3038 5392 .Ierosolyma
3056 5339 3178 5376 cuin
3203 5321 3317 5374 illo.
3342 5321 3405 5373 Et
3426 5333 3553 5372 con-

1907 5432 2152 5489 gregans
2179 5429 2362 5469 omnes
2383 5414 2658 5484 principes
2677 5412 3019 5466 sacerdotum
3039 5420 3088 5465 et
3105 5410 3322 5464 Scribas
3342 5406 3555 5478 papuli,

1980 5542 1989 5572 '
2029 5541 2082 5587 In
2119 5538 2317 5602 aliquot
2349 5537 2553 5602 Mss._et
2584 5535 2816 5602 editione
2848 5533 3240 5602 Italisppne‘nsi,
3270 5545 3299 5602 ᾳ
3320 5530 3554 5602 praside.

1914 5603 2062 5664 Apud
2093 5593 2234 5649 ΕΜδί
2265 5600 2499 5664 Lov.,sub
2526 5600 2867 5664 prusiaeb‘ed
2902 5599 2952 5644 in
2986 5593 3298 5664 pluribusc}
3320 5593 3557 5664 melioris

1911 5657 2050 5733 notae
2085 5667 2203 5713 Mes.
2234 5657 2844 5733 absquc‘m'mpositione
2865 5664 2960 5716 est,
2979 5657 3215 5733 preside,
3240 5657 3288 5704 id
3323 5661 3552 5718 est,pra3-

1910 5729 2078 5778 eidem
2108 5730 2321 5790 agente,
2343 5728 2494 5788 juxta
2522 5737 2702 5786 grana,
2731 5730 3164 5785 egemonenontus.
