4166 6184
463 347 617 409 HO?
1207 348 1308 407 DE
1352 346 1760 408 CONSENSU
1806 335 2558 411 EVANGELISTARUM,
2608 338 2671 396 S.
2711 337 3135 399 AUGUSTINI
3689 344 3827 405 “08

536 496 661 535 cere
690 496 723 532 a
756 478 952 548 quibus
980 479 1257 549 objectum
1302 483 1395 546 sit,
1450 484 1504 535 et
1558 478 1621 533 de
1674 478 1855 533 verbis
1911 490 2123 549 eorum,
2232 470 2507 525 Nonenim
2526 472 2654 526 veni
2674 486 2865 526 vocare
2892 471 3086 540 justas,
3133 469 3226 525 sed
3260 478 3587 543 peccatores;
3634 475 3833 534 Marcus

537 547 927 631 responsisque
959 547 1212 619 Doim'ni,
1244 555 1433 606 utrum
1487 551 1773 617 Mathaeus,
1824 548 2036 603 Marcus
2077 547 2128 599 et

2275 575 2466 631 uoque
2483 564 2540 615 et
2560 564 2740 615 Lucas
2763 560 2981 615 eisdem
3007 576 3152 631 pene
3164 560 3354 616 verbis
3370 562 3617 617 eamdem
3637 570 3838 619 senten-

538 626 715 679 Lucas
739 630 1065 692 congruant.

2273 649 2377 702 iam
2392 648 2847 713 tenuerunt,nisi
2863 648 3015 720 quad
3031 649 3202 704 ambo
3217 667 3331 704 non
3344 650 3837 722 interponuntillud

540 747 632 801 60.
662 745 942 817 Sequitur
963 745 1162 817 itaque
1187 746 1492 801 Matthaeus
1516 789 1529 815 ,
1566 750 1622 801 et
1640 746 1780 802 dicit
1804 762 1816 809 ;
1844 746 1904 799 Et
1924 746 2133 815 [actum
2239 753 2306 791 ex
2328 737 2611 809 propheta
2640 738 3068 803 testimonium,
3094 739 3515 795 Misericordiam
3542 742 3668 808 volo,
3697 758 3838 813 quam

470 840 550 892 est
578 835 955 891 discumbente
983 851 1041 889 eo
1072 835 1131 888 in
1164 835 1341 901 domo,
1376 852 1491 892 ecce
1538 837 1710 891 multi
1745 834 2033 907 publicani
2083 828 2131 885 et
2239 827 2593 896 sacriﬁcium.
2622 832 2802 883 Lucas
2823 831 3017 883 autem
3041 845 3173 883 cum
3200 828 3461 898 dixisset,
3484 830 3593 885 Non
3623 832 3737 885 veni
3767 846 3843 885 vo-

468 934 775 998 peccatores
797 924 1093 991 venientes,
1118 923 1528 980 discumbebant
1551 941 1689 980 cum
1724 926 1869 993 Iesu,
1892 932 1941 978 et
1971 922 2136 976 disci-
2242 932 2369 970 care
2390 916 2589 987 justas,
2620 916 2713 971 sed
2739 921 3073 988 peccatores,
3107 916 3354 984 addidit,
3390 919 3447 972 in
3480 920 3844 987 penitentiam;

468 1014 622 1088 pulis
649 1014 786 1085 ejus,
811 1016 943 1083 etc.,
971 1029 1159 1085 usque
1185 1014 1256 1068 ad
1283 1013 1429 1069 illud
1455 1014 1552 1070 ubi
1577 1032 1610 1069 a
1631 1013 1807 1080 it,Sed
1831 1015 2020 1068 vinum
2043 1025 2138 1067 no-

2273 1005 2399 1075 [uod
2432 1005 2504 1059 ad
2543 1004 2971 1077 explanandam
3005 1005 3359 1062 sententiam
3392 1006 3555 1073 valet,
3587 1022 3654 1062 ne
3710 1007 3848 1078 quis—

476 1120 602 1159 vum
624 1103 682 1157 in
715 1107 868 1157 utres
897 1118 1061 1157 novos
1110 1104 1353 1171 mittunt,
1415 1111 1464 1159 et
1518 1104 1701 1159 ambo
1750 1105 2143 1159 conservantur
2247 1109 2424 1164 quam
2459 1098 2788 1165 peccatores
2819 1094 2891 1150 ob
2940 1094 3051 1149 hoc
3100 1093 3297 1165 ipsum
3352 1095 3507 1165 quod
3557 1100 3852 1167 peccatores

477 1191 773 1265 (Matt/nx,
797 1191 1008 1260 10-17).
1036 1192 1139 1245 Hic
1157 1191 1468 1248 Matthaaus
1492 1210 1607 1248 non
1632 1191 1925 1264 expressit
1954 1190 2012 1245 in
2046 1205 2144 1244 cu-
2250 1187 2409 1252 sunt,
2444 1181 2606 1254 diligi
2642 1183 2959 1238 arbitretur
2986 1200 3020 1239 a
3050 1182 3277 1239 Christo
3303 1201 3315 1239 :
3349 1199 3480 1238 cum
3512 1186 3565 1238 et
3594 1182 3687 1238 illa
3713 1183 3851 1239 simi-

470 1280 760 1352 jusdomo
779 1280 1518 1336 discumbebatlesuscum
1542 1281 2143 1353 publicanisetpecca-
2250 1271 2435 1327 litudo
2467 1272 2537 1327 de
2566 1271 2798 1343 aegrotis
2830 1271 2974 1327 bene
3008 1272 3240 1327 intimet
3270 1272 3413 1343 quid
3446 1270 3579 1327 velit
3609 1278 3747 1327 Deus
3775 1288 3853 1326 vo-

478 1368 707 1425 toribus
740 1369 926 1425 :unde
949 1374 1147 1440 posset
1166 1370 1352 1425 videri
1378 1386 1490 1426 non
1534 1370 1642 1426 hoc
1666 1387 1732 1426 ex
1771 1370 1972 1426 ordine
2000 1369 2138 1424 sub-
2251 1362 2434 1417 cando
2470 1367 2821 1432 peccatores,
2853 1366 3136 1432 tanquam
3168 1360 3431 1416 medicus
3461 1375 3662 1431 aegros,
3686 1358 3857 1430 utique

478 1457 764 1531 junxisse,
788 1458 885 1512 sed
915 1458 1070 1528 quod
1094 1457 1207 1513 alio
1233 1462 1498 1529 tempore
1526 1460 1742 1514 factum
1768 1458 2143 1514 estrecorda—
2253 1455 2319 1505 ut
2374 1450 2447 1505 ab
2503 1449 2813 1521 iniquitate
2869 1455 3147 1521 tanquam
3212 1451 3285 1505 ab
3343 1448 3683 1522 aagritudine
3735 1447 3857 1504 salvi

484 1544 1044 1617 tusinterposuisse,
1073 1546 1183 1600 nisi
1213 1547 1445 1601 Marcus
1465 1552 1521 1603 et
1546 1551 1734 1602 Lucas
1759 1548 1859 1618 qui
1886 1546 1995 1601 hoc
2020 1561 2144 1599 om-
2253 1540 2427 1608 ﬂant;
2463 1541 2616 1611 quod
2650 1540 2717 1593 fit
2748 1556 2849 1610 per
2882 1539 3305 1611 pmnitentiam.

489 1635 628 1691 nino
650 1632 925 1689 similiter
946 1638 1210 1702 narrant,
1235 1635 1550 1691 manifesta
1563 1639 1691 1690 rent
1714 1636 1773 1690 in
1796 1637 1968 1690 domo
1991 1633 2141 1704 Levi,

490 1725 600 1780 hoc
618 1727 707 1779 est
726 1722 996 1788 Matthasi,
1020 1724 1389 1780 discubuisse
1410 1726 1701 1791 Jesum,et
1720 1725 1875 1780 dicta
1898 1723 1998 1779 illa
2020 1740 2143 1778 om-

493 1812 592 1868 nia
613 1828 740 1883 quae
762 1814 1205 1883 sequuntur.lta
1223 1813 1379 1868 enim
1402 1817 1633 1869 Marcus
1668 1813 1778 1868 hoc
1802 1814 1955 1868 idem
1981 1812 2144 1880 dicit,

497 1902 772 1957 eumdem
788 1900 1053 1956 ordinem
1074 1918 1334 1957 servans:
1362 1904 1425 1957 Et
1444 1906 1660 1974 factum
1682 1911 1908 1967 est,cum
1928 1918 2144 1957 accum-

2323 1675 2412 1727 62.
2440 1675 2581 1728 Item
2601 1674 2754 1743 quod
2779 1672 2920 1728 dicit
2940 1672 3271 1741 Mattheus,
3300 1676 3454 1727 Tunc
3472 1674 3791 1726 accesserunt
3806 1668 3861 1724 ad

2252 1780 2375 1818 eum
2387 1762 2645 1833 discipuli
2668 1764 2917 1826 Joannis,
2942 1762 3177 1817 dicentes
3192 1779 3211 1815 :
3236 1761 3416 1828 Quare
3436 1777 3533 1816 nos
3551 1767 3603 1814 et
3625 1760 3864 1814 Pharisazi

2252 1852 2562 1922 jejunamus
2573 1852 3152 1922 frequenter?Marcus
3165 1848 3864 1915 similiterintulit,dicens,

498 1990 645 2045 beret
665 1990 725 2044 in
744 1989 899 2045 domo
921 1991 1266 2059 illius,multi
1278 1992 1565 2061 publicani
1588 2000 1638 2047 et
1652 1997 1962 2063 peccatores
1979 1990 2145 2046 simul

504 2079 913 2134 discumbebant
930 2096 1054 2134 cum
1077 2080 1201 2134 Jesu
1220 2080 1494 2151 (Maron,
1522 2080 1879 2149 15-22).Cum
1902 2097 2037 2153 ergo
2063 2079 2147 2134 di-

502 2168 604 2233 cit,
632 2169 691 2222 in
720 2169 877 2223 domo
909 2168 1102 2229 illius;
1133 2169 1405 2239 exprimit
1436 2169 1638 2240 utique
1670 2168 1860 2239 illum,
1906 2170 1976 2224 de
2028 2184 2143 2239 quo

506 2257 778 2327 superius
810 2257 1181 2327 loquebatur,
1212 2257 1269 2311 id
1300 2262 1390 2313 est
1422 2259 1573 2314 Levi.
1607 2259 1699 2313 Sic
1722 2264 1779 2313 et
1801 2262 1982 2313 Lucas
2010 2274 2144 2312 cum

505 2346 773 2409 dixisset,
794 2346 884 2400 Ait
908 2346 1016 2409 illi,
1041 2345 1274 2418 Sequere
1294 2362 1378 2401 me
1404 2363 1415 2401 :
1440 2355 1490 2402 et
1509 2348 1720 2402 relictis
1741 2348 1995 2402 omnibus
2018 2362 2145 2401 sur-

500 2450 629 2506 gens
658 2444 877 2491 secutus
906 2439 986 2489 est
1018 2451 1182 2500 eum;
1216 2435 1493 2491 continuo
1526 2436 1798 2507 subjecit,
1832 2440 1896 2492 Et
1939 2439 2067 2507 fecit
2096 2438 2150 2492 ei

502 2524 815 2580 convivium
844 2540 1115 2594 magnum
1144 2525 1275 2578 Levi
1302 2525 1358 2578 in
1391 2524 1545 2581 domo
1578 2541 1677 2580 sua
1696 2542 1717 2587 ;
1746 2532 1799 2581 et
1825 2535 1945 2581 erat
1983 2527 2147 2581 turba

505 2613 681 2667 multa
707 2612 1126 2684 publicanorum
1154 2622 1204 2667 et
1235 2614 1493 2679 aliorum,
1528 2615 1623 2684 qui
1650 2631 1775 2669 cum
1832 2615 1947 2671 illis
1992 2624 2152 2671 erant

509 2701 902 2757 discumbentes
931 2702 1081 2773 (Luc.
1114 2719 1168 2769 v,
1198 2702 1413 2772 27-39).
1440 2702 1811 2759 Manifestum
1844 2708 1932 2760 est
1952 2704 2152 2776 itaque

512 2790 574 2845 in
602 2792 774 2861 cujus
803 2791 976 2845 domo
1009 2790 1124 2845 ista
1141 2792 1514 2862 gerebantur.

583 2925 672 2979 61.
706 2924 836 2979 Jam
867 2923 998 2995 ipsa
1026 2924 1202 2979 verba
1230 2925 1554 2997 videamus,
1586 2928 1673 2982 vel
1710 2931 1858 2999 :quaa
1906 2928 2154 2984 Domino

520 3012 793 3080 dicta,vel
812 3029 939 3084 quas
968 3013 1039 3068 ab
1062 3012 1161 3068 illo
1185 3028 1467 3085 responsa
1487 3031 1691 3070 omnes
1714 3017 1811 3070 isti
1834 3021 1952 3072 tres
1974 3022 2155 3072 Evan-

517 3101 734 3174 gelistte
757 3100 1510 3173 posuerunt.Matthseus;Et
1528 3104 2158 3176 videntes,inquit,P/za-

516 3193 696 3261 riszi,
727 3190 980 3247 dicebant
1008 3192 1295 3262 discipulis
1325 3194 1440 3263 ejus
1465 3210 1477 3247 :
1515 3193 1693 3260 Quare
1706 3210 1829 3248 cum
1846 3195 2159 3265 publicanis

512 3284 563 3336 et
588 3281 966 3351 peccatoribus
997 3279 1291 3334 manducat
1321 3282 1587 3349 magister
1638 3287 1852 3337 vester?
1896 3283 2157 3337 Totidem

516 3384 661 3441 pene
680 3368 873 3424 verbis
894 3367 1004 3423 hoc
1027 3368 1107 3423 ait
1126 3372 1183 3423 et
1212 3368 1474 3425 Marcus:
1510 3371 1688 3438 Quare
1706 3387 1829 3426 cum
1846 3372 2161 3443 publicanis

515 3466 565 3513 et
578 3458 957 3529 peccatoribus
981 3457 1280 3515 manducat
1302 3462 1357 3513 et
1376 3458 1511 3513 bibit
1530 3461 1793 3529 magister
1810 3463 2161 3516 vester?Prae-

518 3546 857 3602 termissum
882 3550 972 3601 est
1011 3563 1147 3619 ergo
1171 3563 1201 3600 a
1223 3546 1490 3602 Mattheao
1510 3550 1666 3619 quod
1703 3549 1808 3604 iste
1834 3549 2081 3616 addidit,
2112 3557 2166 3605 et

522 3634 693 3689 bibit:
712 3635 813 3689 sed
837 3633 977 3705 quid
996 3635 1069 3689 ad
1091 3649 1238 3703 rem,
1261 3651 1395 3690 cum
1423 3635 1593 3707 plena
1615 3636 1692 3692 sit
1708 3637 2166 3706 sententia,insi-

523 3743 713 3783 nuans
737 3727 957 3798 pariter
977 3727 1345 3782 convivantes
1365 3728 1392 3782 ?
1415 3728 1598 3784 Lucas
1625 3733 1821 3785 autem
1860 3730 2165 3802 aliquanto

527 3816 892 3872 differentias
912 3816 1021 3872 hoc
1042 3816 1276 3872 videtur
1290 3833 1804 3875 commemorasse:
1828 3821 1893 3874 Et
1920 3837 2169 3876 murmu-

526 3908 752 3973 rabant,
778 3905 992 3977 inquit,
1012 3905 1291 3961 Phariswi
1308 3910 1359 3961 et
1376 3905 1581 3961 Scriba:
1600 3923 1809 3977 eorum,
1827 3908 2067 3965 dicentes
2096 3910 2169 3965 ad

525 3995 823 4066 discipulos
850 3998 1009 4066 ejus:
1034 3993 1212 4061 Quare
1230 4011 1353 4049 cum
1375 3994 1701 4065 publicanis
1722 4001 1774 4052 et
1792 4001 2170 4069 peccatoribus

523 4084 873 4139 manducatis
891 4092 941 4139 et
963 4083 1146 4139 bibitis
1169 4082 1196 4137 ‘l
1215 4083 1337 4139 Non
1364 4084 1568 4156 utique
1592 4086 1939 4157 magistrum
1966 4102 2168 4143 eorum

524 4174 729 4244 potens
754 4176 770 4209 ι
804 4171 923 4228 illic
950 4171 1195 4243 intelligi
1221 4189 1235 4238 ;
1261 4174 1356 4227 sed
1381 4172 1559 4228 simul
1578 4174 1875 4245 omnibus,
1902 4180 1960 4231 et
1982 4175 2093 4247 ipsi
2117 4181 2174 4231 et

525 4260 831 4332 discipulis
857 4262 984 4332 ejus
1016 4260 1123 4315 hoc
1154 4260 1448 4331 objectum
1482 4260 1813 4317 insinuans:
1835 4280 1949 4319 non
1973 4269 2171 4319 tamen

526 4351 579 4406 ei
612 4350 853 4417 dictum,
878 4349 977 4404 sed
998 4348 1135 4419 illis,
1160 4349 1313 4420 quod
1337 4354 1391 4404 et
1412 4350 1483 4404 de
1501 4350 1629 4421 ipso
1650 4353 1789 4406 etde
1809 4351 1927 4408 illis
1949 4353 2172 4425 accipe-

528 4443 707 4496 retur.
730 4439 878 4495 Nam
904 4437 1105 4509 utique
1129 4440 1184 4492 et
1209 4437 1335 4509 ipse
1366 4438 1552 4515 Lucas
1576 4438 1654 4493 ita
1677 4437 1818 4494 dicit
1858 4440 2170 4497 Dominum

528 4528 923 4602 respondisse,
946 4529 1075 4583 Non
1097 4528 1224 4582 veni
1242 4542 1436 4582 vocare
1453 4527 1639 4595 iustos,
1670 4527 1764 4583 sed
1783 4538 2085 4600 peccatores
2114 4532 2173 4585 in

528 4619 941 4691 paenitentiam;
966 4616 1123 4688 quod
1150 4632 1265 4672 non
1307 4615 1389 4671 eis
1420 4616 1838 4687 respondisset,
1873 4618 1985 4673 nisi
2018 4620 2171 4690 quod

532 4706 1172 4773 dixerant,manducatis
1188 4713 1240 4761 et
1259 4705 1547 4771 bibitis,ad
1566 4706 1760 4777 ipsum
1781 4708 2033 4763 maxime
2054 4726 2180 4779 per-

532 4797 763 4851 tineret.
790 4797 1099 4867 Propterea
1115 4794 1291 4850 etiam
1319 4794 1627 4849 Matthaeus
1650 4799 1706 4850 et
1728 4796 1959 4852 Marcus
1980 4798 2050 4852 de
2077 4796 2176 4852 illo

536 4884 844 4955 discipulis
865 4884 991 4954 ejus
1012 4883 1119 4939 hoc
1142 4884 1439 4955 objectum
1465 4900 1592 4939 esse
1616 4887 2094 4957 narrarunt,quia
2122 4891 2180 4941 et

536 4989 671 5029 cum
686 4973 757 5027 de
774 4972 1080 5044 discipulis
1100 4972 1709 5045 dicebatur,magistro
1732 4974 1917 5046 magis
1939 4975 2179 5045 objicie-

533 5064 909 5132 batur,quem
933 5062 1206 5116 sectando
1230 5060 1766 5118 imitabantur.Una
1788 5079 1923 5134 ergo
1946 5070 2176 5121 senten-

530 5152 613 5209 tia
633 5156 735 5221 est,
761 5154 816 5205 et
840 5154 1001 5204 tanto
1021 5148 1229 5203 melius
1252 5150 1794 5222 insinuata,quanto
1818 5152 2175 5222 quibusdam

525 5240 746 5310 verbis,
777 5242 1054 5295 manente
1080 5236 1339 5309 veritate,
1370 5239 1611 5294 variata.
1648 5240 1789 5295 Item
1826 5243 1979 5312 quod
2030 5247 2176 5298 Mat-

527 5331 721 5386 thteus
743 5328 919 5385 refert
940 5327 1255 5382 Dominum
1284 5328 1678 5399 respondisse,
1702 5330 1819 5384 Non
1838 5335 1914 5385 est
1932 5347 2064 5402 opus
2087 5349 2179 5387 va-

530 5420 771 5475 lentibus
801 5417 1079 5485 medicus,
1112 5415 1201 5471 sed
1231 5416 1373 5470 male
1402 5417 1742 5472 habentibus.
1766 5419 1972 5474 Euntes
2000 5424 2181 5475 autem

531 5508 727 5565 discite
748 5506 879 5580 quid
899 5514 997 5577 est,
1021 5503 1455 5562 Misericordiam
1480 5506 1675 5578 volo,et
1690 5523 1801 5563 non
1819 5509 2178 5579 sacriﬁcium.

609 5739 726 5793 lSic
755 5742 878 5794 Mss.
903 5754 1024 5794 cum
1054 5740 1140 5793 Er.
1170 5739 1255 5792 At.
1285 5740 1402 5794 Rat.
1432 5742 1486 5792 et
1513 5740 1638 5792 Lox.
1670 5740 1877 5794 volens:
1908 5743 2184 5796 mendose.

2254 1944 2317 1996 Et
2334 1949 2491 1996 erant
2508 1941 2770 2011 discipuli
2798 1942 3031 1997 Joannis
3061 1944 3111 1996 et
3143 1941 3416 1994 Pharisaei
3435 1938 3778 2009 jejunantes;
3826 1944 3866 1989 et

2254 2040 2503 2105 veniunt,
2530 2042 2578 2087 et
2600 2034 2793 2088 dicunt
2814 2032 2900 2086 illi
2922 2049 2940 2085 :
2967 2032 3078 2085 Cur
3098 2029 3362 2100 discipuli
3380 2029 3612 2083 Joannis
3628 2034 3681 2081 et
3700 2024 3869 2081 Phari-

2256 2144 2489 2183 saeorum
2505 2123 2866 2197 iejunant,lui
2880 2128 3058 2175 autem
3080 2118 3337 2188 discipuli
3356 2132 3471 2171 non
3489 2117 3730 2187 iejunant
3745 2116 3764 2168 ?
3778 2111 3869 2166 nisi

2258 2217 2410 2288 quod
2438 2217 2548 2271 iste
2566 2211 2755 2285 putari
2781 2213 2970 2282 potest
2992 2205 3288 2262 addidisse
3311 2200 3792 2271 Pharisaeos,quod
3809 2199 3871 2255 si-

2260 2306 2384 2360 mul
2415 2321 2549 2359 cum
2580 2299 2884 2370 discipulis
2904 2296 3149 2353 Joannis
3173 2294 3280 2350 hoc
3303 2294 3580 2359 dixerint,
3604 2308 3729 2346 cum
3751 2289 3872 2344 Mat-

2258 2395 2449 2450 thaeus
2479 2397 2705 2447 tantum
2738 2384 3058 2457 discipulos
3087 2383 3330 2439 Joannis
3349 2382 3461 2437 hoc
3485 2381 3696 2435 dixisse
3712 2376 3873 2450 perhi-

2260 2485 2414 2539 bent.
2447 2482 2559 2537 Sed
2589 2480 2763 2534 verba
2796 2476 2925 2547 ipsa
2956 2491 3080 2545 quea
3113 2472 3244 2527 illos
3278 2471 3501 2527 dixisse
3551 2468 3701 2541 apud
3750 2467 3874 2522 Mar-

2262 2589 2395 2627 cum
2428 2569 2661 2642 legitur,
2691 2565 2878 2636 magis
2907 2564 3171 2619 indicant
3202 2562 3349 2617 alios
3410 2560 3517 2615 hoc
3567 2557 3770 2614 dixisse
3818 2555 3873 2607 de

2263 2661 2431 2727 aliis;
2467 2660 2522 2713 id
2555 2664 2644 2713 est
2662 2656 2933 2711 convivas
2951 2653 3050 2725 qui
3069 2652 3314 2706 aderant
3336 2650 3569 2705 venisse
3589 2647 3660 2702 ad
3679 2645 3874 2707 Jesum,

2264 2750 2403 2822 quia
2427 2746 2778 2821 jejunabant
2807 2740 3081 2812 discipuli
3112 2738 3356 2795 Joannis
3404 2742 3462 2793 et
3511 2733 3789 2801 Pharisaei,
3834 2736 3879 2822 et

2264 2819 2373 2895 hoc
2403 2819 2453 2892 ei
2487 2819 2557 2891 de
2587 2834 2704 2888 illis
2736 2832 2990 2887 dixisse:
3026 2833 3091 2884 ut
3122 2828 3276 2899 quod
3300 2827 3407 2893 ait,
3433 2827 3684 2889 veniunt,
3706 2837 3806 2878 non
3824 2819 3882 2874 de

2264 2927 2409 2999 ipsis
2440 2923 2672 2993 dixerit,
2705 2923 2776 2977 de
2808 2919 3023 2991 quibus
3054 2918 3515 2988 interposuerat,
3535 2916 3597 2969 Et
3617 2909 3880 2999 erantdis-

2263 3016 2438 3087 cipuli
2453 3014 2678 3071 Joannis
2702 3016 2752 3066 et
2771 3009 3048 3065 Pharisaei
3057 3006 3399 3075 jejunantes;
3426 3004 3527 3059 sed
3554 3017 3683 3057 cum
3707 2998 3793 3053 isti
3808 3012 3880 3087 es-

2266 3084 2771 3175 sentjejunantes.
2799 3098 3042 3153 veniunt
3065 3094 3172 3159 illi,
3194 3111 3343 3165 quos
3370 3093 3482 3148 hoc
3507 3094 3714 3154 movet,
3742 3092 3794 3142 et
3812 3084 3879 3139 di-

2268 3198 2409 3250 sunt
2427 3192 2534 3257 illi,
2568 3192 2677 3246 Cur
2699 3186 2965 3258 discipuli
2997 3185 3223 3241 Joannis
3259 3191 3309 3238 et
3328 3181 3740 3237 Pharisaeorum
3758 3175 3882 3248 jeju-

2266 3281 2511 3346 nant,tui
2530 3282 2711 3332 autem
2729 3292 2839 3330 non
2856 3270 3309 3344 jejunanttouod
3335 3267 3664 3325 evidentius
3687 3278 3885 3334 expres-

2271 3371 2366 3437 sit,
2391 3369 2471 3425 ita
2514 3368 2623 3422 hoc
2652 3365 2807 3419 idem
2835 3364 3141 3427 intimans,
3173 3376 3308 3415 cum
3364 3358 3613 3413 dixisset
3660 3352 3787 3425 quid
3822 3348 3887 3403 eis

2271 3456 2638 3529 responderit
2667 3452 2951 3510 Dominus
2976 3451 3047 3505 de
3068 3448 3369 3505 vocatione
3394 3444 3891 3518 peccatorum,tan-

2273 3564 2448 3620 quam
2484 3549 2833 3617 aegrotorum
2868 3558 2881 3596 :
2914 3540 2980 3595 At
3006 3539 3114 3604 illi,
3149 3536 3361 3607 inquit,
3394 3536 3664 3590 dixerunt
3693 3530 3755 3585 ad
3773 3543 3891 3620 eum,

2275 3616 2453 3705 Quare
2482 3616 2753 3703 discipuli
2779 3630 3005 3686 Joannis
3031 3628 3289 3698 iejunant
3319 3626 3648 3695 frequenter
3683 3627 3733 3676 et
3774 3616 3893 3672 obse-

2272 3726 2546 3781 crationes
2582 3721 2812 3792 faciunt,
2847 3720 3122 3773 similiter
3150 3724 3201 3770 et
3229 3714 3673 3780 Pharisworum,
3705 3708 3780 3762 tui
3806 3721 3890 3759 au-

2275 3826 2387 3871 tem
2416 3814 2645 3869 eduntet
2678 3808 2917 3866 bibunt?
2943 3807 3090 3877 Ergo
3111 3808 3167 3860 et
3190 3803 3301 3870 hic,
3324 3802 3483 3858 sicut
3503 3801 3748 3865 Marcus,
3772 3793 3891 3850 alios

2278 3907 2347 3961 de
2378 3904 2507 3958 aliis
2539 3902 2646 3956 hoc
2678 3898 2896 3954 dixisse
2926 3893 3196 3950 narravit.
3228 3891 3393 3946 Unde
3428 3907 3566 3963 ergo
3599 3886 3891 3944 Matthzeus,

2284 3998 2436 4051 Tunc
2467 3996 2802 4047 accesserunt
2829 3986 2897 4041 ad
2925 4000 3051 4040 eum
3078 3982 3340 4053 discipuli
3365 3980 3603 4037 Joannis
3651 3976 3893 4066 (licenter:

2280 4088 2457 4154 Quare
2488 4097 2583 4136 nos
2612 4089 2665 4134 et
2690 4075 2968 4132 Pharisaei
2989 4072 3327 4144 jejunamus
3349 4068 3377 4123 ‘l
3411 4069 3532 4124 nisi
3564 4066 3702 4137 quia
3730 4067 3781 4118 et
3807 4061 3896 4154 ipsi

2281 4150 2542 4236 aderant,
2576 4172 2633 4222 et
2665 4181 2866 4222 omnes
2917 4161 3203 4225 certatim,
3264 4162 3327 4213 ut
3383 4157 3636 4229 quisque
3686 4150 3895 4236 poterat,

2280 4264 2389 4319 hoc
2411 4234 2775 4330 objecerunt:
2797 4267 3050 4325 quorum
3076 4246 3368 4305 sententia
3393 4246 3629 4301 diverso
3651 4234 3895 4330 loquendi

2282 4327 2610 4418 modia—sed
2670 4349 2866 4400 tamen
2899 4359 2932 4396 a
2957 4340 3200 4395 veritate
3258 4352 3373 4392 non
3436 4334 3649 4400 alieno,
3680 4348 3711 4385 a
3738 4327 3896 4383 tribus

2280 4434 2666 4509 Evangelistis
2698 4430 2999 4486 insinuata
3028 4430 3136 4482 est.

2352 4572 2593 4629 62.1tem
2616 4566 2759 4622 illud
2784 4565 2854 4620 de
2877 4560 3076 4634 sponsi
3102 4558 3264 4627 filiis,
3284 4557 3422 4630 quia
3445 4573 3561 4611 non
3578 4544 3899 4624 jejunabunt

2285 4661 2565 4737 quamdiu
2591 4673 2722 4713 cum
2753 4655 2835 4710 eis
2858 4658 2947 4708 est
2966 4666 3241 4722 sponsus,
3266 4646 3543 4703 similiter
3564 4644 3899 4737 interposue-

2285 4723 2424 4810 runt
2446 4748 2750 4807 Mattheus
2771 4748 2830 4799 et
2857 4742 3089 4797 Marcus
3115 4757 3127 4795 :
3152 4737 3282 4792 'nisi
3325 4735 3480 4808 quod
3516 4734 3744 4789 Marcus
3774 4723 3899 4780 ﬁlios

2288 4841 2624 4914 nuptiarum
2649 4831 3137 4907 appellavit,quos
3164 4826 3261 4882 ille
3284 4824 3510 4897 sponsi;
3535 4821 3689 4892 quod
3711 4817 3778 4914 ad
3800 4825 3899 4914 rem

2287 4908 2435 4989 nihil
2458 4929 2719 4984 interest.
2750 4920 2924 4977 Filios
2947 4920 3163 4990 quippe
3185 4915 3523 4987 nuptiarum
3550 4927 3665 4965 non
3702 4908 3899 4962 tantum

2286 5019 2509 5094 sponsi,
2538 5016 2637 5071 sed
2671 5012 2846 5069 etiam
2872 5025 3101 5081 sponsas
3125 5004 3535 5076 intelligimus.
3560 4999 3770 5094 Eadem
3793 5004 3903 5063 ergo

2286 5090 2373 5167 est
2404 5110 2601 5179 aperta
2632 5098 2945 5165 sententia,
2976 5114 3091 5152 non
3116 5094 3297 5150 altera
3319 5094 3583 5149 adversa.
3611 5090 3789 5179 Lucas
3816 5095 3903 5179 au:

2286 5165 2403 5256 tem
2425 5165 2537 5252 non
2568 5194 2668 5259 ait,
2691 5187 2988 5260 Numquid
3013 5190 3259 5258 possunt
3279 5182 3380 5237 filii
3404 5179 3605 5252 sponsi
3622 5165 3906 5260 jejunare‘l

2288 5289 2386 5345 sed
2413 5258 2786 5356 ait,Numbuid
2803 5258 3024 5350 potestis
3039 5275 3184 5345 ﬁlios
3225 5272 3571 5345 sponsi,dum
3588 5283 3709 5356 cum
3721 5263 3827 5356 illis
3837 5258 3906 5356 est

2287 5343 3012 5451 sponsusjacerejeiunare?
3030 5343 3088 5418 in
3122 5378 3238 5435 quo
3251 5343 3316 5416 et
3337 5360 3459 5432 ipse
3488 5357 3564 5451 ad
3584 5352 3739 5451 aliud

2290 5438 2426 5522 dam
2469 5438 2911 5520 in’sinuandum,
2943 5452 3210 5509 eamdem
3253 5446 3603 5505 sententiam
3645 5438 3910 5509 eleganter

2292 5550 2636 5628 aperuit.8ic
2650 5548 2805 5605 enim
2824 5541 3173 5614 intelligitur
3186 5539 3421 5595 eosdem
3441 5538 3598 5628 ipsos
3618 5528 3712 5604 qui
3734 5526 3909 5628 loqp'o:

2291 5609 2508 5702 bbntur
2537 5640 2720 5697 fuisse
2744 5609 3042 5700 facturos;
3069 5634 3137 5686 ut
3174 5628 3435 5701 legentes
3458 5609 3908 5716 jejunarent‘

2291 5725 2800 5805 sponsi,quoniam
2820 5718 2935 5795 ipsi
2955 5720 3153 5777 essent
3172 5730 3454 5791 sponsum
3481 5704 3744 5771 occisuri.
3761 5693 3904 5765 Quod
