4166 6184
522 329 675 388 1127

524 460 739 516 debent
768 472 970 513 omnes
999 452 1237 510 veridici
1271 452 1623 513 narratores,
1648 460 1781 500 cum
1813 445 1884 499 de
1910 442 2170 509 homine,

520 550 609 606 vel
642 549 713 604 de
744 545 973 618 angelo,
1003 543 1092 600 vel
1124 544 1193 597 de
1229 542 1337 595 Deo
1370 536 1589 608 aliquid
1624 537 1897 601 narrant;
1958 532 2170 586 horum

524 640 678 696 enim
710 638 977 693 voluntas
1008 632 1196 688 verbis
1228 628 1413 702 promi
1448 630 1735 699 potest,ne
1766 624 1835 679 de
1864 622 1991 694 ipsa
2022 620 2174 676 inter

524 746 585 785 se
619 726 836 798 aliquid
870 724 1220 794 discrepent.

593 818 685 871 98.
717 817 867 871 Sane
899 809 1347 885 praetermittere
1378 822 1492 861 non
1521 808 1750 877 oportet
1775 802 1883 857 hoc
1914 800 2039 855 loco
2083 800 2173 855 in-

523 911 748 963 tentum
814 908 869 957 et
927 902 997 957 ad
1031 904 1257 966 cmtera,
1292 914 1416 968 qua:
1448 894 1588 950 talia
1618 895 1763 948 forte
1793 890 2172 959 occurrerint,

524 997 712 1051 facere
743 992 1042 1057 lectorem,
1087 988 1227 1061 quia
1283 992 1466 1040 Lucas
1526 983 1672 1037 dixit
1727 981 2173 1051 quinquagenos

513 1088 717 1157 jussos
766 1098 893 1138 esse
946 1078 1341 1141 discumbere,
1375 1076 1606 1129 Marcus
1636 1088 1767 1126 vero
1800 1075 1855 1125 et
1885 1070 2174 1140 quinqua-

520 1156 702 1246 genos
735 1175 792 1226 et
822 1174 1117 1225 centenos.
1152 1166 1309 1232 Quod
1346 1164 1439 1219 hic
1473 1164 1601 1217 ideo
1633 1178 1747 1216 non
1781 1161 1990 1223 movet,
2037 1156 2177 1227 quia

520 1280 675 1318 unus
709 1266 929 1332 partem
966 1256 1284 1323 dixit,alter
1314 1258 1497 1308 totum
1534 1270 1546 1307 :
1583 1252 1681 1322 qui
1709 1249 1860 1304 enim
1895 1246 2069 1302 etiam
2106 1246 2177 1300 de

518 1351 779 1409 centenis
813 1347 1032 1413 retulit,
1069 1346 1177 1400 hoc
1210 1342 1409 1398 retulit
1440 1341 1593 1410 quod
1633 1339 1729 1393 ille
1760 1334 2127 1408 praetermisit
2161 1350 2173 1387 :

522 1440 671 1497 nihil
700 1440 897 1508 itaque
932 1435 1295 1491 contrarium
1331 1437 1438 1498 est,
1470 1432 1886 1484 Verumtamen
1921 1426 1969 1480 si
2027 1424 2177 1478 alius

517 1533 588 1585 de
618 1526 1045 1601 quinquagenis
1083 1528 1314 1577 tantum
1347 1515 2015 1581 commemoraret,alius
2046 1517 2177 1568 tan-

518 1625 645 1675 tum
679 1620 749 1672 de
782 1615 1064 1681 centenis,
1098 1612 1266 1667 valde
1294 1610 1589 1667 videretur
1619 1624 1747 1663 esse
1780 1603 2175 1694 contrarium;

518 1725 624 1765 nec
656 1705 822 1762 facile
870 1705 1309 1774 dignosceretur
1368 1704 1686 1768 utrumque
1741 1695 1962 1750 dictum
2019 1705 2173 1768 esse,

516 1814 701 1853 unum
763 1800 954 1850 autem
1014 1793 1084 1847 ab
1142 1790 1347 1857 altero,
1410 1787 1657 1843 alterum
1724 1786 1796 1845 ab
1838 1783 2015 1838 altero
2048 1796 2176 1835 esse

516 1888 1043 1943 commemoratum
1070 1887 1160 1935 :et
1192 1885 1387 1935 tamen
1421 1877 1704 1932 attentius
1738 1874 2171 1928 consideratum

513 1975 761 2032 inveniri
793 1972 1067 2029 debuisse
1098 1970 1232 2040 quis
1266 1985 1380 2023 non
1413 1965 1696 2021 fateatur?
1727 1964 1843 2017 lloc
1870 1962 1999 2016 ideo
2031 1959 2171 2029 dixi,

510 2066 649 2137 quia
679 2064 938 2119 existunt
969 2076 1121 2131 saepe
1153 2058 1347 2128 aliqua
1407 2054 1712 2124 ejusmodi,
1774 2068 1900 2122 quae
1963 2065 2169 2119 parum

512 2153 956 2210 intendentibus
1009 2155 1065 2204 et
1095 2144 1736 2217 lemerejudicantibus
1766 2140 2055 2197 centraria
2084 2138 2171 2192 vi-

515 2245 785 2306 deantur,
813 2245 869 2295 et
899 2255 1013 2293 non
1048 2238 1182 2292 sint.

513 2365 740 2423 CAPUT
770 2362 987 2419 XLVII.
1021 2390 1089 2401 -—
1117 2359 1266 2428 Quod
1292 2358 1592 2413 ambulavit
1625 2371 1794 2426 super
1818 2370 2007 2425 aquas,
2036 2367 2169 2423 quo-

581 2438 738 2493 modo
767 2436 862 2506 qui
891 2434 989 2489 hoc
1019 2433 1287 2488 dixerunt
1313 2432 1459 2506 inter
1486 2445 1542 2483 se
1570 2428 1897 2506 conveniant
1920 2446 1941 2506 ,-_
1959 2434 2008 2480 et
2038 2439 2168 2506 quo-

579 2509 739 2563 modo
767 2498 833 2561 ab
867 2507 964 2559 illo
997 2506 1112 2558 loco
1142 2501 1662 2574 digrediuntur,ubi
1689 2500 1879 2553 turbas
1908 2498 1971 2552 de
1999 2498 2168 2568 quin—

579 2597 680 2652 que
709 2579 946 2649 panibus
977 2578 1158 2647 pavit.

577 2687 666 2741 99.
689 2685 965 2756 Sequitur
992 2681 1394 2746 Mattheus,et
1426 2678 1567 2733 dicit
1602 2695 1615 2732 :
1653 2680 1714 2733 Et
1741 2677 1969 2731 dimissa
1998 2674 2169 2729 turba

506 2776 749 2832 ascendit
782 2776 839 2829 in
872 2776 1109 2827 montem
1140 2771 1285 2825 solus
1322 2785 1504 2823 orare.
1536 2770 1759 2839 Vespere
1787 2770 1969 2820 autem
1997 2767 2165 2842 facta,

506 2867 653 2921 solus
678 2868 795 2919 erat
820 2862 1181 2917 ibimavicula
1209 2864 1395 2913 autem
1420 2860 1479 2911 in
1499 2856 1679 2912 medio
1695 2853 2169 2924 marijactabatur

506 2954 807 3028 ﬂuctibus;
840 2957 962 3006 erat
991 2952 1141 3005 enim
1172 2951 1480 3003 contrarius
1508 2954 1717 3001 ventus.
1754 2945 1957 3012 Quarta
1983 2950 2167 2997 autem

503 3044 694 3115 vigilia
718 3042 893 3096 noctis
916 3040 1067 3094 venit
1089 3038 1158 3092 ad
1177 3054 1262 3093 eos
1286 3036 1580 3091 ambulans
1601 3051 1768 3106 supra
1791 3048 1962 3088 mare.
1994 3034 2057 3086 Et
2078 3033 2166 3086 vi-

502 3135 683 3189 dentes
700 3148 829 3186 eum
850 3146 1016 3199 supra
1038 3143 1191 3182 mare
1212 3127 1589 3181 ambulantem
1606 3124 1813 3179 turbati
1832 3122 2166 3192 sunt,dieen-

504 3232 577 3280 tes
602 3223 783 3289 :Ouia
813 3220 1141 3291 phantasma
1172 3221 1609 3286 est,etc.,usque
1644 3214 1715 3267 ad
1745 3212 1888 3267 illud
1925 3211 2025 3266 ubi
2059 3210 2161 3276 ait,

506 3309 772 3364 Venerunt
792 3312 839 3360 et
859 3304 1228 3359 adoraverunt
1246 3316 1367 3355 eum
1392 3300 1631 3354 dicentes
1669 3316 1681 3353 :
1722 3298 1845 3352 Vere
1864 3299 2039 3352 Filius
2068 3297 2166 3350 Dei

500 3414 556 3453 es
576 3398 790 3466 (Matth.
818 3410 932 3461 xw,
966 3392 1178 3461 23-33).
1214 3391 1443 3445 Marcus
1466 3404 1701 3459 quoque
1724 3387 1830 3441 hoc
1852 3387 2005 3441 idem
2032 3395 2164 3457 post

506 3489 809 3541 narratum
833 3484 901 3537 de
925 3483 1187 3553 quinque
1216 3480 1469 3552 panibus
1494 3476 1841 3533 miraculum
1866 3476 1947 3530 ita
1972 3476 2160 3547 sequi-

504 3581 603 3629 tur
637 3590 649 3628 :
683 3576 745 3627 Et
780 3589 901 3627 cum
938 3586 1057 3626 sero
1088 3579 1245 3635 esset,
1279 3572 1396 3623 erat
1426 3568 1589 3622 navis
1620 3568 1675 3620 in
1708 3566 1885 3621 medio
1914 3567 2082 3631 mari,
2108 3572 2161 3619 et

503 3666 617 3735 ipse
641 3663 786 3718 solus
818 3662 874 3715 in
901 3663 1069 3714 terra.
1105 3659 1168 3712 Et
1189 3658 1377 3712 videns
1414 3672 1501 3711 cos
1540 3657 1850 3710 laborantes
1890 3673 1949 3709 τη
1990 3657 2163 3710 remi-

500 3752 828 3820 gando,crat
847 3752 994 3805 enim
1018 3752 1207 3804 ventus
1228 3748 1539 3803 contrarius
1561 3745 2159 3811 eis,etc.(lllarc.v1,47-

496 3840 916 3911 5’1),similiter,
946 3838 1057 3892 nisi
1088 3837 1239 3909 quod
1268 3838 1339 3890 de
1361 3841 1529 3890 Petro
1554 3851 1730 3905 super
1750 3851 1928 3905 aquas
1949 3836 2155 3889 ambu-

495 3931 655 3987 lante
680 3928 823 3984 nihil
849 3927 1138 3983 dixit.Hoc
1160 3930 1355 3982 autem
1381 3942 1451 3980 ne
1465 3929 1694 3979 moveat
1709 3925 2154 3994 prmcavendum

497 4025 607 4087 est,
642 4019 794 4091 quod
823 4022 1050 4073 Marcus
1074 4015 1311 4070 dixitde
1355 4014 1624 4081 Domino,
1655 4029 1787 4066 cum
1826 4012 2158 4069 ambularet

492 4126 672 4181 super
696 4112 963 4179 aquas,et
984 4104 1210 4162 volebat
1234 4104 1525 4175 praeterire
1547 4103 1974 4165 eos.Quomodo
1996 4103 2151 4157 enim

491 4200 601 4254 hoc
624 4196 945 4267 intelligere
969 4192 1421 4265 potuerunt,nisi
1451 4192 1588 4263 quia
1609 4192 1665 4245 in
1692 4192 1983 4245 diversum
2010 4193 2149 4280 ibat,

493 4305 591 4342 eos
616 4286 815 4341 volens
838 4292 1118 4355 tanquam
1158 4283 1377 4337 alienos
1418 4281 1735 4352 praeterire,
1770 4280 2037 4347 aquibus
2070 4281 2152 4337 ita

497 4394 613 4432 non
641 4375 1161 4446 agnoscebatur,ut
1185 4372 1535 4443 phantasma
1556 4369 2052 4440 putaretur?Quod
2078 4372 2147 4425 ad

489 4466 801 4539 mysticam
827 4461 1315 4534 significationem
1340 4459 1561 4526 referri,
1596 4458 1729 4530 quis
1770 4474 1956 4529 usque
2005 4462 2147 4516 adeo

488 4556 695 4611 tardus
719 4559 828 4622 est,
859 4557 922 4607 ut
946 4552 1090 4607 nolit
1112 4548 1437 4606 advertere?
1462 4549 1567 4602 Sed
1594 4552 1788 4601 tamen
1812 4547 2061 4603 turbatis
2092 4552 2148 4603 et

489 4642 953 4699 exclamantibus
977 4636 1888 4707 subvenit,dicens,Conﬁdite.ego
1908 4653 2145 4698 summo-

488 4734 582 4788 lile
603 4732 1127 4795 timere.Quomodo
1151 4746 1285 4801 ergo
1311 4745 1410 4784 eos
1432 4726 1660 4782 volebat
1677 4725 2142 4797 prmterire,quos

490 4828 765 4895 paventes
791 4824 872 4878 ita
903 4824 1230 4887 confirmat,
1256 4820 1366 4874 nisi
1395 4818 1534 4890 quia
1566 4816 1665 4871 ilia
1694 4814 1965 4871 voluntas
1996 4834 2139 4887 pra:-

485 4912 751 4967 tereundi
790 4913 858 4966 ad
890 4911 1244 4967 eliciendum
1293 4908 1459 4963 illum
1518 4905 1831 4961 clamorem
1891 4904 2136 4976 valebat,

486 5001 578 5056 cui
612 5000 908 5055 subveniri
940 4997 1280 5073 oportebat!

559 5091 678 5146 100.
708 5090 961 5145 Joannes
992 5090 1169 5145 etiam
1202 5089 1395 5144 adhuc
1427 5103 1559 5142 cum
1594 5084 1727 5139 istis
1763 5083 2133 5155 aliquantum

482 5179 1002 5236 immoratur.Nam
1027 5183 1158 5249 post
1179 5181 1480 5233 narratum
1507 5178 1576 5231 de
1599 5174 1856 5245 quinque
1885 5174 2134 5245 panibus

480 5268 858 5333 miraculum,
893 5269 1017 5338 ipse
1041 5284 1271 5339 quoque
1294 5268 1402 5322 hoc
1422 5267 1491 5321 de
1512 5264 1816 5319 laborante
1842 5264 2130 5335 navicula,

479 5366 534 5416 et
555 5362 625 5416 de
643 5358 1046 5416 ambulatione
1063 5357 1295 5413 Domini
1314 5373 1490 5427 super
1509 5371 1689 5425 aquas
1707 5370 1821 5409 non
1852 5358 2024 5423 tacet,
2050 5355 2131 5411 ita

480 5449 824 5522 contexens}:
838 5451 991 5505 Jesus
1008 5464 1134 5517 ergo
1152 5464 1277 5503 cum
1297 5447 1622 5515 cognovisset
1644 5445 1775 5515 quia
1800 5446 2025 5499 venturi
2043 5462 2129 5502 es-

478 5546 687 5606 sent,ut
717 5548 979 5612 raperent
1008 5539 1210 5604 eum,el
1237 5539 1492 5610 facerent
1514 5552 1638 5592 eum
1658 5550 1838 5605 regem
1856 5537 2002 5605 fugit
2033 5538 2129 5594 ile-

478 5646 606 5685 rum
635 5632 695 5684 in
727 5634 961 5686 montem
991 5632 1103 5701 ipse
1134 5629 1301 5684 solus.
1332 5627 1394 5683 Ut
1424 5629 1606 5681 autem
1634 5640 1755 5681 sero
1780 5626 1985 5693 factum
2027 5635 2126 5700 est,

479 5719 873 5776 descenderunt
902 5721 1167 5794 discipuli
1193 5720 1310 5792 ejus
1340 5717 1410 5774 ad
1438 5719 1672 5773 marezet
1698 5731 1823 5771 cum
1850 5718 2125 5774 ascendis-

1258 321 1359 380 DE
1403 314 1812 378 CONSENSU
1853 306 2595 380 EVANGELISTAHUM,
2642 309 2706 368 S.
2752 307 3178 371 AUGUSTINI

3767 316 3928 375 1128

2280 446 2401 495 sent
2424 455 2641 507 navem,
2672 448 2937 495 venerunt
2966 445 3123 497 trans
3150 458 3305 498 mare
3334 444 3396 499 in
3423 443 3832 516 Capharnaum.
3864 449 3931 504 Et

2278 532 2517 586 tenebrae
2540 531 2658 601 jam
2689 531 2857 600 facta?
2885 536 3120 599 erant,et
3148 548 3257 587 non
3287 539 3507 589 venerat
3536 535 3607 589 ad
3636 553 3724 592 eos
3753 539 3931 594 Iesus.

2274 620 2428 673 Mare
2476 627 2658 673 autem
2715 624 2872 675 vento
2929 638 3126 691 magno
3180 624 3350 691 ﬂante
3406 627 3753 694 cxsurgebat,
3815 632 3930 683 etc.

2279 709 2455 778 (Joan.
2490 708 2958 778 v1,15-21).Niliil
2992 709 3085 763 hic
3114 711 3471 767 contrarium
3501 714 3680 769 videri
3715 720 3932 786 potest,

2277 796 2390 851 nisi
2423 798 2577 867 quod
2613 797 2916 853 Matthasus
2949 798 3212 856 dimissis
3243 801 3431 856 turbis
3458 819 3590 858 eum
3630 804 3784 859 dicit
3841 823 3935 861 as-

2278 886 2545 941 cendisse
2578 887 2635 941 in
2670 891 2949 955 montem,
2975 894 3041 942 ut
3070 888 3187 943 illic
3222 890 3383 945 solus
3413 897 3603 948 oraret
3634 894 3935 951 :Joannes

2279 975 2555 1046 autem,in
2590 980 2786 1031 monte
2818 976 3158 1048 fuisse,cum
3192 978 3410 1034 eisdem
3442 982 3630 1036 turbis
3661 984 3734 1038 de
3764 985 3939 1055 quin-

2280 1081 2391 1135 que
2422 1064 2672 1135 panibus
2705 1065 2863 1137 pavit
2894 1067 3047 1120 ‘.Sed
3080 1082 3213 1121 cum
3246 1074 3301 1123 et
3328 1067 3451 1139 ipse
3480 1070 3737 1127 Joannes
3778 1072 3938 1129 dicat

2279 1157 2410 1225 post
2440 1153 2579 1208 illud
2612 1153 2961 1210 miraculum
2993 1156 3213 1228 fugisse
3242 1174 3377 1214 eum
3407 1158 3465 1214 in
3495 1165 3779 1229 montem,
3801 1180 3873 1219 ne
3903 1182 3935 1219 a

2281 1242 2470 1299 turbis
2496 1248 2812 1313 teneretur,
2847 1262 2974 1316 quas
3007 1262 3139 1300 eum
3170 1246 3441 1303 volebant
3471 1264 3666 1321 regem
3701 1251 3933 1320 facere;

2280 1331 2483 1403 utique
2515 1333 2892 1389 manifestum
2924 1339 3015 1389 est
3046 1336 3200 1405 quod
3230 1337 3300 1391 de
3331 1341 3525 1393 monte
3556 1338 3614 1393 in
3664 1340 3939 1411 planiora

2281 1421 2685 1491 descederant,
2719 1423 2954 1494 quando
2984 1422 3070 1477 illi
3120 1441 3301 1496 panes
3360 1426 3550 1482 turbis
3607 1429 3937 1485 ministrati

2282 1511 2512 1565 sunt.Et
2539 1510 2667 1566 ideo
2700 1528 2813 1566 non
2847 1516 2934 1566 est
2960 1513 3317 1568 contrarium
3337 1516 3491 1585 quod
3510 1518 3781 1572 ascendit
3806 1537 3937 1575 rur-

2282 1615 2384 1653 sus
2416 1599 2472 1652 in
2505 1604 2784 1667 montem,
2818 1601 2969 1656 sicut
3002 1606 3057 1655 et
3088 1603 3398 1659 Matthasus
3429 1608 3485 1659 et
3528 1609 3791 1664 Joannes
3849 1609 3938 1664 di-

2281 1692 2422 1742 cunt
2454 1706 2466 1743 :
2498 1689 2608 1743 nisi
2642 1690 2793 1759 quod
2831 1690 3140 1747 Mattheus
3170 1692 3330 1761 dicit,
3364 1695 3634 1763 ascendit;
3676 1697 3939 1755 Joannes

2282 1782 2499 1843 autem,
2529 1781 2717 1849 fugit:
2754 1780 2907 1850 quod
2952 1788 3103 1835 esset
3154 1783 3534 1852 contrarium,
3593 1785 3640 1841 si
3703 1786 3941 1859 fugiens

2280 1884 2396 1921 non
2429 1869 2915 1924 ascenderet.Nec
2946 1869 3089 1924 illud
3123 1877 3411 1943 repugnat
3441 1875 3593 1944 quod
3626 1877 3941 1933 Matthmus

2278 1957 2443 2024 dixit,
2477 1958 2722 2012 ascendit
2754 1960 2807 2011 in
2841 1968 3078 2015 montem
3105 1960 3255 2016 solus
3283 1977 3484 2023 orare;
3519 1963 3781 2020 Joannes
3830 1983 3935 2021 au-

2276 2050 2418 2112 tem,
2452 2046 2584 2101 Cum
2614 2050 2961 2118 cognovisset,
2996 2048 3209 2121 inquit,
3243 2052 3372 2120 quia
3402 2054 3623 2107 venturi
3647 2064 3849 2119 essent,
3879 2060 3938 2109 ut

2274 2138 2521 2206 facerent
2545 2154 2671 2191 eum
2704 2153 2906 2205 regem,
2936 2140 3082 2208 fugit
3111 2140 3313 2193 iterum
3340 2142 3398 2195 in
3428 2148 3671 2196 montem
3702 2145 3822 2214 ipse
3847 2161 3934 2198 so-

2277 2226 2380 2281 lus.
2414 2230 2609 2296 Neque
2638 2225 2791 2281 enim
2828 2243 3013 2281 caussa
3046 2228 3252 2282 orandi
3285 2231 3577 2285 contraria
3606 2236 3696 2286 est
3754 2249 3935 2288 causa

2275 2315 2534 2385 fugiendi
2571 2333 2583 2370 :
2618 2315 3093 2387 quandoquidem
3141 2321 3198 2371 et
3227 2317 3364 2373 hinc
3396 2318 3703 2387 Dominus,
3735 2325 3933 2377 trans-

2276 2405 2536 2476 ﬁgurans
2568 2404 2623 2458 in
2658 2422 2720 2460 se
2750 2421 2961 2475 corpus
2994 2404 3345 2462 humilitatis
3377 2415 3612 2476 nostra,
3674 2414 3739 2464 ut
3792 2428 3931 2466 con-

2276 2494 2458 2547 forme
2512 2494 2723 2548 taceret
2756 2494 2979 2565 corpori
3015 2494 3213 2566 gloriae
3244 2512 3361 2551 sua:
3392 2497 3662 2569 (Philipp.
3697 2516 3788 2568 ni,
3817 2500 3932 2569 21),

2274 2583 2331 2637 id
2364 2599 2596 2654 quoque
2628 2583 2891 2647 docebat,
2925 2583 3077 2637 hanc
3109 2600 3238 2640 esse
3269 2586 3437 2641 nobis
3472 2604 3748 2657 magnam
3791 2606 3933 2643 cau-

2274 2690 2397 2728 sam
2430 2672 2657 2741 orandi,
2692 2672 2927 2743 quando
2960 2677 3049 2727 est
3080 2690 3259 2728 causa
3289 2674 3573 2745 fugiendi.
3606 2676 3721 2731 Nec
3782 2677 3933 2733 illud

2275 2764 2581 2817 adversum
2616 2765 2725 2830 est,
2760 2762 2911 2833 quod
2941 2762 3247 2818 Matthaaus
3278 2763 3443 2833 prius
3464 2779 3596 2819 eum
3628 2766 3778 2820 dixit
3800 2768 3933 2836 jus-

2273 2852 2422 2908 sisse
2452 2851 2772 2923 discipulos
2805 2852 3115 2907 ascendere
3147 2853 3203 2906 in
3232 2853 3585 2919 naviculam,
3618 2859 3675 2909 et
3706 2872 3930 2926 prrce-

2273 2942 2406 2996 dere
2436 2959 2569 2998 eum
2603 2946 2766 2996 trans
2795 2942 3028 3009 fretum,
3062 2942 3246 2997 donec
3276 2942 3597 2998 dimitteret
3626 2945 3932 3010 tnrbas,ac

2271 3032 2480 3086 deinde
2511 3031 2775 3086 dimissis
2806 3031 2996 3085 turbis
3026 3032 3364 3087 ascendisse
3388 3032 3711 3089 tumentem
3732 3034 3928 3091 solum

2270 3139 2468 3187 orare;
2500 3122 2753 3177 Joannes
2776 3137 2910 3176 vero
2942 3120 3105 3192 prius
3137 3137 3270 3177 eum
3304 3122 3525 3194 fugisse
3565 3140 3926 3180 commemo-

2269 3215 2360 3265 rat
2391 3211 2580 3266 solum
2613 3211 2671 3265 in
2706 3214 2983 3275 montem,
3013 3225 3079 3266 ac
3104 3210 3334 3279 deinde,
3370 3214 3433 3269 Ut
3462 3220 3643 3267 autem
3663 3229 3786 3268 sero
3836 3216 3922 3283 fa-

2265 3303 2415 3355 ctum
2440 3300 3155 3370 est,inquit,desceniterunt
3184 3301 3447 3372 discipuli
3471 3303 3594 3372 ejus
3626 3302 3697 3357 ad
3728 3320 3925 3365 mare;

2265 3394 2315 3445 et
2343 3408 2466 3445 cum
2490 3390 2853 3445 ascendissent
2877 3391 3355 3456 navem,etc.Quis
3387 3390 3543 3447 enim
3576 3408 3691 3447 non
3726 3392 3924 3447 videat

2266 3481 2375 3535 hoc
2399 3478 2837 3550 recapitulando
2868 3479 3151 3534 Joannem
3186 3485 3389 3551 postea
3428 3480 3643 3536 dixisse
3698 3482 3919 3537 factum

2265 3588 2299 3626 a
2328 3568 2658 3640 discipulis,
2692 3569 2845 3639 quod
2874 3570 2999 3639 jam
3048 3568 3222 3624 Jesus
3276 3572 3536 3640 jusserat
3596 3576 3923 3643 antequam

2265 3661 2512 3730 fugisset
2528 3660 2585 3713 in
2608 3659 3051 3725 montem;sicut
3068 3658 3214 3713 solet
3229 3658 3288 3713 iu
3309 3675 3579 3714 sermone
3597 3661 3667 3715 ad
3686 3660 3919 3732 aliquid

2264 3749 2722 3822 praetermissum
2757 3748 2930 3802 rediri
2965 3748 3440 3819 quodammodo?
3467 3748 3577 3804 Sed
3610 3751 3752 3820 quia
3793 3751 3923 3822 ipse

2263 3840 2505 3904 reditus,
2538 3838 2790 3893 maxime
2820 3838 2877 3891 in
2908 3838 3185 3892 brevitate
3232 3855 3298 3893 ac
3355 3843 3570 3908 puncto
3627 3843 3917 3910 temporis

2263 3929 2471 3992 factus,
2506 3944 2618 3981 non
2649 3931 3404 3998 commemoratur;putant
3435 3927 3782 4000 plerumque
3814 3930 3914 4001 qui

2260 4016 2647 4080 audiunt,hoc
2675 4015 2846 4069 etiam
2882 4021 3082 4086 postea
3114 4015 3332 4071 factum
3364 4033 3493 4072 esse
3523 4018 3676 4087 quod
3709 4024 3915 4089 postea

2258 4106 2593 4161 dicitur.Sic
2624 4106 2799 4160 etiam
2833 4120 2980 4174 quos
3007 4105 3233 4160 dixerat
3261 4107 3597 4162 ascendisse
3620 4112 3918 4169 navem,et

2257 4196 2485 4251 venisse
2516 4203 2679 4249 trans
2711 4210 2871 4249 mare
2900 4193 2959 4247 in
2985 4194 3569 4265 Capharnaum,dicit
3599 4197 3671 4250 ad
3702 4212 3803 4251 eos
3854 4198 3911 4251 in

2258 4285 2401 4341 mari
2462 4284 2793 4338 laborantes
2851 4284 3079 4339 venisse
3140 4285 3449 4339 Dominum
3498 4285 3911 4341 ambulantem

2256 4390 2431 4443 super
2482 4388 2666 4442 aquas
2701 4388 2714 4425 :
2768 4372 2919 4442 quod
2956 4371 3156 4442 utique
3188 4373 3349 4444 prius
3379 4373 3438 4427 in
3477 4373 3610 4446 ipsa
3668 4374 3911 4446 naviga-

2252 4464 2409 4519 tione
2444 4467 2553 4526 est,
2585 4478 2699 4532 qua
2727 4460 3038 4515 veniebant
3067 4462 3456 4532 Capharnum.

2325 4552 2417 4606 101
2434 4558 2637 4605 .Lucas
2660 4554 2853 4604 autem
2882 4554 3013 4620 post
3035 4555 3335 4606 narratum
3360 4552 3430 4606 de
3452 4550 3719 4622 quinque
3741 4553 3910 4623 pani-

2249 4642 2361 4696 bus
2384 4639 2731 4695 miraculum
2757 4640 3015 4709 pergitin
3033 4640 3360 4705 aliud,etab
3374 4640 3575 4695 ordine
3592 4640 3707 4696 isto
3721 4641 3913 4713 digre-

2248 4732 2634 4802 ditur.Neque
2666 4729 2818 4783 enim
2853 4728 3077 4800 aliquid
3111 4730 3180 4785 de
3211 4730 3480 4785 navicula
3510 4730 3611 4785 illa
3642 4747 3906 4786 comme~

2248 4827 2458 4887 morat,
2518 4825 2574 4873 et
2626 4820 2696 4873 de
2752 4818 2843 4872 via
2902 4819 3131 4874 Domini
3162 4835 3338 4890 super
3366 4836 3552 4891 aquas
3586 4838 3599 4875 :
3634 4820 3737 4876 sed
3770 4836 3905 4875 cum

2246 4912 2492 4966 dixisset
2518 4928 2529 4965 :
2550 4912 2613 4964 Et
2631 4908 3102 4963 manducaverunt
3122 4918 3383 4977 omnes,et
3399 4911 3640 4964 saturati
3666 4918 3825 4979 sunt,
3856 4916 3907 4965 et

2242 5003 2520 5057 sublatum
2541 5008 2617 5055 est
2637 4998 2777 5071 quod
2796 5000 3067 5068 superfuit
3084 4999 3198 5055 illis
3214 4999 3347 5071 frag
3357 5003 3661 5055 mentorum
3680 5000 3909 5071 cophini

2242 5090 2563 5151 duodecim;
2593 5087 2801 5143 deinde
2832 5087 3227 5157 subjunxit,Et
3254 5090 3459 5158 factum
3488 5093 3724 5153 est,cum
3750 5089 3899 5143 solus

2241 5189 2374 5237 esset
2399 5196 2585 5247 orans,
2609 5180 2764 5233 erant
2790 5192 2914 5233 cum
2933 5178 3034 5231 illa
3061 5184 3111 5233 et
3138 5177 3418 5248 discipuli,
3440 5187 3495 5233 et
3522 5180 3897 5248 interrogavit

2240 5270 2369 5326 illos
2400 5271 2582 5326 dicens
2614 5286 2627 5325 :
2663 5270 2833 5337 Quem
2861 5282 2948 5322 me
2975 5266 3161 5323 dicunt
3195 5284 3311 5324 esse
3364 5269 3543 5325 turbae
3599 5270 3754 5337 (Luc.
3820 5286 3890 5328 ix.

2238 5360 2328 5430 17,
2364 5358 2493 5433 18)?
2514 5361 2641 5431 jam
2674 5357 2948 5429 deinceps
2979 5356 3135 5414 aliud
3169 5375 3435 5429 narrans,
3469 5376 3589 5416 non
3620 5359 3780 5430 quod
3814 5357 3896 5414 illi

2302 5544 2318 5578 1
2354 5542 2436 5592 Sic
2465 5541 2519 5589 in
2555 5540 2757 5602 aliquot
2782 5538 3023 5589 melioris
3053 5544 3193 5591 nota:
3224 5541 3425 5593 Mss.At
3454 5542 3509 5591 in
3539 5540 3659 5590 aliis
3688 5538 3903 5602 duode-

2237 5606 2340 5656 cim
2370 5606 2496 5653 Mss.
2529 5601 2774 5663 habetur,
2806 5603 2863 5651 in
2894 5610 3061 5652 monte
3084 5606 3258 5665 luisse,
3288 5622 3401 5655 cum
3450 5603 3654 5655 easdem
3724 5601 3907 5651 turbas

2239 5670 2302 5718 de
2329 5668 2683 5733 quinque,etc.
2716 5668 2775 5733 in
2811 5666 2970 5733 editis
3003 5673 3182 5733 autem
3220 5670 3305 5719 Er.
3337 5676 3390 5721 et
3412 5671 3557 5731 Lov.,
3591 5668 3643 5718 in
3678 5669 3905 5716 montem

2231 5728 2447 5797 fugisse,
2470 5728 2590 5781 eum
2624 5728 2799 5779 turbas
2836 5728 2898 5779 de
2924 5730 3163 5796 quinque,
3198 5737 3296 5784 etc.
