4108 6188
197 342 355 401 1137

192 474 480 532 Dominus
510 472 738 539 dixerit,
773 472 873 528 sed
929 474 992 527 ut
1024 471 1147 542 ipse
1178 469 1346 525 nobis
1396 468 1725 525 insinuaret
1751 470 1845 521 ta-

196 565 313 619 cito
346 564 579 619 nomine
610 562 791 616 fuisse
824 561 1139 632 quemdam
1189 561 1247 614 in
1280 557 1532 621 civitate,
1564 557 1635 611 ad
1667 572 1839 626 quem

194 652 428 709 Domini
482 650 754 721 discipuli
806 650 1205 713 mittebantur,
1242 652 1306 700 ut
1354 651 1681 718 praeparent
1714 650 1844 699 Pas-

195 742 326 797 cha.
361 749 443 795 Ac
474 740 557 794 sic
591 744 719 810 post
750 738 900 792 hanc
932 754 998 793 ex
1029 753 1278 808 persona
1308 752 1413 790 sua
1446 733 1847 805 interpositio-

194 848 331 886 nem
366 832 615 884 duorum
670 829 1003 893 verborum,
1054 824 1319 896 sequitur
1350 824 1614 878 ordinem
1647 823 1846 876 verbo-

196 938 330 976 rum
379 918 610 974 Fomini
662 917 928 981 dicentis,
962 918 1022 970 Et
1070 915 1237 970 dicite
1284 915 1355 981 ei,
1403 915 1656 983 Magister
1694 913 1845 966 dicit.

196 1013 329 1065 Jam
364 1009 518 1064 enim
552 1007 601 1062 si
653 1023 901 1078 qumras,
936 1005 1089 1060 Cui?
1138 1009 1289 1058 recte
1323 1005 1725 1074 respondetur,
1762 1000 1849 1054 Illi

198 1100 435 1155 cuidam
468 1095 715 1164 homini,
740 1096 811 1150 ad
848 1111 1021 1165 quem
1054 1094 1288 1149 misisse
1314 1092 1636 1147 insinuavit
1666 1092 1848 1145 Evan-

193 1188 427 1261 gelista,
480 1202 614 1241 cum
675 1201 743 1239 ex
795 1200 1045 1256 persona
1094 1200 1202 1238 sua
1252 1182 1721 1253 interposuisset,
1782 1179 1853 1233 ad

194 1275 486 1348 quemdam
514 1292 532 1327 :
568 1274 765 1328 minus
817 1272 1057 1344 quidem
1108 1271 1326 1326 usitata
1358 1270 1592 1339 locutio,
1626 1269 1724 1324 sed
1758 1273 1851 1322 ta-

199 1381 336 1421 men
387 1364 471 1419 sic
520 1362 814 1418 intellecta
863 1361 1238 1432 integerrima
1268 1364 1395 1423 est;
1448 1365 1548 1414 aut
1596 1358 1643 1413 si
1680 1358 1853 1412 habet

198 1453 419 1525 aliquid
457 1451 827 1523 proprietatis
862 1450 1090 1505 hebraea
1122 1449 1341 1519 lingua,
1370 1466 1485 1519 qua
1519 1448 1855 1519 perhibetur

199 1542 511 1613 scripsisse
528 1539 854 1605 Mattheus,
874 1542 937 1591 ut
967 1538 1141 1593 etiam
1164 1542 1349 1591 totum
1379 1554 1445 1590 ex
1474 1552 1721 1608 persona
1741 1535 1855 1589 Do-

200 1629 350 1685 mini
382 1629 604 1685 dictum
626 1627 934 1683 locutionis
963 1626 1295 1697 integritate
1328 1642 1439 1680 non
1473 1625 1857 1690 careat,vide-

201 1720 324 1773 rint
356 1718 455 1790 qui
481 1716 951 1772 noverunt.Sane
982 1715 1063 1771 ita
1082 1720 1279 1787 posset
1308 1715 1482 1770 etiam
1518 1713 1695 1769 latine
1720 1713 1856 1780 dici,

202 1808 253 1862 si
272 1808 588 1876 diceretur,
614 1806 694 1860 Ite
718 1805 775 1859 in
800 1805 1090 1859 civitatem
1115 1805 1182 1858 ad
1212 1806 1549 1875 quemdam,
1572 1819 1743 1874 quem
1765 1820 1859 1857 vo-

201 1897 297 1953 bis
321 1894 807 1951 demonstraverit
828 1893 1002 1948 homo
1027 1892 1127 1963 qui
1164 1893 1345 1963 vobis:
1365 1892 1680 1947 occurrerit
1703 1892 1855 1962 lage-

204 2002 345 2041 nam
372 1987 791 2055 aquzeportans
811 1999 824 2037 :
847 1982 955 2036 hoc
982 1983 1151 2036 modo
1176 1983 1395 2050 iubenti
1424 1983 1549 2035 sine
1577 1980 1860 2048 ambigui-

201 2080 326 2130 tate
354 2078 547 2143 posset
569 2070 1161 2142 obtemperari.Velut
1184 2070 1361 2124 etiam
1385 2070 1431 2123 si
1456 2069 1782 2133 diceret,lte
1802 2069 1857 2122 in

205 2163 505 2218 civitatem
528 2161 593 2215 ad
619 2160 932 2231 quemdam
957 2159 1055 2230 qui
1073 2166 1266 2213 manet
1286 2156 1384 2212 illo
1399 2161 1497 2211 aut
1519 2156 1617 2210 illo
1640 2156 1859 2225 loco,in

204 2251 306 2306 tali
345 2248 429 2303 vel
460 2248 562 2303 tali
588 2248 799 2315 domo;
833 2264 967 2301 cum
990 2245 1486 2317 expressioneloci
1511 2250 1561 2300 et
1586 2245 1861 2315 designa-

201 2341 367 2395 tione
389 2339 632 2401 domus;
659 2340 857 2408 posset
878 2334 1148 2406 intelligi,
1166 2340 1363 2407 posset
1385 2335 1528 2388 fieri.
1548 2334 1647 2389 His
1667 2338 1860 2389 autem

1580 333 1811 394 LIBER
1852 333 2219 395 TERTIUS.

3448 338 3602 397 “58

1954 472 2129 538 atque
2148 468 2483 539 hujusmodi
2504 469 2721 525 caeteris
2739 470 2931 525 tacitis
2963 469 3193 524 indiciis
3212 469 3311 541 qui
3334 471 3495 537 dicit,
3524 476 3602 526 Ite

1957 558 2026 610 ad
2062 560 2401 628 quemdam,
2435 563 2491 612 et
2538 560 2712 614 dicite
2744 558 2815 629 ei,
2847 559 2974 613 ideo
3026 576 3140 613 non
3170 564 3360 630 potest
3389 560 3600 627 audiri,

1957 645 2095 715 quia
2136 654 2359 700 certum
2406 646 2656 718 aliquem
2692 647 2816 701 vult
2846 646 3115 718 intelligi,
3148 664 3282 702 cum
3337 648 3497 710 dicit,
3532 650 3602 703 ad

1958 734 2298 803 quemdam,
2333 739 2388 789 et
2419 752 2533 789 non
2567 736 2839 806 exprimit
2878 738 3171 807 quomodo
3203 736 3603 806 dignoscatur.

1958 823 2118 887 Quod
2152 823 2200 876 si
2233 840 2300 877 ex
2335 840 2581 894 persona
2616 824 2991 895 Evangelistze
3015 826 3232 879 dictum
3260 824 3401 878 illud
3426 826 3605 879 inter-

1960 914 2212 977 positum
2244 913 2661 981 acceperimus,
2695 914 2803 967 erit
2834 912 3068 985 quidem
3102 914 3447 968 necessitate
3479 915 3607 968 bre-

1959 1000 2154 1055 vitatis
2177 1001 2536 1055 subobscura
2563 1002 2797 1070 locutio,
2818 1003 2917 1056 sed
2942 1008 3137 1057 tamen
3174 1004 3415 1072 integra.
3443 1005 3607 1067 Quod

1962 1105 2090 1143 vero
2113 1089 2339 1144 Marcus
2367 1090 2632 1162 lagenam
2656 1091 2813 1151 dicit,
2832 1108 3008 1162 quam
3041 1096 3218 1145 Lucas
3237 1091 3604 1161 amphoram;

1960 1177 2056 1231 ille
2087 1179 2243 1233 vasis
2276 1195 2481 1250 genus,
2513 1180 2610 1233 ille
2645 1180 2883 1233 modum
2937 1180 3291 1251 signiﬁcavit
3319 1197 3331 1233 :
3363 1184 3609 1250 uterque

1962 1272 2155 1321 tamen
2189 1267 2489 1322 veritatem
2524 1269 2828 1323 sententiae
2860 1268 3190 1322 custodivit.

2037 1358 2157 1411 158.
2206 1358 2482 1427 Sequitur
2532 1357 2840 1411 Matthazus
2893 1374 2904 1411 :
2968 1359 3185 1427 Vespere
3232 1362 3422 1412 autem
3467 1361 3610 1427 facto

1964 1446 2334 1502 discumbebat
2365 1464 2490 1503 cum
2537 1448 2817 1502 duodecim
2865 1447 3196 1518 discipulis,-
3245 1453 3296 1503 et
3325 1449 3609 1503 edentibus

1965 1535 2107 1597 illis,
2142 1534 2287 1588 dixit.
2322 1553 2340 1589 :
2367 1537 2533 1589 Amen
2582 1535 2698 1587 diro
2731 1536 2898 1603 vobis,
2932 1538 3059 1605 quia
3091 1553 3235 1590 unus
3264 1546 3501 1591 uestrum
3532 1553 3618 1592 me

1967 1624 2280 1677 traditurus
2310 1634 2408 1677 est.
2440 1625 2503 1677 Et
2532 1627 2841 1679 contristati
2888 1624 3063 1689 valde,
3094 1629 3374 1695 στερένυηί
3402 1627 3616 1696 singuli

1965 1712 2149 1766 dicere
2178 1731 2196 1765 :
2226 1712 2499 1783 Numquid
2538 1729 2632 1782 ego
2660 1730 2802 1777 sum,
2858 1714 3125 1768 Domine?
3154 1720 3287 1777 etc.,
3324 1731 3508 1785 usque
3540 1716 3611 1769 ad

1967 1801 2108 1855 illud
2156 1801 2251 1855 ubi
2285 1802 2384 1867 ait,
2441 1802 2778 1871 Respondeas
2808 1808 2990 1857 autem
3039 1803 3207 1858 Iudas
3256 1805 3353 1875 qui
3380 1804 3615 1859 tradidit

1966 1908 2113 1955 eum,
2147 1890 2293 1945 dixit
2320 1909 2337 1945 :
2371 1891 2648 1961 Numquid
2693 1908 2788 1960 ego
2828 1910 2969 1955 sum,
3006 1893 3175 1947 Rabbi
3198 1892 3226 1946 ‘l
3255 1894 3341 1947 Ait
3375 1894 3462 1947 illi
3492 1912 3508 1947 :
3544 1896 3615 1947 Tu

1968 1980 2163 2035 dixisti
2194 1980 2417 2048 (Matth.
2470 1981 2867 2047 xxv1,20-25).
2929 1984 2988 2034 In
3038 1980 3131 2034 his
3173 1998 3299 2051 qua:
3350 1982 3616 2037 conside-

1968 2068 2152 2122 randa
2185 2084 2337 2122 nunc
2363 2069 2796 2140 pr0posuimus,
2826 2068 2969 2122 nihil
3002 2068 3246 2123 atterunt
3280 2070 3618 2140 quaestionis

1970 2156 2145 2211 etiam
2177 2157 2363 2210 caeteri
2409 2156 2803 2227 Evangelistaa,
2838 2157 2937 2227 qui
2988 2156 3127 2211 talia
3157 2164 3620 2214 commemorant

1974 2244 2163 2311 (Marc.
2196 2261 2309 2311 xw,
2366 2246 2532 2299 17-21
2570 2262 2583 2300 :
2618 2248 2743 2300 Luc.
2797 2263 2938 2314 χχιι,
2992 2247 3172 2311 14-23,
3207 2253 3256 2301 et
3298 2249 3459 2302 Joan.
3495 2265 3619 2313 xm,

1970 2334 2197 2403 21-27).

1428 2532 1795 2624 LIBER
1864 2530 2411 2623 TERTIUS.

208 2692 273 2739 In
306 2702 414 2753 quo
443 2686 900 2751 Evangelistarum
932 2699 963 2734 a
992 2698 1158 2734 C(BDtB
1189 2685 1492 2753 narratione
1523 2683 1587 2732 ad
1618 2682 1892 2753 Evangelii
1922 2682 2082 2753 ﬁnem
2129 2683 2434 2753 concordia,
2467 2684 2654 2733 collato
2686 2685 2842 2734 simul
2885 2686 3174 2749 ordineque
3206 2687 3408 2750 digesto
3440 2688 3624 2752 singu-

1447 2747 1621 2795 lorum
1651 2751 1923 2805 contextu,
1963 2746 2376 2795 demonstratur.

292 2949 615 3003 Pnomous.
647 2976 716 2985 ——
767 2946 815 2999 1.
847 2945 978 3000 Jam
1012 2943 1288 3016 quoniam
1324 2943 1585 2997 omnium
1622 2946 1873 3013 quatuor

213 3038 477 3094 narratio
510 3037 568 3090 in
600 3052 665 3091 eo
697 3038 961 3088 versatur
991 3033 1137 3098 loco,
1170 3033 1227 3086 in
1262 3048 1377 3103 quo
1410 3048 1642 3086 necesse
1663 3034 1750 3085 est
1771 3047 1869 3085 eos

216 3142 408 3197 usque
438 3126 494 3179 in
526 3126 700 3179 ﬁnem
734 3123 952 3195 pariter
1002 3121 1323 3190 ambulare,
1358 3138 1463 3176 nec
1496 3120 1747 3174 multum
1781 3120 1865 3173 di-

215 3216 383 3290 gredi
412 3216 483 3270 ab
511 3214 783 3281 invicem,
807 3212 995 3266 sicubi
1031 3214 1172 3265 forte
1190 3211 1341 3265 alius
1368 3210 1587 3281 aliquid
1620 3226 1871 3263 comme-

226 3307 440 3367 morat,
464 3304 616 3373 quod
643 3301 799 3356 aliud
826 3298 1213 3371 praetermittit
1237 3323 1251 3364 ς
1284 3299 1511 3352 videtur
1534 3298 1674 3351 mihi
1700 3314 1869 3368 expe-

213 3394 405 3448 ditius
437 3408 542 3445 nos
573 3392 977 3444 demonstrare
1024 3405 1192 3459 posse
1241 3388 1503 3441 omnium
1538 3385 1871 3457 Evangelia-

212 3494 414 3538 tarum
445 3479 931 3541 convenientiam,
964 3479 1014 3532 si
1046 3478 1117 3531 ab
1150 3477 1257 3531 hoc
1281 3478 1405 3546 jam
1448 3476 1572 3531 loco
1605 3476 1872 3530 omnium

216 3570 421 3627 omnia
438 3574 838 3636 contexamus,
868 3570 926 3621 et
961 3566 1017 3619 in
1038 3582 1213 3619 unam
1236 3565 1623 3619 narrationem
1648 3564 1877 3618 faciem-

220 3676 340 3733 que
364 3662 381 3694 ¹
413 3657 771 3729 digeramus.
805 3656 898 3710 Sic
929 3672 1065 3726 ergo
1097 3654 1348 3708 arbitror
1392 3652 1760 3707 commodius
1794 3655 1874 3706 fa-

220 3748 517 3818 ciliusque
543 3746 598 3799 id
624 3746 775 3816 quod
802 3744 1171 3808 suscepimus
1193 3742 1558 3813 explicari,ut
1581 3742 1877 3813 aggredia-

222 3834 768 3893 murnarrationem
785 3834 977 3887 omnia
991 3836 1671 3896 commemorantes,cum
1684 3847 1877 3885 eorum

223 3924 732 3997 Evangelistarum
766 3922 1157 3989 attestatione,
1190 3919 1287 3989 qui
1319 3936 1387 3974 ex
1418 3920 1511 3975 his
1560 3920 1836 3974 omnibus
1858 3920 1879 3953 ²

225 4017 483 4087 quisque
502 4013 657 4085 quod
681 4010 868 4083 potuit
888 4004 1158 4081 autquod
1184 4008 1877 4063 voluitcommemoravit:

226 4110 297 4160 ut
328 4110 525 4158 tamen
557 4102 627 4155 ab
671 4101 946 4155 omnibus
976 4100 1098 4153 haec
1130 4098 1330 4153 omnia
1367 4097 1719 4161 dicerentur,
1753 4113 1883 4167 quae

224 4191 759 4248 demonstrandum
795 4195 882 4243 est
911 4188 971 4242 in
1006 4188 1167 4241 nullo
1200 4185 1310 4240 sibi
1342 4202 1470 4240 esse
1500 4186 1808 4239 contraria.

227 4296 468 4353 CAPUT
497 4294 806 4351 PRIMUM.
832 4324 897 4333 —
930 4294 1004 4347 De
1033 4309 1182 4348 creua
1217 4293 1434 4346 Domini
1461 4300 1511 4347 et
1540 4291 1603 4346 de
1632 4307 1886 4362 expresso

307 4369 581 4424 traditore
609 4368 744 4438 ejus,
769 4366 1217 4438 quemadmodum
1244 4365 1389 4418 inter
1416 4380 1472 4419 se
1502 4368 1742 4433 quatuor
1759 4380 1884 4419 con-

307 4446 555 4496 veniant.

308 4548 364 4599 2.
401 4546 544 4601 Hinc
575 4544 752 4614 igitur
774 4541 1127 4613 incipiamus
1150 4540 1473 4595 secundum
1508 4540 1843 4594 Matthwum
1873 4557 1885 4594 :

231 4634 589 4693 Canantibus
620 4634 806 4686 autem
835 4633 935 4696 eis,
967 4631 1171 4701 accepit
1217 4630 1367 4685 Jesus
1394 4645 1616 4699 panem,
1647 4634 1698 4683 et
1729 4629 1876 4683 bene-

231 4725 409 4787 dixit,
440 4740 503 4776 ac
532 4724 719 4792 fregit,
751 4721 1007 4790 deditque
1030 4719 1318 4787 discipulis
1348 4720 1483 4781 suis,
1509 4726 1557 4772 et
1587 4720 1669 4772 ait
1701 4736 1716 4771 :
1750 4718 1893 4772 Acci-

229 4814 380 4885 pite,
416 4820 466 4865 et
494 4810 755 4865 comedite
775 4826 793 4870 ,·
828 4808 927 4862 hoc
957 4813 1035 4861 est
1065 4823 1257 4877 corpus
1292 4823 1473 4860 meum
1502 4807 1705 4875 (Matth.
1740 4824 1891 4871 xxvi,

232 4901 445 4970 20-26).
460 4899 585 4953 Haec
599 4904 655 4953 et
669 4899 898 4952 Marcus
912 4897 1217 4967 Lucaeque
1232 4900 1691 4948 commemerant
1708 4895 1891 4965 (Marc.

233 5006 359 5058 xxv,
400 4989 585 5051 17-22,
615 4996 665 5042 et
715 4988 841 5041 Luc.
896 5002 1033 5047 χχιι,
1072 4984 1279 5053 14-23).
1330 4984 1487 5046 Quod
1523 4983 1679 5039 enim
1713 4984 1897 5039 Lucas

234 5080 315 5134 de
334 5076 513 5133 calice
528 5076 617 5131 his
635 5074 1134 5139 commemoravit,
1160 5072 1323 5143 prius
1347 5078 1659 5141 antequam
1686 5089 1896 5141 panem

234 5170 430 5233 daret,
465 5165 672 5219 deinde
698 5168 1076 5234 posteaquam
1103 5177 1309 5231 panem
1344 5160 1542 5225 dedit;
1575 5159 1717 5214 illud
1746 5162 1898 5231 quod

238 5255 523 5327 superius
572 5254 735 5316 dixit,
788 5250 1211 5324 praeoccupavit
1256 5254 1318 5302 ut
1362 5247 1545 5314 solet;
1596 5249 1734 5303 illud
1768 5267 1899 5305 vero

238 5344 401 5417 quod
437 5341 637 5397 ordine
669 5358 776 5396 suo
819 5340 1037 5412 posuit,
1069 5355 1181 5393 non
1216 5344 1772 5392 commemoraverat
1803 5356 1903 5393 su-

240 5432 451 5507 perius
480 5448 493 5486 :
530 5435 848 5501 utrumque
869 5433 1065 5485 autem
1096 5427 1475 5499 conjunctum
1504 5426 1649 5481 hanc
1676 5433 1904 5482 senten-

315 5596 331 5629 ι
372 5593 527 5656 Apud
557 5594 671 5641 Rat.
703 5589 1214 5656 et_Er.,_seriem_que.

312 5658 333 5692 ³
363 5650 449 5706 Sic
478 5655 601 5703 Mss.
638 5658 701 5704 At
722 5653 849 5702 editi
882 5653 969 5701 Er.
1001 5656 1053 5701 et
1087 5650 1232 5709 Ιξονη
1264 5665 1379 5699 cum
1413 5650 1706 5699 earumdem
1740 5655 1904 5704 It'vun.

234 5720 553 5785 getistarum
581 5719 909 5768 attestatione
938 5715 1066 5779 quid
1094 5728 1155 5764 ea:
1184 5712 1285 5778 his,
1320 5719 1420 5764 etc.

1980 2942 2121 2996 tiam
2156 2942 2313 3007 facit,
2348 2959 2473 3014 quae
2506 2947 2562 2998 et
2609 2943 2840 2999 illorum
2875 2950 2982 3000 est.
3032 2946 3288 3001 Joannes
3322 2952 3519 3002 autem
3552 2947 3628 3004 de

1981 3048 2218 3101 corpore
2239 3038 2293 3086 et
2316 3034 2601 3103 sanguine
2624 3034 2852 3088 Domini
2886 3035 2993 3089 hoc
3024 3034 3146 3090 loco
3172 3035 3315 3090 nihil
3341 3036 3506 3101 dixit,
3524 3038 3625 3091 sed

1981 3119 2301 3191 planealibi
2322 3122 2502 3175 multo
2519 3122 2755 3176 uberius
2770 3122 3481 3179 hincllominumlocutum
3496 3141 3627 3181 esse

1980 3211 2263 3264 testatur‘
2291 3211 2558 3281 (Joan.v1,
2583 3212 2978 3280 33-64).Nunc
3001 3230 3131 3268 vero
3154 3230 3287 3267 cum
3318 3214 3624 3269 hominum

1982 3315 2014 3350 a
2044 3314 2206 3352 omna
2257 3298 2581 3353 surrexisse
2612 3305 2668 3352 et
2717 3301 2890 3369 pedes
2939 3302 3363 3372 discipulorum
3417 3303 3627 3358 lavisse

1983 3394 2522 3449 commemorasset,
2555 3390 2779 3442 reddita
2812 3390 2984 3444 etiam
3022 3392 3243 3447 ratione
3274 3409 3376 3445 cur
3405 3392 3488 3447 eis
3520 3392 3628 3447 hoc

1984 3476 2275 3543 fecerit,in
2310 3493 2425 3547 qua
2456 3477 2736 3532 Dominus
2754 3478 2943 3533 adhuc
2976 3478 3171 3534 clause
3202 3480 3632 3551 significaverat

1986 3581 2088 3635 per
2117 3564 2517 3619 testimonium
2544 3566 2955 3637 Scripturm,ab
2986 3585 3052 3622 eo
3086 3585 3145 3623 se
3177 3570 3325 3624 tradi
3350 3570 3446 3642 qui
3474 3586 3633 3624 man-

1987 3656 2227 3711 ducaret
2242 3658 2363 3726 ejus
2380 3674 2583 3727 panem
2604 3683 2617 3723 ;
2640 3659 2879 3712 venitad
2904 3660 3056 3714 hunc
3076 3659 3293 3725 locum,
3319 3678 3491 3732 quem
3516 3667 3631 3715 tres

1988 3745 2175 3799 caeteri
2211 3746 2428 3815 pariter
2458 3745 2763 3801 insinuant
2795 3764 2808 3802 :
2845 3748 2975 3801 Cum
3008 3750 3119 3803 haec
3148 3750 3393 3819 dixisset,
3422 3751 3631 3821 inquit,

1986 3836 2158 3901 Iesus,
2193 3835 2436 3888 turbatus
2467 3844 2544 3889 est
2574 3838 2796 3906 spiritu,
2819 3844 2867 3889 et
2896 3842 3227 3906 protestatus
3247 3842 3344 3901 est,
3376 3847 3425 3893 et
3453 3838 3595 3892 dixit
3614 3854 3631 3891 :

1990 3924 2177 3990 Amen,
2203 3940 2359 3977 amen
2390 3923 2512 3978 dico
2542 3925 2715 3989 vobis,
2745 3926 2879 3994 quia
2902 3942 3043 3978 unus
3064 3942 3136 3979 ex
3165 3928 3310 3980 vobis
3332 3928 3506 3981 tradet
3530 3942 3633 3980 me.

1991 4011 2681 4081 Aspiciebantergo,sicut
2712 4013 2861 4066 idem
2892 4014 3013 4083 ipse
3042 4014 3294 4069 Joannes
3318 4015 3638 4081 subnectit,

1994 4100 2061 4153 ad
2093 4102 2327 4155 invicem
2373 4100 2655 4171 discipuli,
2693 4101 3005 4155 haesitantes
3053 4103 3124 4157 de
3152 4119 3254 4173 quo
3298 4103 3503 4157 diceret
3535 4102 3636 4173 (Id.

1992 4205 2114 4253 xm,
2146 4190 2322 4257 2-32).
2358 4191 2418 4243 Et
2448 4189 2787 4249 contristati.
2813 4191 2965 4243 sicut
2987 4190 3295 4247 Mattheus
3325 4197 3380 4245 et
3410 4192 3641 4246 Marcus

1996 4277 2219 4345 dicunt,
2251 4287 2523 4348 cazperunt
2551 4279 2603 4333 ei
2630 4279 2961 4349 singillatim
2991 4279 3170 4335 dicere
3195 4302 3212 4335 :
3246 4281 3519 4351 Numquid
3548 4297 3641 4351 ego

1994 4371 2156 4421 sum?
2178 4368 2368 4437 Atipse
2389 4367 2713 4437 respondens
2728 4370 2831 4433 ait,
2857 4369 3007 4423 sicut
3029 4370 3135 4423 Mal
3150 4370 3335 4425 thasus
3358 4371 3643 4441 sequitur,

1999 4458 2105 4524 Qui
2120 4458 2341 4526 intingit
2366 4472 2579 4510 mecum
2601 4473 2825 4510 manum
2848 4459 2903 4511 in
2926 4460 3327 4528 paropside,hir
3346 4476 3431 4513 me
3450 4460 3645 4514 tradet.

2004 4546 2065 4598 Et
2096 4544 2358 4615 sequitur
2390 4545 2542 4598 idem
2576 4546 2878 4599 Matthaaus
2929 4547 3011 4600 ita
3042 4548 3395 4602 subnectens
3426 4564 3437 4600 :
3472 4548 3649 4604 Filius

2001 4633 2219 4704 quidem
2254 4634 2492 4687 hominis
2523 4635 2695 4699 vadit,
2728 4637 2870 4687 sicut
2900 4637 3163 4706 scriptum
3195 4641 3271 4690 est
3304 4637 3368 4690 de
3398 4638 3493 4691 illo
3522 4655 3539 4690 :
3571 4652 3649 4691 t'w

2003 4726 2193 4777 autem
2225 4723 2441 4777 homini
2473 4723 2580 4789 illi,
2605 4739 2704 4793 per
2733 4738 2890 4793 quem
2913 4725 3083 4778 Filius
3104 4726 3343 4780 hominis
3369 4725 3652 4781 tradetur!

2006 4812 2209 4866 bonum
2239 4820 2357 4865 erat
2383 4813 2439 4866 ei
2467 4814 2519 4865 si
2548 4820 2709 4865 natus
2749 4828 2857 4867 non
2887 4814 3082 4883 [uisset
3110 4815 3264 4869 homo
3298 4816 3391 4869 ille
3420 4833 3437 4868 :
3470 4814 3527 4869 in
3562 4814 3655 4870 his

2008 4906 2063 4955 et
2095 4902 2324 4955 Marcus
2356 4900 2463 4955 hoc
2496 4901 2672 4954 etiam
2704 4902 2907 4955 ordine
2938 4908 3240 4957 consonat.
3268 4904 3486 4959 Deinde
3509 4905 3657 4959 Mat-

2005 4990 2193 5043 thteus
2215 4990 2523 5059 subjungit
2548 5008 2558 5043 :
2581 4991 2925 5059 Respondeas
2945 5000 3129 5046 autem
3148 4993 3337 5059 ludus,
3362 4996 3457 5064 qui
3478 4993 3655 5047 tradi-

2006 5079 2087 5131 dit
2109 5094 2256 5141 eum,
2282 5078 2427 5131 dixit
2455 5096 2473 5131 :
2506 5079 2784 5148 Numquid
2805 5096 2902 5149 ego
2924 5097 3064 5138 sum.
3087 5082 3295 5136 Habbi.’
3323 5084 3409 5137 Ait
3434 5083 3558 5136 illi:
3588 5083 3660 5135 Tu

2010 5167 2226 5222 dixisti.
2262 5168 2447 5220 Etiam
2482 5166 2573 5220 hic
2625 5184 2736 5222 non
2772 5184 3113 5239 expressum
3164 5176 3270 5237 est,
3302 5177 3496 5225 utrum
3534 5171 3658 5239 ipse

2010 5262 2186 5311 esset.
2223 5260 2412 5311 Potest
2442 5256 2599 5310 enim
2634 5256 2823 5312 adhuc
2872 5257 3142 5331 intelligi,
3178 5266 3480 5329 tanquam,
3533 5261 3657 5312 Non

2011 5362 2116 5417 ego
2148 5346 2265 5399 dixi
2300 5362 2311 5398 :
2348 5346 2537 5416 potuit
2569 5345 2744 5399 etiam
2772 5346 2878 5401 hoc
2899 5348 2981 5402 sic
3012 5349 3125 5403 dici
3158 5365 3189 5402 a
3218 5348 3370 5401 Juda
3401 5351 3456 5401 et
3486 5363 3518 5401 a
3550 5351 3658 5400 Do-

2014 5434 2173 5488 mino
2209 5432 2566 5505 responderi,
2602 5439 2667 5487 ut
2698 5451 2810 5489 non
2843 5452 3044 5490 omnes
3074 5436 3457 5489 adverterent.

2080 5535 2092 5567 ί
2128 5530 2251 5579 Mss.
2285 5531 2501 5593 optima:
2530 5536 2669 5580 notae
2701 5532 3036 5581 Corbeiensis
3066 5537 3117 5581 et
3148 5532 3511 5593 Remigicnsis,
3533 5544 3665 5594 prae-

2013 5598 2096 5642 ter
2125 5595 2253 5642 alios
2282 5608 2503 5654 paucon,
2534 5596 2802 5652 omittunt,
2835 5596 2954 5644 hinc
2988 5595 3258 5642 Dominum
3307 5594 3531 5642 locutum
3562 5608 3667 5643 esse

2015 5660 2285 5719 testatur:_
2306 5661 2359 5705 at
2388 5656 2595 5719 habent,
2617 5662 2792 5705 tamen
2827 5672 2945 5706 cum
2994 5658 3198 5706 ceteris
3247 5658 3407 5705 verba
3440 5658 3546 5719 illa,
3576 5656 3671 5705 sed

2012 5720 2161 5783 plani
2189 5717 2317 5768 alibi
2346 5718 2506 5767 multo
2540 5717 2761 5767 uberius.
