4108 6188
515 277 668 339 1159

582 409 636 464 3.
670 406 890 463 Deinde
907 406 1175 478 sequitur
1187 406 1497 462 Mattheus
1517 408 1572 459 et
1590 404 1796 459 inserit
1816 403 2163 473 mysterium

512 498 771 570 corporis
804 501 859 551 et
890 497 1197 567 sanguinis
1228 513 1261 550 a
1290 495 1537 550 Domino
1590 493 1900 564 discipulis
1933 495 2159 561 datum,

512 586 664 641 sicut
694 591 748 639 et
780 586 1008 640 Marcus
1040 592 1095 639 et
1123 586 1320 638 Lucas.
1349 583 1456 637 Sed
1494 598 1625 636 cum
1659 581 1997 636 tradidisset
2024 582 2163 635 cali-

515 692 635 730 cem
672 692 875 728 rursus
907 675 975 727 de
1007 674 1284 727 traditore
1316 688 1422 725 suo
1454 670 1684 724 locutus
1716 676 1823 738 est,
1862 670 2015 740 quod
2052 671 2164 725 Lu-

514 782 611 819 cas
668 764 1034 835 persequitur
1082 762 1281 815 dicens
1317 777 1329 815 :
1371 762 1757 814 Verumtamen
1803 776 1923 814 ecce
1965 775 2165 813 manus

512 853 779 909 tradentis
810 868 912 917 me,
947 866 1154 903 mecum
1184 852 1261 903 est
1291 851 1352 904 in
1384 865 1567 903 mensa
1608 866 1625 901 :
1657 850 1704 902 ei
1737 848 1955 917 quidem
1986 848 2165 902 Filius

517 943 761 997 hominis
788 938 1091 993 secundum
1112 938 1251 1008 quod
1267 940 1549 1005 deﬁnitum
1573 940 1649 990 est
1678 936 1827 990 vadit
1846 953 1866 997 ;
1900 944 2167 991 verumta-

513 1047 632 1085 men
668 1044 749 1085 v.93
781 1028 993 1082 homini
1020 1028 1109 1081 illi
1127 1043 1225 1098 per
1248 1043 1404 1099 quem
1428 1026 1714 1080 tradetur!
1737 1024 1835 1079 Hic
1849 1026 1975 1095 jam
1997 1024 2161 1079 intel-

512 1119 703 1191 ligend
719 1135 814 1171 nm
833 1116 1075 1171 estillud
1094 1116 1369 1186 consequi
1395 1117 1544 1185 quod
1566 1116 1820 1169 Joannes
1842 1113 2166 1178 narrat,isti

514 1214 705 1263 autem
728 1206 1264 1279 praetermiserunt;
1300 1205 1722 1259 sicutJoannes
1743 1204 2004 1274 quaedam
2028 1219 2167 1273 prue-

513 1298 768 1353 termisit
799 1313 924 1366 quae
946 1294 1030 1348 illi
1062 1295 1349 1349 dixerunt.
1375 1293 1518 1347 Cum
1552 1309 1689 1364 ergo
1723 1298 1853 1363 post
1885 1292 2165 1345 traditum

515 1387 754 1442 calicem
779 1385 1019 1440 dixisset
1037 1383 1345 1446 Dominus,
1367 1384 1518 1453 quod
1546 1400 1575 1435 a
1596 1383 1751 1436 Luca
1774 1382 2027 1452 positum
2054 1385 2165 1447 est,

521 1480 894 1532 Verumtamen
926 1490 1044 1528 ecce
1090 1489 1287 1527 manus
1318 1472 1585 1526 tradentis
1617 1487 1699 1526 me
1728 1487 1941 1526 mecum
1982 1478 2060 1525 est
2107 1471 2167 1523 in

513 1582 721 1631 mensa,
745 1570 877 1631 etc.,
904 1563 1283 1633 conjungitur
1315 1561 1459 1615 illud
1491 1561 1815 1616 secundum
1839 1564 2162 1615 Joannem:

518 1679 543 1705 ‹‹
576 1660 715 1710 Erat
744 1670 878 1725 ergo
933 1653 1279 1707 recumbens
1326 1668 1477 1704 unus
1510 1667 1577 1704 ex
1612 1650 1918 1720 discipulis
1950 1650 2076 1718 eius
2106 1647 2163 1702 in

515 1744 649 1799 sinu
681 1744 841 1808 Jesu,
876 1758 1049 1812 quem
1084 1740 1363 1809 diligebat
1387 1739 1559 1794 Jesus
1594 1755 1605 1792 :
1639 1738 1831 1792 innuit
1862 1754 1997 1809 ergo
2030 1736 2165 1791 huic

514 1833 714 1887 Simon
748 1831 974 1894 Petrus,
1019 1834 1075 1884 et
1107 1830 1251 1883 dixit
1281 1829 1329 1882 ei
1366 1844 1378 1881 :
1426 1828 1569 1891 Quis
1600 1832 1688 1882 est
1735 1829 1806 1881 de
1837 1842 1952 1897 quo
1983 1824 2166 1879 dicit?

516 1924 715 1992 Itaque
747 1938 876 1975 cum
905 1917 1383 1974 recubuissetille
1403 1934 1582 1987 supra
1614 1922 1814 1987 pectus
1844 1916 2005 1981 Jesu,
2028 1914 2167 1969 dicit

516 2013 565 2067 ei
598 2028 610 2067 :
646 2009 1052 2080 Domine,quis
1070 2008 1203 2063 est?
1234 2006 1553 2077 Respondit
1573 2006 1746 2061 Jesus
1776 2022 1789 2060 :
1825 2006 1924 2060 Ille
1946 2005 2036 2059 cui
2060 2022 2163 2075 ego

514 2102 824 2156 intinctum
861 2115 1068 2169 panem
1097 2112 1419 2167 porrexero.
1450 2096 1513 2149 Et
1540 2112 1674 2149 cum
1709 2093 2041 2148 intinxisset
2066 2111 2163 2163 pa-

517 2207 672 2254 nem,
705 2188 866 2242 dedit
887 2188 1054 2241 Judze
1083 2185 1336 2239 Simonis
1368 2184 1649 2239 Scarioth.
1676 2184 1743 2237 Et
1775 2188 1905 2254 post
1936 2181 2165 2236 buccel-

517 2278 658 2344 lam,
691 2283 831 2332 tunc
862 2274 1086 2329 introiit
1116 2274 1171 2327 in
1208 2273 1375 2326 illum
1409 2279 1666 2327 satanas.
1703 2293 1730 2320 »

591 2369 640 2420 4.
677 2366 777 2420 Hic
798 2364 1117 2419 videndum
1140 2368 1247 2431 est,
1274 2379 1344 2416 ne
1366 2379 1477 2416 non
1503 2361 1693 2415 solum
1719 2361 1906 2429 Lucas,
1932 2360 2164 2431 quijam

518 2455 1003 2511 dixeratintrasse
1029 2456 1292 2505 satanam
1310 2450 1365 2504 in
1391 2467 1490 2504 cor
1508 2450 1937 2519 Judie,quando
1962 2455 2165 2520 pactus

516 2552 605 2599 est
624 2550 763 2598 tunc
786 2559 917 2597 cum
941 2541 1177 2604 Judaeis,
1206 2545 1268 2593 ut
1290 2557 1423 2594 eum
1448 2544 1683 2609 accepta
1705 2538 1952 2609 pecunia
1970 2539 2165 2592 trade-

518 2638 623 2699 ret,
650 2632 747 2686 sed
777 2632 949 2685 etiam
977 2629 1085 2684 sibi
1111 2628 1233 2699 ipse
1255 2628 1509 2682 Joannes
1532 2643 1858 2698 repugnare
1880 2627 2163 2695 videatur,

520 2721 747 2793 quijam
774 2720 1000 2774 dixerat
1014 2735 1079 2772 su
1093 2717 1487 2788 perius,anteq
1502 2732 1633 2769 nam
1656 2716 1826 2771 istam
1844 2714 2163 2770 buccellam

518 2812 822 2881 acciperet.
841 2810 901 2863 Et
929 2824 1076 2861 cinna
1094 2809 1414 2876 facta,cum
1430 2807 1550 2875 jam
1579 2804 1829 2859 diabolus
1852 2806 2168 2859 immisisset

519 2901 579 2953 in
611 2915 703 2953 cor
728 2907 786 2951 ut
807 2897 1042 2951 traderet
1062 2912 1186 2949 eum
1205 2894 1390 2949 ludas.
1410 2893 1709 2956 Quomodo
1728 2893 1881 2947 enim
1906 2893 2086 2947 intrat
2109 2893 2164 2946 in

516 2985 753 3051 cor,nisi
780 2985 1148 3039 immittendo
1174 2983 1407 3054 iniquas
1433 2982 1843 3053 persuasiones
1866 2982 2163 3052 cogitatio-

516 3077 689 3130 nibus
722 3074 1132 3145 iniquorum‘?
1156 3072 1263 3127 Sed
1300 3087 1453 3125 nunc
1486 3071 1808 3143 intelligere
1832 3072 2111 3125 debemus
2133 3088 2166 3125 a

515 3164 743 3220 diabolo
766 3163 978 3218 Judam
1004 3160 1234 3233 plenius
1252 3177 1378 3214 esse
1394 3176 1730 3230 possessum
1759 3176 1771 3213 :
1798 3158 2167 3213 sicutcontra

514 3255 574 3308 in
606 3255 780 3321 bono,
815 3252 899 3306 illi
932 3250 1029 3321 qui
1058 3252 1179 3320 jam
1202 3254 1545 3319 acceperant
1567 3248 1845 3318 Spiritum
1871 3254 2163 3313 sanctum,

516 3343 749 3414 quando
781 3341 864 3395 eis
899 3345 1029 3411 post
1060 3338 1543 3394 resurrectionem
1594 3337 1915 3391 insufﬂavit
1942 3337 2164 3403 dicens,

516 3433 754 3501 Accipite
769 3430 1037 3499 Spiritum
1054 3431 1311 3482 sanctum
1330 3428 1502 3497 (Joan.
1522 3444 1611 3491 xx,
1631 3428 1756 3497 22);
1783 3430 1983 3497 postea
2005 3442 2163 3493 eum,

514 3537 648 3575 cum
682 3520 934 3588 desuper
968 3516 1185 3571 missus
1216 3521 1368 3571 esset
1400 3514 1491 3569 die
1542 3519 1931 3578 Pentecostes,
1961 3514 2166 3585 utique

516 3608 747 3680 plenius
770 3610 1136 3677 acceperunt.
1158 3609 1293 3658 Post
1318 3603 1637 3657 buccellam
1662 3620 1797 3674 ergo
1824 3608 1962 3657 tunc
1986 3603 2164 3657 intro-

514 3698 581 3750 iit
608 3697 668 3751 in
700 3711 834 3750 eum
868 3700 1144 3749 satanas:
1173 3715 1198 3742 α
1221 3694 1358 3758 Et,»
1394 3691 1545 3746 sicut
1576 3691 1889 3745 contextim
1913 3692 2166 3747 Joannes

516 3786 641 3857 ipse
671 3786 1115 3847 commemorat,
1150 3804 1175 3831 α
1200 3780 1340 3835 dicit
1362 3780 1414 3833 ei
1436 3780 1651 3834 Jesus:
1688 3780 1846 3844 Quod
1887 3780 2048 3847 facis,
2078 3780 2166 3835 fac

515 3873 711 3928 citius.
747 3873 863 3927 Hoc
905 3874 1100 3925 autem
1137 3886 1306 3923 nemo
1356 3868 1524 3923 scivit
1566 3868 2058 3923 discumbentium
2094 3870 2165 3923 ad

516 3963 612 4034 qui
644 3961 856 4016 dixerit
887 3962 959 4016 ei.
1011 3961 1259 4023 Quidam
1292 3958 1445 4013 enim
1499 3958 1803 4028 putabant,
1838 3958 1976 4027 quia
2007 3958 2167 4013 locu-

516 4052 604 4107 los
653 4051 907 4105 habebat
947 4050 1149 4115 Judas,
1200 4047 1338 4119 quia
1387 4045 1529 4099 dixit
1559 4048 1608 4099 ei
1658 4046 1892 4111 Jesus”,
1936 4047 2071 4100 Eme
2103 4064 2170 4101 ea

519 4157 646 4212 quas
678 4157 825 4210 opus
854 4143 994 4194 sunt
1019 4137 1184 4192 nobis
1204 4138 1273 4191 ad
1300 4136 1450 4189 diem
1475 4135 1686 4189 festum
1716 4152 1728 4201 ;
1764 4141 1864 4188 aut
1887 4136 2083 4206 egenis
2110 4140 2171 4190 ut

521 4229 739 4299 aliquid
772 4229 958 4281 daret.
992 4228 1132 4280 Cum
1178 4242 1313 4296 ergo
1346 4223 1668 4294 accepisset
1698 4223 1792 4278 ille
1824 4224 2167 4287 buccellam,

520 4317 657 4372 exiit
686 4317 984 4370 continuo.
1019 4314 1154 4368 Erat
1184 4320 1375 4367 autem
1422 4328 1553 4367 nox.
1590 4314 1729 4367 Cum
1763 4329 1900 4383 ergo
1932 4314 2166 4379 exisset,

521 4404 663 4460 dicit
690 4405 899 4459 Jes‘Us:
934 4403 1099 4457 Nunc
1116 4402 1472 4457 clariﬁcatus
1497 4406 1585 4456 est
1614 4400 1793 4455 Filius
1816 4401 2093 4471 hominis,
2116 4408 2172 4457 ct

522 4494 675 4549 Deus
707 4493 1062 4548 clariﬁcatus
1090 4496 1179 4546 est
1207 4490 1265 4544 in
1298 4506 1362 4544 eo
1398 4506 1409 4544 :
1446 4494 1502 4542 et
1552 4488 1600 4544 si
1632 4489 1786 4543 Deus
1819 4488 2172 4545 clariticatus

523 4584 701 4639 estin
754 4599 841 4646 eo,
873 4586 929 4637 et
979 4582 1128 4636 Deus
1169 4577 1514 4633 clariﬁcabit
1561 4594 1695 4632 eum
1728 4579 1785 4632 in
1834 4580 2169 4650 semetipso,

524 4681 579 4727 et
609 4672 888 4727 continuo
921 4669 1266 4725 clariﬁcabit
1297 4683 1451 4721 eum.
1490 4688 1517 4715 »

524 4759 753 4814 CAPUT
782 4760 850 4814 Il.
885 4791 952 4799 —
985 4761 1056 4813 De
1083 4757 1345 4828 praedicta
1374 4757 1671 4826 negatione
1702 4757 1876 4822 Petri,
1909 4759 2172 4828 quemad-

649 4831 867 4884 modum
899 4830 1259 4885 ostendantur
1287 4829 1429 4882 nihil
1463 4828 1607 4882 inter
1635 4844 1690 4882 se
1719 4844 2045 4898 repugnare.

596 4919 650 4971 5.
684 4940 710 4966 ‹‹
746 4916 1166 4983 Filioli,adhuc
1190 4917 1485 4972 modicum
1513 4915 1813 4970 vobiscum
1839 4933 1991 4972 sum.
2020 4920 2177 4983 Quae-

527 5007 665 5061 retis
700 5022 829 5060 me:
862 5011 937 5075 et,
985 5006 1135 5059 sicut
1165 5006 1282 5060 dixi
1324 5004 1567 5071 Judasis,
1603 5020 1715 5074 quo
1763 5021 1869 5075 ego
1900 5007 2043 5061 vado
2074 5024 2174 5063 vos

526 5113 642 5152 non
681 5094 927 5166 potestis
958 5093 1153 5148 venire
1187 5110 1198 5147 :
1230 5098 1286 5148 et
1333 5092 1493 5146 vobis
1524 5091 1653 5147 dico
1708 5092 1900 5148 modo.
1939 5095 2176 5149 Manda-

522 5190 651 5240 tum
705 5199 917 5238 novum
965 5182 1038 5235 do
1087 5182 1270 5247 vobis,
1322 5188 1387 5235 ut
1433 5180 1693 5250 diligatis
1740 5182 2010 5247 invicem,
2063 5184 2173 5238 sic-

525 5280 590 5328 ut
621 5272 793 5327 dilexi
842 5287 964 5339 vos,
1001 5275 1063 5324 ut
1111 5275 1169 5324 et
1215 5286 1312 5324 vos
1360 5268 1617 5335 diligatis
1672 5270 1938 5325 invicem.
1973 5276 2033 5325 In
2069 5272 2175 5329 hoc

526 5364 879 5433 cognoscent
909 5374 1113 5414 omnes
1155 5357 1294 5427 quia
1330 5356 1443 5410 mei
1476 5356 1779 5428 discipulis
1809 5359 1973 5427 estis,
2008 5362 2054 5415 si
2089 5362 2173 5415 di-

591 5470 606 5502 ί
634 5468 718 5516 Sic
737 5466 860 5515 Mss.
885 5465 1022 5515 Editi
1063 5466 1260 5524 autem,
1295 5463 1649 5527 persuasiones
1686 5464 2055 5527 cogitationum
2078 5468 2176 5519 ίηε.

530 5544 767 5640 qu:
798 5604 965 5653 prope
996 5601 1199 5655 omnes,
1224 5584 1351 5637 dicit
1371 5586 1415 5635 ei
1440 5585 1602 5636 Jesus.
1628 5588 1741 5637 Duo
1773 5602 1800 5638 e
1834 5591 1945 5645 Vat,
1968 5596 2022 5641 et
2036 5594 2177 5655 Rat.,

532 5654 743 5704 dixerit.
773 5652 955 5711 Gram,
985 5652 1130 5716 ldgei.

1232 276 1334 335 DE
1378 276 1792 337 CONSENSU
1836 274 2591 351 EVANGELISTARUM,
2642 280 2707 338 S.
2759 278 3191 341 AUGUSTINI

3702 288 3817 347 H60

2274 407 2581 463 lectionem
2604 409 2930 465 habueritis
2953 410 3023 465 ad
3048 409 3324 465 invicem.
3347 408 3483 464 Dicit
3507 410 3551 466 ei
3574 412 3732 469 Simon
3752 416 3822 471 Pe

2274 499 2401 552 trus
2436 513 2447 550 :
2489 497 2746 563 Domine,
2791 516 2906 569 quo
2949 498 3161 553 vadis?
3207 498 3513 569 Respondit
3536 500 3821 568 JesuszQuo

2275 601 2379 655 ego
2411 587 2555 640 vado
2574 604 2686 641 non
2712 594 2873 657 potes
2900 603 2986 641 me
3005 588 3177 642 modo
3202 588 3364 658 sequi
3390 605 3401 653 ;
3434 590 3656 658 sequeris
3680 598 3823 649 autem

2276 680 2495 744 postea.
2528 676 2673 729 Dicit
2702 676 2751 729 ei
2787 677 3025 730 Petrus:
3052 682 3239 741 Quare
3262 692 3377 729 non
3412 684 3681 746 possumte
3706 684 3822 751 sequi

2276 764 2496 817 modo?
2548 765 2810 819 animam
2855 780 3046 818 meam
3078 780 3180 835 pro
3213 771 3267 818 te
3318 780 3538 835 ponam.
3583 766 3829 838 Respondit

2273 852 2445 907 Jesus
2479 870 2491 906 :
2527 853 2799 907 Animam
2824 858 2985 907 tuam
3019 870 3121 924 pro
3148 868 3240 907 me
3272 852 3496 919 pones?
3524 870 3685 919 amen,
3706 872 3827 911 amen

2276 941 2402 995 dico
2432 942 2559 1011 tibi,
2585 959 2696 996 non
2732 943 2993 997 cantabit
3022 941 3216 1014 gallus
3247 943 3427 997 donec
3455 946 3533 996 ter
3560 958 3639 996 me
3665 959 3830 1015 neges»

2276 1032 2451 1100 (Joan.
2487 1048 2609 1095 xm,
2652 1032 2862 1102 33-38).
2899 1032 3017 1086 Hoc
3047 1033 3115 1085 de
3162 1031 3433 1101 prmdicta
3481 1031 3736 1101 negatione
3759 1050 3831 1088 sua

2276 1125 2444 1175 Petro
2475 1137 2589 1175 non
2620 1121 2782 1176 solus
2807 1121 3082 1190 Joannes,
3115 1137 3184 1174 ex
3216 1121 3385 1189 cujus
3418 1119 3686 1183 Evangelio
3711 1122 3831 1176 modo

2276 1208 2390 1264 ista
2427 1209 2770 1280 interposui,
2816 1209 2916 1263 sed
2963 1213 3019 1263 et
3067 1212 3255 1263 caeteri
3304 1214 3423 1261 tres
3464 1215 3834 1263 commemorant

2276 1298 2486 1368 (Matth.
2520 1316 2668 1365 xxvx,
2701 1298 2908 1363 30-35;
2962 1299 3124 1352 Maro.
3176 1314 3293 1362 xxv,
3322 1298 3507 1362 26-31,
3539 1305 3581 1350 et
3609 1297 3713 1351 Luc.
3737 1314 3836 1361 nu,

2274 1388 2481 1457 31-34).
2511 1386 2633 1441 Non
2667 1403 2807 1441 sane
2837 1403 3040 1441 omnes
3074 1402 3141 1441 ex
3174 1402 3290 1439 una
3319 1386 3620 1455 eademque
3647 1387 3837 1439 occasio-

2277 1493 2347 1531 ne
2378 1476 2664 1531 sermonis
2711 1476 2781 1530 ad
2835 1492 2965 1530 eam
3012 1475 3579 1530 commemorandam
3621 1474 3835 1528 veniunt:

2278 1581 2409 1619 nam
2448 1564 2755 1620 Mattheus
2808 1569 2865 1619 et
2911 1568 3139 1619 Marcus
3191 1564 3315 1635 pari
3349 1579 3580 1635 prorsus
3621 1564 3782 1617 ordine
3804 1566 3843 1617 et

2275 1654 2476 1709 eodem
2512 1654 2861 1708 narrationis
2894 1670 3011 1707 suae
3044 1652 3168 1707 loco
3200 1668 3328 1706 eam
3354 1651 3841 1711 subnectuntambo.

2275 1748 2657 1814 posteaquam
2700 1742 2985 1796 Dominus
3017 1758 3292 1812 egressus
3345 1746 3436 1795 est
3465 1757 3527 1794 ex
3574 1739 3663 1794 illa
3700 1741 3843 1804 domo,

2275 1831 2371 1886 ubi
2397 1832 2894 1885 manducaverant
2918 1830 3172 1895 Pascha;
3206 1830 3390 1884 Lucas
3413 1846 3541 1883 vero
3562 1833 3613 1883 et
3634 1832 3845 1896 Joannes,

2274 1926 2590 1990 antequam
2623 1920 2758 1974 inde
2780 1924 2934 1974 esset
2961 1935 3254 1990 egressus.
3283 1918 3390 1973 Sed
3418 1916 3575 1972 facile
3603 1932 3848 1989 possemus

2273 2009 2595 2079 intelligere
2624 2014 2728 2063 aut
2748 2008 2877 2063 illos
2896 2009 3042 2063 duos
3074 2022 3202 2063 eam
3222 2006 3645 2078 recapitulando
3674 2005 3846 2076 posuis-

2272 2104 2463 2163 se,aut
2484 2099 2625 2153 istos
2640 2096 3123 2169 praeoccupando;
3152 2095 3262 2150 nisi
3286 2096 3475 2166 magis
3496 2092 3846 2164 moveretquod

2272 2192 2392 2241 tam
2426 2187 2674 2253 diversa,
2709 2203 2819 2240 non
2854 2190 3085 2240 tantum
3116 2184 3312 2248 verba,
3337 2184 3441 2238 sed
3474 2182 3634 2237 etiam
3664 2186 3847 2236 senteno

2271 2276 2384 2329 tias
2420 2274 2644 2330 Domini
2699 2274 3081 2345 praemittunt,
3114 2273 3331 2343 quibus
3386 2276 3669 2343 permotus
3698 2270 3848 2324 Petrus

2274 2363 2435 2418 illam
2475 2363 2989 2435 praesumptionem
3042 2363 3346 2433 proferret,
3382 2359 3467 2415 vel
3510 2376 3632 2414 cum
3662 2358 3849 2413 Domino

2273 2452 2357 2508 vel
2393 2470 2494 2524 pro
2526 2452 2768 2507 Domino
2804 2450 3105 2517 moriendi,
3137 2455 3199 2503 ut
3225 2449 3417 2520 magis
3449 2454 3643 2519 cogant
3663 2444 3851 2516 intelligi

2274 2547 2361 2597 ter
2390 2558 2518 2597 eum
2552 2541 2907 2610 expressisse
2930 2538 3450 2611 prassumptionem
3484 2554 3641 2592 suam
3662 2534 3852 2590 diversis

2272 2630 2415 2685 locis
2449 2629 2739 2684 sermonis
2769 2628 3006 2696 Christi,
3031 2633 3087 2682 et
3120 2634 3204 2681 ter
3236 2626 3318 2680 illi
3350 2644 3385 2681 a
3420 2627 3649 2681 Domino
3671 2639 3851 2694 respon-

2274 2737 2405 2775 sum
2420 2720 2571 2789 quod
2588 2735 2721 2773 eum
2742 2722 2896 2772 esset
2918 2722 3052 2771 ante
3070 2716 3206 2788 galli
3223 2732 3326 2771 can
3340 2720 3465 2770 tum
3487 2721 3571 2770 ter
3583 2721 3855 2785 negaturus.

2343 2809 2395 2861 6.
2420 2808 2617 2878 Neque
2637 2807 2792 2861 enim
2814 2804 3151 2861 incredibile
3169 2808 3277 2868 est,
3305 2803 3669 2876 aliquantum
3689 2803 3856 2870 disjun-

2272 2898 2383 2951 ctis
2404 2896 2726 2951 intervallis
2748 2895 3030 2965 temporis
3054 2895 3287 2948 Petrum
3316 2898 3671 2949 commotum
3692 2907 3793 2945 esse
3809 2888 3855 2942 ad

2273 2985 2775 3056 praesumendum,
2817 2984 2971 3037 sicut
3001 2983 3072 3036 ad
3106 2984 3486 3054 negandum;
3520 2981 3603 3037 vel
3642 2980 3686 3035 ei
3713 2978 3857 3034 Domi-

2276 3092 2417 3129 num
2451 3074 2673 3145 aliquid
2700 3080 2785 3127 ter
2815 3071 3088 3127 similiter
3108 3072 3487 3142 respondisse
3520 3088 3532 3125 :
3565 3065 3859 3141 quandoqui-

2276 3166 2405 3218 dem
2438 3162 2613 3217 etiam
2640 3161 2975 3229 contextim,
3006 3159 3183 3214 nullis
3206 3160 3338 3215 aliis
3369 3159 3713 3230 interpositis
3732 3157 3858 3210 rebus

2276 3255 2376 3306 aut
2405 3251 2618 3314 verbis,
2662 3256 2794 3321 post
2845 3250 3329 3303 resurrectionem
3364 3254 3457 3303 ter
3487 3248 3643 3302 illum
3674 3248 3859 3300 interro-

2278 3341 2500 3412 gaverit
2521 3345 2721 3393 utrum
2742 3354 2875 3392 eum
2900 3341 3149 3400 amet,et
3178 3338 3228 3391 ei
3262 3346 3345 3391 ter
3368 3337 3480 3392 hoc
3511 3336 3657 3391 idem
3678 3349 3861 3403 respon-

2276 3429 2435 3485 denti
2466 3429 2642 3483 etiam
2678 3428 2804 3498 ipse
2856 3427 3201 3481 mandatum
3255 3426 3325 3481 de
3379 3424 3682 3497 pascendis
3707 3422 3862 3477 ovibus

2276 3520 2399 3573 suis
2424 3534 2606 3572 unum
2625 3517 2894 3585 idemque
2918 3522 3004 3570 ter
3029 3515 3365 3586 praeceperit
3385 3516 3564 3586 (Joan.
3590 3531 3693 3580 xxx,
3718 3511 3864 3575 lS—lil.

2276 3609 2392 3663 Hoc
2443 3612 2634 3662 autem
2682 3622 2808 3660 esse
2860 3604 3218 3668 credibilius,
3262 3605 3422 3675 quod
3474 3609 3562 3658 ter
3610 3598 3865 3657 ostenderit

2278 3696 2792 3768 praesumptionem
2827 3709 2993 3748 suam
3018 3694 3243 3763 Petrus,
3268 3699 3325 3748 et
3349 3694 3424 3747 de
3460 3693 3611 3747 trina
3634 3708 3728 3746 sua
3746 3703 3866 3757 nega-

2274 3786 2432 3839 tione
2463 3790 2551 3838 ter
2573 3802 2604 3837 a
2622 3783 2868 3838 Domino
2886 3782 3158 3850 audierit,
3173 3798 3239 3836 ex
3265 3782 3411 3850 ipsis
3438 3780 3861 3852 Evangelistarum

2278 3874 2488 3941 verbis,
2536 3889 2661 3943 qua:
2714 3889 2747 3925 a
2799 3872 3041 3925 Domino
3092 3870 3253 3925 dicta
3303 3869 3535 3925 diverse
3582 3887 3645 3924 ac
3699 3868 3867 3922 diversa

2278 3966 2757 4026 commemorant,
2811 3959 2894 4014 sic
2949 3961 3245 4031 probatur.
3298 3960 3446 4015 Ecce
3495 3957 3865 4014 meminerimus

2280 4052 2433 4117 quod
2466 4066 2620 4104 nunc
2675 4048 2995 4119 interposui
3030 4065 3096 4103 ex
3145 4048 3462 4120 Evangelio
3512 4043 3869 4110 Joannis;hoc

2279 4146 2430 4194 certe
2462 4139 2691 4193 dixerat
2724 4154 2736 4190 :
2774 4160 2799 4184 α
2833 4136 3045 4201 Filioli,
3076 4136 3267 4190 adhuc
3301 4138 3599 4193 modicum
3631 4135 3865 4189 vobiscum

2279 4245 2433 4283 sum.
2468 4227 2749 4291 Quzeretis
2783 4242 2874 4281 me
2904 4243 2916 4290 ;
2951 4237 3028 4291 et,
3080 4225 3234 4279 sicut
3263 4225 3381 4279 dixi
3416 4227 3655 4288 Judaais,
3688 4238 3778 4291 quo
3800 4232 3870 4286 ego

2279 4318 2423 4371 vado
2455 4334 2554 4371 vos
2584 4332 2697 4371 non
2732 4314 2975 4385 potestis
3015 4313 3211 4368 venire
3245 4331 3257 4367 :
3292 4319 3348 4368 et
3381 4315 3549 4369 vobis
3578 4314 3697 4367 dico
3726 4307 3868 4363 modo.

2280 4405 2617 4459 Mandatum
2653 4420 2868 4459 novum
2916 4404 2989 4458 do
3038 4403 3220 4473 vobis,
3256 4409 3321 4458 ut
3368 4389 3631 4474 diligatis
3660 4399 3871 4461 invicem,

2282 4496 2433 4550 sicut
2482 4493 2651 4549 dilexi
2702 4510 2823 4561 vos,
2873 4498 2937 4546 ut
2984 4497 3039 4546 et
3089 4509 3189 4547 vos
3239 4492 3501 4562 diligatis
3558 4491 3794 4545 invicem.
3831 4488 3870 4535 In

2282 4585 2389 4638 hoc
2437 4586 2786 4654 cognoscent
2831 4597 3036 4636 omnes
3087 4581 3223 4652 quia
3276 4580 3389 4635 mei
3440 4579 3704 4653 discipuli
3753 4572 3871 4630 estis,

2283 4673 2329 4727 si
2391 4670 2757 4726 dilectionem
2818 4671 3144 4725 habueritis
3202 4671 3273 4725 ad
3338 4670 3610 4725 invicem.
3672 4666 3793 4723 Dicit
3838 4660 3870 4713 ei

2280 4762 2480 4815 Simon
2542 4761 2746 4814 Petrus
2808 4775 2821 4815 :
2883 4759 3149 4823 Domine,
3206 4775 3321 4829 quo
3380 4759 3595 4813 vadis?
3642 4780 3667 4806 ι»
3711 4754 3869 4819 Nempe

2282 4851 2376 4904 hic
2429 4850 2802 4904 manifestum
2856 4852 2963 4913 est,
2996 4864 3063 4901 ex
3114 4846 3232 4901 illis
3289 4847 3484 4901 verbis
3535 4853 3744 4901 motum
3785 4852 3871 4893 ess!

2283 4944 2521 4993 Petrum
2554 4944 2616 4992 ut
2648 4938 2887 5005 diceret,
2921 4937 3147 4990 Domine
3175 4951 3281 5006 quo
3310 4937 3473 4990 vadis
3495 4939 3520 4988 Ρ
3569 4935 3699 5005 quia
3726 4930 3870 4984 dicen-

2283 5033 2399 5083 tem
2446 5028 2732 5091 audierat,
2784 5027 2897 5094 Quo
2948 5041 3047 5092 ego
3093 5025 3227 5079 vado
3283 5040 3372 5078 vos
3419 5041 3531 5080 non
3582 5023 3785 5095 potestis
3817 5031 3874 5069 ra-

2280 5118 2419 5170 nire.
2495 5114 2815 5185 Respondit
2869 5114 3043 5168 Jesus
3100 5113 3288 5168 eidem
3348 5116 3519 5167 Petro
3592 5130 3605 5165 ε
3673 5112 3769 5177 Quo
3809 5116 3871 5171 €90

2283 5204 2421 5260 vado
2477 5220 2587 5258 non
2642 5207 2792 5275 potes
2846 5220 2936 5257 me
2990 5203 3149 5273 sequi
3202 5201 3398 5261 modo;
3456 5201 3697 5271 sequeris
3739 5197 3874 5250 autem

2281 5302 2484 5364 postea.
2552 5296 2711 5345 Tunc
2776 5290 2875 5345 ille
2938 5308 2951 5345 :
3012 5291 3192 5359 Quare
3253 5306 3363 5345 non
3422 5306 3667 5360 possum,
3718 5280 3873 5351 inquii,

2284 5384 2435 5453 sequi
2462 5384 2514 5435 te
2544 5380 2745 5435 modo?
2792 5382 3039 5434 animum
3089 5395 3271 5433 meam
3316 5394 3411 5449 pro
3443 5382 3497 5433 te
3540 5393 3746 5450 ponam.
3774 5369 3875 5425 Huic

2284 5468 2731 5541 prmsumptioni
2790 5468 3091 5539 respondit
3145 5467 3429 5522 Dominus
3492 5468 3735 5520 futuram
3784 5460 3875 5527 ejus

2286 5559 2677 5631 negationem.
2706 5558 2889 5612 Lucas
2922 5562 3115 5612 autem
3140 5572 3271 5611 cum
3305 5543 3877 5611 commemorassetdiv

2284 5647 2439 5703 xisse
2472 5646 2803 5713 Dominum,
2839 5646 3045 5714 Simon,
3077 5661 3197 5701 ecce
3226 5654 3445 5701 satanas
3474 5643 3723 5714 expetivit
3743 5651 3815 5691 vos
3838 5642 3878 5683 ut
