4166 6184
298 309 453 371 H93

290 448 432 499 tunc
462 459 592 499 esse
621 441 1039 507 scissum,cum
1071 440 1245 497 Jesus
1274 438 1568 496 emisisset
1589 432 1955 511 spiritum.Si

290 539 491 590 autem
531 548 645 586 non
676 531 1019 597 addidisset,
1054 532 1127 585 Et
1154 545 1292 599 ecce,
1326 529 1426 584 sed
1477 528 1827 600 simpliciter
1856 526 1947 581 di-

289 625 492 687 xisset,
528 623 587 676 Et
618 620 806 674 velunt
832 620 1024 691 templi
1050 620 1282 673 scissum
1311 622 1431 679 est;
1461 617 1749 672 incertum
1784 620 1947 671 esset

293 718 493 767 utrum
525 711 651 781 ipse
680 714 737 764 et
753 709 983 763 Marcus
1016 708 1123 762 hoc
1138 707 1575 779 recapitulando
1598 722 1949 761 commemo-

292 804 546 865 rassent,
575 800 757 854 Lucas
789 802 982 853 autem
1011 797 1276 851 ordinem
1310 796 1631 861 tenuisset;
1665 812 1739 849 an
1764 795 1949 850 Lucas

291 888 739 961 recapitulasset
769 887 926 958 quod
955 885 1041 939 illi
1072 884 1273 940 ordine
1304 884 1658 955 posuissent.

296 996 528 1053 CAPUT
558 995 668 1050 ΧΧ.
703 1026 769 1034 -
796 995 870 1049 De
899 992 1265 1048 admiratione
1287 990 1638 1046 Centurionzs
1667 999 1719 1045 et
1750 1006 1948 1045 eorum

369 1071 614 1141 quicum
644 1067 744 1122 illo
788 1070 969 1130 erant,
999 1064 1260 1141 quomodo
1308 1066 1456 1118 inter
1497 1079 1556 1118 se
1603 1066 1948 1118 consentiant

372 1139 692 1205 Mattiacas,
724 1144 940 1194 Marcus
969 1147 1023 1193 et
1053 1139 1246 1191 Lucas.

367 1250 457 1303 57.
479 1247 759 1318 Sequitur
773 1244 1083 1300 Matthmus
1100 1260 1111 1299 :
1129 1265 1156 1293 ‹‹
1191 1243 1255 1296 Et
1285 1246 1440 1297 terra
1458 1245 1615 1297 mota
1641 1245 1747 1311 est,
1774 1245 1829 1296 et
1846 1258 1947 1313 pe-

294 1344 398 1392 tra:
427 1337 623 1392 scissas
648 1338 871 1399 sunt,et
890 1336 1273 1387 monumenta
1294 1334 1493 1402 aperta
1516 1335 1737 1395 sunt,et
1759 1332 1951 1386 multa

297 1442 543 1499 corpora
571 1428 910 1479 sanctorum
930 1420 1029 1492 qui
1047 1420 1426 1487 dormierant,
1452 1425 1865 1487 surrexerunt;
1893 1423 1951 1475 et

296 1520 575 1572 exeuntes
607 1515 677 1568 de
707 1509 1106 1565 monumentis
1130 1513 1263 1579 post
1286 1509 1771 1565 resurrectionem
1796 1510 1946 1580 ejus,

294 1608 584 1661 venerunt
600 1606 655 1655 in
675 1604 938 1656 sanctam
958 1598 1273 1663 civitatem,
1293 1602 1349 1653 et
1369 1604 1772 1670 apparuerunt
1793 1598 1949 1653 mul-

295 1696 396 1750 tis.
435 1716 457 1743 o
496 1692 623 1747 Haec
653 1706 783 1761 qua;
814 1688 976 1745 solus
1008 1688 1170 1753 dixit,
1202 1704 1314 1741 non
1343 1692 1431 1741 est
1460 1688 1841 1743 metuendum
1876 1704 1950 1743 ne

296 1786 573 1855 cuiquam
606 1784 940 1835 caaterorum
965 1792 1291 1849 repugnare
1320 1776 1645 1831 videantur.
1672 1777 1951 1848 Sequitur

294 1876 453 1930 idem
488 1873 616 1943 ipse
649 1887 662 1925 :
698 1890 726 1918 «
759 1866 1032 1923 Centurio
1066 1870 1263 1921 autem
1304 1869 1359 1920 et
1392 1865 1491 1937 qui
1523 1883 1653 1921 cum
1688 1883 1754 1921 eo
1785 1870 1951 1922 erant

299 1960 700 2019 custodientes
721 1958 944 2024 Jesum,
965 1955 1090 2011 viso
1110 1959 1275 2011 terra;
1307 1959 1471 2009 motu
1504 1958 1560 2009 et
1590 1955 1662 2010 iis
1694 1973 1820 2027 quae
1844 1956 1951 2011 tie-

298 2055 464 2118 bant,
498 2050 829 2105 timuerunt
872 2044 1059 2113 valde,
1093 2044 1351 2099 dicentes
1402 2060 1416 2098 :
1467 2044 1611 2100 Vere
1645 2045 1819 2100 Filius
1856 2046 1950 2101 Dei

298 2141 551 2198 eratiste
570 2162 591 2187 1
625 2135 834 2207 (Matth.
854 2150 1028 2197 XXVII,
1054 2133 1260 2201 51-54).
1284 2132 1511 2188 Marcus
1528 2133 1613 2189 sic
1637 2152 1649 2189 :
1674 2156 1702 2185 «
1731 2134 1952 2191 Videns

303 2235 500 2287 autem
530 2224 821 2295 Centurio,
842 2224 942 2295 qui
972 2237 1039 2276 ex
1068 2222 1309 2277 adverso
1332 2222 1543 2293 stabat,
1567 2223 1705 2295 quia
1735 2223 1819 2279 sic
1841 2224 1952 2278 cla-

303 2336 474 2376 mans
523 2315 902 2388 exspirasset,
932 2311 1057 2367 ait:
1091 2310 1239 2365 Vere
1284 2311 1458 2367 homo
1498 2311 1590 2367 hic
1638 2311 1816 2367 Filius
1849 2313 1952 2369 Dei

302 2412 430 2465 erat
465 2429 492 2458 »
526 2405 715 2478 (Marc.
752 2420 847 2473 xv,
878 2402 988 2474 39).
1043 2401 1229 2455 Lucas
1280 2400 1363 2456 sic
1397 2416 1411 2456 :
1450 2422 1469 2449 α
1506 2401 1722 2457 Videns
1753 2407 1951 2458 autem

301 2496 576 2555 Centurio
609 2493 765 2565 quod
799 2493 1016 2547 factum
1049 2490 1255 2559 fuerat,
1288 2488 1633 2560 gloriﬁcavit
1663 2490 1844 2546 Deum
1870 2492 1952 2545 di-

301 2603 442 2644 cens
475 2603 488 2642 :
523 2584 671 2640 Vere
700 2582 795 2637 hic
826 2581 1001 2636 homo
1028 2580 1227 2651 justus
1258 2582 1381 2633 erat
1414 2600 1441 2627 »
1473 2579 1627 2650 (Luc.
1655 2597 1815 2649 XXIII,
1841 2582 1950 2650 47).

301 2684 424 2733 Non
452 2678 542 2731 est
562 2671 919 2729 contrarium
942 2669 1095 2741 quod
1116 2668 1424 2723 Matthaaus
1444 2668 1568 2724 viso
1602 2672 1764 2723 terra:
1789 2673 1951 2725 motu

303 2766 442 2822 dicit
475 2762 831 2820 admiratum
864 2758 1297 2824 Centurionem,
1330 2761 1388 2812 et
1428 2773 1525 2813 eos
1555 2757 1652 2829 qui
1686 2774 1818 2813 cum
1850 2758 1951 2815 illo

300 2859 488 2922 erant,
522 2868 654 2909 cum
689 2850 873 2906 Lucas
903 2847 1060 2903 dicat
1090 2848 1195 2902 hoc
1226 2862 1361 2901 eum
1394 2846 1771 2917 admiratum,
1795 2849 1951 2919 quod

302 2945 525 3002 emissa
550 2941 652 2997 illa
672 2954 808 2996 voce
826 2936 1198 3009 exspirasset,
1219 2936 1535 2992 ostendens
1568 2953 1743 3007 quam
1766 2936 1826 2991 in
1850 2954 1951 3009 po-

302 3036 515 3090 testate
552 3028 824 3085 habnerit
869 3027 1104 3098 quando
1136 3029 1458 3081 moreretur
1489 3042 1501 3079 :
1531 3025 1589 3080 in
1622 3043 1687 3081 eo
1737 3027 1955 3099 quippe

307 3122 462 3196 quod
492 3120 648 3175 idem
698 3115 1008 3172 Matthaeus
1038 3131 1153 3169 non
1205 3113 1393 3169 solum
1429 3114 1594 3183 dixit,
1641 3116 1753 3170 viso
1804 3124 1953 3171 terra

304 3216 483 3279 motu,
506 3209 604 3265 sed
628 3206 805 3263 etiam
827 3203 1073 3269 addidit,
1085 3207 1136 3259 et
1166 3205 1236 3258 iis
1256 3220 1376 3275 qum
1391 3206 1543 3275 facta
1571 3212 1730 3260 erant
1747 3222 1769 3268 ;
1799 3205 1951 3260 inte-

307 3316 479 3375 grum
510 3299 701 3354 locum
732 3295 915 3350 fuisse
960 3292 1381 3349 demonstravit
1429 3298 1609 3363 Lucae,
1644 3298 1709 3349 ut
1738 3295 1955 3351 diceret

296 3389 708 3447 Centurionem
724 3384 913 3457 ipsam
936 3382 1163 3437 Domini
1188 3386 1435 3438 mortem
1452 3382 1631 3440 fuisse
1644 3384 1947 3454 miratum;

296 3479 436 3551 quia
462 3481 519 3533 et
547 3476 669 3530 haec
687 3474 840 3529 inter
867 3472 967 3527 illa
996 3475 1102 3537 est,
1125 3487 1247 3540 qua
1265 3475 1407 3526 tunc
1429 3472 1777 3529 mirabiliter
1802 3476 1950 3530 facta

293 3572 482 3624 erant.
497 3569 844 3635 Quanquam
864 3561 972 3617 etsi
994 3560 1298 3616 Matthaeus
1314 3560 1455 3616 illud
1472 3579 1583 3618 non
1601 3564 1943 3633 addidisset,

292 3655 741 3728 intelligendum
755 3655 1038 3718 erat,cum
1053 3649 1240 3705 multa
1254 3650 1521 3706 miranda
1537 3652 1687 3708 facta
1708 3653 1943 3722 fuerint,

291 3752 349 3803 et
380 3744 581 3803 omnia
610 3741 882 3799 Centurio
912 3744 970 3795 et
1001 3739 1101 3811 qui
1134 3755 1265 3794 eum
1300 3757 1366 3794 eo
1397 3745 1583 3808 erant,
1618 3743 1813 3797 mirari
1840 3760 1944 3814 po-

286 3836 532 3900 tuerint,
558 3831 807 3887 liberum
832 3830 1013 3884 fuisse
1037 3829 1415 3884 narrantibus
1437 3830 1575 3900 quid
1602 3831 1852 3903 quisque
1873 3833 1943 3887 il-

289 3925 416 3979 lum
447 3921 727 3978 miratum
761 3934 1217 3974 commemorare
1238 3917 1558 3973 voluisset:
1593 3935 1698 3974 nec
1734 3936 1829 3976 eos
1862 3921 1943 3976 ibi

293 4025 641 4086 repugnare,
665 4024 798 4064 cum
818 4006 968 4063 alius
990 4006 1160 4074 illud,
1185 4006 1335 4061 alius
1359 4006 1503 4061 illud
1527 4008 1743 4063 diceret
1767 4009 1948 4065 fuisse

294 4102 575 4158 miratum
604 4117 616 4165 ;
652 4097 886 4169 quando
919 4095 1116 4151 omnia
1147 4095 1451 4151 fueratille
1484 4095 1749 4152 miratus.
1783 4099 1941 4162 Quod

297 4196 494 4246 autem
514 4187 668 4244 alius
691 4186 772 4241 ait
788 4183 1198 4241 Centurionem
1225 4184 1466 4250 dixisse,
1495 4188 1623 4240 Vere
1648 4187 1824 4242 Filius
1856 4190 1951 4243 Dei

298 4288 417 4337 erat
444 4282 565 4349 iste,
600 4276 751 4332 alius
774 4277 993 4340 autem,
1025 4275 1153 4329 Vere
1174 4274 1330 4329 homo
1362 4275 1450 4329 hic
1474 4276 1645 4330 Filius
1675 4276 1771 4331 Dei
1799 4286 1948 4340 erat;

301 4387 417 4427 non
452 4366 707 4424 movebit
723 4380 855 4419 eum
880 4363 970 4417 cui
999 4380 1115 4418 non
1132 4363 1471 4419 exciderunt
1488 4368 1609 4419 tam
1643 4364 1829 4421 multa
1851 4384 1947 4422 su-

301 4462 497 4535 perius
530 4458 801 4515 similiter
831 4457 984 4511 dicta
1017 4460 1075 4512 et
1104 4457 1365 4528 exposita
1386 4474 1398 4511 :
1419 4458 1491 4512 ad
1523 4474 1699 4513 unam
1734 4458 1952 4529 quippe

301 4550 657 4607 sententiam
692 4550 940 4617 utraque
988 4546 1163 4600 verba
1212 4550 1609 4613 concurrunt;
1660 4563 1764 4602 nec
1796 4548 1951 4618 quod

300 4640 451 4695 alius
470 4636 674 4706 tacuit,
696 4635 877 4699 homo,
899 4632 1051 4687 alius
1068 4632 1233 4697 dixit,
1261 4632 1378 4687 ullo
1401 4634 1574 4688 modo
1595 4634 1951 4689 contrarium

299 4733 403 4784 est.
444 4726 632 4797 Magis
650 4723 807 4796 quod
832 4723 1016 4777 Lucas
1034 4738 1149 4777 non
1183 4723 1263 4776 ait
1280 4721 1690 4777 Centurionem
1715 4721 1954 4793 dixisse,

298 4818 476 4873 Filius
507 4816 605 4870 Dei
634 4821 780 4877 erat,
814 4812 937 4881 sed,
955 4812 1140 4882 justus
1169 4815 1312 4878 erat,
1335 4814 1524 4881 potest
1544 4810 1736 4882 putari
1770 4810 1956 4866 diver-

303 4923 436 4963 sum
465 4922 477 4959 :
503 4904 605 4960 sed
637 4901 725 4957 vel
759 4906 1078 4971 utrumque
1110 4900 1335 4955 dictum
1360 4899 1764 4955 aCenturione
1785 4899 1955 4955 intel-

303 4997 483 5069 ligere
506 4994 874 5059 debemus,et
888 4989 1042 5045 aliud
1071 4988 1388 5054 illos,aliud
1412 4990 1593 5044 istum
1612 5006 1959 5045 commemo-

306 5100 470 5141 rasse
498 5101 511 5151 ;
538 5081 626 5137 vel
658 5081 906 5136 fortasse
942 5080 1149 5133 Lucam
1188 5079 1513 5149 exprimere
1538 5077 1793 5134 voluisse
1825 5096 1961 5134 sen-

306 5174 553 5230 tentiam
569 5169 955 5237 Centurionis,
976 5168 1267 5239 quomodo
1294 5167 1503 5222 dixerit
1521 5168 1723 5223 Jesum
1750 5168 1960 5223 Filium

306 5262 430 5320 Dei.
450 5262 619 5317 Forte
640 5259 794 5314 enim
821 5275 934 5314 non
954 5273 1088 5312 eum
1103 5254 1480 5327 Unigenitum
1500 5256 1785 5328 aqualem
1810 5258 1964 5313 Patri

310 5348 585 5409 Centurio
611 5347 1012 5414 intellexerat;
1061 5346 1159 5401 sed
1192 5343 1319 5399 ideo
1350 5343 1554 5399 Filium
1589 5346 1690 5401 Dei
1716 5346 1963 5412 dixerat,

310 5441 452 5515 quia
476 5440 709 5509 justum
742 5437 1083 5503 crediderat,
1109 5435 1259 5491 sicut
1290 5434 1461 5489 multi
1484 5434 1633 5505 justi
1664 5435 1801 5490 dicti
1827 5441 1968 5492 sunt

312 5531 417 5587 ﬁlii
454 5528 572 5583 Dei.
607 5526 769 5593 Quod
796 5529 987 5580 autem
1021 5526 1197 5580 etiam
1225 5524 1349 5597 ipse
1378 5524 1561 5579 Lucas
1584 5524 1748 5589 dixit,
1775 5525 1968 5581 Videas

312 5625 498 5679 autem
533 5617 792 5673 Centurio
818 5615 958 5686 quod
972 5617 1184 5689 factum
1204 5614 1425 5685 erat,in
1458 5629 1524 5669 eo
1554 5630 1763 5686 genere
1786 5614 1969 5671 inclu-

317 5710 396 5766 sit
424 5707 627 5764 omnia
660 5723 786 5777 quae
817 5704 876 5759 in
925 5704 1025 5760 illa
1054 5704 1197 5761 hora
1227 5703 1574 5762 mirabiliter
1600 5705 1752 5761 facta
1781 5710 1969 5777 erant,

641 5834 909 5897 PATROL.
956 5833 1225 5898 XXXIV.

1678 304 1913 365 LIBER
1956 306 2324 368 TERTIUS.

3547 312 3705 371 1194

2059 440 2341 508 tanquam
2358 454 2540 493 unum
2555 438 2819 495 mirabile
2842 439 3056 497 factum
3079 457 3545 499 commemorans
3572 487 3585 513 ,
3608 460 3706 499 ou-

2051 526 2153 597 jus
2184 528 2354 598 quasi
2381 528 2645 583 membra
2675 533 2731 582 et
2760 534 2952 600 partes
2981 535 3147 585 erant
3178 530 3376 587 omnia
3402 531 3505 585 illa
3533 532 3707 588 mira-

2059 615 2210 671 cula.
2236 616 2365 671 Jam
2398 633 2528 671 vero
2553 619 2704 688 quod
2729 619 3037 675 Matthaaus
3060 622 3285 676 addidit
3314 637 3412 677 eos
3443 623 3701 694 quicum

2058 705 2405 761 Centurione
2424 711 2609 774 erant,
2630 707 2725 761 alii
2749 713 2942 763 autem
2968 710 3075 765 hoo
3092 715 3438 778 tacuerunt;
3471 712 3563 766 cui
3587 729 3702 767 non

2056 800 2335 865 appareat
2363 812 2431 849 ex
2457 796 2768 851 notissima
2791 798 2991 869 regula
3021 816 3136 855 non
3158 816 3286 856 esse
3317 802 3698 869 contrarium,

2056 900 2189 938 cum
2222 884 2373 939 alius
2397 884 2709 956 dicitfquod
2741 886 2898 941 aliud
2928 889 3181 943 tacet?Et
3213 890 3364 959 quod
3396 891 3701 947 Mattheeus

2056 972 2220 1041 dixit,
2252 975 2567 1028 timuerunt
2616 975 2808 1036 valde;
2833 977 3017 1032 Lucas
3040 981 3233 1033 autem
3268 995 3381 1033 non
3413 980 3583 1045 dixit,
3626 980 3701 1035 ti-

2057 1062 2225 1127 muit,
2261 1063 2383 1127 sed.
2414 1065 2749 1134 gloriﬁcavit
2778 1066 2945 1121 Deum
2968 1084 2988 1129 ;
3022 1068 3154 1138 quis
3176 1085 3289 1123 non
3323 1084 3453 1124 eum
3486 1069 3703 1125 intelli-

2056 1155 2154 1223 gat
2184 1152 2448 1207 timendo
2479 1152 2837 1225 glorificasse
2857 1154 2884 1208 ?

2056 1273 2287 1352 CAPUT:
2315 1275 2459 1352 XXI.
2478 1308 2546 1317 -—
2561 1278 2638 1352 De
2654 1279 2977 1333 mulieribus
2994 1294 3118 1352 quae
3141 1279 3219 1335 ibi
3231 1281 3466 1351 stabant,
3488 1298 3705 1352 quomo-

2129 1345 2194 1423 do
2224 1349 2540 1419 Matlha’us,
2575 1349 2784 1404 Marcus
2816 1354 2867 1405 et
2908 1345 3103 1419 Lucas,
3135 1354 3232 1423 qui
3260 1345 3521 1409 dixerunt
3549 1372 3640 1410 eas
3671 1373 3706 1409 α

2131 1418 2289 1487 longe
2314 1418 2538 1489 stetisse,
2560 1438 2679 1501 .non
2710 1426 3022 1501 repugnent
3040 1418 3259 1501 Joanni,
3279 1428 3376 1496 qui
3402 1429 3709 1482 nominavit

2128 1507 2299 1544 unam
2326 1508 2518 1548 earum
2540 1498 2710 1561 juxta
2740 1510 2953 1549 crucem
2978 1499 3206 1551 stetisse.

2128 1596 2217 1649 58.
2254 1598 2531 1670 Sequitur
2560 1600 2867 1656 Mattheus
2902 1619 2914 1656 :
2957 1621 2978 1650 α
3012 1603 3193 1657 Erant
3240 1608 3435 1659 autem
3466 1604 3547 1659 ibi
3578 1622 3708 1661 mu-

2057 1685 2230 1741 lieres
2263 1688 2457 1742 multaa
2476 1704 2508 1742 a
2534 1687 2727 1760 longe,
2748 1706 2871 1759 quae
2894 1696 3102 1746 secutae
3130 1696 3295 1747 erant
3322 1693 3524 1749 Jesum
3544 1712 3577 1749 a
3597 1695 3709 1750 Ga-

2057 1775 2230 1843 lilaea,
2262 1776 2673 1833 ministrantes
2704 1779 2754 1833 ei
2780 1804 2793 1845 ;
2826 1779 2979 1835 inter
3007 1796 3154 1851 quas
3186 1786 3311 1837 erat
3342 1783 3522 1839 Maria
3551 1788 3708 1857 Mag-

2060 1866 2285 1935 dalene,
2320 1870 2375 1920 et
2405 1866 2589 1922 Maria
2617 1868 2817 1923 Jacobi
2861 1872 2918 1923 et
2944 1869 3162 1941 Joseph
3201 1875 3408 1939 mater,
3440 1876 3495 1928 et
3523 1878 3710 1929 mater

2059 1954 2309 2009 ﬁliorum
2343 1955 2597 2011 Zebedaci
2631 1978 2657 2005 »
2689 1958 2904 2029 (Matth.
2935 1976 3108 2027 xxvn,
3140 1961 3212 2014 55
3241 1965 3295 2015 et
3332 1962 3444 2033 56).
3478 1963 3709 2020 Marcus

2058 2046 2143 2099 sic
2178 2060 2189 2098 :
2225 2066 2252 2094 «
2286 2044 2465 2099 Erant
2495 2049 2691 2101 autem
2723 2051 2780 2102 et
2810 2048 3088 2103 mulieres
3119 2050 3191 2104 de
3219 2048 3390 2122 longe
3418 2052 3712 2123 aspicien-

2058 2138 2145 2189 tes
2172 2151 2184 2201 ;
2217 2133 2370 2188 inter
2398 2151 2545 2205 quas
2575 2139 2699 2191 erat
2728 2136 2909 2191 Maria
2939 2137 3297 2209 Magdalene,
3316 2144 3374 2194 et
3403 2141 3582 2195 Maria
3612 2142 3712 2197 Ja-

2059 2223 2187 2277 cobi
2220 2222 2465 2277 minoris
2483 2227 2540 2278 et
2559 2224 2776 2296 Joseph
2800 2229 3007 2292 mater,
3026 2230 3082 2280 et
3101 2226 3330 2283 Salome
3351 2246 3364 2295 ;
3388 2233 3444 2284 et
3465 2246 3598 2285 cum
3617 2248 3712 2287 es-

2061 2313 2148 2366 set
2168 2309 2227 2363 in
2251 2309 2505 2378 Galilaea,
2532 2312 2929 2383 sequebantur
2952 2329 3109 2382 eum,
3125 2318 3182 2369 et
3200 2316 3618 2373 ministrabant
3638 2319 3712 2388 ei,

2061 2403 2117 2455 et
2146 2398 2269 2453 aliae
2294 2400 2493 2455 multa:
2518 2416 2644 2472 quae
2670 2400 2847 2456 simul
2872 2418 3005 2457 cum
3040 2420 3104 2459 eo
3130 2406 3518 2463 ascenderant
3545 2407 3712 2463 Jero-

2061 2488 2349 2560 solymam
2373 2511 2402 2539 »
2430 2490 2618 2560 (Marc.
2645 2507 2737 2558 xv,
2772 2492 2859 2559 40,
2890 2492 3001 2563 lii).
3030 2492 3187 2548 Inter
3223 2494 3330 2572 hos
3372 2495 3518 2550 nihil
3548 2497 3712 2553 video

2062 2578 2215 2649 quod
2249 2579 2607 2633 contrarium
2641 2578 2827 2649 possit
2848 2579 3038 2650 putari
3065 2598 3078 2635 :
3104 2581 3244 2653 quid
3277 2583 3434 2638 enim
3468 2585 3714 2641 interest

2062 2667 2130 2721 ad
2151 2666 2476 2732 veritatem,
2502 2668 2656 2739 quod
2681 2670 2970 2739 quaedam
2992 2668 3267 2726 mulieres
3286 2672 3714 2745 pariter,quas-

2062 2756 2196 2811 dam
2221 2755 3140 2827 singulinominaverunt?Lucas
3162 2761 3491 2832 ‘quoqueita
3513 2780 3713 2820 narra-

2060 2845 2281 2900 tionem
2306 2845 2579 2900 contexit:
2606 2847 2668 2901 Et
2682 2847 2860 2901 omnis
2876 2848 3037 2902 turba
3054 2863 3245 2903 eorum
3265 2852 3362 2921 qui
3381 2852 3713 2919 simul,ade-

2060 2939 2187 2989 rant
2207 2934 2277 2989 ad
2295 2935 2666 3006 spectaculum
2684 2936 2850 3004 istud,
2871 2940 2918 2992 et
2936 2937 3190 2993 videbant
3205 2955 3327 3011 quae
3346 2941 3568 3010 ﬁebant,
3581 2958 3715 3014 per-

2059 3025 2327 3080 cutientes
2336 3034 2562 3096 pectora
2573 3041 2676 3079 sua
2688 3026 3118 3081 revertebantur.
3145 3028 3370 3085 Stabant
3394 3035 3577 3087 autem
3592 3048 3714 3088 om-

2059 3129 2153 3167 nes
2176 3115 2299 3168 noti
2325 3116 2442 3181 eius
2472 3132 2504 3168 a
2537 3116 2712 3185 longe,
2739 3120 2793 3170 et
2822 3117 3083 3172 mulieres
3113 3132 3239 3188 quae
3256 3123 3462 3177 secutae
3489 3125 3715 3193 fuerant

2060 3218 2185 3257 eum
2205 3221 2241 3259 a
2266 3203 2517 3274 Galilaza,
2540 3203 2658 3261 haec
2685 3204 2922 3261 videntes
2944 3206 3093 3277 (Luc.
3118 3223 3278 3274 xxm,
3300 3208 3387 3279 48,
3411 3210 3522 3279 49).
3550 3209 3714 3267 Unde

2060 3292 2465 3363 superioribus
2496 3292 2729 3349 duobus
2760 3294 2829 3348 de
2862 3294 3173 3350 mulierum
3226 3298 3537 3367 prsesentia
3567 3300 3711 3356 satis

2060 3382 2370 3449 consentit,
2389 3382 2658 3452 quamvis
2684 3382 2904 3437 nullam
2923 3400 3123 3439 earum
3148 3386 3495 3442 nominatim
3517 3390 3709 3461 expri-

2058 3474 2181 3524 mat
2208 3488 2220 3539 ;
2256 3470 2324 3525 de
2356 3471 2530 3525 turba
2546 3470 2719 3525 etiam
2752 3488 2875 3542 quae
2904 3471 3077 3527 simul
3111 3474 3332 3542 aderat,
3358 3479 3416 3531 et
3442 3476 3707 3535 videntes

2056 3576 2183 3632 quae
2207 3559 2421 3615 ﬁebant
2437 3560 2761 3615 tundebant
2782 3564 3014 3631 pectora
3031 3566 3222 3631 sua,et
3242 3566 3704 3633 revertebantur,

2054 3648 2914 3719 consentitMatthzeo,quamvis
2926 3666 3191 3707 seorsum
3207 3656 3705 3723 annexuerit,Cen-

2052 3740 2199 3793 turio
2229 3742 2414 3792 autem
2433 3742 2483 3792 et
2512 3739 2751 3810 quicum
2780 3755 2840 3794 eo
2859 3743 3051 3796 erant:
3070 3747 3425 3815 quaprOpter
3447 3748 3707 3802 tantum-

2054 3828 2227 3884 modo
2246 3829 2317 3882 de
2332 3827 2484 3883 notis
2501 3831 2629 3898 ejus
2645 3830 2742 3899 qui
2764 3831 3001 3885 stabant
3019 3848 3051 3885 a
3065 3830 3235 3903 longe
3247 3833 3717 3891 solusinvenitur

2055 3917 2296 3972 dixisse.
2312 3917 2459 3971 Nam
2481 3918 2799 3972 etJoannes
2820 3921 3296 3974 commemoravit
3318 3921 3388 3974 de
3406 3924 3717 3993 praasentia

2057 4007 2409 4062 feminarum
2437 4009 2748 4077 antequam
2784 4007 3066 4063 Dominus
3088 4008 3384 4065 emisisset
3415 4012 3717 4083 spiritum,

2056 4096 2137 4150 ita
2169 4112 2415 4151 narrans
2451 4112 2464 4150 :
2498 4096 2728 4150 Stabant
2759 4100 2943 4151 autem
2954 4097 3123 4168 juxta
3147 4114 3371 4153 crucem
3390 4100 3517 4155 Jesu
3538 4107 3726 4157 mater

2055 4184 2195 4254 ejus,
2232 4189 2283 4239 et
2311 4200 2466 4239 soror
2508 4187 2704 4240 matris
2734 4185 2854 4254 ejus
2901 4186 3095 4241 Maria
3144 4186 3420 4258 Cleophae,
3454 4192 3504 4244 et
3538 4192 3725 4247 Maria

2056 4273 2391 4342 Magdalene.
2418 4274 2551 4329 Cum
2580 4274 2803 4330 vidisset
2821 4290 2952 4346 ergo
2975 4277 3130 4331 Jesus
3152 4280 3389 4332 matrem
3410 4286 3462 4333 et
3479 4279 3726 4347 discipu-

2060 4364 2179 4418 lum
2208 4366 2444 4419 stantem
2475 4380 2635 4436 quem
2657 4363 2949 4437 diligebat,
2973 4364 3108 4420 dicit
3138 4369 3304 4422 matri
3332 4384 3445 4423 sua:
3465 4386 3483 4422 :
3504 4369 3720 4436 Mulier,

2058 4468 2176 4508 ecce
2196 4452 2346 4523 ﬁlius
2363 4462 2507 4508 tuus.
2539 4454 2747 4509 Deinde
2768 4454 2901 4509 dicit
2921 4453 3194 4526 discipulo
3210 4473 3227 4509 :
3256 4458 3385 4513 Ecce
3407 4468 3585 4514 mater
3604 4462 3722 4516 tua.

2061 4543 2128 4596 Et
2147 4558 2217 4597 ea:
2239 4543 2340 4597 illa
2360 4544 2491 4597 hora
2513 4545 2716 4614 accepit
2735 4558 2857 4598 eam
2877 4543 3179 4615 discipulus
3202 4548 3259 4601 in
3279 4563 3381 4602 sua
3408 4548 3582 4616 (Jaan.
3608 4565 3725 4619 xxx,

2061 4632 2277 4700 25-27).
2314 4632 2511 4699 Quain
2547 4648 2606 4686 re
2632 4632 2743 4686 nisi
2764 4632 3136 4703 apertissime
3163 4634 3474 4691 Matthaeus
3499 4653 3732 4710 quoque

2066 4724 2123 4775 et
2153 4720 2383 4776 Marcus
2401 4720 2645 4776 Mariam
2666 4721 3046 4794 Magdalenen
3072 4724 3503 4796 nominassent,
3531 4743 3734 4799 posse-

2067 4826 2202 4865 mus
2240 4809 2451 4880 dicere,
2476 4810 2621 4866 alias
2641 4811 2884 4884 alonge,
2910 4812 3239 4884 aliasjuxta
3261 4831 3492 4872 crucem
3514 4816 3729 4888 fuisse;

2068 4899 2268 4955 nullus
2300 4899 2454 4955 enim
2489 4916 2714 4968 eorum,
2748 4905 2956 4972 praeter
2986 4902 3296 4971 Joannem,
3332 4909 3585 4962 matrem
3617 4908 3736 4963 Do-

2071 4990 2730 5044 minicommemoravit:
2752 5006 2907 5045 nunc
2921 5007 3057 5064 ergo
3075 4993 3735 5068 quomodointelligitur

2071 5080 2273 5133 eadem
2296 5077 2479 5133 Maria
2500 5077 2861 5151 Magdalene,
2880 5084 2980 5135 eta
3001 5080 3169 5154 longe
3189 5084 3425 5140 stetisse
3447 5102 3582 5140 cum
3601 5085 3734 5142 aliis

2074 5166 2603 5233 mulieribus,sicut
2626 5168 2931 5224 Matthacus
2950 5170 3249 5229 etMarcus
3268 5174 3735 5246 dicunt,etjuxta

2073 5274 2302 5313 crucem
2327 5256 2530 5322 fuisse,
2552 5257 2703 5311 sicut
2726 5257 2979 5314 Joannes
3002 5260 3172 5330 dicit;
3198 5263 3309 5318 nisi
3334 5264 3471 5335 quia
3490 5263 3548 5318 in
3571 5267 3734 5321 tanto

2073 5345 2378 5400 intervallo
2398 5350 2582 5411 erant,
2608 5350 2671 5400 ut
2692 5347 2929 5417 etjuxta
2952 5348 3064 5402 dici
3091 5356 3351 5421 possent,
3367 5352 3505 5423 quia
3524 5352 3581 5407 in
3602 5369 3737 5408 con-

2075 5439 2276 5508 spectu
2308 5435 2435 5505 ejus
2468 5439 2677 5506 praesto
2710 5437 2973 5507 aderant,
2998 5442 3054 5493 et
3087 5455 3119 5494 a
3150 5440 3322 5512 longe
3343 5440 3401 5495 in
3428 5458 3733 5514 compara-

2074 5525 2233 5580 tione
2266 5525 2449 5579 turbae
2464 5525 2860 5597 propinquius
2894 5527 3337 5585 circumstantis
3362 5546 3493 5605 cum
3519 5532 3735 5589 Centu-

2078 5614 2239 5670 rione
2263 5619 2320 5670 et
2340 5613 2651 5671 militibus.
2676 5616 2997 5673 Possumus
3019 5619 3195 5674 etiam
3220 5619 3563 5694 intelligere,
3580 5624 3736 5695 quod

2080 5703 2191 5762 illa
2207 5722 2333 5777 quae
2350 5704 2523 5762 simul
2550 5706 2793 5762 aderant
2806 5724 2935 5763 cum
2962 5711 3148 5765 matre
3164 5710 3389 5767 Domini
3403 5716 3628 5784 ,postqu
3639 5729 3734 5769 am

3334 5840 3413 5900 38
