4166 6184
545 255 705 316 1195

537 406 667 448 eam
686 388 974 463 discipulo
992 378 1443 456 commendavit,
1467 385 1767 457 abirejam
1791 388 2104 457 coeperant,
2124 389 2190 441 ut

532 498 567 538 ιι
597 481 885 536 densitate
915 479 1098 534 turbs:
1131 495 1193 534 se
1224 479 1516 545 exuerent,
1554 480 1611 530 et
1642 479 1847 531 cratera
1877 491 2002 546 qua:
2036 475 2189 530 facta

530 575 674 627 sunt
702 569 1353 641 longiusintucrentur;
1385 569 1449 621 ut
1466 565 1654 621 czeteri
1680 563 2062 637 Evangelistm
2084 566 2186 637 qui

526 664 661 731 post
690 662 934 715 mortem
978 656 1206 713 Domini
1255 672 1352 711 eas
1403 657 2034 722 commemoraverunt,
2059 654 2185 724 jam

528 748 700 822 longe
729 752 949 804 stantes
981 749 1528 801 commemorarent.

530 856 758 914 CAPUT
789 854 906 909 XII.
940 884 1009 894 ——
1038 855 1111 909 De
1155 854 1349 925 Ioseph
1402 853 1499 923 qui
1528 868 1726 923 corpus
1777 853 2001 909 Domini
2031 852 2186 925 petiit

600 946 635 984 α
663 929 866 994 Pilato,
900 926 1162 996 quomodo
1208 941 1389 980 omnes
1419 927 1784 989 consentiant,
1820 928 1869 978 et
1917 924 2183 994 quomodo

598 1017 633 1055 a
659 1002 837 1071 seipse
865 1001 1096 1054 Joannes
1124 1014 1231 1053 non
1264 997 1574 1053 dissentiat.

597 1108 687 1162 59.
706 1107 981 1177 Sequitur
998 1106 1338 1161 Matthzeus:
1365 1128 1385 1153 α
1424 1105 1567 1159 Cum
1592 1120 1721 1159 sero
1740 1106 1934 1159 autem
1962 1103 2179 1158 factum

527 1200 702 1267 esset,
735 1196 890 1250 venit
921 1194 1161 1267 quidam
1195 1194 1370 1248 homo
1401 1193 1563 1248 dives
1593 1193 1664 1247 ab
1696 1192 2043 1260 Arimathia,
2072 1208 2178 1246 no-

528 1287 687 1341 mine
714 1283 950 1357 Ioseph,
985 1284 1085 1356 qui
1118 1288 1174 1338 et
1202 1282 1328 1354 ipse
1369 1282 1693 1353 discipulus
1724 1284 1847 1335 erat
1878 1281 2047 1348 Jesu;
2085 1280 2178 1335 hic

527 1374 773 1430 accessit
804 1374 875 1428 ad
922 1372 1198 1438 Pilatum,
1231 1376 1287 1426 et
1336 1371 1502 1442 petiit
1550 1387 1765 1441 corpus
1812 1371 1947 1425 Jesu
1987 1386 1998 1422 :
2036 1372 2176 1423 tunc

524 1463 744 1520 Pilatus
766 1462 950 1533 jussit
979 1461 1141 1517 reddi
1174 1477 1384 1532 corpus
1418 1482 1446 1509 »
1487 1460 1698 1531 (Matth.
1731 1476 1907 1525 xxvn,
1936 1460 2028 1526 57,
2058 1458 2173 1526 58).

519 1555 748 1608 Marcus
779 1552 863 1607 sic
896 1567 910 1607 :
947 1573 975 1601 «
1004 1550 1233 1607 Etcum
1262 1550 1386 1620 jam
1421 1565 1548 1604 sero
1581 1552 1737 1603 esset
1769 1548 2008 1614 factum,
2037 1546 2175 1619 quia

518 1646 983 1714 eratparasceve,
1000 1640 1155 1712 quod
1175 1643 1264 1695 est
1279 1643 1412 1694 ante
1436 1636 1935 1707 sabbatum,venit
1954 1636 2170 1707 Josepb

516 1731 588 1786 ab
640 1728 983 1799 Arimatliia,
1034 1727 1247 1783 nobilis
1297 1727 1554 1797 decurio,
1607 1725 1704 1797 qui
1766 1730 1823 1780 et
1882 1726 2007 1797 ipsc
2048 1728 2172 1780 erat

514 1823 857 1891 exspectans
903 1832 1150 1889 regnum
1192 1815 1332 1883 Dei;
1394 1818 1452 1870 et
1498 1814 1777 1869 audacter
1824 1811 2049 1867 introiit
2097 1813 2168 1868 ad

513 1911 789 1979 Pilatum,
850 1914 907 1966 et
964 1908 1129 1981 petiit
1184 1923 1396 1980 corpus
1453 1906 1611 1961 Jesu.
1693 1904 1915 1960 Pilatus
1973 1908 2167 1960 autem

515 2001 842 2056 mirabatur
899 1998 948 2054 si
990 1999 1117 2068 jam
1158 1996 1452 2052 obiisset:
1501 2000 1557 2050 et
1614 1995 1892 2050 accersito
1954 1994 2166 2049 Centu-

516 2086 681 2144 rione
723 2087 1103 2158 interrogavit
1160 2101 1293 2140 eum
1353 2084 1402 2139 si
1455 2085 1581 2155 jam
1638 2087 1904 2139 mortuus
1953 2088 2165 2151 esset;

515 2183 574 2233 et
594 2193 729 2233 cum
748 2176 1115 2249 cognovisset
1131 2192 1163 2229 a
1183 2173 1553 2241 Centurione,
1578 2172 1812 2229 donavit
1833 2189 2043 2243 corpus
2068 2172 2165 2229 Jo-

516 2266 659 2338 sepb
682 2286 708 2319 ι
736 2266 919 2338 (Marc.
945 2281 1039 2330 xv,
1058 2263 1273 2333 42-45).
1299 2263 1486 2317 Lucas
1508 2261 1590 2317 sic
1617 2279 1629 2317 :
1660 2283 1689 2312 ‹‹
1716 2262 1786 2317 Et
1807 2277 1938 2317 ecce
1958 2261 2045 2316 vir
2063 2278 2164 2317 no-

515 2354 675 2411 mine
698 2354 931 2426 Joseph,
965 2352 1059 2424 qui
1091 2356 1216 2408 erat
1235 2351 1492 2420 decurio,
1525 2350 1614 2406 vir
1658 2350 1848 2405 bonus
1887 2351 2165 2421 etjustus

509 2443 628 2517 (hic
647 2460 761 2499 non
793 2445 1171 2500 consenserat
1194 2440 1439 2498 consilio
1471 2444 1529 2496 et
1553 2440 1784 2496 actibus
1810 2441 2056 2512 eorum),
2090 2441 2163 2495 ab

508 2532 835 2589 Arimathia
864 2531 1098 2588 civitate
1136 2530 1370 2597 Iudaeas,
1400 2530 1500 2601 qui
1548 2529 1919 2601 exspectabat
1947 2533 2005 2585 et
2036 2528 2164 2601 ipse

508 2638 757 2695 regnum
773 2620 901 2690 Dei;
928 2619 1022 2676 hic
1044 2619 1293 2676 accessit
1312 2619 1383 2675 ad
1399 2618 1670 2687 Pilatum,
1687 2622 1743 2673 et
1764 2617 1929 2690 petiit
1947 2635 2160 2690 corpus

504 2712 645 2769 Jesu
665 2733 684 2761 ο
713 2711 863 2782 (Luc.
878 2709 1257 2781 3111,5062).
1273 2708 1530 2765 Joannes
1552 2712 1746 2764 autem
1770 2711 2154 2779 posteaquam

508 2801 764 2858 narravit
786 2801 857 2856 de
878 2799 1149 2856 cruribus
1170 2798 1368 2855 fractis
1398 2814 1598 2854 eorum
1631 2796 1883 2868 quicum
1906 2797 2155 2853 Domino

507 2890 767 2947 cruciﬁxi
785 2893 968 2957 erant,
984 2889 1127 2945 etde
1157 2887 1335 2944 latere
1366 2887 1601 2943 Domini
1632 2885 1833 2942 lancea
1856 2903 2155 2959 percusso,

508 2980 662 3053 quod
693 2982 879 3035 totum
897 2978 1059 3035 solus
1087 2978 1251 3044 dixit,
1277 2977 1584 3049 subjungit
1601 2976 1975 3032 consentiens
1997 2982 2159 3033 caste-

506 3070 608 3136 ris,
641 3069 724 3125 ita
754 3084 1034 3124 narrans:
1057 3072 1184 3123 Post
1216 3067 1334 3124 haec
1361 3074 1543 3122 autem
1568 3068 1778 3136 rogavit
1808 3066 2050 3121 Pilatum
2069 3069 2156 3123 Io-

502 3159 639 3232 seph
658 3159 724 3214 ab
744 3157 1080 3224 Arimathia,
1094 3173 1156 3212 eo
1183 3156 1322 3228 quod
1341 3159 1477 3211 esset
1494 3155 1797 3227 discipulus
1814 3157 1960 3227 Iesu,
1975 3156 2154 3211 occul-

504 3257 593 3305 tus
621 3253 805 3305 autem
822 3256 1045 3320 propter
1067 3250 1269 3302 metum
1296 3245 1627 3312 Iudaeorum,
1653 3252 1714 3299 ut
1733 3246 1944 3301 tolleret
1963 3262 2155 3318 corpus

501 3340 628 3395 Iesu
656 3357 673 3393 :
705 3342 758 3394 et
784 3338 1037 3410 permisit
1065 3337 1300 3392 Pilatus.
1349 3337 1516 3390 Venit
1547 3351 1691 3405 ergo,
1724 3338 1775 3390 et
1804 3336 1930 3390 tulit
1956 3352 2150 3406 corpus

498 3426 623 3482 Iesu
646 3426 825 3496 (Ioan.
848 3442 965 3490 xxx,
988 3425 1097 3494 38).
1124 3429 1186 3478 1n
1209 3423 1317 3478 hoc
1344 3422 1490 3478 nihil
1512 3428 1700 3478 exstat
1720 3422 1779 3477 in
1803 3438 1917 3493 quo
1936 3422 2148 3494 aliquis

496 3530 697 3570 eorum
711 3513 885 3568 alicui
912 3511 1644 3584 repugnarevideatur.Sed
1666 3510 1879 3584 aliquis
1900 3512 2143 3569 forsitan

492 3606 713 3673 quaerat
740 3602 1033 3673 quomodo
1059 3618 1091 3656 a
1114 3601 1430 3671 semetipso
1461 3602 1714 3656 Joannes
1736 3600 1859 3672 ipse
1883 3618 1998 3656 non
2023 3603 2142 3659 dis-

485 3695 701 3763 crepet,
728 3694 1067 3746 contestans
1084 3705 1216 3743 cum
1238 3688 1460 3744 caeteris
1492 3688 1645 3760 quod
1665 3688 1883 3761 Josepb
1909 3691 2142 3761 petierit

482 3796 694 3853 corpus
722 3780 885 3846 Jesu,
917 3783 974 3835 et
1004 3778 1166 3835 solus
1198 3779 1397 3834 dicens
1437 3778 1592 3849 quod
1626 3778 1896 3834 occultus
1928 3781 2140 3836 fuisset

481 3869 809 3942 discipulus
822 3868 1051 3924 Domini
1070 3872 1304 3940 propter
1318 3872 1541 3923 metum
1556 3867 1913 3925 Judieorum:
1933 3870 2136 3925 merito

476 3962 633 4015 enim
666 3962 876 4028 movet,
904 3974 1009 4013 cur
1040 3956 1135 4013 ille
1163 3956 1263 4028 qui
1297 3960 1535 4029 propter
1569 3955 1838 4013 timorem
1870 3958 2134 4014 occultus

477 4047 807 4121 discipulus
836 4051 979 4114 erat,
1013 4063 1194 4102 ausus
1227 4047 1303 4101 sit
1332 4050 1529 4117 petere
1558 4062 1771 4118 corpus
1802 4048 1950 4119 ejus,
1978 4050 2132 4121 quod

476 4137 677 4193 nullus
700 4153 901 4193 eorum
921 4135 1022 4207 qui
1043 4151 1179 4192 eum
1211 4135 1403 4207 palam
1423 4136 1842 4206 sequebantur,
1870 4138 2128 4194 auderet.

477 4226 590 4283 Sed
619 4225 1070 4298 intelligendum
1103 4228 1209 4293 est,
1242 4224 1421 4282 istum
1449 4224 1663 4280 fiducia
1693 4225 1996 4297 dignitatis
2019 4226 2129 4282 hoc

472 4314 707 4380 fecisse,
732 4331 848 4388 qua
877 4314 1155 4386 praeditus
1180 4318 1406 4385 poterat
1428 4313 1795 4369 familiariter
1815 4314 2033 4371 intrare
2054 4318 2126 4371 ad

471 4404 724 4460 Pilatum
758 4421 771 4460 :
805 4405 865 4459 in
896 4408 1153 4459 extremo
1176 4407 1372 4459 autem
1405 4402 1504 4459 illo
1535 4403 1723 4460 ofﬁcio
1758 4404 1945 4459 funeri
1972 4406 2126 4462 exhi-

468 4493 657 4551 bendo
686 4493 885 4550 minus
907 4508 1145 4548 curasse
1176 4493 1245 4547 de
1265 4492 1505 4559 Iudaeis,
1536 4493 1805 4564 quamvis
1831 4493 2044 4551 soleret
2064 4496 2121 4551 in

466 4584 713 4640 Domino
745 4583 1037 4639 audiendo
1070 4599 1272 4638 corum
1305 4580 1648 4637 inimicitias
1680 4581 1956 4638 devitarc.

464 4690 693 4747 CAPUT
723 4692 925 4747 XXIII.
959 4721 1029 4731 -ο
1062 4694 1144 4745 De
1172 4690 1459 4760 sepultura
1492 4690 1631 4759 ejus,
1665 4690 1929 4762 quomodo
1960 4700 2067 4748 tres
2088 4710 2121 4748 a

927 4765 1137 4820 Joanne
1163 4778 1274 4817 non
1302 4763 1655 4817 dissentiant.

532 4852 621 4907 60.
656 4852 933 4925 Sequitur
955 4851 1297 4908 Matthaeus:
1327 4851 1443 4906 «Et
1473 4855 1709 4923 accepto
1733 4868 1995 4924 corpore,
2018 4854 2116 4910 Jo-

459 4941 603 5014 seph
634 4940 877 4998 involvit
906 4942 1053 4997 illud
1085 4943 1146 4996 in
1180 4941 1425 4997 sindone
1459 4942 1701 5010 munda,
1735 4946 1791 4997 et
1821 4942 2017 5014 posuit
2049 4943 2117 4999 il-

456 5031 560 5087 lud
591 5030 652 5087 in
684 5038 1065 5087 monumento
1096 5048 1202 5087 suo
1227 5048 1393 5099 novo,
1422 5031 1577 5102 quod
1611 5030 1903 5088 exciderat
1931 5033 1987 5087 in
2016 5050 2117 5104 pe-

456 5124 548 5177 tra
582 5138 597 5178 :
628 5124 687 5177 et
716 5119 971 5177 advolvit
992 5137 1198 5177 saxum
1231 5136 1513 5193 magnum
1540 5121 1611 5176 ad
1644 5121 1863 5177 ostium
1897 5137 2114 5176 monu-

458 5211 664 5281 menti,
698 5214 755 5268 et
785 5211 930 5267 abiit
955 5230 982 5263 η
1024 5211 1235 5284 (Matth.
1264 5228 1439 5281 XXVII,
1461 5211 1551 5280 59,
1583 5211 1695 5282 60).
1731 5211 1961 5267 Marcus
1984 5211 2067 5267 sic
2093 5228 2106 5268 :

461 5318 483 5347 ι
513 5301 730 5373 Josepb
765 5305 962 5357 autem
1013 5304 1306 5358 mercatus
1358 5301 1691 5372 sindonem,
1723 5304 1779 5357 et
1811 5301 2106 5373 deponens

452 5405 587 5445 eum
618 5389 860 5446 involvit
877 5391 1224 5459 sindone,et
1255 5390 1451 5460 posuit
1479 5406 1608 5445 eum
1636 5390 1694 5444 in
1726 5395 2105 5447 monumento

453 5480 610 5550 quod
634 5484 756 5535 erat
778 5479 1038 5536 excisum
1063 5482 1133 5535 de
1156 5483 1357 5552 petra;
1390 5483 1448 5533 et
1476 5479 1729 5534 advolvit
1749 5479 2005 5551 lapidem
2029 5482 2099 5536 ad

453 5566 668 5623 ostium
725 5570 1091 5627 monumenti
1140 5591 1169 5618 ››
1219 5571 1415 5639 (Marc.
1448 5584 1538 5635 xv,
1572 5567 1683 5638 46).
1736 5572 1920 5625 Lucas
1965 5571 2097 5627 sic:

457 5678 483 5711 «ι
516 5658 586 5714 Et
616 5658 952 5731 depositum
984 5658 1228 5717 involvit
1260 5658 1319 5715 in
1350 5657 1614 5731 sindone,
1648 5661 1703 5714 et
1732 5660 1932 5731 posuit
1962 5678 2096 5720 eum

1277 253 1382 312 ns
1425 212 1839 313 consessu
1885 249 2636 321 EVANGELISTARUM,
2683 253 2746 315 s.
2794 252 3220 315 AUGUSTINI

2210 5608 2383 5668 ensis,
2405 5607 2772 5665 Floriaccnsis,
2806 5610 2926 5665 etc.,
2954 5609 3267 5668 constanter
3297 5606 3522 5665 habent,
3554 5609 3609 5655 in

2210 5667 2384 5721 Codex
2414 5684 2637 5735 graecus,
2670 5671 2741 5721 eis
2768 5670 2926 5719 miam
2955 5667 3228 5731 sabbatdn,
3251 5670 3301 5719 in
3336 5682 3495 5720 unam
3519 5667 3868 5719 sabbatorum.

3735 266 3855 327 1196

2298 385 2356 441 in
2389 390 2770 443 monumento
2800 388 3013 458 exciso,
3046 388 3106 442 in
3158 404 3273 460 quo
3319 390 3556 447 nondum
3594 394 3851 469 quisquam

2296 476 2527 547 positus
2556 477 2744 532 fuerat
2770 499 2798 528 ››
2835 478 2988 550 (Luc.
3014 495 3179 543 χχιιι,
3208 478 3322 545 53).
3346 479 3417 533 Ex
3436 479 3519 537 his
3545 482 3709 540 tribus
3727 489 3854 545 nulla

2299 567 2543 637 quaestio
2575 567 2964 623 dissensionis
3016 568 3153 622 oriri
3202 571 3387 640 potest
3417 585 3428 624 :
3457 570 3679 629 Joannes
3703 581 3851 635 autem

2298 655 2661 724 sepulturam
2694 657 2943 724 Domini,
2963 673 3078 712 non
3111 674 3144 711 a
3174 656 3297 713 solo
3319 659 3536 731 Josepb,
3554 662 3643 716 sed
3670 680 3699 717 a
3722 664 3850 721 Nico-

2296 745 2467 800 demo
2496 762 2727 818 quoque
2757 751 3017 802 curatam
3053 746 3235 801 fuisse
3264 754 3664 806 commemorat.
3693 752 3855 810 Conse-

2296 838 2540 905 quenter
2570 836 2727 890 enim
2778 854 2811 892 a
2840 836 3155 891 Nicodemo
3202 836 3497 908 incipiens,
3540 839 3613 894 ita
3654 847 3850 899 narrat:

2298 944 2327 973 «
2356 922 2527 979 Venit
2549 929 2744 980 autem
2768 928 2824 980 et
2845 925 3216 991 Nicodamus,
3242 924 3339 996 qui
3366 931 3581 981 venerat
3608 929 3669 982 ad
3694 930 3851 985 Iesum

2295 1016 2461 1069 nocte
2493 1013 2774 1086 primum,
2811 1015 3003 1071 ferens
3046 1015 3361 1070 mixturam
3409 1017 3635 1087 myrrha
3661 1022 3710 1072 et
3734 1018 3852 1076 aloes

2293 1102 2467 1173 quasi
2496 1103 2675 1160 libras
2707 1109 2963 1161 centum.
2993 1126 3014 1154 ι
3052 1104 3273 1160 Deinde
3320 1104 3564 1176 sequitur
3590 1107 3853 1179 adjungens

2289 1192 2484 1263 ipsum
2515 1193 2758 1265 Josepb,
2789 1198 2844 1249 et
2884 1194 3025 1249 dicit
3055 1212 3073 1255 :
3108 1216 3134 1246 α
3162 1196 3511 1265 Acceperunt
3548 1211 3668 1266 ergo
3690 1212 3852 1268 corpus

2286 1280 2449 1350 Jesu,
2475 1286 2531 1337 et
2555 1282 2882 1353 ligaverunt
2900 1300 3035 1339 eum
3067 1283 3264 1338 linteis
3282 1299 3412 1337 cum
3442 1283 3775 1353 aromatibus,
3794 1285 3856 1340 si-

2288 1373 2389 1424 cut
2413 1388 2539 1426 mos
2568 1371 2788 1428 Judazis
2813 1377 2901 1428 est
2919 1371 3185 1445 sepelire.
3205 1372 3343 1427 Erat
3370 1376 3553 1427 autem
3581 1373 3633 1428 in
3659 1371 3761 1428 loco
3780 1373 3855 1428 ubi

2288 1459 2599 1515 crucifixus
2648 1465 2756 1530 est,
2790 1461 3036 1530 hortus;
3087 1465 3143 1517 et
3171 1461 3232 1516 in
3283 1461 3447 1517 horto
3477 1466 3855 1517 monumentum

2286 1565 2523 1619 novum,
2544 1549 2602 1603 in
2637 1567 2751 1622 quo
2784 1552 3045 1606 nondum
3066 1551 3380 1623 quisquam
3404 1551 3616 1622 positus
3642 1555 3745 1606 erat
3764 1569 3775 1606 :
3796 1552 3857 1605 ibi

2285 1652 2420 1707 ergo
2452 1642 2687 1710 propter
2704 1655 3051 1711 parasceven
3076 1641 3437 1708 Iudaeorum,
3455 1639 3583 1711 quia
3603 1640 3749 1710 juxta
3764 1645 3860 1694 erat

2284 1732 2757 1798 monumentum,
2776 1730 3314 1802 posueruntJesum
3341 1752 3368 1778 »
3391 1731 3558 1798 (Ioan.
3577 1746 3681 1794 xxx,
3696 1729 3858 1799 39.42).

2282 1815 2481 1887 Neque
2511 1816 2606 1872 hic
2644 1817 2863 1891 aliquid
2916 1825 3205 1893 repugnat
3257 1822 3409 1874 recte
3441 1817 3859 1889 intelligentibus.

2280 1905 2479 1977 Neque
2511 1906 2668 1961 enim
2700 1907 2782 1962 illi
2817 1908 2914 1980 qui
2956 1910 3026 1964 de
3069 1909 3384 1964 Nicodemo
3413 1912 3713 1972 tacuerunt,
3740 1908 3865 1961 afﬁr-

2280 1999 2591 2050 maverunt
2611 2013 2643 2050 a
2660 1995 2784 2052 solo
2801 1997 3018 2069 Ioseph
3045 1998 3358 2052 Dominum
3382 1995 3676 2068 sepultum,
3696 2012 3865 2067 quam-

2277 2083 2364 2139 vis
2398 2082 2582 2140 solius
2600 2088 3214 2142 commemorationem
3246 2086 3524 2152 fecerint;
3557 2088 3650 2140 aut
3669 2085 3785 2156 quia
3801 2084 3866 2139 illi

2278 2190 2397 2227 una
2416 2172 2664 2230 sindone
2686 2192 2719 2230 a
2737 2175 2951 2247 Josepb
2972 2175 3298 2231 involutum
3318 2175 3598 2243 dixerunt,
3618 2178 3866 2246 propterea

2278 2261 2707 2335 prohibuerunt
2739 2264 2985 2337 intelligi
3017 2269 3075 2319 et
3094 2265 3209 2318 alia
3239 2264 3420 2319 lintea
3450 2262 3695 2335 potuisse
3714 2261 3867 2317 afferri

2278 2369 2311 2407 a
2339 2352 2652 2408 Nicodemo
2684 2358 2740 2408 et
2763 2354 3099 2426 superandi,
3124 2358 3189 2408 ut
3219 2370 3421 2409 verum
3454 2358 3700 2409 narraret
3724 2352 3865 2407 Joan-

2275 2458 2400 2512 nes,
2433 2442 2588 2513 quod
2622 2459 2737 2498 non
2761 2458 2877 2499 uno
2907 2442 3107 2510 linteo,
3132 2444 3232 2499 sed
3256 2443 3455 2498 linteis
3486 2441 3755 2498 involutus
3776 2440 3864 2496 sit:

2275 2531 2544 2603 quamvis
2575 2535 2632 2586 et
2669 2535 2905 2602 propter
2934 2533 3237 2588 sudarium
3289 2532 3446 2603 quod
3477 2530 3643 2602 capiti
3667 2529 3863 2584 adhibe-

2272 2620 2464 2689 batur,
2497 2624 2551 2675 et
2599 2620 2837 2676 institas
2870 2622 3086 2692 quibus
3134 2638 3346 2693 corpus
3392 2624 3578 2677 totum
3607 2618 3864 2689 alligatum

2272 2714 2379 2776 est,
2404 2709 2542 2781 quia
2559 2711 2758 2765 omnia
2774 2710 2844 2766 de
2863 2710 2983 2766 lino
3004 2715 3193 2781 erant,
3213 2710 3447 2766 etiamsi
3472 2726 3581 2765 una
3601 2708 3786 2764 sindon
3805 2706 3865 2759 ibi

2271 2798 2713 2869 fuit,verissime
2735 2798 2847 2855 dici
2868 2800 3405 2871 potuit,ligauerunt
3426 2817 3547 2856 eum
3566 2796 3867 2853 linteis.Lin-

2268 2891 2362 2943 tea
2392 2885 2610 2959 quippe
2638 2886 2986 2959 generaliter
3014 2888 3290 2944 dicuntur
3318 2906 3449 2961 quas
3480 2888 3595 2943 lino
3614 2889 3862 2942 texuntur.

2268 2993 2499 3050 CAPUT
2529 2993 2719 3068 XXIV.
2741 3025 2822 3068 7—,-
2850 2995 2924 3050 De
2954 2994 3039 3050 his
3067 3010 3193 3068 quae
3220 2998 3374 3051 circa
3404 3000 3609 3068 tempus
3637 3005 3866 3047 resurrec-

2340 3068 2506 3121 tionis
2526 3067 2748 3139 Domini
2763 3066 2910 3135 faeta
2929 3066 3565 3139 surtu—quemadmodum
3595 3081 3763 3122 omnes
3779 3078 3865 3118 non

2338 3139 2489 3194 inter
2514 3154 2574 3192 se
2601 3138 2949 3195 dissentiant.

2335 3246 2425 3299 61.
2458 3244 2733 3316 Sequitur
2757 3244 3067 3301 Mattheus
3101 3261 3114 3300 :
3150 3268 3171 3295 α
3202 3250 3338 3302 Erat
3391 3251 3586 3303 autem
3615 3244 3689 3300 ibi
3716 3239 3867 3299 Maria

2262 3332 2603 3405 Magdalene
2630 3337 2687 3388 et
2716 3332 2898 3388 altera
2946 3333 3127 3389 Maria
3157 3335 3432 3392 sedentes
3481 3340 3675 3391 contra
3700 3329 3865 3402 sepul-

2262 3438 2426 3477 crum
2460 3444 2488 3472 »
2519 3422 2732 3491 (Matth.
2783 3439 2955 3490 xxvn,
2986 3424 3099 3495 61).
3147 3425 3307 3489 Quod
3342 3425 3578 3481 Marcus
3605 3423 3683 3479 ita
3708 3420 3826 3476 dicit
3855 3435 3865 3473 :

2265 3532 2287 3563 ι
2317 3511 2497 3567 Maria
2528 3515 2721 3567 autem
2753 3511 3094 3583 Magdalene
3119 3516 3177 3568 et
3200 3514 3384 3570 Maria
3415 3513 3630 3585 Josepb
3661 3507 3865 3581 aspicie-

2256 3601 2399 3656 bant
2427 3600 2524 3657 ubi
2556 3605 2869 3673 poneretur
2900 3623 2928 3651 »
2960 3600 3146 3674 (Marc.
3173 3620 3266 3672 xv,
3302 3605 3418 3673 47).
3454 3603 3615 3660 Unde
3644 3598 3773 3656 nihil
3792 3612 3871 3653 eos

2254 3707 2321 3746 ex
2346 3691 2457 3747 hoc
2488 3690 2802 3746 dissentire
2833 3691 3211 3747 manifestum
3242 3698 3353 3749 est.

2322 3780 2412 3836 62.
2447 3779 2720 3850 Sequitur
2751 3778 3061 3835 Mattheus
3095 3797 3107 3835 :
3142 3803 3170 3831 «
3204 3780 3398 3838 Altera
3429 3785 3623 3837 autem
3648 3779 3749 3844 die,
3770 3791 3870 3847 quin

2250 3872 2340 3923 est
2368 3873 2499 3938 post
2541 3884 2912 3939 parasceven,
2946 3876 3345 3926 convenerunt
3387 3871 3680 3944 principes
3709 3882 3870 3923 sacer-

2248 3957 2448 4012 dotum
2481 3961 2537 4013 et
2565 3957 2839 4012 Pharisazi
2881 3958 2952 4012 ad
2986 3957 3258 4027 Pilatum,
3294 3960 3562 4015 dicentes
3595 3976 3607 4013 :
3644 3955 3868 4019 Domine,

2246 4047 2532 4102 recordati
2564 4063 2769 4102 sumus
2800 4046 2936 4118 quia
2967 4048 3241 4103 seductor
3288 4048 3389 4104 ille
3424 4049 3567 4105 dixit
3602 4048 3779 4104 adhuc
3803 4044 3868 4096 vi-

2241 4152 2404 4205 vens,
2440 4142 2573 4193 Post
2598 4142 2715 4193 tres
2749 4137 2874 4192 dies
2907 4154 3206 4209 resurgam
3237 4139 3415 4210 :jube
3449 4156 3587 4212 ergo
3620 4132 3869 4194 custodiri

2239 4226 2578 4298 sepulcrum
2603 4242 2789 4298 usque
2818 4226 2878 4280 in
2897 4226 3050 4282 diem
3069 4227 3309 4283 tertium
3337 4246 3349 4296 ;
3392 4246 3466 4285 ne
3498 4230 3644 4284 forte
3665 4227 3870 4283 veniant

2240 4316 2512 4388 discipuli
2531 4317 2681 4387 ejus,
2707 4321 2763 4371 et
2790 4316 3060 4371 furentur
3076 4332 3231 4388 eum,
3254 4322 3311 4373 et
3344 4318 3734 4390 dicantplebi,
3758 4316 3872 4370 Sur-

2240 4405 2387 4460 rexit
2428 4421 2463 4461 a
2511 4404 2803 4473 mortuis;
2866 4409 2923 4460 et
2970 4405 3079 4460 erit
3126 4406 3492 4463 novissimus
3542 4424 3700 4464 crror
3740 4406 3874 4478 pejor

2239 4495 2451 4566 priore.
2488 4495 2577 4550 Ait
2608 4494 2725 4549 illis
2777 4493 2997 4550 Pilatus
3050 4513 3063 4551 :
3120 4496 3360 4553 Habetis
3411 4497 3759 4564 custodiam,
3790 4497 3870 4561 ite,

2239 4585 2528 4640 custodite
2559 4584 2711 4640 sicut
2744 4584 2930 4640 scitis.
2980 4583 3073 4639 Illi
3118 4590 3317 4641 autem
3350 4587 3645 4644 abeuntes
3676 4584 3872 4641 munie-

2236 4679 2376 4730 runt
2406 4674 2759 4746 sepulcrum,
2796 4673 3100 4745 signantes
3154 4674 3437 4747 lapidem,
3474 4693 3611 4732 cum
3645 4672 3871 4731 custodi-

2234 4763 2345 4819 bus
2382 4786 2403 4813 »
2446 4764 2672 4836 (Matth.
2722 4781 2894 4831 xxvn,
2948 4765 3164 4835 62-66).
3219 4768 3338 4821 Hoc
3370 4766 3542 4822 solus
3590 4764 3872 4822 Mattheus

2234 4856 2452 4917 narrat,
2490 4852 2650 4908 nullo
2683 4852 2933 4908 aliorum
2980 4858 3257 4910 narrante
3310 4854 3540 4927 aliquid
3577 4855 3731 4927 quod
3761 4852 3868 4908 huic

2231 4944 2503 4999 videatur
2532 4959 2660 4999 esse
2692 4942 3072 4998 contrarium.

2300 5033 2389 5087 63.
2442 5033 2661 5088 Deinde
2710 5033 2981 5104 sequitur
3026 5032 3179 5088 idem
3230 5033 3568 5103 Mattbazus,
3621 5039 3677 5091 et
3706 5032 3866 5089 dicit:

2232 5145 2260 5173 ‹‹
2292 5126 2545 5193 Vespere
2576 5126 2772 5178 autem
2825 5121 3078 5192 sabbati,
3112 5140 3233 5194 qua
3269 5122 3519 5179 lucescit
3550 5124 3607 5179 in
3644 5123 3869 5197 primam

2227 5211 2454 5267 sabbati
2485 5218 2520 5280 ι,
2554 5211 2710 5266 venit
2726 5211 2908 5267 Maria
2927 5210 3269 5283 Magdalene
3296 5216 3352 5267 et
3381 5211 3575 5268 altera
3608 5212 3785 5269 Maria
3803 5210 3870 5263 vi-

2224 5302 2359 5356 dere
2410 5299 2767 5372 sepulcrum.
2821 5301 2886 5355 Et
2916 5316 3047 5355 ecce
3093 5303 3259 5355 terrae
3311 5305 3514 5357 motus
3568 5302 3754 5357 factus
3795 5300 3871 5354 est

2222 5405 2493 5463 magnus.
2518 5389 2777 5462 Angelus
2797 5389 2952 5446 enim
2968 5389 3201 5444 Domini
3220 5389 3535 5447 descendit
3558 5393 3631 5448 de
3653 5390 3809 5459 ccelo,
3825 5392 3871 5444 et

2279 5542 2484 5617 1.Edi.t‘i,
2507 5542 2558 5616 in
2587 5543 2759 5616 prima
2782 5540 2996 5617 sabbati.
3025 5542 3323 5617 At‘optima}
3346 5545 3496 5617 notis
3516 5542 3647 5617 Mss.
3671 5541 3871 5617 Cprbei-

3675 5621 3867 5655 rimam.
