4108 6188
289 324 444 385 ωιγ

283 459 688 523 demonstretur:
714 458 782 511 ab
808 457 978 513 initio
1007 472 1180 527 usque
1226 455 1297 511 ad
1324 454 1470 510 illud
1489 454 1585 510 ubi
1611 455 1709 521 ait,
1743 450 1811 505 Et
1839 448 1928 502 in-

282 548 633 620 grediuntur
662 546 1099 618 Capharnaum,
1130 549 1187 600 et
1233 545 1432 602 statim
1464 542 1725 600 sabbatis
1756 542 1931 596 doce-

283 639 382 692 bat
410 654 508 693 eos
543 654 555 690 :
590 636 730 708 quod
760 652 887 691 cum
910 638 1057 691 Luca
1085 635 1239 691 dicit.

351 729 402 781 2.
437 727 528 780 Sic
550 742 682 791 ergo
706 724 913 796 incipit
938 726 1202 780 Marcus:
1228 726 1459 780 Initium
1494 722 1789 792 Evangelii
1807 722 1934 776 Jesu

283 817 487 872 Christi
516 816 652 872 Filii
690 816 800 879 Dei,
832 816 974 869 sicut
992 817 1261 885 scriptum
1289 818 1368 869 est
1395 816 1456 868 in
1477 814 1622 868 Isaia
1649 812 1933 882 prapheta,

280 908 413 976 etc.,
450 920 634 975 usque
666 904 737 958 ad
760 904 903 957 illud
938 903 1036 958 ubi
1067 902 1168 969 ait,
1192 904 1254 957 Et
1275 902 1670 973 ingrediuntur
1698 900 1935 968 Caphar-

277 1012 468 1057 naum,
494 998 547 1048 et
575 994 761 1048 statim
791 992 1035 1046 sabbatis
1052 994 1336 1063 ingressus
1353 1007 1690 1063 synagogam
1711 988 1936 1043 docebat

278 1100 365 1139 eos
404 1083 594 1154 (Marc.
620 1099 661 1149 1,
695 1082 865 1151 1-21).
903 1082 967 1135 In
1019 1081 1126 1135 hac
1172 1085 1293 1136 tota
1324 1080 1689 1136 contextione
1737 1077 1937 1133 omnia

277 1171 584 1242 superiora
613 1186 747 1225 cum
784 1169 1048 1223 Mattbaeo
1072 1169 1440 1224 considerata
1470 1171 1609 1223 sunt
1644 1184 1656 1221 :
1690 1167 1798 1221 hoc
1831 1181 1934 1220 au-

277 1268 395 1317 tem
428 1260 659 1315 Marcus
691 1257 831 1330 quia
877 1261 1182 1329 ingressus
1213 1257 1621 1329 Capharnaum
1668 1256 1727 1309 in
1760 1270 1932 1326 syna-

279 1365 489 1422 gogam
519 1364 723 1404 eorum
750 1347 996 1403 docebat
1014 1364 1113 1402 eos
1145 1348 1429 1413 sabbatis,
1450 1362 1583 1401 cum
1620 1350 1768 1399 Luca
1789 1343 1936 1398 dixit

279 1443 430 1505 (Luc.
464 1452 539 1506 1v,
572 1438 660 1505 31)
689 1454 702 1504 ;
737 1437 838 1491 sed
872 1434 1017 1490 nihil
1048 1436 1221 1491 habet
1252 1435 1613 1505 quaestionis.

278 1542 508 1599 CAPUT
539 1543 608 1597 Il.
646 1573 711 1584 —
744 1542 816 1596 De
871 1540 1092 1595 homine
1120 1557 1151 1594 a
1182 1556 1285 1612 quo
1332 1542 1562 1609 spiritus
1612 1538 1935 1596 immundus

349 1617 550 1686 ejeclus
578 1619 654 1669 est
692 1628 998 1668 convexans
1026 1628 1168 1677 eum,
1200 1613 1477 1685 quomodo
1522 1614 1683 1669 Luem
1712 1613 1808 1683 qui
1836 1617 1935 1665 hoc

347 1704 472 1742 cum
501 1702 561 1741 eo
591 1686 758 1755 dixit,
791 1700 900 1740 non
934 1690 1225 1755 repugnet.
1784 1760 1791 1766 _

354 1794 409 1847 3.
442 1792 725 1863 Sequitur
755 1791 1006 1859 Marcus,
1052 1794 1109 1845 et
1139 1790 1281 1845 dicit
1308 1807 1320 1845 :
1355 1792 1421 1845 Et
1449 1791 1746 1862 stupebant
1774 1804 1937 1859 super

281 1882 534 1938 doctrina
566 1880 683 1951 ejus
713 1898 731 1934 :
760 1884 877 1936 erat
905 1881 1054 1935 enim
1074 1879 1271 1935 docens
1297 1895 1384 1934 eos
1414 1881 1583 1950 quasi
1608 1883 1935 1950 potestatem

282 1971 503 2036 habens,
520 1972 571 2023 et
589 1984 702 2024 non
724 1970 866 2023 sicut
889 1969 1115 2025 Scribze.
1147 1970 1210 2023 Et
1224 1973 1343 2023 erat
1359 1971 1421 2023 in
1447 1983 1726 2039 synagoga
1749 1983 1937 2023 eorum

284 2060 445 2115 homo
475 2061 536 2113 in
562 2060 764 2129 spiritu
779 2058 1079 2125 immundo,
1104 2061 1153 2112 et
1170 2059 1530 2118 exclamavit.
1553 2057 1735 2112 dicens
1760 2073 1771 2109 :
1795 2055 1937 2124 Quid

282 2148 440 2203 nobis
467 2152 519 2202 et
534 2148 659 2212 tibi,
678 2149 807 2202 Jesu
835 2148 1162 2202 Nazarene?
1189 2148 1387 2202 venisti
1404 2147 1629 2218 perdere
1655 2162 1774 2211 nos,
1799 2151 1935 2211 etc.,

287 2252 475 2307 usque
504 2236 573 2289 ad
619 2250 753 2289 eum
806 2234 998 2289 locum
1032 2234 1131 2288 ubi
1163 2234 1262 2301 ait,
1296 2237 1355 2288 Et
1385 2244 1505 2289 erat
1531 2235 1841 2306 praedicans
1876 2236 1937 2287 in

289 2325 581 2396 synagogis
615 2340 823 2392 eorum,
845 2327 893 2378 et
924 2325 982 2377 in
1014 2325 1165 2378 omni
1194 2322 1447 2388 Galilaea,
1468 2327 1517 2379 et
1545 2324 1822 2379 dmmonia
1843 2324 1938 2393 eji-

287 2416 440 2469 ciens
470 2414 654 2484 (Marc.
689 2430 730 2479 1,
768 2412 982 2481 22-39).
1016 2416 1084 2466 Et
1113 2412 1171 2465 in
1221 2411 1329 2466 hoc
1360 2416 1482 2467 toto
1513 2411 1636 2467 loco
1668 2412 1936 2481 quamvis

287 2502 409 2558 sint
439 2502 726 2573 quaedam,
753 2518 881 2572 quae
911 2517 1047 2555 cum
1071 2500 1193 2555 solo
1218 2501 1373 2557 Luca
1403 2500 1564 2569 dixit,
1600 2501 1933 2571 tamenjam

287 2594 535 2646 tractata
563 2594 871 2651 sunt,cum
898 2588 1153 2644 Matthaei
1174 2589 1571 2645 narrationem
1594 2590 1935 2644 continuam

282 2683 618 2733 teneremus
642 2695 656 2745 ;
690 2677 829 2748 quia
854 2676 912 2731 in
932 2676 1128 2748 ipsum
1148 2676 1414 2732 ordinem
1433 2677 1517 2732 sic
1547 2677 1933 2745 incurrerent,

284 2770 351 2821 ut
382 2782 448 2821 ea
478 2764 975 2836 praetermittenda
1007 2782 1119 2819 non
1145 2766 1477 2820 arbitrarer.
1512 2766 1623 2821 Sed
1659 2767 1843 2820 Lucas
1866 2768 1935 2821 de

282 2854 495 2927 spiritu
526 2854 834 2909 immundo
884 2854 967 2909 ait
997 2854 1152 2925 quod
1203 2854 1286 2909 sic
1316 2854 1521 2910 exierit
1572 2855 1642 2909 ab
1674 2853 1933 2920 homine,

283 2947 350 2999 ut
381 2942 529 2998 nihil
577 2942 628 2997 ei
678 2946 911 2998 noceret
943 2960 956 2999 :
990 2946 1216 2997 Marcus
1266 2947 1483 3005 autem,
1516 2945 1579 2997 Et
1620 2942 1934 3015 discerpens

284 3048 433 3101 eum,
466 3032 677 3104 inquit,
700 3033 933 3103 spiritus
953 3032 1291 3099 immundus,
1310 3031 1631 3087 exclamans
1661 3049 1791 3088 voce
1810 3050 1933 3087 ma-

282 3138 414 3193 gna,
470 3122 585 3176 exit
630 3121 705 3175 ab
748 3136 829 3175 eo.
880 3125 1078 3176 Potest
1131 3137 1267 3194 ergo
1316 3121 1496 3175 videri
1526 3120 1879 3176 contrarium
1916 3138 1928 3176 :

285 3210 579 3281 quomodo
608 3209 766 3265 enim
806 3208 1131 3281 discerpens,
1163 3209 1272 3274 vel,
1305 3210 1458 3264 sicut
1489 3209 1672 3281 aliqui
1705 3210 1932 3266 codices

287 3299 521 3368 habent,
553 3313 861 3353 convexans
890 3314 1036 3364 eum,
1069 3297 1161 3352 cui
1195 3297 1341 3352 nihil
1374 3298 1573 3353 nocuit
1605 3299 1931 3353 secundum

284 3388 500 3442 Lucam
523 3386 552 3441 τ
578 3388 685 3441 Sed
721 3393 776 3441 et
805 3387 931 3459 ipse
953 3387 1150 3454 Lucas,
1169 3388 1232 3441 Et
1260 3403 1383 3440 cum
1412 3388 1721 3457 projeeisset
1747 3388 1929 3455 illum,

281 3476 495 3547 inquit,
528 3476 856 3531 daemonium
881 3477 943 3529 in
972 3475 1231 3543 medium,
1255 3478 1393 3530 exiit
1423 3476 1490 3530 ab
1514 3474 1637 3542 illo,
1668 3475 1933 3546 nihilque

279 3567 334 3621 ei
360 3567 551 3619 nocuit
577 3567 725 3631 (Luc.
760 3581 836 3629 iv,
865 3564 1080 3634 33-35).
1116 3563 1276 3619 Unde
1325 3564 1676 3635 intelligitur
1703 3566 1810 3620 hoc
1841 3567 1933 3620 di-

277 3654 435 3708 xisse
466 3654 751 3716 Marcum,
798 3669 1108 3709 convexans
1156 3669 1299 3719 eum,
1333 3655 1486 3724 quod
1538 3654 1722 3708 Lucas
1763 3655 1931 3724 dixit,

278 3759 403 3797 cum
429 3742 744 3812 projecisset
788 3758 915 3797 eum
964 3744 1024 3797 in
1068 3742 1314 3796 medium
1346 3760 1364 3795 :
1398 3747 1461 3796 ut
1505 3744 1658 3814 quod
1694 3750 1931 3799 secutus

280 3831 381 3899 ait,
414 3832 663 3902 nihilque
710 3832 767 3885 ei
812 3832 1022 3896 nocuit,
1072 3831 1178 3885 hoc
1228 3830 1613 3901 intelligatur,
1662 3832 1801 3901 quia
1832 3832 1932 3887 illa

270 3920 518 3991 jactatio
550 3920 948 3974 membrorum
983 3923 1157 3989 atque
1193 3918 1419 3973 vexatio
1452 3936 1565 3974 non
1597 3936 1730 3975 eum
1765 3921 1929 3975 debi-

279 4008 487 4072 litavit,
521 4007 671 4062 sicut
716 4008 907 4062 solent
936 4008 1089 4063 exire
1138 4008 1445 4073 daemonia,
1478 4008 1654 4063 etiam
1686 4008 1927 4078 quibus-

280 4098 416 4151 dam
450 4097 733 4151 membris
763 4101 958 4151 amota
986 4097 1288 4152 vexatione
1314 4096 1474 4151 elisis
1498 4101 1537 4152 ¹.

280 4210 509 4266 CAPUT
540 4210 637 4265 III.
674 4241 739 4249 —
771 4210 843 4264 De
890 4212 1111 4265 nomine
1138 4211 1310 4275 Petri,
1356 4210 1616 4281 quomodo
1645 4212 1812 4265 etiam
1842 4219 1926 4266 at-

352 4299 453 4353 que
475 4284 644 4337 etiam
674 4283 1098 4349 commendetur,
1122 4298 1230 4337 non
1254 4298 1559 4353 repugnare
1586 4284 1806 4349 Joanni,
1832 4285 1928 4354 qui

353 4356 495 4409 dixit
520 4356 744 4424 quando
772 4356 871 4409 hoc
898 4372 1097 4409 nomen
1126 4358 1353 4426 accepit.

348 4459 400 4513 4.
434 4458 715 4530 Sequitur
762 4459 915 4514 idem
965 4460 1196 4515 Marcus
1230 4476 1243 4515 :
1282 4465 1345 4516 Et
1390 4462 1536 4516 venit
1583 4460 1653 4515 ad
1689 4477 1815 4515 eum
1846 4461 1923 4516 le-

268 4562 463 4618 prosus
509 4548 807 4615 deprecans
852 4564 1000 4615 eum,
1035 4558 1085 4602 et
1132 4565 1275 4619 genu
1304 4551 1445 4616 ﬂexo
1492 4550 1636 4603 dixit
1663 4568 1682 4605 :
1708 4550 1770 4604 Si
1820 4552 1922 4620 vis,

269 4638 423 4704 potes
452 4652 544 4691 me
588 4636 873 4706 mundare,
906 4640 1039 4705 etc.,
1074 4653 1261 4708 usque
1309 4638 1380 4693 ad
1414 4637 1558 4693 illud
1595 4638 1692 4694 ubi
1726 4640 1829 4704 ait,
1860 4641 1925 4694 Et

272 4724 584 4781 clamabant
628 4726 868 4780 dicentes
896 4743 915 4780 :
947 4726 1018 4781 Tu
1048 4743 1104 4781 es
1132 4728 1283 4797 ﬁlius
1336 4730 1457 4782 Dei.
1493 4729 1555 4782 Et
1584 4729 1925 4785 vehementer

271 4814 713 4869 comminabatur
751 4816 831 4869 eis
876 4830 947 4869 ne
988 4818 1403 4887 manifestareat
1457 4818 1845 4884 illum‘(Marc.
1881 4836 1919 4886 1,

273 4903 380 4967 4ος
417 4919 497 4968 m,
533 4904 638 4973 12).
675 4903 819 4958 Huic
870 4905 1024 4975 quod
1060 4904 1336 4960 ultimum
1391 4906 1698 4975 posuimus
1730 4906 1922 4963 simile

271 4989 497 5061 aliquid
529 4994 586 5047 et
617 4992 801 5047 Lucas
824 4992 984 5058 dicit,
1012 4994 1113 5049 sed
1147 4995 1273 5049 sine
1295 4995 1493 5065 aliqua
1523 4998 1919 5067 repugnantia:

271 5079 592 5149 quastione
622 5080 773 5152 (Luc.
808 5098 882 5148 1v,
932 5081 1043 5152 41).
1095 5082 1373 5153 Sequitur
1420 5084 1650 5138 Marcus
1685 5102 1696 5139 :
1731 5085 1793 5138 Et
1822 5101 1917 5139 as-

267 5167 501 5222 cendens
546 5169 607 5223 in
653 5176 893 5224 montem
937 5172 1149 5224 vocavit
1195 5172 1265 5225 ad
1295 5187 1354 5225 se
1400 5187 1534 5242 quos
1580 5173 1753 5227 voluit
1782 5178 1916 5244 ipse,

267 5258 318 5311 et
346 5261 615 5311 venerunt
642 5259 712 5312 ad
740 5274 867 5313 eum
898 5275 916 5313 :
947 5265 1002 5312 et
1029 5258 1166 5330 fecit
1196 5267 1253 5312 ut
1283 5270 1457 5314 essent
1486 5260 1766 5315 duodecim
1794 5278 1920 5317 cum

264 5346 384 5415 illo,
433 5349 483 5400 et
540 5355 599 5401 ut
652 5349 898 5402 mitteret
947 5363 1037 5403 eos
1090 5347 1437 5419 praedicare;
1490 5358 1543 5404 et
1596 5350 1743 5404 dedit
1800 5352 1918 5405 illis

255 5436 577 5516 potestatem
621 5436 858 5492 curandi
904 5438 1278 5507 inﬁrmitates,
1312 5441 1361 5493 et
1412 5439 1669 5507 eiiciendi
1709 5440 1913 5496 damo-

258 5525 382 5578 nia.
423 5524 487 5578 Et
518 5526 779 5596 imposuit
826 5526 1044 5581 Simoni
1089 5542 1286 5582 nomen
1312 5527 1527 5593 Petrus,
1563 5532 1693 5596 etc.,
1730 5544 1916 5600 usque

257 5649 497 5763 “1:11;;
540 5657 765 5716 septem,
816 5652 1061 5703 membris
1112 5656 1390 5719 amputatis
1436 5661 1526 5705 aut
1567 5655 1767 5705 evulsis.
1793 5657 1910 5720 Alii,

497 5729 538 5764 s.

1658 313 1890 377 LIBER
1933 310 2326 381 QUARTUS.

3546 314 3705 377 1218

2044 444 2116 499 ad
2147 444 2292 500 illud
2328 446 2426 501 ubi
2459 446 2559 513 ait,
2592 449 2658 502 Et
2700 448 2862 513 abiit,
2894 451 2944 501 et
2972 448 3130 517 saepit
3156 447 3474 517 praedicare
3505 452 3565 504 in
3595 454 3700 507 De-

2046 536 2225 598 capoli
2254 538 2463 607 quanta
2488 537 2599 591 sibi
2616 538 2831 607 fecisset
2857 536 3030 603 Jesus,
3052 544 3105 590 et
3133 552 3317 591 omnes
3346 538 3702 596 mirabantur

2045 623 2230 694 (litare.
2258 636 2330 678 ἸΙΙ
2359 642 2373 692 ;
2406 643 2457 690 v,
2490 628 2600 696 20).
2635 626 2713 680 Dc
2748 624 3086 680 nominibus
3117 624 3545 697 discipulorum
3570 632 3694 699 jam

2046 718 2102 766 et
2130 719 2303 768 antea
2332 731 2423 768 me
2463 714 2722 769 locutum
2757 714 2896 779 scio,
2933 730 3065 769 cum
3122 714 3370 769 Matthaei
3424 734 3701 787 sequerer

2044 801 2304 857 ordinem
2356 802 2579 873 (Supra,
2616 803 2712 856 lib.
2746 803 2799 871 2,
2832 819 2881 857 c.
2920 804 2981 856 17
3016 810 3071 857 et
3098 804 3188 869 53)
3217 844 3230 871 ,
3280 809 3336 859 et
3366 804 3459 859 hic
3491 824 3699 863 rursus

2044 890 2350 959 admoneo,
2369 908 2439 945 ne
2459 891 2773 961 quisquam
2807 895 2968 961 putet
2988 908 3141 945 nunc
3162 893 3456 963 accepisse
3484 911 3699 952 nomen

2044 979 2363 1046 Simonem,
2401 985 2462 1034 ut
2512 984 2719 1034 Petrus
2771 985 3096 1048 vocaretur,
3131 985 3186 1035 et
3215 981 3293 1035 sit
3339 984 3699 1040 contrarium

2043 1066 2254 1123 Joanni
2285 1067 2383 1139 qui
2433 1068 2604 1139 longe
2644 1073 2779 1123 ante
2813 1068 2894 1122 illi
2930 1069 3150 1123 dictum
3184 1086 3311 1125 esse
3342 1087 3699 1129 commemo-

2046 1164 2155 1227 rat,
2191 1157 2261 1211 Tu
2298 1159 2573 1213 vocaberis
2625 1158 2846 1229 Cephas,
2893 1158 3033 1229 quod
3078 1160 3470 1229 interpretatur
3498 1164 3700 1219 Petrus

2046 1246 2223 1317 (Joan.
2252 1264 2290 1315 1,
2326 1248 2414 1318 42)
2448 1263 2460 1300 :
2495 1246 2622 1317 ipsa
2652 1248 2809 1302 enim
2828 1248 3000 1301 verba
3030 1248 3699 1307 Dominicommcmora-

2045 1338 2149 1402 vit,
2180 1336 2392 1406 quibus
2424 1337 2472 1391 ei
2506 1352 2718 1391 nomen
2752 1336 3072 1406 imposuit;
3107 1341 3335 1393 Marcus
3366 1344 3561 1394 autem
3587 1341 3695 1396 hoc

2046 1425 2171 1481 loco
2198 1427 2255 1479 id
2288 1424 2730 1496 recapitulando
2778 1427 3280 1493 commemoravit,
3315 1444 3447 1483 cum
3498 1428 3596 1497 ait,
3630 1432 3696 1485 Et

2046 1516 2303 1585 imposuit
2336 1514 2546 1569 Simoni
2566 1531 2767 1570 nomen
2788 1516 3000 1569 Petrus.
3027 1516 3171 1571 Cum
3203 1515 3358 1570 enim
3389 1516 3561 1573 vellet
3594 1536 3695 1574 no-

2047 1603 2208 1658 mina
2230 1604 2537 1658 duodecim
2562 1604 2974 1675 Apostolorum
2996 1620 3361 1676 enumerare,
3383 1612 3439 1661 et
3462 1624 3698 1663 necesse

2046 1691 2285 1747 haberet
2334 1693 2564 1747 Petrum
2623 1693 2835 1757 dicere,
2869 1693 3119 1747 breviter
3168 1694 3467 1749 insinuare
3517 1696 3698 1752 voluit

2047 1781 2199 1852 quod
2232 1797 2348 1835 non
2380 1781 2489 1835 hoc
2511 1784 2684 1835 antea
2715 1785 3039 1848 vocaretur,
3065 1783 3164 1836 sed
3197 1781 3307 1837 hoc
3337 1782 3387 1837 ei
3410 1784 3694 1840 Dominus

2046 1886 2259 1925 nomen
2292 1869 2660 1941 imposuerit,
2695 1887 2807 1925 non
2844 1875 3003 1935 tunc,
3037 1871 3136 1925 sed
3170 1872 3407 1941 quando
3438 1876 3696 1929 Joannes

2044 1960 2173 2031 ipsa
2202 1959 2378 2014 verba
2432 1959 2655 2013 Domini
2706 1958 2920 2029 posuit.
2975 1962 3193 2014 Caetera
3223 1959 3367 2013 nihil
3421 1962 3692 2029 cuiquam

2045 2052 2395 2119 repugnant,
2429 2053 2485 2102 et
2513 2049 2828 2118 anteajam
2852 2052 3143 2119 pertracta
3170 2054 3326 2105 sunt.

2045 2173 2272 2229 CAPUT
2304 2173 2396 2227 IV.
2433 2204 2500 2212 —
2532 2172 2680 2240 Quod
2709 2173 2872 2239 dixit,
2906 2173 3133 2235 Quanto
3168 2174 3356 2242 magis
3387 2174 3473 2228 eis
3496 2175 3696 2245 praeci-

2117 2246 2427 2317 piebatﬁut
2472 2250 2750 2311 tacerent,
2800 2250 2962 2298 tanto
3006 2246 3192 2315 magis
3225 2248 3356 2315 plus
3401 2247 3694 2316 dicebant,

2118 2316 2385 2386 quomodo
2416 2332 2524 2370 non
2558 2318 2818 2386 repugnet
2848 2317 3221 2386 praescientzae
3254 2318 3445 2388 ipsius,
3480 2333 3605 2388 qua
3636 2321 3697 2373 in

2115 2390 2409 2460 Evangelio
2430 2388 2862 2443 commendatur.

2115 2507 2169 2561 6.
2203 2504 2481 2575 Sequitur
2514 2504 2742 2558 Marcus
2779 2520 2791 2557 :
2826 2504 2889 2557 Et
2919 2518 3044 2557 cum
3091 2504 3516 2560 transcendisset
3544 2507 3698 2561 Jesus

2047 2596 2108 2648 in
2134 2595 2266 2648 navi
2294 2608 2484 2646 rursus
2513 2601 2671 2647 trans
2696 2593 2924 2661 fretum,
2955 2594 3209 2646 convenit
3238 2594 3396 2648 turba
3426 2594 3598 2648 multa
3621 2594 3697 2649 ad

2046 2681 2232 2747 illum,
2267 2687 2317 2737 et
2349 2689 2471 2735 erat
2499 2682 2647 2735 circa
2698 2695 2873 2745 mare,
2907 2684 3039 2747 etc.,
3075 2696 3262 2750 usque
3310 2680 3379 2735 ad
3415 2680 3558 2735 illud
3594 2681 3693 2736 ubi

2046 2770 2148 2836 ait,
2184 2772 2245 2825 Et
2268 2772 2641 2825 convenientes
2661 2769 2900 2838 Apostoli
2921 2767 2989 2821 ad
3016 2769 3219 2836 Jesum,
3240 2770 3697 2825 renuntiaverunt

2044 2862 2134 2914 illi
2169 2862 2361 2915 omnia
2390 2875 2509 2929 quae
2557 2865 2780 2927 egerant
2827 2862 2876 2912 et
2923 2857 3221 2911 docuerant
3272 2857 3456 2924 (Marc.
3485 2874 3537 2923 v,
3582 2860 3692 2925 21;

2042 2966 2117 3019 v1,
2148 2950 2258 3018 30).
2283 2948 2398 3003 Hoc
2426 2947 2700 3001 ultimum
2725 2946 2869 3000 dixit
2899 2962 3031 3000 cum
3058 2946 3234 3011 Luca,
3256 2944 3435 2999 nihilo
3467 2944 3696 3002 discor-

2044 3038 2191 3092 dans
2222 3038 2372 3109 (Luc.
2402 3053 2479 3100 ιχ,
2514 3037 2599 3105 10)
2633 3052 2645 3088 :
2684 3040 2889 3089 caetera
2928 3035 3055 3104 jam
3088 3040 3220 3088 ante
3252 3038 3501 3089 tractata
3534 3040 3690 3090 sunt.

2043 3127 2319 3197 Sequitur
2369 3126 2597 3180 Marcu‘s
2634 3140 2646 3177 :
2679 3124 2744 3178 Et
2789 3124 2874 3178 ait
2923 3122 3044 3177 illis
3078 3141 3094 3176 :
3126 3124 3303 3177 venite
3342 3138 3585 3178 seorsum
3634 3126 3696 3179 in

2042 3215 2312 3271 desertum
2345 3215 2542 3281 locum,
2575 3217 2627 3268 et
2656 3214 2979 3282 requiescite
3021 3213 3308 3283 pusillum,
3340 3217 3472 3277 etc.,
3507 3229 3695 3284 usque

2043 3306 2113 3359 ad
2148 3304 2292 3358 illud
2328 3302 2427 3358 ubi
2457 3302 2555 3366 ait,
2591 3303 2802 3369 Quanto
2831 3306 3014 3355 autem
3035 3303 3113 3355 eis
3140 3301 3520 3371 praecipiebat,
3542 3306 3694 3358 tanto

2040 3395 2217 3464 magis
2248 3397 2365 3464 plus
2386 3391 2782 3462 praedicabant,
2806 3399 2857 3445 et
2887 3406 2947 3444 eo
2976 3391 3220 3461 amplius
3240 3389 3691 3458 admirabantur,

2042 3483 2276 3539 dicentes
2307 3501 2325 3537 :
2360 3485 2501 3537 Bene
2525 3483 2710 3536 omnia
2739 3482 2867 3549 fecit
2886 3496 2905 3539 ;
2936 3482 2987 3533 et
3014 3478 3209 3533 surdos
3236 3479 3369 3548 fecit
3400 3479 3620 3544 audire,
3642 3483 3694 3535 et

2040 3574 2216 3626 mutos
2246 3572 2397 3641 loqui
2436 3570 2623 3637 (Marc.
2655 3586 2731 3634 v1,
2764 3570 2854 3632 31,
2886 3585 2985 3634 vu,
3017 3568 3128 3638 37).
3154 3568 3215 3622 In
3248 3567 3341 3622 his
3373 3584 3506 3623 cum
3541 3569 3695 3625 Luca

2043 3662 2274 3716 Marcus
2307 3659 2452 3714 nihil
2482 3665 2570 3714 est
2600 3658 2755 3729 quod
2806 3673 3132 3728 repugnare
3163 3656 3428 3711 videatur
3461 3674 3472 3712 :
3508 3662 3563 3712 et
3594 3674 3691 3712 su-

2041 3750 2271 3820 periora
2319 3748 2516 3804 omnia
2556 3748 2679 3817 jam
2730 3746 3252 3811 consideravimus,
3305 3746 3541 3816 quando
3594 3762 3693 3801 eos

2042 3838 2314 3893 Mattbaao
2345 3836 2814 3891 conferebamus.
2847 3834 2954 3887 Sed
2982 3834 3302 3887 cavendum
3336 3839 3423 3887 est
3455 3851 3525 3888 no
3557 3834 3687 3904 qui-

2040 3943 2249 3997 squam
2283 3926 2617 3992 arbitretur,
2642 3924 2751 3977 hoc
2781 3923 2931 3992 quod
2957 3923 3015 3975 in
3041 3921 3247 3975 ultimo
3279 3938 3347 3975 ex
3374 3921 3686 3992 Evangelia

2039 4016 2219 4071 Marci
2256 4014 2443 4083 posui,
2468 4026 2790 4084 repugnare
2821 4010 3096 4065 omnibus
3115 4009 3212 4080 qui
3237 4024 3369 4062 eum
3405 4009 3536 4064 aliis
3558 4012 3686 4079 ejus

2038 4105 2333 4176 plerisque
2363 4104 2532 4157 factis
2560 4107 2616 4156 et
2637 4100 2809 4155 dictis
2841 4098 3159 4154 ostendunt
3180 4098 3361 4153 scisse
3391 4099 3528 4168 quid
3552 4114 3687 4169 age-

2037 4199 2198 4248 retur
2224 4195 2281 4247 in
2318 4192 2677 4257 hominibus,
2720 4190 2778 4243 id
2814 4194 2922 4253 est,
2953 4188 3110 4257 quod
3150 4203 3282 4241 eum
3309 4186 3686 4258 cogitationes

2036 4287 2091 4337 et
2136 4281 2465 4336 voluntates
2515 4294 2717 4333 eorum
2764 4276 2944 4331 latere
2995 4292 3108 4329 non
3162 4279 3431 4345 poterant
3475 4293 3486 4330 :
3531 4277 3686 4331 sicut

2036 4371 2408 4442 apertissime
2457 4369 2713 4423 Joannes
2762 4366 2922 4431 dicit,
2976 4366 3095 4433 Ipse
3137 4367 3316 4418 autem
3366 4368 3525 4421 Jesus
3575 4382 3684 4421 non

2035 4460 2279 4515 credebat
2306 4459 2659 4527 semetipsum
2701 4457 2807 4519 eis,
2849 4470 2908 4509 eo
2937 4453 3077 4523 quod
3107 4454 3221 4521 ipse
3268 4458 3447 4508 nosset
3477 4470 3681 4525 omnes,

2030 4554 2080 4606 et
2105 4551 2237 4619 quia
2266 4564 2396 4618 Opus
2424 4549 2476 4601 ei
2504 4562 2611 4600 non
2643 4548 2760 4599 erat
2790 4547 2851 4597 ut
2882 4544 3005 4613 quis
3033 4544 3403 4596 testimonium
3430 4543 3683 4613 perhibe~

2030 4646 2111 4694 ret
2140 4640 2205 4695 de
2233 4640 2449 4694 homine
2476 4656 2494 4692 :
2518 4640 2633 4707 ipse
2661 4636 2810 4691 enim
2832 4636 3036 4688 sciebat
3058 4632 3189 4703 quid
3209 4641 3347 4687 esset
3378 4634 3436 4685 in
3466 4633 3685 4689 homine

2033 4732 2204 4798 (Joan.
2240 4745 2301 4798 ιι,
2332 4727 2536 4795 24-25).
2569 4724 2679 4779 Sed
2714 4722 2852 4793 quid
2897 4721 3113 4775 mirum
3146 4720 3194 4774 si
3226 4724 3540 4790 praesentes
3574 4721 3681 4776 ho-

2031 4820 2259 4873 minum
2312 4816 2641 4870 voluntates
2691 4811 2941 4877 videbat,
2993 4810 3091 4881 qui
3141 4811 3317 4865 etiam
3377 4809 3679 4865 futuram‘

2032 4913 2199 4964 Petro
2231 4902 2660 4979 praenuntiavit,
2683 4917 2855 4972 quam
2881 4905 3019 4953 tunc
3043 4898 3245 4968 utique
3263 4914 3373 4952 non
3405 4898 3680 4967 habebat,

2030 4998 2265 5069 quando
2299 5012 2400 5067 pro
2434 4992 2534 5047 illo
2565 4990 2653 5047 vel
2687 5006 2819 5045 cum
2851 4986 2949 5044 illo
2973 4992 3240 5056 paratum
3275 5003 3336 5042 sc
3370 4988 3516 5043 mori
3541 5006 3681 5060 pra:-

2029 5088 2301 5143 sumebat
2347 5082 2561 5145 (illatth.
2598 5098 2749 5143 xxvx,
2790 5078 3033 5149 33-35)?
3081 5078 3212 5141 Quae
3246 5093 3379 5132 cum
3424 5077 3505 5133 ita
3537 5078 3674 5146 sint,

2028 5176 2323 5248 quomodo
2358 5174 2491 5226 huic
2541 5173 2669 5240 ejus
2714 5174 2887 5223 tantae
2921 5168 3169 5223 scientiae
3213 5172 3270 5222 et
3301 5166 3675 5238 praescientiae

2028 5283 2142 5321 non
2176 5269 2263 5319 est
2294 5262 2648 5318 contrarium
2683 5259 2833 5329 quod
2869 5258 3098 5312 Marcus
3130 5256 3290 5323 dicit,
3313 5257 3578 5323 Praecepit
3609 5256 3677 5308 it-

2028 5357 2096 5410 lis
2113 5371 2180 5410 ne
2194 5356 2285 5409 cui
2300 5352 2545 5407 dicerent
2566 5368 2581 5402 :
2600 5355 2800 5420 quanto
2830 5350 3014 5402 autem
3034 5348 3111 5401 eis
3129 5344 3503 5417 praecipiebat,
3520 5346 3673 5399 tanta

2026 5446 2204 5514 magis
2221 5443 2349 5515 plus
2368 5437 2852 5512 praedicabant?Si
2866 5438 3022 5491 enim
3037 5435 3258 5490 sciebat
3278 5429 3557 5499 eos,sicut
3576 5430 3676 5488 ille

2026 5534 2125 5607 qui
2158 5536 2328 5588 notas
2352 5529 2601 5585 habebat
2622 5532 2679 5582 et
2696 5532 3011 5599 praesentes
3039 5528 3093 5579 et
3113 5524 3340 5576 futuras
3363 5519 3671 5576 hominum

2092 5660 2103 5693 ¹
2136 5658 2273 5707 Editi
2299 5658 2535 5720 futuram
2566 5653 2907 5720 negationem.
2948 5650 3011 5720 At
3039 5647 3164 5695 Mss.
3189 5658 3304 5720 Anon
3328 5643 3559 5720 ‘addunt,
3582 5660 3673 5696 ne-

2020 5707 2308 5787 gationem;
2333 5718 2487 5782 cujus
2519 5707 2652 5767 loco“
2666 5712 3095 5766 subaudiendum
3127 5713 3223 5769 est,
3257 5707 3606 5760 voluntatem.
