  <div class='ocr_page' id='page_1' title='image "/cluster/home/n/w/nwhite01/storage/ocr_20150623/34/hvd.32044096580576/615.png"; bbox 0 0 4166 6184; ppageno 0'>
   <div class='ocr_carea' id='block_1_1' title="bbox 522 295 678 354">
    <p class='ocr_par' dir='ltr' id='par_1_1' title="bbox 522 295 678 354">
     <span class='ocr_line' id='line_1_1' title="bbox 522 295 678 354; baseline -0.006 0"><span class='ocrx_word' id='word_1_1' title='bbox 522 295 678 354; x_wconf 69' lang='grc'>1219</span> 
     </span>
    </p>
   </div>
   <div class='ocr_carea' id='block_1_2' title="bbox 518 426 2168 500">
    <p class='ocr_par' dir='ltr' id='par_1_2' title="bbox 518 426 2168 500">
     <span class='ocr_line' id='line_1_2' title="bbox 518 426 2168 500; baseline -0.006 -15"><span class='ocrx_word' id='word_1_2' title='bbox 518 429 871 500; x_wconf 79' lang='lat' dir='ltr'>voluntates,</span> <span class='ocrx_word' id='word_1_3' title='bbox 904 431 1070 483; x_wconf 88' lang='lat' dir='ltr'>tanto</span> <span class='ocrx_word' id='word_1_4' title='bbox 1101 426 1291 499; x_wconf 89' lang='lat' dir='ltr'>magis</span> <span class='ocrx_word' id='word_1_5' title='bbox 1319 426 1758 499; x_wconf 67' lang='lat' dir='ltr'>praedicaturos,</span> <span class='ocrx_word' id='word_1_6' title='bbox 1792 426 2008 495; x_wconf 88' lang='lat' dir='ltr'>quanto</span> <span class='ocrx_word' id='word_1_7' title='bbox 2038 438 2168 475; x_wconf 89' lang='lat' dir='ltr'>ma-</span> 
     </span>
    </p>
   </div>
   <div class='ocr_carea' id='block_1_3' title="bbox 1253 281 3191 365">
    <p class='ocr_par' dir='ltr' id='par_1_3' title="bbox 1253 281 3191 365">
     <span class='ocr_line' id='line_1_3' title="bbox 1253 281 3191 365; baseline 0 -14"><span class='ocrx_word' id='word_1_8' title='bbox 1253 291 1357 352; x_wconf 85' lang='lat' dir='ltr'>DE</span> <span class='ocrx_word' id='word_1_9' title='bbox 1399 291 1811 354; x_wconf 84' lang='lat' dir='ltr'>CONSENSU</span> <span class='ocrx_word' id='word_1_10' title='bbox 1856 281 2602 365; x_wconf 77' lang='lat' dir='ltr'>EVANGELISTARUM,</span> <span class='ocrx_word' id='word_1_11' title='bbox 2650 291 2713 350; x_wconf 91' lang='lat' dir='ltr'>S.</span> <span class='ocrx_word' id='word_1_12' title='bbox 2762 291 3191 354; x_wconf 79' lang='lat' dir='ltr'>AUGUSTINI</span> 
     </span>
    </p>
   </div>
   <div class='ocr_carea' id='block_1_4' title="bbox 3739 299 3870 362">
    <p class='ocr_par' dir='ltr' id='par_1_4' title="bbox 3739 299 3870 362">
     <span class='ocr_line' id='line_1_4' title="bbox 3739 299 3870 362; baseline 0.038 -5"><span class='ocrx_word' id='word_1_13' title='bbox 3739 299 3870 362; x_wconf 71' lang='lat'>1220</span> 
     </span>
    </p>
   </div>
   <div class='ocr_carea' id='block_1_5' title="bbox 2279 421 3871 499">
    <p class='ocr_par' dir='ltr' id='par_1_5' title="bbox 2279 421 3871 499">
     <span class='ocr_line' id='line_1_5' title="bbox 2279 421 3871 499; baseline 0.011 -24"><span class='ocrx_word' id='word_1_14' title='bbox 2279 421 2363 476; x_wconf 89' lang='lat' dir='ltr'>sis</span> <span class='ocrx_word' id='word_1_15' title='bbox 2392 426 2535 495; x_wconf 86' lang='lat' dir='ltr'>erat,</span> <span class='ocrx_word' id='word_1_16' title='bbox 2568 423 2716 481; x_wconf 80' lang='lat' dir='ltr'>dixit</span> <span class='ocrx_word' id='word_1_17' title='bbox 2759 426 2843 483; x_wconf 82' lang='lat' dir='ltr'>eis</span> <span class='ocrx_word' id='word_1_18' title='bbox 2890 425 3198 496; x_wconf 83' lang='lat' dir='ltr'>Dominus,</span> <span class='ocrx_word' id='word_1_19' title='bbox 3230 427 3409 483; x_wconf 80' lang='lat' dir='ltr'>Nolite</span> <span class='ocrx_word' id='word_1_20' title='bbox 3432 428 3717 499; x_wconf 85' lang='lat' dir='ltr'>prohibere.</span> <span class='ocrx_word' id='word_1_21' title='bbox 3747 433 3871 493; x_wconf 86' lang='lat' dir='ltr'>Illud</span> 
     </span>
    </p>
   </div>
   <div class='ocr_carea' id='block_1_6' title="bbox 518 511 3874 592">
    <p class='ocr_par' dir='ltr' id='par_1_6' title="bbox 518 511 3874 592">
     <span class='ocr_line' id='line_1_6' title="bbox 518 511 3874 592; baseline 0.001 -18"><span class='ocrx_word' id='word_1_22' title='bbox 518 520 609 592; x_wconf 91' lang='lat' dir='ltr'>gis</span> <span class='ocrx_word' id='word_1_23' title='bbox 660 536 729 575; x_wconf 89' lang='lat' dir='ltr'>ne</span> <span class='ocrx_word' id='word_1_24' title='bbox 778 517 1163 591; x_wconf 68' lang='lat' dir='ltr'>prtedicarent</span> <span class='ocrx_word' id='word_1_25' title='bbox 1211 516 1293 572; x_wconf 90' lang='lat' dir='ltr'>eis</span> <span class='ocrx_word' id='word_1_26' title='bbox 1339 515 1749 587; x_wconf 68' lang='lat' dir='ltr'>praecipiebat;</span> <span class='ocrx_word' id='word_1_27' title='bbox 1802 511 2010 584; x_wconf 83' lang='lat' dir='ltr'>utquid</span> <span class='ocrx_word' id='word_1_28' title='bbox 2060 511 2169 565; x_wconf 91' lang='lat' dir='ltr'>hoc</span> <span class='ocrx_word' id='word_1_29' title='bbox 2275 511 2431 566; x_wconf 91' lang='lat' dir='ltr'>enim</span> <span class='ocrx_word' id='word_1_30' title='bbox 2465 512 2772 583; x_wconf 90' lang='lat' dir='ltr'>prohibere</span> <span class='ocrx_word' id='word_1_31' title='bbox 2808 516 3158 585; x_wconf 81' lang='lat' dir='ltr'>debuerunt,</span> <span class='ocrx_word' id='word_1_32' title='bbox 3202 517 3352 587; x_wconf 88' lang='lat' dir='ltr'>quod</span> <span class='ocrx_word' id='word_1_33' title='bbox 3386 520 3542 572; x_wconf 86' lang='lat' dir='ltr'>extra</span> <span class='ocrx_word' id='word_1_34' title='bbox 3567 534 3748 575; x_wconf 87' lang='lat' dir='ltr'>eorum</span> <span class='ocrx_word' id='word_1_35' title='bbox 3776 529 3874 580; x_wconf 84' lang='lat' dir='ltr'>erat</span> 
     </span>
    </p>
   </div>
   <div class='ocr_carea' id='block_1_7' title="bbox 519 602 2167 681">
    <p class='ocr_par' dir='ltr' id='par_1_7' title="bbox 519 602 2167 681">
     <span class='ocr_line' id='line_1_7' title="bbox 519 602 2167 681; baseline -0.005 -18"><span class='ocrx_word' id='word_1_36' title='bbox 519 607 937 681; x_wconf 56' lang='lat' dir='ltr'>praecipiebat?</span> <span class='ocrx_word' id='word_1_37' title='bbox 984 606 1104 661; x_wconf 88' lang='lat' dir='ltr'>Nisi</span> <span class='ocrx_word' id='word_1_38' title='bbox 1139 605 1275 676; x_wconf 85' lang='lat' dir='ltr'>quia</span> <span class='ocrx_word' id='word_1_39' title='bbox 1330 603 1507 675; x_wconf 78' lang='lat' dir='ltr'>pigris</span> <span class='ocrx_word' id='word_1_40' title='bbox 1563 603 1792 659; x_wconf 89' lang='lat' dir='ltr'>volebat</span> <span class='ocrx_word' id='word_1_41' title='bbox 1840 602 2167 668; x_wconf 82' lang='lat' dir='ltr'>ostendere,</span> 
     </span>
    </p>
   </div>
   <div class='ocr_carea' id='block_1_8' title="bbox 519 689 2168 770">
    <p class='ocr_par' dir='ltr' id='par_1_8' title="bbox 519 689 2168 770">
     <span class='ocr_line' id='line_1_8' title="bbox 519 689 2168 770; baseline -0.005 -18"><span class='ocrx_word' id='word_1_42' title='bbox 519 702 739 770; x_wconf 89' lang='lat' dir='ltr'>quanto</span> <span class='ocrx_word' id='word_1_43' title='bbox 771 696 1071 752; x_wconf 87' lang='lat' dir='ltr'>studiosus</span> <span class='ocrx_word' id='word_1_44' title='bbox 1096 698 1435 766; x_wconf 87' lang='lat' dir='ltr'>quantoque</span> <span class='ocrx_word' id='word_1_45' title='bbox 1460 694 1773 749; x_wconf 74' lang='lat' dir='ltr'>ferventius</span> <span class='ocrx_word' id='word_1_46' title='bbox 1796 708 1925 747; x_wconf 90' lang='lat' dir='ltr'>eum</span> <span class='ocrx_word' id='word_1_47' title='bbox 1959 689 2168 762; x_wconf 70' lang='lat' dir='ltr'>praedi-</span> 
     </span>
    </p>
   </div>
   <div class='ocr_carea' id='block_1_9' title="bbox 521 781 2169 855">
    <p class='ocr_par' dir='ltr' id='par_1_9' title="bbox 521 781 2169 855">
     <span class='ocr_line' id='line_1_9' title="bbox 521 781 2169 855; baseline -0.005 -13"><span class='ocrx_word' id='word_1_48' title='bbox 521 804 653 842; x_wconf 86' lang='lat' dir='ltr'>care</span> <span class='ocrx_word' id='word_1_49' title='bbox 686 787 953 851; x_wconf 84' lang='lat' dir='ltr'>debeant,</span> <span class='ocrx_word' id='word_1_50' title='bbox 989 784 1207 855; x_wconf 86' lang='lat' dir='ltr'>quibus</span> <span class='ocrx_word' id='word_1_51' title='bbox 1249 784 1421 853; x_wconf 83' lang='lat' dir='ltr'>jubet</span> <span class='ocrx_word' id='word_1_52' title='bbox 1454 788 1516 836; x_wconf 88' lang='lat' dir='ltr'>ut</span> <span class='ocrx_word' id='word_1_53' title='bbox 1563 783 1901 853; x_wconf 65' lang='lat' dir='ltr'>praedicent,</span> <span class='ocrx_word' id='word_1_54' title='bbox 1935 781 2169 851; x_wconf 88' lang='lat' dir='ltr'>quando</span> 
     </span>
    </p>
   </div>
   <div class='ocr_carea' id='block_1_10' title="bbox 521 874 1936 947">
    <p class='ocr_par' dir='ltr' id='par_1_10' title="bbox 521 874 1936 947">
     <span class='ocr_line' id='line_1_10' title="bbox 521 874 1936 947; baseline -0.004 -15"><span class='ocrx_word' id='word_1_55' title='bbox 521 876 609 933; x_wconf 92' lang='lat' dir='ltr'>illi</span> <span class='ocrx_word' id='word_1_56' title='bbox 638 876 736 947; x_wconf 91' lang='lat' dir='ltr'>qui</span> <span class='ocrx_word' id='word_1_57' title='bbox 771 874 1254 946; x_wconf 84' lang='lat' dir='ltr'>prohibebantur,</span> <span class='ocrx_word' id='word_1_58' title='bbox 1286 880 1477 927; x_wconf 88' lang='lat' dir='ltr'>tacere</span> <span class='ocrx_word' id='word_1_59' title='bbox 1509 889 1622 927; x_wconf 90' lang='lat' dir='ltr'>non</span> <span class='ocrx_word' id='word_1_60' title='bbox 1654 876 1936 943; x_wconf 82' lang='lat' dir='ltr'>poterant.</span> 
     </span>
    </p>
   </div>
   <div class='ocr_carea' id='block_1_11' title="bbox 520 1012 2171 1086">
    <p class='ocr_par' dir='ltr' id='par_1_11' title="bbox 520 1012 2171 1086">
     <span class='ocr_line' id='line_1_11' title="bbox 520 1012 2171 1086; baseline -0.005 -12"><span class='ocrx_word' id='word_1_61' title='bbox 520 1018 752 1075; x_wconf 83' lang='lat' dir='ltr'>CAPUT</span> <span class='ocrx_word' id='word_1_62' title='bbox 784 1015 849 1072; x_wconf 90' lang='lat' dir='ltr'>V.</span> <span class='ocrx_word' id='word_1_63' title='bbox 883 1047 951 1057; x_wconf 87' lang='lat'>—-</span> <span class='ocrx_word' id='word_1_64' title='bbox 982 1018 1054 1072; x_wconf 89' lang='lat' dir='ltr'>De</span> <span class='ocrx_word' id='word_1_65' title='bbox 1084 1032 1186 1086; x_wconf 90' lang='lat' dir='ltr'>quo</span> <span class='ocrx_word' id='word_1_66' title='bbox 1217 1018 1479 1086; x_wconf 76' lang='lat' dir='ltr'>suggessit</span> <span class='ocrx_word' id='word_1_67' title='bbox 1526 1016 1776 1081; x_wconf 84' lang='lat' dir='ltr'>Joannes,</span> <span class='ocrx_word' id='word_1_68' title='bbox 1811 1012 1949 1083; x_wconf 87' lang='lat' dir='ltr'>quod</span> <span class='ocrx_word' id='word_1_69' title='bbox 1982 1012 2037 1066; x_wconf 86' lang='lat' dir='ltr'>in</span> <span class='ocrx_word' id='word_1_70' title='bbox 2068 1028 2171 1086; x_wconf 85' lang='lat' dir='ltr'>no-</span> 
     </span>
    </p>
   </div>
   <div class='ocr_carea' id='block_1_12' title="bbox 590 1085 2171 1161">
    <p class='ocr_par' dir='ltr' id='par_1_12' title="bbox 590 1085 2171 1161">
     <span class='ocr_line' id='line_1_12' title="bbox 590 1085 2171 1161; baseline -0.004 -17"><span class='ocrx_word' id='word_1_71' title='bbox 590 1093 737 1144; x_wconf 90' lang='lat' dir='ltr'>mine</span> <span class='ocrx_word' id='word_1_72' title='bbox 766 1091 883 1160; x_wconf 87' lang='lat' dir='ltr'>ejus</span> <span class='ocrx_word' id='word_1_73' title='bbox 900 1085 1131 1161; x_wconf 81' lang='lat' dir='ltr'>ejicerel</span> <span class='ocrx_word' id='word_1_74' title='bbox 1160 1085 1431 1161; x_wconf 62' lang='lat' dir='ltr'>(immania</span> <span class='ocrx_word' id='word_1_75' title='bbox 1461 1103 1569 1142; x_wconf 89' lang='lat' dir='ltr'>non</span> <span class='ocrx_word' id='word_1_76' title='bbox 1598 1085 2171 1161; x_wconf 75' lang='lat' dir='ltr'>sociatusdiscipulis,</span> 
     </span>
    </p>
   </div>
   <div class='ocr_carea' id='block_1_13' title="bbox 588 1158 2173 1231">
    <p class='ocr_par' dir='ltr' id='par_1_13' title="bbox 588 1158 2173 1231">
     <span class='ocr_line' id='line_1_13' title="bbox 588 1158 2173 1231; baseline -0.005 -14"><span class='ocrx_word' id='word_1_77' title='bbox 588 1167 641 1218; x_wconf 90' lang='lat' dir='ltr'>et</span> <span class='ocrx_word' id='word_1_78' title='bbox 670 1158 835 1231; x_wconf 67' lang='lat' dir='ltr'>dixit,</span> <span class='ocrx_word' id='word_1_79' title='bbox 867 1158 1054 1215; x_wconf 87' lang='lat' dir='ltr'>Nolite</span> <span class='ocrx_word' id='word_1_80' title='bbox 1105 1160 1407 1230; x_wconf 89' lang='lat' dir='ltr'>prohibere</span> <span class='ocrx_word' id='word_1_81' title='bbox 1437 1176 1533 1214; x_wconf 89' lang='lat' dir='ltr'>eos</span> <span class='ocrx_word' id='word_1_82' title='bbox 1573 1176 1585 1213; x_wconf 89' lang='lat'><strong>:</strong></span> <span class='ocrx_word' id='word_1_83' title='bbox 1622 1158 1721 1230; x_wconf 91' lang='lat' dir='ltr'>qui</span> <span class='ocrx_word' id='word_1_84' title='bbox 1770 1158 1923 1211; x_wconf 86' lang='lat' dir='ltr'>enim</span> <span class='ocrx_word' id='word_1_85' title='bbox 1972 1162 2173 1211; x_wconf 89' lang='lat' dir='ltr'>contra</span> 
     </span>
    </p>
   </div>
   <div class='ocr_carea' id='block_1_14' title="bbox 588 1231 2174 1304">
    <p class='ocr_par' dir='ltr' id='par_1_14' title="bbox 588 1231 2174 1304">
     <span class='ocr_line' id='line_1_14' title="bbox 588 1231 2174 1304; baseline -0.004 -16"><span class='ocrx_word' id='word_1_86' title='bbox 588 1251 692 1289; x_wconf 91' lang='lat' dir='ltr'>vos</span> <span class='ocrx_word' id='word_1_87' title='bbox 726 1250 839 1288; x_wconf 89' lang='lat' dir='ltr'>non</span> <span class='ocrx_word' id='word_1_88' title='bbox 872 1237 979 1299; x_wconf 89' lang='lat' dir='ltr'>est,</span> <span class='ocrx_word' id='word_1_89' title='bbox 1002 1250 1101 1304; x_wconf 90' lang='lat' dir='ltr'>pro</span> <span class='ocrx_word' id='word_1_90' title='bbox 1135 1231 1296 1286; x_wconf 86' lang='lat' dir='ltr'>vobis</span> <span class='ocrx_word' id='word_1_91' title='bbox 1328 1238 1454 1297; x_wconf 88' lang='lat' dir='ltr'>est;</span> <span class='ocrx_word' id='word_1_92' title='bbox 1486 1231 1748 1301; x_wconf 76' lang='lat' dir='ltr'>quomodo</span> <span class='ocrx_word' id='word_1_93' title='bbox 1769 1246 1877 1284; x_wconf 89' lang='lat' dir='ltr'>non</span> <span class='ocrx_word' id='word_1_94' title='bbox 1907 1232 2174 1304; x_wconf 79' lang='lat' dir='ltr'>repugnet</span> 
     </span>
    </p>
   </div>
   <div class='ocr_carea' id='block_1_15' title="bbox 590 1301 2171 1371">
    <p class='ocr_par' dir='ltr' id='par_1_15' title="bbox 590 1301 2171 1371">
     <span class='ocr_line' id='line_1_15' title="bbox 590 1301 2171 1371; baseline -0.005 -10"><span class='ocrx_word' id='word_1_95' title='bbox 590 1305 693 1362; x_wconf 95' lang='lat' dir='ltr'>illi</span> <span class='ocrx_word' id='word_1_96' title='bbox 722 1301 1018 1362; x_wconf 44' lang='lat' dir='ltr'>sententiis—</span> <span class='ocrx_word' id='word_1_97' title='bbox 1039 1306 1137 1359; x_wconf 88' lang='lat' dir='ltr'>ubi</span> <span class='ocrx_word' id='word_1_98' title='bbox 1167 1306 1263 1371; x_wconf 86' lang='lat' dir='ltr'>ait,</span> <span class='ocrx_word' id='word_1_99' title='bbox 1288 1304 1396 1367; x_wconf 85' lang='lat' dir='ltr'>Qui</span> <span class='ocrx_word' id='word_1_100' title='bbox 1422 1319 1537 1357; x_wconf 91' lang='lat' dir='ltr'>non</span> <span class='ocrx_word' id='word_1_101' title='bbox 1567 1308 1654 1358; x_wconf 88' lang='lat' dir='ltr'>est</span> <span class='ocrx_word' id='word_1_102' title='bbox 1686 1317 1937 1366; x_wconf 88' lang='lat' dir='ltr'>mecum,</span> <span class='ocrx_word' id='word_1_103' title='bbox 1972 1301 2171 1354; x_wconf 81' lang='lat' dir='ltr'>adver-</span> 
     </span>
    </p>
   </div>
   <div class='ocr_carea' id='block_1_16' title="bbox 595 1380 965 1433">
    <p class='ocr_par' dir='ltr' id='par_1_16' title="bbox 595 1380 965 1433">
     <span class='ocr_line' id='line_1_16' title="bbox 595 1380 965 1433; baseline -0.008 0"><span class='ocrx_word' id='word_1_104' title='bbox 595 1394 697 1433; x_wconf 90' lang='lat' dir='ltr'>sus</span> <span class='ocrx_word' id='word_1_105' title='bbox 729 1394 823 1432; x_wconf 90' lang='lat' dir='ltr'>me</span> <span class='ocrx_word' id='word_1_106' title='bbox 855 1380 965 1431; x_wconf 86' lang='lat' dir='ltr'>est.</span> 
     </span>
    </p>
   </div>
   <div class='ocr_carea' id='block_1_17' title="bbox 590 1497 2172 1573">
    <p class='ocr_par' dir='ltr' id='par_1_17' title="bbox 590 1497 2172 1573">
     <span class='ocr_line' id='line_1_17' title="bbox 590 1497 2172 1573; baseline -0.004 -16"><span class='ocrx_word' id='word_1_107' title='bbox 590 1505 647 1557; x_wconf 87' lang='lat'>6.</span> <span class='ocrx_word' id='word_1_108' title='bbox 678 1502 949 1573; x_wconf 87' lang='lat' dir='ltr'>Sequitur</span> <span class='ocrx_word' id='word_1_109' title='bbox 969 1501 1199 1556; x_wconf 89' lang='lat' dir='ltr'>Marcus</span> <span class='ocrx_word' id='word_1_110' title='bbox 1234 1518 1246 1556; x_wconf 93' lang='lat'><strong>:</strong></span> <span class='ocrx_word' id='word_1_111' title='bbox 1282 1523 1309 1550; x_wconf 84' lang='lat'>«</span> <span class='ocrx_word' id='word_1_112' title='bbox 1337 1500 1396 1555; x_wconf 89' lang='lat' dir='ltr'>In</span> <span class='ocrx_word' id='word_1_113' title='bbox 1420 1498 1538 1554; x_wconf 89' lang='lat' dir='ltr'>illis</span> <span class='ocrx_word' id='word_1_114' title='bbox 1567 1498 1774 1554; x_wconf 91' lang='lat' dir='ltr'>diebus</span> <span class='ocrx_word' id='word_1_115' title='bbox 1805 1497 2018 1553; x_wconf 88' lang='lat' dir='ltr'>iterum</span> <span class='ocrx_word' id='word_1_116' title='bbox 2040 1513 2172 1552; x_wconf 89' lang='lat' dir='ltr'>cum</span> 
     </span>
    </p>
   </div>
   <div class='ocr_carea' id='block_1_18' title="bbox 518 1588 2177 1659">
    <p class='ocr_par' dir='ltr' id='par_1_18' title="bbox 518 1588 2177 1659">
     <span class='ocr_line' id='line_1_18' title="bbox 518 1588 2177 1659; baseline -0.004 -11"><span class='ocrx_word' id='word_1_117' title='bbox 518 1593 696 1648; x_wconf 88' lang='lat' dir='ltr'>turba</span> <span class='ocrx_word' id='word_1_118' title='bbox 725 1592 913 1647; x_wconf 89' lang='lat' dir='ltr'>multa</span> <span class='ocrx_word' id='word_1_119' title='bbox 944 1595 1100 1646; x_wconf 89' lang='lat' dir='ltr'>esset</span> <span class='ocrx_word' id='word_1_120' title='bbox 1122 1593 1163 1657; x_wconf 70' lang='grc' dir='ltr'>ί,</span> <span class='ocrx_word' id='word_1_121' title='bbox 1198 1606 1303 1645; x_wconf 91' lang='lat' dir='ltr'>nec</span> <span class='ocrx_word' id='word_1_122' title='bbox 1354 1589 1636 1644; x_wconf 87' lang='lat' dir='ltr'>haberent</span> <span class='ocrx_word' id='word_1_123' title='bbox 1663 1588 1817 1659; x_wconf 91' lang='lat' dir='ltr'>quod</span> <span class='ocrx_word' id='word_1_124' title='bbox 1851 1588 2177 1643; x_wconf 90' lang='lat' dir='ltr'>manduca-</span> 
     </span>
    </p>
   </div>
   <div class='ocr_carea' id='block_1_19' title="bbox 520 1676 2177 1752">
    <p class='ocr_par' dir='ltr' id='par_1_19' title="bbox 520 1676 2177 1752">
     <span class='ocr_line' id='line_1_19' title="bbox 520 1676 2177 1752; baseline -0.002 -14"><span class='ocrx_word' id='word_1_125' title='bbox 520 1685 672 1752; x_wconf 87' lang='lat' dir='ltr'>rent,</span> <span class='ocrx_word' id='word_1_126' title='bbox 704 1700 731 1732; x_wconf 74' lang='grc' dir='ltr'>ιι</span> <span class='ocrx_word' id='word_1_127' title='bbox 770 1685 906 1747; x_wconf 90' lang='lat' dir='ltr'>etc.,</span> <span class='ocrx_word' id='word_1_128' title='bbox 932 1696 1121 1750; x_wconf 88' lang='lat' dir='ltr'>usque</span> <span class='ocrx_word' id='word_1_129' title='bbox 1153 1680 1222 1734; x_wconf 89' lang='lat' dir='ltr'>ad</span> <span class='ocrx_word' id='word_1_130' title='bbox 1256 1678 1398 1733; x_wconf 86' lang='lat' dir='ltr'>illud</span> <span class='ocrx_word' id='word_1_131' title='bbox 1435 1679 1528 1733; x_wconf 91' lang='lat' dir='ltr'>ubi</span> <span class='ocrx_word' id='word_1_132' title='bbox 1556 1678 1661 1747; x_wconf 89' lang='lat' dir='ltr'>ait,</span> <span class='ocrx_word' id='word_1_133' title='bbox 1694 1700 1721 1727; x_wconf 91' lang='grc'>‹‹</span> <span class='ocrx_word' id='word_1_134' title='bbox 1746 1677 2069 1748; x_wconf 82' lang='lat' dir='ltr'>Respondit</span> <span class='ocrx_word' id='word_1_135' title='bbox 2091 1676 2177 1735; x_wconf 88' lang='lat' dir='ltr'>illi</span> 
     </span>
    </p>
   </div>
   <div class='ocr_carea' id='block_1_20' title="bbox 516 1767 2176 1840">
    <p class='ocr_par' dir='ltr' id='par_1_20' title="bbox 516 1767 2176 1840">
     <span class='ocr_line' id='line_1_20' title="bbox 516 1767 2176 1840; baseline -0.003 -14"><span class='ocrx_word' id='word_1_136' title='bbox 516 1771 775 1826; x_wconf 85' lang='lat' dir='ltr'>Joannes</span> <span class='ocrx_word' id='word_1_137' title='bbox 827 1769 1030 1825; x_wconf 90' lang='lat' dir='ltr'>dicens</span> <span class='ocrx_word' id='word_1_138' title='bbox 1064 1786 1076 1823; x_wconf 92' lang='lat'>:</span> <span class='ocrx_word' id='word_1_139' title='bbox 1112 1768 1411 1840; x_wconf 83' lang='lat' dir='ltr'>Magister,</span> <span class='ocrx_word' id='word_1_140' title='bbox 1463 1767 1719 1822; x_wconf 87' lang='lat' dir='ltr'>vidimus</span> <span class='ocrx_word' id='word_1_141' title='bbox 1768 1767 2081 1838; x_wconf 89' lang='lat' dir='ltr'>quemdam</span> <span class='ocrx_word' id='word_1_142' title='bbox 2118 1767 2176 1821; x_wconf 91' lang='lat' dir='ltr'>in</span> 
     </span>
    </p>
   </div>
   <div class='ocr_carea' id='block_1_21' title="bbox 522 1857 2179 1929">
    <p class='ocr_par' dir='ltr' id='par_1_21' title="bbox 522 1857 2179 1929">
     <span class='ocr_line' id='line_1_21' title="bbox 522 1857 2179 1929; baseline -0.003 -13"><span class='ocrx_word' id='word_1_143' title='bbox 522 1861 761 1916; x_wconf 88' lang='lat' dir='ltr'>nomine</span> <span class='ocrx_word' id='word_1_144' title='bbox 786 1862 886 1914; x_wconf 89' lang='lat' dir='ltr'>tuo</span> <span class='ocrx_word' id='word_1_145' title='bbox 922 1858 1253 1929; x_wconf 90' lang='lat' dir='ltr'>ejicientem</span> <span class='ocrx_word' id='word_1_146' title='bbox 1287 1857 1599 1925; x_wconf 65' lang='lat' dir='ltr'>daemonia,</span> <span class='ocrx_word' id='word_1_147' title='bbox 1632 1857 1732 1927; x_wconf 91' lang='lat' dir='ltr'>qui</span> <span class='ocrx_word' id='word_1_148' title='bbox 1764 1873 1877 1911; x_wconf 91' lang='lat' dir='ltr'>non</span> <span class='ocrx_word' id='word_1_149' title='bbox 1912 1857 2179 1927; x_wconf 88' lang='lat' dir='ltr'>sequitur</span> 
     </span>
    </p>
   </div>
   <div class='ocr_carea' id='block_1_22' title="bbox 523 1947 2173 2021">
    <p class='ocr_par' dir='ltr' id='par_1_22' title="bbox 523 1947 2173 2021">
     <span class='ocr_line' id='line_1_22' title="bbox 523 1947 2173 2021; baseline -0.001 -15"><span class='ocrx_word' id='word_1_150' title='bbox 523 1950 853 2021; x_wconf 89' lang='lat' dir='ltr'>nobiscum,</span> <span class='ocrx_word' id='word_1_151' title='bbox 886 1952 943 2004; x_wconf 89' lang='lat' dir='ltr'>et</span> <span class='ocrx_word' id='word_1_152' title='bbox 973 1948 1384 2020; x_wconf 88' lang='lat' dir='ltr'>prohibuimus</span> <span class='ocrx_word' id='word_1_153' title='bbox 1421 1964 1577 2003; x_wconf 90' lang='lat' dir='ltr'>eum.</span> <span class='ocrx_word' id='word_1_154' title='bbox 1609 1948 1779 2003; x_wconf 89' lang='lat' dir='ltr'>Jesus</span> <span class='ocrx_word' id='word_1_155' title='bbox 1811 1950 2007 2002; x_wconf 86' lang='lat' dir='ltr'>autem</span> <span class='ocrx_word' id='word_1_156' title='bbox 2040 1947 2120 2001; x_wconf 88' lang='lat' dir='ltr'>ait</span> <span class='ocrx_word' id='word_1_157' title='bbox 2156 1965 2173 2004; x_wconf 70' lang='grc' dir='ltr'><strong>ι</strong></span> 
     </span>
    </p>
   </div>
   <div class='ocr_carea' id='block_1_23' title="bbox 521 2036 2178 2111">
    <p class='ocr_par' dir='ltr' id='par_1_23' title="bbox 521 2036 2178 2111">
     <span class='ocr_line' id='line_1_23' title="bbox 521 2036 2178 2111; baseline -0.004 -15"><span class='ocrx_word' id='word_1_158' title='bbox 521 2039 710 2096; x_wconf 88' lang='lat' dir='ltr'>Nolite</span> <span class='ocrx_word' id='word_1_159' title='bbox 758 2039 1062 2111; x_wconf 87' lang='lat' dir='ltr'>prohibere</span> <span class='ocrx_word' id='word_1_160' title='bbox 1110 2053 1244 2093; x_wconf 89' lang='lat' dir='ltr'>eum</span> <span class='ocrx_word' id='word_1_161' title='bbox 1279 2055 1291 2092; x_wconf 95' lang='lat'>:</span> <span class='ocrx_word' id='word_1_162' title='bbox 1328 2055 1497 2093; x_wconf 88' lang='lat' dir='ltr'>nemo</span> <span class='ocrx_word' id='word_1_163' title='bbox 1548 2041 1636 2092; x_wconf 90' lang='lat' dir='ltr'>est</span> <span class='ocrx_word' id='word_1_164' title='bbox 1664 2037 1819 2091; x_wconf 90' lang='lat' dir='ltr'>enim</span> <span class='ocrx_word' id='word_1_165' title='bbox 1870 2036 1967 2107; x_wconf 90' lang='lat' dir='ltr'>qui</span> <span class='ocrx_word' id='word_1_166' title='bbox 2002 2036 2178 2092; x_wconf 82' lang='lat' dir='ltr'>faciat</span> 
     </span>
    </p>
   </div>
   <div class='ocr_carea' id='block_1_24' title="bbox 520 2124 2173 2198">
    <p class='ocr_par' dir='ltr' id='par_1_24' title="bbox 520 2124 2173 2198">
     <span class='ocr_line' id='line_1_24' title="bbox 520 2124 2173 2198; baseline -0.003 -15"><span class='ocrx_word' id='word_1_167' title='bbox 520 2128 797 2184; x_wconf 85' lang='lat' dir='ltr'>virtutem</span> <span class='ocrx_word' id='word_1_168' title='bbox 830 2128 889 2182; x_wconf 88' lang='lat' dir='ltr'>in</span> <span class='ocrx_word' id='word_1_169' title='bbox 921 2129 1157 2183; x_wconf 87' lang='lat' dir='ltr'>nomine</span> <span class='ocrx_word' id='word_1_170' title='bbox 1189 2144 1341 2196; x_wconf 90' lang='lat' dir='ltr'>meo,</span> <span class='ocrx_word' id='word_1_171' title='bbox 1374 2131 1433 2182; x_wconf 89' lang='lat' dir='ltr'>et</span> <span class='ocrx_word' id='word_1_172' title='bbox 1473 2126 1659 2197; x_wconf 88' lang='lat' dir='ltr'>possit</span> <span class='ocrx_word' id='word_1_173' title='bbox 1686 2126 1800 2181; x_wconf 90' lang='lat' dir='ltr'>cito</span> <span class='ocrx_word' id='word_1_174' title='bbox 1833 2126 1983 2181; x_wconf 89' lang='lat' dir='ltr'>male</span> <span class='ocrx_word' id='word_1_175' title='bbox 2013 2124 2173 2198; x_wconf 90' lang='lat' dir='ltr'>loqui</span> 
     </span>
    </p>
   </div>
   <div class='ocr_carea' id='block_1_25' title="bbox 524 2216 2175 2289">
    <p class='ocr_par' dir='ltr' id='par_1_25' title="bbox 524 2216 2175 2289">
     <span class='ocr_line' id='line_1_25' title="bbox 524 2216 2175 2289; baseline -0.001 -16"><span class='ocrx_word' id='word_1_176' title='bbox 524 2220 593 2273; x_wconf 90' lang='lat' dir='ltr'>de</span> <span class='ocrx_word' id='word_1_177' title='bbox 625 2234 756 2284; x_wconf 90' lang='lat' dir='ltr'>me;</span> <span class='ocrx_word' id='word_1_178' title='bbox 791 2217 892 2289; x_wconf 90' lang='lat' dir='ltr'>qui</span> <span class='ocrx_word' id='word_1_179' title='bbox 924 2218 1082 2271; x_wconf 89' lang='lat' dir='ltr'>enim</span> <span class='ocrx_word' id='word_1_180' title='bbox 1114 2234 1228 2271; x_wconf 93' lang='lat' dir='ltr'>non</span> <span class='ocrx_word' id='word_1_181' title='bbox 1262 2220 1354 2271; x_wconf 88' lang='lat' dir='ltr'>est</span> <span class='ocrx_word' id='word_1_182' title='bbox 1384 2217 1691 2270; x_wconf 84' lang='lat' dir='ltr'>adversum</span> <span class='ocrx_word' id='word_1_183' title='bbox 1722 2232 1844 2282; x_wconf 90' lang='lat' dir='ltr'>vos,</span> <span class='ocrx_word' id='word_1_184' title='bbox 1878 2232 1981 2285; x_wconf 89' lang='lat' dir='ltr'>pro</span> <span class='ocrx_word' id='word_1_185' title='bbox 2012 2216 2175 2272; x_wconf 81' lang='lat' dir='ltr'>vobis</span> 
     </span>
    </p>
   </div>
   <div class='ocr_carea' id='block_1_26' title="bbox 523 2303 2174 2376">
    <p class='ocr_par' dir='ltr' id='par_1_26' title="bbox 523 2303 2174 2376">
     <span class='ocr_line' id='line_1_26' title="bbox 523 2303 2174 2376; baseline -0.001 -15"><span class='ocrx_word' id='word_1_186' title='bbox 523 2310 614 2361; x_wconf 88' lang='lat' dir='ltr'>est</span> <span class='ocrx_word' id='word_1_187' title='bbox 646 2328 673 2355; x_wconf 85' lang='lat'>»</span> <span class='ocrx_word' id='word_1_188' title='bbox 706 2306 1073 2375; x_wconf 79' lang='lat' dir='ltr'>(Marc.vm,l</span> <span class='ocrx_word' id='word_1_189' title='bbox 1105 2322 1118 2372; x_wconf 91' lang='lat'>;</span> <span class='ocrx_word' id='word_1_190' title='bbox 1151 2322 1229 2373; x_wconf 79' lang='lat' dir='ltr'>Ix,</span> <span class='ocrx_word' id='word_1_191' title='bbox 1250 2305 1359 2376; x_wconf 79' lang='lat'>30).</span> <span class='ocrx_word' id='word_1_192' title='bbox 1388 2304 1503 2359; x_wconf 86' lang='lat' dir='ltr'>Hoc</span> <span class='ocrx_word' id='word_1_193' title='bbox 1536 2305 1720 2358; x_wconf 89' lang='lat' dir='ltr'>Lucas</span> <span class='ocrx_word' id='word_1_194' title='bbox 1752 2303 2023 2359; x_wconf 88' lang='lat' dir='ltr'>similiter</span> <span class='ocrx_word' id='word_1_195' title='bbox 2042 2321 2174 2359; x_wconf 84' lang='lat' dir='ltr'>nar-</span> 
     </span>
    </p>
   </div>
   <div class='ocr_carea' id='block_1_27' title="bbox 524 2392 2172 2465">
    <p class='ocr_par' dir='ltr' id='par_1_27' title="bbox 524 2392 2172 2465">
     <span class='ocr_line' id='line_1_27' title="bbox 524 2392 2172 2465; baseline -0.001 -16"><span class='ocrx_word' id='word_1_196' title='bbox 524 2399 616 2449; x_wconf 91' lang='lat' dir='ltr'>rat</span> <span class='ocrx_word' id='word_1_197' title='bbox 645 2393 797 2465; x_wconf 86' lang='lat' dir='ltr'>(Luc.</span> <span class='ocrx_word' id='word_1_198' title='bbox 825 2412 904 2460; x_wconf 85' lang='lat' dir='ltr'>1x,</span> <span class='ocrx_word' id='word_1_199' title='bbox 928 2394 1015 2458; x_wconf 78' lang='grc'>49,</span> <span class='ocrx_word' id='word_1_200' title='bbox 1046 2392 1160 2463; x_wconf 86' lang='grc'>50),</span> <span class='ocrx_word' id='word_1_201' title='bbox 1192 2392 1303 2448; x_wconf 87' lang='lat' dir='ltr'>nisi</span> <span class='ocrx_word' id='word_1_202' title='bbox 1338 2394 1487 2463; x_wconf 90' lang='lat' dir='ltr'>quod</span> <span class='ocrx_word' id='word_1_203' title='bbox 1526 2392 1651 2464; x_wconf 90' lang='lat' dir='ltr'>ipse</span> <span class='ocrx_word' id='word_1_204' title='bbox 1681 2408 1797 2447; x_wconf 90' lang='lat' dir='ltr'>non</span> <span class='ocrx_word' id='word_1_205' title='bbox 1830 2393 1990 2459; x_wconf 89' lang='lat' dir='ltr'>dicit,</span> <span class='ocrx_word' id='word_1_206' title='bbox 2017 2415 2041 2442; x_wconf 83' lang='lat'><strong>«</strong></span> <span class='ocrx_word' id='word_1_207' title='bbox 2062 2394 2172 2447; x_wconf 83' lang='lat' dir='ltr'>Ne-</span> 
     </span>
    </p>
   </div>
   <div class='ocr_carea' id='block_1_28' title="bbox 523 2481 2174 2554">
    <p class='ocr_par' dir='ltr' id='par_1_28' title="bbox 523 2481 2174 2554">
     <span class='ocr_line' id='line_1_28' title="bbox 523 2481 2174 2554; baseline 0 -16"><span class='ocrx_word' id='word_1_208' title='bbox 523 2499 618 2538; x_wconf 88' lang='lat' dir='ltr'>mo</span> <span class='ocrx_word' id='word_1_209' title='bbox 649 2487 736 2539; x_wconf 87' lang='lat' dir='ltr'>est</span> <span class='ocrx_word' id='word_1_210' title='bbox 765 2482 919 2538; x_wconf 91' lang='lat' dir='ltr'>enim</span> <span class='ocrx_word' id='word_1_211' title='bbox 956 2481 1057 2554; x_wconf 86' lang='lat' dir='ltr'>qui</span> <span class='ocrx_word' id='word_1_212' title='bbox 1084 2482 1256 2537; x_wconf 86' lang='lat' dir='ltr'>faciat</span> <span class='ocrx_word' id='word_1_213' title='bbox 1281 2482 1554 2536; x_wconf 86' lang='lat' dir='ltr'>virtutem</span> <span class='ocrx_word' id='word_1_214' title='bbox 1589 2482 1645 2535; x_wconf 88' lang='lat' dir='ltr'>in</span> <span class='ocrx_word' id='word_1_215' title='bbox 1680 2481 1914 2536; x_wconf 90' lang='lat' dir='ltr'>nomine</span> <span class='ocrx_word' id='word_1_216' title='bbox 1945 2498 2093 2549; x_wconf 90' lang='lat' dir='ltr'>meo,</span> <span class='ocrx_word' id='word_1_217' title='bbox 2118 2488 2174 2538; x_wconf 88' lang='lat' dir='ltr'>et</span> 
     </span>
    </p>
   </div>
   <div class='ocr_carea' id='block_1_29' title="bbox 520 2570 2171 2644">
    <p class='ocr_par' dir='ltr' id='par_1_29' title="bbox 520 2570 2171 2644">
     <span class='ocr_line' id='line_1_29' title="bbox 520 2570 2171 2644; baseline -0.001 -17"><span class='ocrx_word' id='word_1_218' title='bbox 520 2573 706 2644; x_wconf 89' lang='lat' dir='ltr'>possit</span> <span class='ocrx_word' id='word_1_219' title='bbox 736 2571 845 2627; x_wconf 85' lang='lat' dir='ltr'>cito</span> <span class='ocrx_word' id='word_1_220' title='bbox 879 2570 1033 2626; x_wconf 90' lang='lat' dir='ltr'>male</span> <span class='ocrx_word' id='word_1_221' title='bbox 1064 2570 1223 2642; x_wconf 91' lang='lat' dir='ltr'>loqui</span> <span class='ocrx_word' id='word_1_222' title='bbox 1258 2572 1328 2626; x_wconf 91' lang='lat' dir='ltr'>de</span> <span class='ocrx_word' id='word_1_223' title='bbox 1363 2586 1451 2625; x_wconf 89' lang='lat' dir='ltr'>me</span> <span class='ocrx_word' id='word_1_224' title='bbox 1487 2586 1499 2625; x_wconf 90' lang='lat'>:</span> <span class='ocrx_word' id='word_1_225' title='bbox 1539 2592 1565 2619; x_wconf 83' lang='lat'>»</span> <span class='ocrx_word' id='word_1_226' title='bbox 1598 2570 1761 2626; x_wconf 89' lang='lat' dir='ltr'>nulla</span> <span class='ocrx_word' id='word_1_227' title='bbox 1792 2575 1881 2625; x_wconf 90' lang='lat' dir='ltr'>est</span> <span class='ocrx_word' id='word_1_228' title='bbox 1911 2587 2046 2643; x_wconf 90' lang='lat' dir='ltr'>ergo</span> <span class='ocrx_word' id='word_1_229' title='bbox 2078 2572 2171 2626; x_wconf 90' lang='lat' dir='ltr'>in-</span> 
     </span>
    </p>
   </div>
   <div class='ocr_carea' id='block_1_30' title="bbox 520 2659 2170 2733">
    <p class='ocr_par' dir='ltr' id='par_1_30' title="bbox 520 2659 2170 2733">
     <span class='ocr_line' id='line_1_30' title="bbox 520 2659 2170 2733; baseline -0.001 -16"><span class='ocrx_word' id='word_1_230' title='bbox 520 2668 609 2718; x_wconf 89' lang='lat' dir='ltr'>ter</span> <span class='ocrx_word' id='word_1_231' title='bbox 638 2679 736 2717; x_wconf 91' lang='lat' dir='ltr'>cos</span> <span class='ocrx_word' id='word_1_232' title='bbox 786 2659 1029 2733; x_wconf 64' lang='lat' dir='ltr'>quaastio</span> <span class='ocrx_word' id='word_1_233' title='bbox 1079 2661 1430 2731; x_wconf 86' lang='lat' dir='ltr'>cujusquam</span> <span class='ocrx_word' id='word_1_234' title='bbox 1485 2659 1902 2731; x_wconf 63' lang='lat' dir='ltr'>repugnantia).</span> <span class='ocrx_word' id='word_1_235' title='bbox 1955 2660 2062 2715; x_wconf 85' lang='lat' dir='ltr'>Sed</span> <span class='ocrx_word' id='word_1_236' title='bbox 2090 2660 2170 2715; x_wconf 92' lang='lat' dir='ltr'>vi-</span> 
     </span>
    </p>
   </div>
   <div class='ocr_carea' id='block_1_31' title="bbox 521 2746 2175 2819">
    <p class='ocr_par' dir='ltr' id='par_1_31' title="bbox 521 2746 2175 2819">
     <span class='ocr_line' id='line_1_31' title="bbox 521 2746 2175 2819; baseline -0.002 -15"><span class='ocrx_word' id='word_1_237' title='bbox 521 2750 777 2804; x_wconf 88' lang='lat' dir='ltr'>dendum</span> <span class='ocrx_word' id='word_1_238' title='bbox 812 2752 900 2804; x_wconf 91' lang='lat' dir='ltr'>est</span> <span class='ocrx_word' id='word_1_239' title='bbox 930 2764 1003 2803; x_wconf 89' lang='lat' dir='ltr'>ne</span> <span class='ocrx_word' id='word_1_240' title='bbox 1031 2747 1141 2802; x_wconf 91' lang='lat' dir='ltr'>hoc</span> <span class='ocrx_word' id='word_1_241' title='bbox 1194 2746 1277 2801; x_wconf 91' lang='lat' dir='ltr'>illi</span> <span class='ocrx_word' id='word_1_242' title='bbox 1311 2746 1615 2801; x_wconf 69' lang='lat' dir='ltr'>sententia:</span> <span class='ocrx_word' id='word_1_243' title='bbox 1652 2746 1877 2801; x_wconf 83' lang='lat' dir='ltr'>Domini</span> <span class='ocrx_word' id='word_1_244' title='bbox 1935 2750 2175 2819; x_wconf 86' lang='lat' dir='ltr'>putetur</span> 
     </span>
    </p>
   </div>
   <div class='ocr_carea' id='block_1_32' title="bbox 522 2836 2176 2904">
    <p class='ocr_par' dir='ltr' id='par_1_32' title="bbox 522 2836 2176 2904">
     <span class='ocr_line' id='line_1_32' title="bbox 522 2836 2176 2904; baseline -0.001 -11"><span class='ocrx_word' id='word_1_245' title='bbox 522 2837 880 2893; x_wconf 86' lang='lat' dir='ltr'>contrarium</span> <span class='ocrx_word' id='word_1_246' title='bbox 914 2838 1011 2892; x_wconf 93' lang='lat' dir='ltr'>ubi</span> <span class='ocrx_word' id='word_1_247' title='bbox 1046 2837 1145 2903; x_wconf 89' lang='lat' dir='ltr'>ait,</span> <span class='ocrx_word' id='word_1_248' title='bbox 1171 2836 1277 2904; x_wconf 85' lang='lat' dir='ltr'>Qui</span> <span class='ocrx_word' id='word_1_249' title='bbox 1302 2852 1513 2891; x_wconf 89' lang='lat' dir='ltr'>mecum</span> <span class='ocrx_word' id='word_1_250' title='bbox 1546 2851 1653 2891; x_wconf 86' lang='lat' dir='ltr'>non</span> <span class='ocrx_word' id='word_1_251' title='bbox 1684 2839 1783 2901; x_wconf 80' lang='lat' dir='ltr'>est,</span> <span class='ocrx_word' id='word_1_252' title='bbox 1805 2836 2062 2891; x_wconf 86' lang='lat' dir='ltr'>adversus</span> <span class='ocrx_word' id='word_1_253' title='bbox 2090 2852 2176 2892; x_wconf 86' lang='lat' dir='ltr'>me</span> 
     </span>
    </p>
   </div>
   <div class='ocr_carea' id='block_1_33' title="bbox 521 2925 2171 2999">
    <p class='ocr_par' dir='ltr' id='par_1_33' title="bbox 521 2925 2171 2999">
     <span class='ocr_line' id='line_1_33' title="bbox 521 2925 2171 2999; baseline -0.002 -16"><span class='ocrx_word' id='word_1_254' title='bbox 521 2932 638 2990; x_wconf 85' lang='lat' dir='ltr'>est;</span> <span class='ocrx_word' id='word_1_255' title='bbox 668 2937 719 2983; x_wconf 88' lang='lat' dir='ltr'>et</span> <span class='ocrx_word' id='word_1_256' title='bbox 743 2928 835 2999; x_wconf 86' lang='lat' dir='ltr'>qui</span> <span class='ocrx_word' id='word_1_257' title='bbox 862 2943 1077 2982; x_wconf 86' lang='lat' dir='ltr'>mecum</span> <span class='ocrx_word' id='word_1_258' title='bbox 1095 2942 1206 2981; x_wconf 80' lang='lat' dir='ltr'>non</span> <span class='ocrx_word' id='word_1_259' title='bbox 1237 2927 1474 2993; x_wconf 82' lang='lat' dir='ltr'>colligit,</span> <span class='ocrx_word' id='word_1_260' title='bbox 1494 2926 1707 2995; x_wconf 78' lang='lat' dir='ltr'>spargit</span> <span class='ocrx_word' id='word_1_261' title='bbox 1728 2925 1936 2995; x_wconf 77' lang='lat' dir='ltr'>(Matth.</span> <span class='ocrx_word' id='word_1_262' title='bbox 1961 2943 2060 2990; x_wconf 84' lang='lat' dir='ltr'>xu,</span> <span class='ocrx_word' id='word_1_263' title='bbox 2080 2928 2171 2995; x_wconf 87' lang='lat'>30,</span> 
     </span>
    </p>
   </div>
   <div class='ocr_carea' id='block_1_34' title="bbox 520 3014 2174 3084">
    <p class='ocr_par' dir='ltr' id='par_1_34' title="bbox 520 3014 2174 3084">
     <span class='ocr_line' id='line_1_34' title="bbox 520 3014 2174 3084; baseline 0.001 -12"><span class='ocrx_word' id='word_1_264' title='bbox 520 3024 570 3072; x_wconf 90' lang='lat' dir='ltr'>et</span> <span class='ocrx_word' id='word_1_265' title='bbox 587 3018 717 3071; x_wconf 86' lang='lat' dir='ltr'>Luc.</span> <span class='ocrx_word' id='word_1_266' title='bbox 741 3034 819 3084; x_wconf 86' lang='lat' dir='ltr'>x1,</span> <span class='ocrx_word' id='word_1_267' title='bbox 841 3014 950 3084; x_wconf 76' lang='lat'>23).</span> <span class='ocrx_word' id='word_1_268' title='bbox 976 3015 1275 3080; x_wconf 91' lang='lat' dir='ltr'>Quomodo</span> <span class='ocrx_word' id='word_1_269' title='bbox 1299 3015 1455 3069; x_wconf 88' lang='lat' dir='ltr'>enim</span> <span class='ocrx_word' id='word_1_270' title='bbox 1480 3016 1588 3069; x_wconf 91' lang='lat' dir='ltr'>iste</span> <span class='ocrx_word' id='word_1_271' title='bbox 1611 3031 1725 3069; x_wconf 91' lang='lat' dir='ltr'>non</span> <span class='ocrx_word' id='word_1_272' title='bbox 1750 3018 1873 3069; x_wconf 89' lang='lat' dir='ltr'>erat</span> <span class='ocrx_word' id='word_1_273' title='bbox 1890 3015 2174 3074; x_wconf 87' lang='lat' dir='ltr'>adversus</span> 
     </span>
    </p>
   </div>
   <div class='ocr_carea' id='block_1_35' title="bbox 518 3104 2175 3177">
    <p class='ocr_par' dir='ltr' id='par_1_35' title="bbox 518 3104 2175 3177">
     <span class='ocr_line' id='line_1_35' title="bbox 518 3104 2175 3177; baseline -0.001 -16"><span class='ocrx_word' id='word_1_274' title='bbox 518 3123 675 3176; x_wconf 90' lang='lat' dir='ltr'>eum,</span> <span class='ocrx_word' id='word_1_275' title='bbox 695 3106 793 3176; x_wconf 93' lang='lat' dir='ltr'>qui</span> <span class='ocrx_word' id='word_1_276' title='bbox 810 3121 943 3160; x_wconf 89' lang='lat' dir='ltr'>cum</span> <span class='ocrx_word' id='word_1_277' title='bbox 959 3104 1059 3160; x_wconf 94' lang='lat' dir='ltr'>illo</span> <span class='ocrx_word' id='word_1_278' title='bbox 1078 3121 1192 3160; x_wconf 90' lang='lat' dir='ltr'>non</span> <span class='ocrx_word' id='word_1_279' title='bbox 1216 3109 1360 3173; x_wconf 88' lang='lat' dir='ltr'>erat,</span> <span class='ocrx_word' id='word_1_280' title='bbox 1378 3104 1449 3158; x_wconf 90' lang='lat' dir='ltr'>de</span> <span class='ocrx_word' id='word_1_281' title='bbox 1472 3120 1587 3174; x_wconf 92' lang='lat' dir='ltr'>quo</span> <span class='ocrx_word' id='word_1_282' title='bbox 1606 3105 1863 3159; x_wconf 87' lang='lat' dir='ltr'>Joannes</span> <span class='ocrx_word' id='word_1_283' title='bbox 1878 3108 2175 3177; x_wconf 75' lang='lat' dir='ltr'>suggessit</span> 
     </span>
    </p>
   </div>
   <div class='ocr_carea' id='block_1_36' title="bbox 518 3193 2173 3267">
    <p class='ocr_par' dir='ltr' id='par_1_36' title="bbox 518 3193 2173 3267">
     <span class='ocr_line' id='line_1_36' title="bbox 518 3193 2173 3267; baseline -0.001 -16"><span class='ocrx_word' id='word_1_284' title='bbox 518 3196 673 3267; x_wconf 91' lang='lat' dir='ltr'>quod</span> <span class='ocrx_word' id='word_1_285' title='bbox 689 3211 823 3250; x_wconf 92' lang='lat' dir='ltr'>cum</span> <span class='ocrx_word' id='word_1_286' title='bbox 842 3194 957 3249; x_wconf 89' lang='lat' dir='ltr'>illis</span> <span class='ocrx_word' id='word_1_287' title='bbox 971 3209 1108 3249; x_wconf 86' lang='lat' dir='ltr'>eum</span> <span class='ocrx_word' id='word_1_288' title='bbox 1128 3209 1241 3247; x_wconf 91' lang='lat' dir='ltr'>non</span> <span class='ocrx_word' id='word_1_289' title='bbox 1263 3193 1695 3264; x_wconf 90' lang='lat' dir='ltr'>sequebatur,si</span> <span class='ocrx_word' id='word_1_290' title='bbox 1713 3194 1991 3248; x_wconf 87' lang='lat' dir='ltr'>adversus</span> <span class='ocrx_word' id='word_1_291' title='bbox 2005 3194 2173 3249; x_wconf 89' lang='lat' dir='ltr'>illum</span> 
     </span>
    </p>
   </div>
   <div class='ocr_carea' id='block_1_37' title="bbox 515 3281 2171 3357">
    <p class='ocr_par' dir='ltr' id='par_1_37' title="bbox 515 3281 2171 3357">
     <span class='ocr_line' id='line_1_37' title="bbox 515 3281 2171 3357; baseline -0.001 -17"><span class='ocrx_word' id='word_1_292' title='bbox 515 3289 607 3341; x_wconf 89' lang='lat' dir='ltr'>est</span> <span class='ocrx_word' id='word_1_293' title='bbox 638 3285 737 3357; x_wconf 92' lang='lat' dir='ltr'>qui</span> <span class='ocrx_word' id='word_1_294' title='bbox 758 3301 872 3339; x_wconf 88' lang='lat' dir='ltr'>non</span> <span class='ocrx_word' id='word_1_295' title='bbox 891 3288 1129 3339; x_wconf 91' lang='lat' dir='ltr'>estcum</span> <span class='ocrx_word' id='word_1_296' title='bbox 1153 3281 1298 3338; x_wconf 85' lang='lat' dir='ltr'>illo?</span> <span class='ocrx_word' id='word_1_297' title='bbox 1330 3287 1430 3337; x_wconf 89' lang='lat' dir='ltr'>aut</span> <span class='ocrx_word' id='word_1_298' title='bbox 1459 3282 1509 3336; x_wconf 89' lang='lat' dir='ltr'>si</span> <span class='ocrx_word' id='word_1_299' title='bbox 1542 3282 2005 3338; x_wconf 83' lang='lat' dir='ltr'>adversusillum</span> <span class='ocrx_word' id='word_1_300' title='bbox 2028 3289 2171 3352; x_wconf 89' lang='lat' dir='ltr'>erat,</span> 
     </span>
    </p>
   </div>
   <div class='ocr_carea' id='block_1_38' title="bbox 516 3372 2174 3446">
    <p class='ocr_par' dir='ltr' id='par_1_38' title="bbox 516 3372 2174 3446">
     <span class='ocr_line' id='line_1_38' title="bbox 516 3372 2174 3446; baseline 0.001 -18"><span class='ocrx_word' id='word_1_301' title='bbox 516 3374 810 3446; x_wconf 92' lang='lat' dir='ltr'>quomodo</span> <span class='ocrx_word' id='word_1_302' title='bbox 836 3373 978 3428; x_wconf 85' lang='lat' dir='ltr'>dicit</span> <span class='ocrx_word' id='word_1_303' title='bbox 1000 3372 1329 3444; x_wconf 87' lang='lat' dir='ltr'>discipulis,</span> <span class='ocrx_word' id='word_1_304' title='bbox 1354 3372 1537 3427; x_wconf 81' lang='lat' dir='ltr'>Nolite</span> <span class='ocrx_word' id='word_1_305' title='bbox 1559 3372 1850 3442; x_wconf 86' lang='lat' dir='ltr'>prohibere</span> <span class='ocrx_word' id='word_1_306' title='bbox 1868 3391 1890 3426; x_wconf 89' lang='grc'>.·</span> <span class='ocrx_word' id='word_1_307' title='bbox 1911 3375 2007 3443; x_wconf 88' lang='lat' dir='ltr'>qui</span> <span class='ocrx_word' id='word_1_308' title='bbox 2026 3376 2174 3429; x_wconf 86' lang='lat' dir='ltr'>enim</span> 
     </span>
    </p>
   </div>
   <div class='ocr_carea' id='block_1_39' title="bbox 513 3461 2171 3532">
    <p class='ocr_par' dir='ltr' id='par_1_39' title="bbox 513 3461 2171 3532">
     <span class='ocr_line' id='line_1_39' title="bbox 513 3461 2171 3532; baseline 0.002 -15"><span class='ocrx_word' id='word_1_309' title='bbox 513 3480 626 3517; x_wconf 82' lang='lat' dir='ltr'>non</span> <span class='ocrx_word' id='word_1_310' title='bbox 657 3467 742 3517; x_wconf 86' lang='lat' dir='ltr'>est</span> <span class='ocrx_word' id='word_1_311' title='bbox 769 3463 1029 3517; x_wconf 87' lang='lat' dir='ltr'>adversus</span> <span class='ocrx_word' id='word_1_312' title='bbox 1062 3478 1169 3529; x_wconf 86' lang='lat' dir='ltr'>vos,</span> <span class='ocrx_word' id='word_1_313' title='bbox 1198 3478 1303 3532; x_wconf 86' lang='lat' dir='ltr'>pro</span> <span class='ocrx_word' id='word_1_314' title='bbox 1331 3461 1480 3517; x_wconf 84' lang='lat' dir='ltr'>vobis</span> <span class='ocrx_word' id='word_1_315' title='bbox 1500 3465 1615 3516; x_wconf 84' lang='lat' dir='ltr'>est?</span> <span class='ocrx_word' id='word_1_316' title='bbox 1646 3468 1731 3515; x_wconf 85' lang='lat' dir='ltr'>An</span> <span class='ocrx_word' id='word_1_317' title='bbox 1754 3462 1863 3516; x_wconf 91' lang='lat' dir='ltr'>hoc</span> <span class='ocrx_word' id='word_1_318' title='bbox 1889 3462 2171 3519; x_wconf 89' lang='lat' dir='ltr'>interesse</span> 
     </span>
    </p>
   </div>
   <div class='ocr_carea' id='block_1_40' title="bbox 513 3549 2174 3623">
    <p class='ocr_par' dir='ltr' id='par_1_40' title="bbox 513 3549 2174 3623">
     <span class='ocr_line' id='line_1_40' title="bbox 513 3549 2174 3623; baseline 0.001 -17"><span class='ocrx_word' id='word_1_319' title='bbox 513 3551 732 3623; x_wconf 90' lang='lat' dir='ltr'>aliquis</span> <span class='ocrx_word' id='word_1_320' title='bbox 765 3551 936 3618; x_wconf 89' lang='lat' dir='ltr'>dicet,</span> <span class='ocrx_word' id='word_1_321' title='bbox 970 3551 1109 3621; x_wconf 91' lang='lat' dir='ltr'>quia</span> <span class='ocrx_word' id='word_1_322' title='bbox 1135 3550 1228 3605; x_wconf 91' lang='lat' dir='ltr'>hic</span> <span class='ocrx_word' id='word_1_323' title='bbox 1250 3549 1554 3621; x_wconf 90' lang='lat' dir='ltr'>discipulis</span> <span class='ocrx_word' id='word_1_324' title='bbox 1587 3550 1685 3620; x_wconf 92' lang='lat' dir='ltr'>ait,</span> <span class='ocrx_word' id='word_1_325' title='bbox 1721 3551 1828 3617; x_wconf 86' lang='lat' dir='ltr'>Qui</span> <span class='ocrx_word' id='word_1_326' title='bbox 1844 3566 1955 3605; x_wconf 84' lang='lat' dir='ltr'>non</span> <span class='ocrx_word' id='word_1_327' title='bbox 1977 3556 2053 3606; x_wconf 78' lang='lat' dir='ltr'>est</span> <span class='ocrx_word' id='word_1_328' title='bbox 2079 3554 2174 3607; x_wconf 85' lang='lat' dir='ltr'>ad-</span> 
     </span>
    </p>
   </div>
   <div class='ocr_carea' id='block_1_41' title="bbox 514 3638 2169 3711">
    <p class='ocr_par' dir='ltr' id='par_1_41' title="bbox 514 3638 2169 3711">
     <span class='ocr_line' id='line_1_41' title="bbox 514 3638 2169 3711; baseline 0.001 -16"><span class='ocrx_word' id='word_1_329' title='bbox 514 3656 706 3695; x_wconf 88' lang='lat' dir='ltr'>versus</span> <span class='ocrx_word' id='word_1_330' title='bbox 726 3657 837 3707; x_wconf 76' lang='lat' dir='ltr'>vos,</span> <span class='ocrx_word' id='word_1_331' title='bbox 860 3656 958 3711; x_wconf 87' lang='lat' dir='ltr'>pro</span> <span class='ocrx_word' id='word_1_332' title='bbox 984 3639 1131 3694; x_wconf 83' lang='lat' dir='ltr'>vobis</span> <span class='ocrx_word' id='word_1_333' title='bbox 1162 3642 1238 3693; x_wconf 88' lang='lat' dir='ltr'>est</span> <span class='ocrx_word' id='word_1_334' title='bbox 1261 3655 1280 3700; x_wconf 85' lang='lat'><strong><em>;</em></strong></span> <span class='ocrx_word' id='word_1_335' title='bbox 1314 3638 1391 3692; x_wconf 92' lang='lat' dir='ltr'>ibi</span> <span class='ocrx_word' id='word_1_336' title='bbox 1418 3642 1613 3693; x_wconf 90' lang='lat' dir='ltr'>autem</span> <span class='ocrx_word' id='word_1_337' title='bbox 1634 3639 1703 3694; x_wconf 91' lang='lat' dir='ltr'>de</span> <span class='ocrx_word' id='word_1_338' title='bbox 1722 3640 1913 3711; x_wconf 88' lang='lat' dir='ltr'>seipso</span> <span class='ocrx_word' id='word_1_339' title='bbox 1938 3639 2169 3697; x_wconf 89' lang='lat' dir='ltr'>locutus</span> 
     </span>
    </p>
   </div>
   <div class='ocr_carea' id='block_1_42' title="bbox 514 3728 2169 3797">
    <p class='ocr_par' dir='ltr' id='par_1_42' title="bbox 514 3728 2169 3797">
     <span class='ocr_line' id='line_1_42' title="bbox 514 3728 2169 3797; baseline 0.001 -13"><span class='ocrx_word' id='word_1_340' title='bbox 514 3733 621 3797; x_wconf 90' lang='lat' dir='ltr'>est,</span> <span class='ocrx_word' id='word_1_341' title='bbox 659 3730 766 3797; x_wconf 89' lang='lat' dir='ltr'>Qui</span> <span class='ocrx_word' id='word_1_342' title='bbox 790 3745 1001 3784; x_wconf 86' lang='lat' dir='ltr'>mecum</span> <span class='ocrx_word' id='word_1_343' title='bbox 1031 3744 1140 3783; x_wconf 88' lang='lat' dir='ltr'>non</span> <span class='ocrx_word' id='word_1_344' title='bbox 1171 3730 1267 3795; x_wconf 85' lang='lat' dir='ltr'>est,</span> <span class='ocrx_word' id='word_1_345' title='bbox 1292 3728 1550 3782; x_wconf 87' lang='lat' dir='ltr'>adversus</span> <span class='ocrx_word' id='word_1_346' title='bbox 1578 3743 1665 3782; x_wconf 85' lang='lat' dir='ltr'>me</span> <span class='ocrx_word' id='word_1_347' title='bbox 1687 3730 1810 3783; x_wconf 83' lang='lat' dir='ltr'>est?</span> <span class='ocrx_word' id='word_1_348' title='bbox 1838 3730 2014 3795; x_wconf 86' lang='lat' dir='ltr'>Quasi</span> <span class='ocrx_word' id='word_1_349' title='bbox 2036 3748 2169 3787; x_wconf 88' lang='lat' dir='ltr'>vero</span> 
     </span>
    </p>
   </div>
   <div class='ocr_carea' id='block_1_43' title="bbox 515 3817 2167 3891">
    <p class='ocr_par' dir='ltr' id='par_1_43' title="bbox 515 3817 2167 3891">
     <span class='ocr_line' id='line_1_43' title="bbox 515 3817 2167 3891; baseline 0 -16"><span class='ocrx_word' id='word_1_350' title='bbox 515 3818 703 3891; x_wconf 88' lang='lat' dir='ltr'>possit</span> <span class='ocrx_word' id='word_1_351' title='bbox 722 3836 855 3874; x_wconf 86' lang='lat' dir='ltr'>cum</span> <span class='ocrx_word' id='word_1_352' title='bbox 880 3818 977 3873; x_wconf 94' lang='lat' dir='ltr'>illo</span> <span class='ocrx_word' id='word_1_353' title='bbox 1002 3835 1114 3873; x_wconf 92' lang='lat' dir='ltr'>non</span> <span class='ocrx_word' id='word_1_354' title='bbox 1138 3834 1266 3873; x_wconf 90' lang='lat' dir='ltr'>esse</span> <span class='ocrx_word' id='word_1_355' title='bbox 1286 3819 1385 3889; x_wconf 89' lang='lat' dir='ltr'>qui</span> <span class='ocrx_word' id='word_1_356' title='bbox 1403 3817 1709 3889; x_wconf 90' lang='lat' dir='ltr'>discipulis</span> <span class='ocrx_word' id='word_1_357' title='bbox 1732 3818 1859 3888; x_wconf 84' lang='lat' dir='ltr'>ejus</span> <span class='ocrx_word' id='word_1_358' title='bbox 1885 3823 2167 3890; x_wconf 89' lang='lat' dir='ltr'>tanquam</span> 
     </span>
    </p>
   </div>
   <div class='ocr_carea' id='block_1_44' title="bbox 512 3906 2166 3982">
    <p class='ocr_par' dir='ltr' id='par_1_44' title="bbox 512 3906 2166 3982">
     <span class='ocr_line' id='line_1_44' title="bbox 512 3906 2166 3982; baseline 0 -18"><span class='ocrx_word' id='word_1_359' title='bbox 512 3908 795 3964; x_wconf 77' lang='lat' dir='ltr'>membris</span> <span class='ocrx_word' id='word_1_360' title='bbox 809 3906 1497 3978; x_wconf 77' lang='lat' dir='ltr'>ejussociaturzalioquin</span> <span class='ocrx_word' id='word_1_361' title='bbox 1513 3908 1806 3977; x_wconf 91' lang='lat' dir='ltr'>quomodo</span> <span class='ocrx_word' id='word_1_362' title='bbox 1819 3925 2021 3963; x_wconf 91' lang='lat' dir='ltr'>verum</span> <span class='ocrx_word' id='word_1_363' title='bbox 2037 3910 2166 3982; x_wconf 90' lang='lat' dir='ltr'>erit,</span> 
     </span>
    </p>
   </div>
   <div class='ocr_carea' id='block_1_45' title="bbox 515 3997 2170 4070">
    <p class='ocr_par' dir='ltr' id='par_1_45' title="bbox 515 3997 2170 4070">
     <span class='ocr_line' id='line_1_45' title="bbox 515 3997 2170 4070; baseline 0.001 -17"><span class='ocrx_word' id='word_1_364' title='bbox 515 4000 622 4067; x_wconf 85' lang='lat' dir='ltr'>Qui</span> <span class='ocrx_word' id='word_1_365' title='bbox 649 4015 743 4054; x_wconf 86' lang='lat' dir='ltr'>vos</span> <span class='ocrx_word' id='word_1_366' title='bbox 772 3999 993 4070; x_wconf 83' lang='lat' dir='ltr'>recipit,</span> <span class='ocrx_word' id='word_1_367' title='bbox 1014 4012 1100 4051; x_wconf 88' lang='lat' dir='ltr'>me</span> <span class='ocrx_word' id='word_1_368' title='bbox 1124 3998 1322 4067; x_wconf 84' lang='lat' dir='ltr'>recipit</span> <span class='ocrx_word' id='word_1_369' title='bbox 1353 3997 1561 4063; x_wconf 80' lang='lat' dir='ltr'>(Matth.</span> <span class='ocrx_word' id='word_1_370' title='bbox 1586 4013 1643 4062; x_wconf 86' lang='lat' dir='ltr'>x,</span> <span class='ocrx_word' id='word_1_371' title='bbox 1674 3998 1760 4067; x_wconf 66' lang='lat'>40;</span> <span class='ocrx_word' id='word_1_372' title='bbox 1791 4015 1803 4064; x_wconf 92' lang='lat'>;</span> <span class='ocrx_word' id='word_1_373' title='bbox 1836 4001 1911 4067; x_wconf 90' lang='lat' dir='ltr'>et,</span> <span class='ocrx_word' id='word_1_374' title='bbox 1947 3998 2170 4065; x_wconf 81' lang='lat' dir='ltr'>Quamlo</span> 
     </span>
    </p>
   </div>
   <div class='ocr_carea' id='block_1_46' title="bbox 510 4086 2172 4159">
    <p class='ocr_par' dir='ltr' id='par_1_46' title="bbox 510 4086 2172 4159">
     <span class='ocr_line' id='line_1_46' title="bbox 510 4086 2172 4159; baseline 0.001 -16"><span class='ocrx_word' id='word_1_375' title='bbox 510 4090 613 4143; x_wconf 84' lang='lat' dir='ltr'>uni</span> <span class='ocrx_word' id='word_1_376' title='bbox 628 4104 696 4144; x_wconf 73' lang='lat' dir='ltr'>ex</span> <span class='ocrx_word' id='word_1_377' title='bbox 712 4089 961 4142; x_wconf 84' lang='lat' dir='ltr'>minimis</span> <span class='ocrx_word' id='word_1_378' title='bbox 980 4088 1111 4142; x_wconf 83' lang='lat' dir='ltr'>meis</span> <span class='ocrx_word' id='word_1_379' title='bbox 1128 4086 1358 4157; x_wconf 77' lang='lat' dir='ltr'>fecistis,</span> <span class='ocrx_word' id='word_1_380' title='bbox 1379 4086 1522 4139; x_wconf 85' lang='lat' dir='ltr'>mihi</span> <span class='ocrx_word' id='word_1_381' title='bbox 1539 4087 1749 4155; x_wconf 77' lang='lat' dir='ltr'>fecistis</span> <span class='ocrx_word' id='word_1_382' title='bbox 1772 4086 1877 4157; x_wconf 86' lang='lat' dir='ltr'>(Id.</span> <span class='ocrx_word' id='word_1_383' title='bbox 1904 4104 2032 4153; x_wconf 85' lang='lat' dir='ltr'>xxv,</span> <span class='ocrx_word' id='word_1_384' title='bbox 2054 4090 2172 4159; x_wconf 64' lang='lat'>40)?</span> 
     </span>
    </p>
   </div>
   <div class='ocr_carea' id='block_1_47' title="bbox 513 4175 2173 4249">
    <p class='ocr_par' dir='ltr' id='par_1_47' title="bbox 513 4175 2173 4249">
     <span class='ocr_line' id='line_1_47' title="bbox 513 4175 2173 4249; baseline 0.001 -17"><span class='ocrx_word' id='word_1_385' title='bbox 513 4181 614 4232; x_wconf 89' lang='lat' dir='ltr'>aut</span> <span class='ocrx_word' id='word_1_386' title='bbox 644 4182 833 4249; x_wconf 87' lang='lat' dir='ltr'>potest</span> <span class='ocrx_word' id='word_1_387' title='bbox 858 4177 1032 4232; x_wconf 87' lang='lat' dir='ltr'>etiam</span> <span class='ocrx_word' id='word_1_388' title='bbox 1067 4192 1180 4230; x_wconf 88' lang='lat' dir='ltr'>non</span> <span class='ocrx_word' id='word_1_389' title='bbox 1218 4191 1346 4230; x_wconf 89' lang='lat' dir='ltr'>esse</span> <span class='ocrx_word' id='word_1_390' title='bbox 1379 4175 1659 4229; x_wconf 85' lang='lat' dir='ltr'>adversus</span> <span class='ocrx_word' id='word_1_391' title='bbox 1690 4190 1848 4246; x_wconf 91' lang='lat' dir='ltr'>eum,</span> <span class='ocrx_word' id='word_1_392' title='bbox 1874 4177 1973 4247; x_wconf 90' lang='lat' dir='ltr'>qui</span> <span class='ocrx_word' id='word_1_393' title='bbox 1998 4178 2173 4234; x_wconf 82' lang='lat' dir='ltr'>fuerit</span> 
     </span>
    </p>
   </div>
   <div class='ocr_carea' id='block_1_48' title="bbox 513 4262 2174 4336">
    <p class='ocr_par' dir='ltr' id='par_1_48' title="bbox 513 4262 2174 4336">
     <span class='ocr_line' id='line_1_48' title="bbox 513 4262 2174 4336; baseline 0.001 -15"><span class='ocrx_word' id='word_1_394' title='bbox 513 4266 795 4321; x_wconf 86' lang='lat' dir='ltr'>adversus</span> <span class='ocrx_word' id='word_1_395' title='bbox 822 4264 1142 4336; x_wconf 89' lang='lat' dir='ltr'>discipulos</span> <span class='ocrx_word' id='word_1_396' title='bbox 1160 4262 1327 4333; x_wconf 89' lang='lat' dir='ltr'>ejus?</span> <span class='ocrx_word' id='word_1_397' title='bbox 1345 4262 1487 4319; x_wconf 84' lang='lat' dir='ltr'>Nam</span> <span class='ocrx_word' id='word_1_398' title='bbox 1513 4263 1613 4317; x_wconf 91' lang='lat' dir='ltr'>ubi</span> <span class='ocrx_word' id='word_1_399' title='bbox 1636 4263 1746 4318; x_wconf 91' lang='lat' dir='ltr'>erit</span> <span class='ocrx_word' id='word_1_400' title='bbox 1767 4263 1933 4330; x_wconf 93' lang='lat' dir='ltr'>illud,</span> <span class='ocrx_word' id='word_1_401' title='bbox 1952 4269 2066 4336; x_wconf 81' lang='lat' dir='ltr'>Qui</span> <span class='ocrx_word' id='word_1_402' title='bbox 2084 4284 2174 4323; x_wconf 84' lang='lat' dir='ltr'>vos</span> 
     </span>
    </p>
   </div>
   <div class='ocr_carea' id='block_1_49' title="bbox 511 4352 2174 4427">
    <p class='ocr_par' dir='ltr' id='par_1_49' title="bbox 511 4352 2174 4427">
     <span class='ocr_line' id='line_1_49' title="bbox 511 4352 2174 4427; baseline 0.001 -17"><span class='ocrx_word' id='word_1_403' title='bbox 511 4356 746 4427; x_wconf 85' lang='lat' dir='ltr'>spernit,</span> <span class='ocrx_word' id='word_1_404' title='bbox 768 4372 855 4410; x_wconf 88' lang='lat' dir='ltr'>me</span> <span class='ocrx_word' id='word_1_405' title='bbox 873 4356 1085 4426; x_wconf 84' lang='lat' dir='ltr'>spernit</span> <span class='ocrx_word' id='word_1_406' title='bbox 1105 4356 1253 4421; x_wconf 82' lang='lat' dir='ltr'>(Luc.</span> <span class='ocrx_word' id='word_1_407' title='bbox 1279 4370 1334 4419; x_wconf 89' lang='lat' dir='ltr'>x,</span> <span class='ocrx_word' id='word_1_408' title='bbox 1362 4352 1447 4405; x_wconf 65' lang='lat'>16)</span> <span class='ocrx_word' id='word_1_409' title='bbox 1473 4368 1485 4418; x_wconf 92' lang='lat'>;</span> <span class='ocrx_word' id='word_1_410' title='bbox 1509 4356 1583 4417; x_wconf 89' lang='lat' dir='ltr'>et,</span> <span class='ocrx_word' id='word_1_411' title='bbox 1610 4354 1840 4421; x_wconf 81' lang='lat' dir='ltr'>Quando</span> <span class='ocrx_word' id='word_1_412' title='bbox 1860 4356 1961 4408; x_wconf 85' lang='lat' dir='ltr'>uni</span> <span class='ocrx_word' id='word_1_413' title='bbox 1980 4371 2049 4410; x_wconf 72' lang='lat' dir='ltr'>ea:</span> <span class='ocrx_word' id='word_1_414' title='bbox 2073 4358 2174 4414; x_wconf 87' lang='lat' dir='ltr'>mi-</span> 
     </span>
    </p>
   </div>
   <div class='ocr_carea' id='block_1_50' title="bbox 512 4441 2172 4514">
    <p class='ocr_par' dir='ltr' id='par_1_50' title="bbox 512 4441 2172 4514">
     <span class='ocr_line' id='line_1_50' title="bbox 512 4441 2172 4514; baseline -0.001 -14"><span class='ocrx_word' id='word_1_415' title='bbox 512 4447 687 4501; x_wconf 85' lang='lat' dir='ltr'>nimis</span> <span class='ocrx_word' id='word_1_416' title='bbox 709 4447 847 4500; x_wconf 85' lang='lat' dir='ltr'>meis</span> <span class='ocrx_word' id='word_1_417' title='bbox 862 4460 971 4500; x_wconf 87' lang='lat' dir='ltr'>non</span> <span class='ocrx_word' id='word_1_418' title='bbox 986 4444 1211 4514; x_wconf 77' lang='lat' dir='ltr'>fecistis,</span> <span class='ocrx_word' id='word_1_419' title='bbox 1228 4457 1403 4513; x_wconf 83' lang='lat' dir='ltr'>neque</span> <span class='ocrx_word' id='word_1_420' title='bbox 1423 4441 1564 4495; x_wconf 89' lang='lat' dir='ltr'>mihi</span> <span class='ocrx_word' id='word_1_421' title='bbox 1579 4443 1792 4511; x_wconf 82' lang='lat' dir='ltr'>fecistis</span> <span class='ocrx_word' id='word_1_422' title='bbox 1812 4444 1829 4514; x_wconf 96' lang='lat'>(</span> <span class='ocrx_word' id='word_1_423' title='bbox 1838 4444 2022 4500; x_wconf 75' lang='lat' dir='ltr'>Matth.</span> <span class='ocrx_word' id='word_1_424' title='bbox 2041 4463 2172 4513; x_wconf 85' lang='lat' dir='ltr'>xxv,</span> 
     </span>
    </p>
   </div>
   <div class='ocr_carea' id='block_1_51' title="bbox 514 4530 2175 4607">
    <p class='ocr_par' dir='ltr' id='par_1_51' title="bbox 514 4530 2175 4607">
     <span class='ocr_line' id='line_1_51' title="bbox 514 4530 2175 4607; baseline 0.001 -17"><span class='ocrx_word' id='word_1_425' title='bbox 514 4536 603 4606; x_wconf 80' lang='grc'>45)</span> <span class='ocrx_word' id='word_1_426' title='bbox 630 4554 643 4603; x_wconf 91' lang='grc'>;</span> <span class='ocrx_word' id='word_1_427' title='bbox 670 4540 745 4600; x_wconf 89' lang='lat' dir='ltr'>et,</span> <span class='ocrx_word' id='word_1_428' title='bbox 772 4535 956 4601; x_wconf 88' lang='lat' dir='ltr'>Saule,</span> <span class='ocrx_word' id='word_1_429' title='bbox 983 4534 1169 4600; x_wconf 80' lang='lat' dir='ltr'>Saule,</span> <span class='ocrx_word' id='word_1_430' title='bbox 1194 4530 1325 4603; x_wconf 87' lang='lat' dir='ltr'>quid</span> <span class='ocrx_word' id='word_1_431' title='bbox 1346 4546 1432 4586; x_wconf 87' lang='lat' dir='ltr'>me</span> <span class='ocrx_word' id='word_1_432' title='bbox 1449 4534 1787 4602; x_wconf 84' lang='lat' dir='ltr'>persequeris</span> <span class='ocrx_word' id='word_1_433' title='bbox 1811 4532 1940 4603; x_wconf 81' lang='lat' dir='ltr'>(Act.</span> <span class='ocrx_word' id='word_1_434' title='bbox 1968 4552 2043 4602; x_wconf 82' lang='lat' dir='ltr'>1x,</span> <span class='ocrx_word' id='word_1_435' title='bbox 2070 4536 2123 4607; x_wconf 80' lang='grc'>4)</span> <span class='ocrx_word' id='word_1_436' title='bbox 2147 4536 2175 4591; x_wconf 71' lang='lat' dir='ltr'><strong><em>‘I</em></strong></span> 
     </span>
    </p>
   </div>
   <div class='ocr_carea' id='block_1_52' title="bbox 515 4620 2172 4696">
    <p class='ocr_par' dir='ltr' id='par_1_52' title="bbox 515 4620 2172 4696">
     <span class='ocr_line' id='line_1_52' title="bbox 515 4620 2172 4696; baseline 0 -16"><span class='ocrx_word' id='word_1_437' title='bbox 515 4642 647 4681; x_wconf 91' lang='lat' dir='ltr'>cum</span> <span class='ocrx_word' id='word_1_438' title='bbox 662 4624 982 4696; x_wconf 90' lang='lat' dir='ltr'>discipulos</span> <span class='ocrx_word' id='word_1_439' title='bbox 996 4625 1085 4693; x_wconf 89' lang='lat' dir='ltr'>eju</span> <span class='ocrx_word' id='word_1_440' title='bbox 1098 4640 1123 4678; x_wconf 90' lang='lat' dir='ltr'>s</span> <span class='ocrx_word' id='word_1_441' title='bbox 1140 4620 1626 4694; x_wconf 81' lang='lat' dir='ltr'>persequeretur?</span> <span class='ocrx_word' id='word_1_442' title='bbox 1641 4622 1746 4677; x_wconf 91' lang='lat' dir='ltr'>Sed</span> <span class='ocrx_word' id='word_1_443' title='bbox 1764 4622 2044 4679; x_wconf 89' lang='lat' dir='ltr'>nimirum</span> <span class='ocrx_word' id='word_1_444' title='bbox 2064 4624 2172 4681; x_wconf 91' lang='lat' dir='ltr'>hoc</span> 
     </span>
    </p>
   </div>
   <div class='ocr_carea' id='block_1_53' title="bbox 512 4709 2170 4785">
    <p class='ocr_par' dir='ltr' id='par_1_53' title="bbox 512 4709 2170 4785">
     <span class='ocr_line' id='line_1_53' title="bbox 512 4709 2170 4785; baseline 0 -16"><span class='ocrx_word' id='word_1_445' title='bbox 512 4714 638 4769; x_wconf 87' lang='lat' dir='ltr'>vult</span> <span class='ocrx_word' id='word_1_446' title='bbox 667 4714 938 4785; x_wconf 78' lang='lat' dir='ltr'>intelligi,</span> <span class='ocrx_word' id='word_1_447' title='bbox 964 4713 1023 4768; x_wconf 91' lang='lat' dir='ltr'>in</span> <span class='ocrx_word' id='word_1_448' title='bbox 1046 4716 1277 4767; x_wconf 87' lang='lat' dir='ltr'>tantum</span> <span class='ocrx_word' id='word_1_449' title='bbox 1312 4725 1443 4764; x_wconf 90' lang='lat' dir='ltr'>cum</span> <span class='ocrx_word' id='word_1_450' title='bbox 1470 4709 1569 4763; x_wconf 94' lang='lat' dir='ltr'>illo</span> <span class='ocrx_word' id='word_1_451' title='bbox 1598 4727 1712 4765; x_wconf 88' lang='lat' dir='ltr'>non</span> <span class='ocrx_word' id='word_1_452' title='bbox 1742 4726 1870 4766; x_wconf 90' lang='lat' dir='ltr'>esse</span> <span class='ocrx_word' id='word_1_453' title='bbox 1892 4712 2170 4784; x_wconf 89' lang='lat' dir='ltr'>aliquem,</span> 
     </span>
    </p>
   </div>
   <div class='ocr_carea' id='block_1_54' title="bbox 515 4798 2171 4874">
    <p class='ocr_par' dir='ltr' id='par_1_54' title="bbox 515 4798 2171 4874">
     <span class='ocr_line' id='line_1_54' title="bbox 515 4798 2171 4874; baseline 0.001 -15"><span class='ocrx_word' id='word_1_454' title='bbox 515 4802 573 4858; x_wconf 91' lang='lat' dir='ltr'>in</span> <span class='ocrx_word' id='word_1_455' title='bbox 594 4810 879 4874; x_wconf 88' lang='lat' dir='ltr'>quantum</span> <span class='ocrx_word' id='word_1_456' title='bbox 899 4808 989 4859; x_wconf 90' lang='lat' dir='ltr'>est</span> <span class='ocrx_word' id='word_1_457' title='bbox 1006 4798 1626 4866; x_wconf 87' lang='lat' dir='ltr'>adversusillum;etin</span> <span class='ocrx_word' id='word_1_458' title='bbox 1642 4805 1870 4855; x_wconf 87' lang='lat' dir='ltr'>tantum</span> <span class='ocrx_word' id='word_1_459' title='bbox 1890 4803 2171 4861; x_wconf 88' lang='lat' dir='ltr'>adversus</span> 
     </span>
    </p>
   </div>
   <div class='ocr_carea' id='block_1_55' title="bbox 512 4887 2172 4964">
    <p class='ocr_par' dir='ltr' id='par_1_55' title="bbox 512 4887 2172 4964">
     <span class='ocr_line' id='line_1_55' title="bbox 512 4887 2172 4964; baseline 0.001 -18"><span class='ocrx_word' id='word_1_460' title='bbox 512 4892 680 4947; x_wconf 89' lang='lat' dir='ltr'>illum</span> <span class='ocrx_word' id='word_1_461' title='bbox 705 4910 819 4948; x_wconf 90' lang='lat' dir='ltr'>non</span> <span class='ocrx_word' id='word_1_462' title='bbox 842 4892 1055 4961; x_wconf 82' lang='lat' dir='ltr'>esse,in</span> <span class='ocrx_word' id='word_1_463' title='bbox 1082 4898 1360 4963; x_wconf 85' lang='lat' dir='ltr'>quantum</span> <span class='ocrx_word' id='word_1_464' title='bbox 1375 4905 1506 4943; x_wconf 89' lang='lat' dir='ltr'>cum</span> <span class='ocrx_word' id='word_1_465' title='bbox 1524 4887 1621 4943; x_wconf 93' lang='lat' dir='ltr'>illo</span> <span class='ocrx_word' id='word_1_466' title='bbox 1645 4894 1752 4944; x_wconf 88' lang='lat' dir='ltr'>est.</span> <span class='ocrx_word' id='word_1_467' title='bbox 1770 4891 2172 4964; x_wconf 83' lang='lat' dir='ltr'>Exempligra-</span> 
     </span>
    </p>
   </div>
   <div class='ocr_carea' id='block_1_56' title="bbox 511 4978 2171 5053">
    <p class='ocr_par' dir='ltr' id='par_1_56' title="bbox 511 4978 2171 5053">
     <span class='ocr_line' id='line_1_56' title="bbox 511 4978 2171 5053; baseline 0.001 -16"><span class='ocrx_word' id='word_1_468' title='bbox 511 4982 615 5053; x_wconf 87' lang='lat' dir='ltr'>tia,</span> <span class='ocrx_word' id='word_1_469' title='bbox 636 4982 790 5037; x_wconf 88' lang='lat' dir='ltr'>sicut</span> <span class='ocrx_word' id='word_1_470' title='bbox 820 4982 929 5037; x_wconf 88' lang='lat' dir='ltr'>iste</span> <span class='ocrx_word' id='word_1_471' title='bbox 960 4981 1084 5053; x_wconf 88' lang='lat' dir='ltr'>ipse</span> <span class='ocrx_word' id='word_1_472' title='bbox 1103 4981 1203 5053; x_wconf 91' lang='lat' dir='ltr'>qui</span> <span class='ocrx_word' id='word_1_473' title='bbox 1237 4979 1293 5034; x_wconf 91' lang='lat' dir='ltr'>in</span> <span class='ocrx_word' id='word_1_474' title='bbox 1319 4978 1557 5033; x_wconf 88' lang='lat' dir='ltr'>nomine</span> <span class='ocrx_word' id='word_1_475' title='bbox 1587 4979 1800 5035; x_wconf 87' lang='lat' dir='ltr'>Christi</span> <span class='ocrx_word' id='word_1_476' title='bbox 1826 4980 2071 5038; x_wconf 88' lang='lat' dir='ltr'>virtutes</span> <span class='ocrx_word' id='word_1_477' title='bbox 2094 4985 2171 5039; x_wconf 84' lang='lat' dir='ltr'>fa-</span> 
     </span>
    </p>
   </div>
   <div class='ocr_carea' id='block_1_57' title="bbox 515 5068 2168 5144">
    <p class='ocr_par' dir='ltr' id='par_1_57' title="bbox 515 5068 2168 5144">
     <span class='ocr_line' id='line_1_57' title="bbox 515 5068 2168 5144; baseline 0 -16"><span class='ocrx_word' id='word_1_478' title='bbox 515 5073 704 5130; x_wconf 87' lang='lat' dir='ltr'>ciebat</span> <span class='ocrx_word' id='word_1_479' title='bbox 733 5077 791 5128; x_wconf 90' lang='lat' dir='ltr'>et</span> <span class='ocrx_word' id='word_1_480' title='bbox 822 5072 879 5126; x_wconf 91' lang='lat' dir='ltr'>in</span> <span class='ocrx_word' id='word_1_481' title='bbox 904 5071 1181 5127; x_wconf 87' lang='lat' dir='ltr'>societate</span> <span class='ocrx_word' id='word_1_482' title='bbox 1201 5068 1627 5140; x_wconf 89' lang='lat' dir='ltr'>discipulorum</span> <span class='ocrx_word' id='word_1_483' title='bbox 1651 5068 1864 5124; x_wconf 82' lang='lat' dir='ltr'>Christi</span> <span class='ocrx_word' id='word_1_484' title='bbox 1890 5088 2001 5127; x_wconf 89' lang='lat' dir='ltr'>non</span> <span class='ocrx_word' id='word_1_485' title='bbox 2026 5078 2168 5144; x_wconf 89' lang='lat' dir='ltr'>erat,</span> 
     </span>
    </p>
   </div>
   <div class='ocr_carea' id='block_1_58' title="bbox 513 5156 2169 5236">
    <p class='ocr_par' dir='ltr' id='par_1_58' title="bbox 513 5156 2169 5236">
     <span class='ocr_line' id='line_1_58' title="bbox 513 5156 2169 5236; baseline -0.001 -16"><span class='ocrx_word' id='word_1_486' title='bbox 513 5164 572 5220; x_wconf 90' lang='lat' dir='ltr'>in</span> <span class='ocrx_word' id='word_1_487' title='bbox 607 5166 896 5236; x_wconf 84' lang='lat' dir='ltr'>quantum</span> <span class='ocrx_word' id='word_1_488' title='bbox 920 5161 1264 5234; x_wconf 86' lang='lat' dir='ltr'>operabatur</span> <span class='ocrx_word' id='word_1_489' title='bbox 1283 5158 1524 5215; x_wconf 81' lang='lat' dir='ltr'>virtutes</span> <span class='ocrx_word' id='word_1_490' title='bbox 1556 5158 1613 5211; x_wconf 92' lang='lat' dir='ltr'>in</span> <span class='ocrx_word' id='word_1_491' title='bbox 1647 5156 1805 5214; x_wconf 91' lang='lat' dir='ltr'>illius</span> <span class='ocrx_word' id='word_1_492' title='bbox 1828 5162 2083 5230; x_wconf 89' lang='lat' dir='ltr'>nomine,</span> <span class='ocrx_word' id='word_1_493' title='bbox 2110 5164 2169 5218; x_wconf 89' lang='lat' dir='ltr'>in</span> 
     </span>
    </p>
   </div>
   <div class='ocr_carea' id='block_1_59' title="bbox 512 5249 2169 5324">
    <p class='ocr_par' dir='ltr' id='par_1_59' title="bbox 512 5249 2169 5324">
     <span class='ocr_line' id='line_1_59' title="bbox 512 5249 2169 5324; baseline -0.001 -14"><span class='ocrx_word' id='word_1_494' title='bbox 512 5259 745 5311; x_wconf 87' lang='lat' dir='ltr'>tantum</span> <span class='ocrx_word' id='word_1_495' title='bbox 780 5269 913 5309; x_wconf 92' lang='lat' dir='ltr'>cum</span> <span class='ocrx_word' id='word_1_496' title='bbox 939 5252 1085 5324; x_wconf 85' lang='lat' dir='ltr'>ipsis</span> <span class='ocrx_word' id='word_1_497' title='bbox 1113 5253 1257 5321; x_wconf 88' lang='lat' dir='ltr'>erat,</span> <span class='ocrx_word' id='word_1_498' title='bbox 1280 5253 1337 5305; x_wconf 89' lang='lat' dir='ltr'>et</span> <span class='ocrx_word' id='word_1_499' title='bbox 1368 5249 1650 5303; x_wconf 87' lang='lat' dir='ltr'>adversus</span> <span class='ocrx_word' id='word_1_500' title='bbox 1673 5264 1770 5303; x_wconf 89' lang='lat' dir='ltr'>eos</span> <span class='ocrx_word' id='word_1_501' title='bbox 1792 5266 1909 5305; x_wconf 90' lang='lat' dir='ltr'>non</span> <span class='ocrx_word' id='word_1_502' title='bbox 1933 5258 2087 5312; x_wconf 87' lang='lat' dir='ltr'>erat:</span> <span class='ocrx_word' id='word_1_503' title='bbox 2110 5254 2169 5308; x_wconf 87' lang='lat' dir='ltr'>in</span> 
     </span>
    </p>
   </div>
   <div class='ocr_carea' id='block_1_60' title="bbox 514 5338 2172 5417">
    <p class='ocr_par' dir='ltr' id='par_1_60' title="bbox 514 5338 2172 5417">
     <span class='ocr_line' id='line_1_60' title="bbox 514 5338 2172 5417; baseline -0.002 -15"><span class='ocrx_word' id='word_1_504' title='bbox 514 5350 802 5417; x_wconf 88' lang='lat' dir='ltr'>quantum</span> <span class='ocrx_word' id='word_1_505' title='bbox 824 5360 957 5399; x_wconf 90' lang='lat' dir='ltr'>vero</span> <span class='ocrx_word' id='word_1_506' title='bbox 980 5358 1177 5398; x_wconf 90' lang='lat' dir='ltr'>eorum</span> <span class='ocrx_word' id='word_1_507' title='bbox 1192 5338 1455 5396; x_wconf 87' lang='lat' dir='ltr'>societati</span> <span class='ocrx_word' id='word_1_508' title='bbox 1478 5355 1592 5393; x_wconf 90' lang='lat' dir='ltr'>non</span> <span class='ocrx_word' id='word_1_509' title='bbox 1609 5338 2026 5412; x_wconf 64' lang='lat' dir='ltr'>adhazrebat,in</span> <span class='ocrx_word' id='word_1_510' title='bbox 2048 5348 2172 5399; x_wconf 88' lang='lat' dir='ltr'>tan-</span> 
     </span>
    </p>
   </div>
   <div class='ocr_carea' id='block_1_61' title="bbox 514 5429 2167 5506">
    <p class='ocr_par' dir='ltr' id='par_1_61' title="bbox 514 5429 2167 5506">
     <span class='ocr_line' id='line_1_61' title="bbox 514 5429 2167 5506; baseline 0.001 -16"><span class='ocrx_word' id='word_1_511' title='bbox 514 5439 641 5490; x_wconf 86' lang='lat' dir='ltr'>tum</span> <span class='ocrx_word' id='word_1_512' title='bbox 678 5451 809 5491; x_wconf 78' lang='lat' dir='ltr'>eum</span> <span class='ocrx_word' id='word_1_513' title='bbox 840 5434 986 5506; x_wconf 87' lang='lat' dir='ltr'>ipsis</span> <span class='ocrx_word' id='word_1_514' title='bbox 1020 5451 1135 5489; x_wconf 89' lang='lat' dir='ltr'>non</span> <span class='ocrx_word' id='word_1_515' title='bbox 1167 5434 1310 5500; x_wconf 87' lang='lat' dir='ltr'>erat,</span> <span class='ocrx_word' id='word_1_516' title='bbox 1341 5432 1397 5486; x_wconf 88' lang='lat' dir='ltr'>et</span> <span class='ocrx_word' id='word_1_517' title='bbox 1428 5429 1706 5485; x_wconf 89' lang='lat' dir='ltr'>adversus</span> <span class='ocrx_word' id='word_1_518' title='bbox 1754 5447 1852 5485; x_wconf 89' lang='lat' dir='ltr'>eos</span> <span class='ocrx_word' id='word_1_519' title='bbox 1884 5436 2025 5488; x_wconf 87' lang='lat' dir='ltr'>erat.</span> <span class='ocrx_word' id='word_1_520' title='bbox 2060 5436 2167 5491; x_wconf 90' lang='lat' dir='ltr'>Sed</span> 
     </span>
    </p>
   </div>
   <div class='ocr_carea' id='block_1_62' title="bbox 519 5518 2170 5598">
    <p class='ocr_par' dir='ltr' id='par_1_62' title="bbox 519 5518 2170 5598">
     <span class='ocr_line' id='line_1_62' title="bbox 519 5518 2170 5598; baseline -0.001 -18"><span class='ocrx_word' id='word_1_521' title='bbox 519 5525 659 5596; x_wconf 87' lang='lat' dir='ltr'>quia</span> <span class='ocrx_word' id='word_1_522' title='bbox 679 5524 760 5579; x_wconf 89' lang='lat' dir='ltr'>illi</span> <span class='ocrx_word' id='word_1_523' title='bbox 790 5525 896 5580; x_wconf 89' lang='lat' dir='ltr'>hoc</span> <span class='ocrx_word' id='word_1_524' title='bbox 913 5541 1047 5581; x_wconf 92' lang='lat' dir='ltr'>eum</span> <span class='ocrx_word' id='word_1_525' title='bbox 1062 5524 1253 5579; x_wconf 81' lang='lat' dir='ltr'>facere</span> <span class='ocrx_word' id='word_1_526' title='bbox 1274 5518 1714 5592; x_wconf 88' lang='lat' dir='ltr'>prohibuerant,</span> <span class='ocrx_word' id='word_1_527' title='bbox 1731 5519 1790 5574; x_wconf 90' lang='lat' dir='ltr'>in</span> <span class='ocrx_word' id='word_1_528' title='bbox 1805 5537 1919 5591; x_wconf 90' lang='lat' dir='ltr'>quo</span> <span class='ocrx_word' id='word_1_529' title='bbox 1935 5539 2065 5579; x_wconf 90' lang='lat' dir='ltr'>cum</span> <span class='ocrx_word' id='word_1_530' title='bbox 2089 5524 2170 5598; x_wconf 91' lang='lat' dir='ltr'>ip-</span> 
     </span>
    </p>
   </div>
   <div class='ocr_carea' id='block_1_63' title="bbox 585 5642 2173 5710">
    <p class='ocr_par' dir='ltr' id='par_1_63' title="bbox 585 5642 2173 5710">
     <span class='ocr_line' id='line_1_63' title="bbox 585 5642 2173 5710; baseline 0.006 -15"><span class='ocrx_word' id='word_1_531' title='bbox 585 5651 601 5684; x_wconf 77' lang='grc'><strong>1</strong></span> <span class='ocrx_word' id='word_1_532' title='bbox 636 5649 696 5697; x_wconf 86' lang='lat' dir='ltr'>In</span> <span class='ocrx_word' id='word_1_533' title='bbox 727 5650 882 5698; x_wconf 80' lang='lat' dir='ltr'>editis</span> <span class='ocrx_word' id='word_1_534' title='bbox 927 5650 1244 5710; x_wconf 85' lang='lat' dir='ltr'>addebatur,</span> <span class='ocrx_word' id='word_1_535' title='bbox 1297 5658 1411 5695; x_wconf 88' lang='lat' dir='ltr'>cum</span> <span class='ocrx_word' id='word_1_536' title='bbox 1454 5642 1571 5693; x_wconf 86' lang='lat' dir='ltr'>Jesu</span> <span class='ocrx_word' id='word_1_537' title='bbox 1604 5657 1617 5693; x_wconf 90' lang='lat'><strong>:</strong></span> <span class='ocrx_word' id='word_1_538' title='bbox 1650 5644 1794 5707; x_wconf 86' lang='lat' dir='ltr'>quod</span> <span class='ocrx_word' id='word_1_539' title='bbox 1841 5660 1870 5695; x_wconf 88' lang='lat' dir='ltr'>a</span> <span class='ocrx_word' id='word_1_540' title='bbox 1899 5647 2024 5700; x_wconf 86' lang='lat' dir='ltr'>Mss.</span> <span class='ocrx_word' id='word_1_541' title='bbox 2057 5655 2109 5703; x_wconf 88' lang='lat' dir='ltr'>et</span> <span class='ocrx_word' id='word_1_542' title='bbox 2142 5666 2173 5705; x_wconf 81' lang='lat' dir='ltr'>a</span> 
     </span>
    </p>
   </div>
   <div class='ocr_carea' id='block_1_64' title="bbox 520 5710 1086 5763">
    <p class='ocr_par' dir='ltr' id='par_1_64' title="bbox 520 5710 1086 5763">
     <span class='ocr_line' id='line_1_64' title="bbox 520 5710 1086 5763; baseline 0.005 -3"><span class='ocrx_word' id='word_1_543' title='bbox 520 5710 683 5762; x_wconf 85' lang='lat' dir='ltr'>sacris</span> <span class='ocrx_word' id='word_1_544' title='bbox 711 5710 892 5763; x_wconf 83' lang='lat' dir='ltr'>Bibliis</span> <span class='ocrx_word' id='word_1_545' title='bbox 921 5714 1086 5763; x_wconf 86' lang='lat' dir='ltr'>abest.</span> 
     </span>
    </p>
   </div>
   <div class='ocr_carea' id='block_1_65' title="bbox 2279 600 3871 677">
    <p class='ocr_par' dir='ltr' id='par_1_65' title="bbox 2279 600 3871 677">
     <span class='ocr_line' id='line_1_65' title="bbox 2279 600 3871 677; baseline 0.009 -24"><span class='ocrx_word' id='word_1_546' title='bbox 2279 600 2639 669; x_wconf 89' lang='lat' dir='ltr'>societatem,</span> <span class='ocrx_word' id='word_1_547' title='bbox 2662 608 2727 658; x_wconf 91' lang='lat' dir='ltr'>ut</span> <span class='ocrx_word' id='word_1_548' title='bbox 2758 603 2842 658; x_wconf 92' lang='lat' dir='ltr'>illi</span> <span class='ocrx_word' id='word_1_549' title='bbox 2866 605 3147 660; x_wconf 88' lang='lat' dir='ltr'>unitatem</span> <span class='ocrx_word' id='word_1_550' title='bbox 3167 603 3431 660; x_wconf 67' lang='lat' dir='ltr'>Ecclesiae</span> <span class='ocrx_word' id='word_1_551' title='bbox 3453 607 3764 677; x_wconf 88' lang='lat' dir='ltr'>suaderent;</span> <span class='ocrx_word' id='word_1_552' title='bbox 3782 629 3871 668; x_wconf 87' lang='lat' dir='ltr'>non</span> 
     </span>
    </p>
   </div>
   <div class='ocr_carea' id='block_1_66' title="bbox 2278 687 3873 768">
    <p class='ocr_par' dir='ltr' id='par_1_66' title="bbox 2278 687 3873 768">
     <span class='ocr_line' id='line_1_66' title="bbox 2278 687 3873 768; baseline 0.01 -26"><span class='ocrx_word' id='word_1_553' title='bbox 2278 687 2421 744; x_wconf 87' lang='lat' dir='ltr'>illud</span> <span class='ocrx_word' id='word_1_554' title='bbox 2443 690 2500 745; x_wconf 90' lang='lat' dir='ltr'>in</span> <span class='ocrx_word' id='word_1_555' title='bbox 2523 708 2636 763; x_wconf 91' lang='lat' dir='ltr'>quo</span> <span class='ocrx_word' id='word_1_556' title='bbox 2657 710 2785 749; x_wconf 90' lang='lat' dir='ltr'>cum</span> <span class='ocrx_word' id='word_1_557' title='bbox 2814 693 2934 750; x_wconf 89' lang='lat' dir='ltr'>illis</span> <span class='ocrx_word' id='word_1_558' title='bbox 2961 698 3107 764; x_wconf 86' lang='lat' dir='ltr'>erat,</span> <span class='ocrx_word' id='word_1_559' title='bbox 3127 709 3339 749; x_wconf 90' lang='lat' dir='ltr'>nomen</span> <span class='ocrx_word' id='word_1_560' title='bbox 3358 693 3572 750; x_wconf 86' lang='lat' dir='ltr'>scilicet</span> <span class='ocrx_word' id='word_1_561' title='bbox 3591 698 3815 768; x_wconf 81' lang='lat' dir='ltr'>Magistri</span> <span class='ocrx_word' id='word_1_562' title='bbox 3830 708 3873 760; x_wconf 88' lang='lat' dir='ltr'>et</span> 
     </span>
    </p>
   </div>
   <div class='ocr_carea' id='block_1_67' title="bbox 2282 781 3871 857">
    <p class='ocr_par' dir='ltr' id='par_1_67' title="bbox 2282 781 3871 857">
     <span class='ocr_line' id='line_1_67' title="bbox 2282 781 3871 857; baseline 0.008 -24"><span class='ocrx_word' id='word_1_563' title='bbox 2282 781 2509 836; x_wconf 88' lang='lat' dir='ltr'>Domini</span> <span class='ocrx_word' id='word_1_564' title='bbox 2528 798 2727 838; x_wconf 90' lang='lat' dir='ltr'>eorum</span> <span class='ocrx_word' id='word_1_565' title='bbox 2748 785 2808 838; x_wconf 89' lang='lat' dir='ltr'>in</span> <span class='ocrx_word' id='word_1_566' title='bbox 2828 785 3252 840; x_wconf 69' lang='lat' dir='ltr'>daemoniorum</span> <span class='ocrx_word' id='word_1_567' title='bbox 3269 784 3599 857; x_wconf 85' lang='lat' dir='ltr'>expulsione</span> <span class='ocrx_word' id='word_1_568' title='bbox 3618 803 3871 845; x_wconf 87' lang='lat' dir='ltr'>commen-</span> 
     </span>
    </p>
   </div>
   <div class='ocr_carea' id='block_1_68' title="bbox 2282 870 3872 948">
    <p class='ocr_par' dir='ltr' id='par_1_68' title="bbox 2282 870 3872 948">
     <span class='ocr_line' id='line_1_68' title="bbox 2282 870 3872 948; baseline 0.007 -25"><span class='ocrx_word' id='word_1_569' title='bbox 2282 870 2449 925; x_wconf 82' lang='lat' dir='ltr'>dans.</span> <span class='ocrx_word' id='word_1_570' title='bbox 2480 872 2639 927; x_wconf 89' lang='lat' dir='ltr'>Sicut</span> <span class='ocrx_word' id='word_1_571' title='bbox 2669 873 2952 929; x_wconf 89' lang='lat' dir='ltr'>catholica</span> <span class='ocrx_word' id='word_1_572' title='bbox 2977 873 3233 929; x_wconf 88' lang='lat' dir='ltr'>Ecclesia</span> <span class='ocrx_word' id='word_1_573' title='bbox 3264 873 3419 940; x_wconf 84' lang='lat' dir='ltr'>facit,</span> <span class='ocrx_word' id='word_1_574' title='bbox 3449 890 3558 929; x_wconf 88' lang='lat' dir='ltr'>non</span> <span class='ocrx_word' id='word_1_575' title='bbox 3580 874 3872 948; x_wconf 83' lang='lat' dir='ltr'>improbans</span> 
     </span>
    </p>
   </div>
   <div class='ocr_carea' id='block_1_69' title="bbox 2283 959 3874 1029">
    <p class='ocr_par' dir='ltr' id='par_1_69' title="bbox 2283 959 3874 1029">
     <span class='ocr_line' id='line_1_69' title="bbox 2283 959 3874 1029; baseline 0.006 -16"><span class='ocrx_word' id='word_1_576' title='bbox 2283 959 2340 1013; x_wconf 91' lang='lat' dir='ltr'>in</span> <span class='ocrx_word' id='word_1_577' title='bbox 2357 960 2643 1017; x_wconf 73' lang='lat' dir='ltr'>bmreticis</span> <span class='ocrx_word' id='word_1_578' title='bbox 2661 964 3036 1019; x_wconf 84' lang='lat' dir='ltr'>Sacramenta</span> <span class='ocrx_word' id='word_1_579' title='bbox 3055 962 3419 1029; x_wconf 86' lang='lat' dir='ltr'>communia;</span> <span class='ocrx_word' id='word_1_580' title='bbox 3441 962 3496 1018; x_wconf 91' lang='lat' dir='ltr'>in</span> <span class='ocrx_word' id='word_1_581' title='bbox 3520 963 3606 1019; x_wconf 88' lang='lat' dir='ltr'>bis</span> <span class='ocrx_word' id='word_1_582' title='bbox 3624 965 3758 1021; x_wconf 88' lang='lat' dir='ltr'>enim</span> <span class='ocrx_word' id='word_1_583' title='bbox 3778 984 3874 1023; x_wconf 87' lang='lat' dir='ltr'>mo-</span> 
     </span>
    </p>
   </div>
   <div class='ocr_carea' id='block_1_70' title="bbox 2283 1049 3873 1128">
    <p class='ocr_par' dir='ltr' id='par_1_70' title="bbox 2283 1049 3873 1128">
     <span class='ocr_line' id='line_1_70' title="bbox 2283 1049 3873 1128; baseline 0.006 -25"><span class='ocrx_word' id='word_1_584' title='bbox 2283 1049 2508 1105; x_wconf 91' lang='lat' dir='ltr'>biscum</span> <span class='ocrx_word' id='word_1_585' title='bbox 2532 1055 2692 1118; x_wconf 88' lang='lat' dir='ltr'>sunt,</span> <span class='ocrx_word' id='word_1_586' title='bbox 2720 1058 2776 1108; x_wconf 90' lang='lat' dir='ltr'>et</span> <span class='ocrx_word' id='word_1_587' title='bbox 2804 1054 3087 1108; x_wconf 91' lang='lat' dir='ltr'>adversus</span> <span class='ocrx_word' id='word_1_588' title='bbox 3111 1069 3217 1109; x_wconf 82' lang='lat' dir='ltr'>nos</span> <span class='ocrx_word' id='word_1_589' title='bbox 3236 1069 3349 1107; x_wconf 89' lang='lat' dir='ltr'>non</span> <span class='ocrx_word' id='word_1_590' title='bbox 3384 1058 3521 1107; x_wconf 87' lang='lat' dir='ltr'>sunt</span> <span class='ocrx_word' id='word_1_591' title='bbox 3542 1070 3554 1106; x_wconf 89' lang='lat'>:</span> <span class='ocrx_word' id='word_1_592' title='bbox 3578 1055 3669 1109; x_wconf 84' lang='lat' dir='ltr'>sed</span> <span class='ocrx_word' id='word_1_593' title='bbox 3689 1054 3873 1128; x_wconf 87' lang='lat' dir='ltr'>impro-</span> 
     </span>
    </p>
   </div>
   <div class='ocr_carea' id='block_1_71' title="bbox 2283 1138 3878 1213">
    <p class='ocr_par' dir='ltr' id='par_1_71' title="bbox 2283 1138 3878 1213">
     <span class='ocr_line' id='line_1_71' title="bbox 2283 1138 3878 1213; baseline 0.004 -21"><span class='ocrx_word' id='word_1_594' title='bbox 2283 1138 2383 1193; x_wconf 88' lang='lat' dir='ltr'>bat</span> <span class='ocrx_word' id='word_1_595' title='bbox 2412 1143 2469 1194; x_wconf 90' lang='lat' dir='ltr'>et</span> <span class='ocrx_word' id='word_1_596' title='bbox 2488 1140 2758 1211; x_wconf 87' lang='lat' dir='ltr'>prohibet</span> <span class='ocrx_word' id='word_1_597' title='bbox 2774 1141 3121 1197; x_wconf 88' lang='lat' dir='ltr'>divisionem</span> <span class='ocrx_word' id='word_1_598' title='bbox 3149 1157 3214 1196; x_wconf 90' lang='lat' dir='ltr'>ac</span> <span class='ocrx_word' id='word_1_599' title='bbox 3246 1141 3680 1213; x_wconf 89' lang='lat' dir='ltr'>separatiouem,</span> <span class='ocrx_word' id='word_1_600' title='bbox 3701 1143 3777 1199; x_wconf 88' lang='lat' dir='ltr'>vel</span> <span class='ocrx_word' id='word_1_601' title='bbox 3796 1145 3878 1199; x_wconf 87' lang='lat' dir='ltr'>ali-</span> 
     </span>
    </p>
   </div>
   <div class='ocr_carea' id='block_1_72' title="bbox 2284 1229 3879 1302">
    <p class='ocr_par' dir='ltr' id='par_1_72' title="bbox 2284 1229 3879 1302">
     <span class='ocr_line' id='line_1_72' title="bbox 2284 1229 3879 1302; baseline 0.006 -22"><span class='ocrx_word' id='word_1_602' title='bbox 2284 1243 2459 1297; x_wconf 87' lang='lat' dir='ltr'>quam</span> <span class='ocrx_word' id='word_1_603' title='bbox 2484 1229 2785 1284; x_wconf 88' lang='lat' dir='ltr'>adversam</span> <span class='ocrx_word' id='word_1_604' title='bbox 2814 1231 2943 1302; x_wconf 89' lang='lat' dir='ltr'>paci</span> <span class='ocrx_word' id='word_1_605' title='bbox 2960 1230 3304 1301; x_wconf 85' lang='lat' dir='ltr'>veritatique</span> <span class='ocrx_word' id='word_1_606' title='bbox 3333 1231 3698 1297; x_wconf 86' lang='lat' dir='ltr'>sententiam;</span> <span class='ocrx_word' id='word_1_607' title='bbox 3720 1232 3769 1286; x_wconf 88' lang='lat' dir='ltr'>in</span> <span class='ocrx_word' id='word_1_608' title='bbox 3792 1232 3879 1289; x_wconf 89' lang='lat' dir='ltr'>hoc</span> 
     </span>
    </p>
   </div>
   <div class='ocr_carea' id='block_1_73' title="bbox 2284 1315 3879 1391">
    <p class='ocr_par' dir='ltr' id='par_1_73' title="bbox 2284 1315 3879 1391">
     <span class='ocr_line' id='line_1_73' title="bbox 2284 1315 3879 1391; baseline 0.003 -21"><span class='ocrx_word' id='word_1_609' title='bbox 2284 1315 2439 1370; x_wconf 85' lang='lat' dir='ltr'>enim</span> <span class='ocrx_word' id='word_1_610' title='bbox 2471 1317 2750 1373; x_wconf 88' lang='lat' dir='ltr'>adversus</span> <span class='ocrx_word' id='word_1_611' title='bbox 2780 1335 2886 1374; x_wconf 90' lang='lat' dir='ltr'>nos</span> <span class='ocrx_word' id='word_1_612' title='bbox 2908 1323 3067 1388; x_wconf 90' lang='lat' dir='ltr'>sunt,</span> <span class='ocrx_word' id='word_1_613' title='bbox 3094 1320 3234 1391; x_wconf 90' lang='lat' dir='ltr'>quia</span> <span class='ocrx_word' id='word_1_614' title='bbox 3265 1319 3325 1373; x_wconf 90' lang='lat' dir='ltr'>in</span> <span class='ocrx_word' id='word_1_615' title='bbox 3356 1318 3464 1374; x_wconf 89' lang='lat' dir='ltr'>hoc</span> <span class='ocrx_word' id='word_1_616' title='bbox 3486 1320 3762 1375; x_wconf 87' lang='lat' dir='ltr'>nobiscum</span> <span class='ocrx_word' id='word_1_617' title='bbox 3784 1339 3879 1376; x_wconf 89' lang='lat' dir='ltr'>non</span> 
     </span>
    </p>
   </div>
   <div class='ocr_carea' id='block_1_74' title="bbox 2284 1407 3876 1482">
    <p class='ocr_par' dir='ltr' id='par_1_74' title="bbox 2284 1407 3876 1482">
     <span class='ocr_line' id='line_1_74' title="bbox 2284 1407 3876 1482; baseline 0.001 -21"><span class='ocrx_word' id='word_1_618' title='bbox 2284 1411 2442 1477; x_wconf 89' lang='lat' dir='ltr'>sunt,</span> <span class='ocrx_word' id='word_1_619' title='bbox 2475 1412 2532 1463; x_wconf 88' lang='lat' dir='ltr'>et</span> <span class='ocrx_word' id='word_1_620' title='bbox 2562 1408 2871 1465; x_wconf 91' lang='lat' dir='ltr'>nobiscum</span> <span class='ocrx_word' id='word_1_621' title='bbox 2904 1426 3019 1465; x_wconf 87' lang='lat' dir='ltr'>non</span> <span class='ocrx_word' id='word_1_622' title='bbox 3053 1408 3360 1482; x_wconf 88' lang='lat' dir='ltr'>colligunt,</span> <span class='ocrx_word' id='word_1_623' title='bbox 3385 1412 3441 1464; x_wconf 92' lang='lat' dir='ltr'>et</span> <span class='ocrx_word' id='word_1_624' title='bbox 3467 1407 3589 1464; x_wconf 90' lang='lat' dir='ltr'>ideo</span> <span class='ocrx_word' id='word_1_625' title='bbox 3617 1414 3876 1482; x_wconf 84' lang='lat' dir='ltr'>spargunt.</span> 
     </span>
    </p>
   </div>
   <div class='ocr_carea' id='block_1_75' title="bbox 2286 1549 3884 1621">
    <p class='ocr_par' dir='ltr' id='par_1_75' title="bbox 2286 1549 3884 1621">
     <span class='ocr_line' id='line_1_75' title="bbox 2286 1549 3884 1621; baseline 0.001 -16"><span class='ocrx_word' id='word_1_626' title='bbox 2286 1549 2517 1621; x_wconf 83' lang='lat' dir='ltr'>CAPUT</span> <span class='ocrx_word' id='word_1_627' title='bbox 2548 1551 2637 1606; x_wconf 86' lang='lat' dir='ltr'>VI.</span> <span class='ocrx_word' id='word_1_628' title='bbox 2669 1582 2738 1592; x_wconf 91' lang='lat'>—-</span> <span class='ocrx_word' id='word_1_629' title='bbox 2769 1552 2919 1621; x_wconf 87' lang='lat' dir='ltr'>Quod</span> <span class='ocrx_word' id='word_1_630' title='bbox 2941 1554 3001 1607; x_wconf 86' lang='lat' dir='ltr'>in</span> <span class='ocrx_word' id='word_1_631' title='bbox 3024 1554 3301 1608; x_wconf 85' lang='lat' dir='ltr'>occasione</span> <span class='ocrx_word' id='word_1_632' title='bbox 3326 1549 3489 1619; x_wconf 87' lang='lat' dir='ltr'>hujus</span> <span class='ocrx_word' id='word_1_633' title='bbox 3517 1552 3608 1621; x_wconf 87' lang='lat' dir='ltr'>qui</span> <span class='ocrx_word' id='word_1_634' title='bbox 3626 1554 3679 1605; x_wconf 87' lang='lat' dir='ltr'>in</span> <span class='ocrx_word' id='word_1_635' title='bbox 3697 1554 3884 1607; x_wconf 82' lang='lat' dir='ltr'>nomine</span> 
     </span>
    </p>
   </div>
   <div class='ocr_carea' id='block_1_76' title="bbox 2360 1620 3880 1694">
    <p class='ocr_par' dir='ltr' id='par_1_76' title="bbox 2360 1620 3880 1694">
     <span class='ocr_line' id='line_1_76' title="bbox 2360 1620 3880 1694; baseline 0.003 -20"><span class='ocrx_word' id='word_1_636' title='bbox 2360 1620 2566 1677; x_wconf 83' lang='lat' dir='ltr'>Christi</span> <span class='ocrx_word' id='word_1_637' title='bbox 2594 1624 2849 1693; x_wconf 77' lang='lat' dir='ltr'>cjiciebat</span> <span class='ocrx_word' id='word_1_638' title='bbox 2880 1625 3190 1688; x_wconf 68' lang='lat' dir='ltr'>daemonia,</span> <span class='ocrx_word' id='word_1_639' title='bbox 3214 1625 3468 1694; x_wconf 87' lang='lat' dir='ltr'>quamvis</span> <span class='ocrx_word' id='word_1_640' title='bbox 3495 1620 3609 1677; x_wconf 78' lang='lat' dir='ltr'>cum</span> <span class='ocrx_word' id='word_1_641' title='bbox 3638 1624 3880 1694; x_wconf 84' lang='lat' dir='ltr'>discipulis</span> 
     </span>
    </p>
   </div>
   <div class='ocr_carea' id='block_1_77' title="bbox 2359 1695 3883 1765">
    <p class='ocr_par' dir='ltr' id='par_1_77' title="bbox 2359 1695 3883 1765">
     <span class='ocr_line' id='line_1_77' title="bbox 2359 1695 3883 1765; baseline 0.002 -18"><span class='ocrx_word' id='word_1_642' title='bbox 2359 1709 2469 1747; x_wconf 87' lang='lat' dir='ltr'>non</span> <span class='ocrx_word' id='word_1_643' title='bbox 2496 1703 2834 1765; x_wconf 85' lang='lat' dir='ltr'>sequeretur,</span> <span class='ocrx_word' id='word_1_644' title='bbox 2882 1701 3104 1751; x_wconf 78' lang='lat' dir='ltr'>Marcus</span> <span class='ocrx_word' id='word_1_645' title='bbox 3151 1695 3398 1765; x_wconf 86' lang='lat' dir='ltr'>amplius</span> <span class='ocrx_word' id='word_1_646' title='bbox 3426 1711 3584 1765; x_wconf 87' lang='lat' dir='ltr'>quam</span> <span class='ocrx_word' id='word_1_647' title='bbox 3621 1699 3775 1750; x_wconf 86' lang='lat' dir='ltr'>Lucas</span> <span class='ocrx_word' id='word_1_648' title='bbox 3800 1697 3883 1750; x_wconf 86' lang='lat' dir='ltr'>Do-</span> 
     </span>
    </p>
   </div>
   <div class='ocr_carea' id='block_1_78' title="bbox 2358 1765 3883 1837">
    <p class='ocr_par' dir='ltr' id='par_1_78' title="bbox 2358 1765 3883 1837">
     <span class='ocr_line' id='line_1_78' title="bbox 2358 1765 3883 1837; baseline 0.001 -18"><span class='ocrx_word' id='word_1_649' title='bbox 2358 1768 2573 1820; x_wconf 88' lang='lat' dir='ltr'>minum</span> <span class='ocrx_word' id='word_1_650' title='bbox 2600 1766 2813 1822; x_wconf 74' lang='lat' dir='ltr'>dixisse</span> <span class='ocrx_word' id='word_1_651' title='bbox 2858 1770 3144 1835; x_wconf 86' lang='lat' dir='ltr'>narravit,</span> <span class='ocrx_word' id='word_1_652' title='bbox 3196 1765 3463 1837; x_wconf 87' lang='lat' dir='ltr'>quomodo</span> <span class='ocrx_word' id='word_1_653' title='bbox 3507 1766 3883 1821; x_wconf 81' lang='lat' dir='ltr'>ostendaturad</span> 
     </span>
    </p>
   </div>
   <div class='ocr_carea' id='block_1_79' title="bbox 2360 1837 3882 1910">
    <p class='ocr_par' dir='ltr' id='par_1_79' title="bbox 2360 1837 3882 1910">
     <span class='ocr_line' id='line_1_79' title="bbox 2360 1837 3882 1910; baseline 0.002 -20"><span class='ocrx_word' id='word_1_654' title='bbox 2360 1837 2459 1893; x_wconf 87' lang='lat' dir='ltr'>hoc</span> <span class='ocrx_word' id='word_1_655' title='bbox 2488 1840 2667 1907; x_wconf 82' lang='lat' dir='ltr'>ipsum</span> <span class='ocrx_word' id='word_1_656' title='bbox 2698 1841 2981 1906; x_wconf 77' lang='lat' dir='ltr'>pertinere</span> <span class='ocrx_word' id='word_1_657' title='bbox 3005 1839 3147 1910; x_wconf 87' lang='lat' dir='ltr'>quod</span> <span class='ocrx_word' id='word_1_658' title='bbox 3172 1839 3339 1895; x_wconf 89' lang='lat' dir='ltr'>illum</span> <span class='ocrx_word' id='word_1_659' title='bbox 3372 1840 3433 1892; x_wconf 87' lang='lat' dir='ltr'>in</span> <span class='ocrx_word' id='word_1_660' title='bbox 3460 1840 3667 1893; x_wconf 84' lang='lat' dir='ltr'>nomine</span> <span class='ocrx_word' id='word_1_661' title='bbox 3691 1853 3774 1894; x_wconf 87' lang='lat' dir='ltr'>suo</span> <span class='ocrx_word' id='word_1_662' title='bbox 3791 1840 3882 1893; x_wconf 81' lang='lat' dir='ltr'>vir-</span> 
     </span>
    </p>
   </div>
   <div class='ocr_carea' id='block_1_80' title="bbox 2359 1911 3058 1983">
    <p class='ocr_par' dir='ltr' id='par_1_80' title="bbox 2359 1911 3058 1983">
     <span class='ocr_line' id='line_1_80' title="bbox 2359 1911 3058 1983; baseline 0.004 -19"><span class='ocrx_word' id='word_1_663' title='bbox 2359 1912 2526 1965; x_wconf 85' lang='lat' dir='ltr'>tutem</span> <span class='ocrx_word' id='word_1_664' title='bbox 2561 1913 2730 1966; x_wconf 86' lang='lat' dir='ltr'>vetuit</span> <span class='ocrx_word' id='word_1_665' title='bbox 2753 1911 3058 1983; x_wconf 84' lang='lat' dir='ltr'>prohiberi.</span> 
     </span>
    </p>
   </div>
   <div class='ocr_carea' id='block_1_81' title="bbox 2356 2033 3888 2107">
    <p class='ocr_par' dir='ltr' id='par_1_81' title="bbox 2356 2033 3888 2107">
     <span class='ocr_line' id='line_1_81' title="bbox 2356 2033 3888 2107; baseline 0.001 -19"><span class='ocrx_word' id='word_1_666' title='bbox 2356 2035 2411 2090; x_wconf 87' lang='lat'>&#39;7.</span> <span class='ocrx_word' id='word_1_667' title='bbox 2444 2037 2719 2107; x_wconf 86' lang='lat' dir='ltr'>Sequitur</span> <span class='ocrx_word' id='word_1_668' title='bbox 2747 2036 2981 2103; x_wconf 88' lang='lat' dir='ltr'>Marcus</span> <span class='ocrx_word' id='word_1_669' title='bbox 3001 2041 3058 2093; x_wconf 88' lang='lat' dir='ltr'>et</span> <span class='ocrx_word' id='word_1_670' title='bbox 3078 2037 3219 2093; x_wconf 89' lang='lat' dir='ltr'>dicit</span> <span class='ocrx_word' id='word_1_671' title='bbox 3250 2053 3264 2092; x_wconf 90' lang='lat'><strong>:</strong></span> <span class='ocrx_word' id='word_1_672' title='bbox 3301 2058 3330 2087; x_wconf 86' lang='grc'>‹‹</span> <span class='ocrx_word' id='word_1_673' title='bbox 3362 2035 3628 2107; x_wconf 81' lang='lat' dir='ltr'>Quisquis</span> <span class='ocrx_word' id='word_1_674' title='bbox 3648 2033 3783 2090; x_wconf 88' lang='lat' dir='ltr'>enim</span> <span class='ocrx_word' id='word_1_675' title='bbox 3804 2050 3888 2106; x_wconf 89' lang='lat' dir='ltr'>po-</span> 
     </span>
    </p>
   </div>
   <div class='ocr_carea' id='block_1_82' title="bbox 2286 2125 3888 2198">
    <p class='ocr_par' dir='ltr' id='par_1_82' title="bbox 2286 2125 3888 2198">
     <span class='ocr_line' id='line_1_82' title="bbox 2286 2125 3888 2198; baseline -0.001 -19"><span class='ocrx_word' id='word_1_676' title='bbox 2286 2128 2407 2180; x_wconf 92' lang='lat' dir='ltr'>tum</span> <span class='ocrx_word' id='word_1_677' title='bbox 2441 2127 2665 2181; x_wconf 88' lang='lat' dir='ltr'>dederit</span> <span class='ocrx_word' id='word_1_678' title='bbox 2711 2127 2875 2182; x_wconf 84' lang='lat' dir='ltr'>vobis</span> <span class='ocrx_word' id='word_1_679' title='bbox 2925 2126 3163 2183; x_wconf 82' lang='lat' dir='ltr'>calicem</span> <span class='ocrx_word' id='word_1_680' title='bbox 3196 2143 3365 2198; x_wconf 67' lang='lat' dir='ltr'>aquas</span> <span class='ocrx_word' id='word_1_681' title='bbox 3414 2128 3473 2181; x_wconf 89' lang='lat' dir='ltr'>in</span> <span class='ocrx_word' id='word_1_682' title='bbox 3499 2125 3720 2181; x_wconf 85' lang='lat' dir='ltr'>nomine</span> <span class='ocrx_word' id='word_1_683' title='bbox 3762 2140 3888 2193; x_wconf 86' lang='lat' dir='ltr'>meo,</span> 
     </span>
    </p>
   </div>
   <div class='ocr_carea' id='block_1_83' title="bbox 2286 2214 3887 2286">
    <p class='ocr_par' dir='ltr' id='par_1_83' title="bbox 2286 2214 3887 2286">
     <span class='ocr_line' id='line_1_83' title="bbox 2286 2214 3887 2286; baseline -0.001 -18"><span class='ocrx_word' id='word_1_684' title='bbox 2286 2214 2424 2286; x_wconf 90' lang='lat' dir='ltr'>quia</span> <span class='ocrx_word' id='word_1_685' title='bbox 2454 2216 2668 2271; x_wconf 90' lang='lat' dir='ltr'>Christi</span> <span class='ocrx_word' id='word_1_686' title='bbox 2689 2216 3030 2285; x_wconf 88' lang='lat' dir='ltr'>eslis,amen</span> <span class='ocrx_word' id='word_1_687' title='bbox 3063 2216 3190 2271; x_wconf 91' lang='lat' dir='ltr'>dico</span> <span class='ocrx_word' id='word_1_688' title='bbox 3220 2218 3538 2280; x_wconf 77' lang='lat' dir='ltr'>vobis.nou</span> <span class='ocrx_word' id='word_1_689' title='bbox 3563 2214 3745 2286; x_wconf 89' lang='lat' dir='ltr'>perdet</span> <span class='ocrx_word' id='word_1_690' title='bbox 3763 2227 3887 2268; x_wconf 88' lang='lat' dir='ltr'>mer-</span> 
     </span>
    </p>
   </div>
   <div class='ocr_carea' id='block_1_84' title="bbox 2284 2303 3887 2376">
    <p class='ocr_par' dir='ltr' id='par_1_84' title="bbox 2284 2303 3887 2376">
     <span class='ocr_line' id='line_1_84' title="bbox 2284 2303 3887 2376; baseline -0.001 -19"><span class='ocrx_word' id='word_1_691' title='bbox 2284 2305 2485 2359; x_wconf 89' lang='lat' dir='ltr'>cedem</span> <span class='ocrx_word' id='word_1_692' title='bbox 2520 2322 2709 2360; x_wconf 89' lang='lat' dir='ltr'>suam.</span> <span class='ocrx_word' id='word_1_693' title='bbox 2744 2306 2811 2360; x_wconf 89' lang='lat' dir='ltr'>Et</span> <span class='ocrx_word' id='word_1_694' title='bbox 2843 2305 3115 2376; x_wconf 90' lang='lat' dir='ltr'>quisquis</span> <span class='ocrx_word' id='word_1_695' title='bbox 3146 2303 3624 2361; x_wconf 88' lang='lat' dir='ltr'>scandalizaverit</span> <span class='ocrx_word' id='word_1_696' title='bbox 3649 2318 3808 2357; x_wconf 90' lang='lat' dir='ltr'>unum</span> <span class='ocrx_word' id='word_1_697' title='bbox 3834 2316 3887 2356; x_wconf 79' lang='lat' dir='ltr'>ex</span> 
     </span>
    </p>
   </div>
   <div class='ocr_carea' id='block_1_85' title="bbox 2282 2388 3886 2464">
    <p class='ocr_par' dir='ltr' id='par_1_85' title="bbox 2282 2388 3886 2464">
     <span class='ocr_line' id='line_1_85' title="bbox 2282 2388 3886 2464; baseline -0.002 -17"><span class='ocrx_word' id='word_1_698' title='bbox 2282 2392 2376 2448; x_wconf 87' lang='lat' dir='ltr'>his</span> <span class='ocrx_word' id='word_1_699' title='bbox 2412 2393 2642 2464; x_wconf 91' lang='lat' dir='ltr'>pusillis</span> <span class='ocrx_word' id='word_1_700' title='bbox 2673 2394 3048 2449; x_wconf 86' lang='lat' dir='ltr'>credentibus</span> <span class='ocrx_word' id='word_1_701' title='bbox 3081 2394 3139 2448; x_wconf 92' lang='lat' dir='ltr'>in</span> <span class='ocrx_word' id='word_1_702' title='bbox 3164 2410 3278 2461; x_wconf 91' lang='lat' dir='ltr'>me,</span> <span class='ocrx_word' id='word_1_703' title='bbox 3302 2394 3526 2449; x_wconf 91' lang='lat' dir='ltr'>bonum</span> <span class='ocrx_word' id='word_1_704' title='bbox 3558 2396 3642 2447; x_wconf 90' lang='lat' dir='ltr'>est</span> <span class='ocrx_word' id='word_1_705' title='bbox 3668 2388 3886 2461; x_wconf 82' lang='lat' dir='ltr'>eimagis</span> 
     </span>
    </p>
   </div>
   <div class='ocr_carea' id='block_1_86' title="bbox 2283 2479 3887 2553">
    <p class='ocr_par' dir='ltr' id='par_1_86' title="bbox 2283 2479 3887 2553">
     <span class='ocr_line' id='line_1_86' title="bbox 2283 2479 3887 2553; baseline -0.002 -16"><span class='ocrx_word' id='word_1_706' title='bbox 2283 2482 2331 2537; x_wconf 91' lang='lat' dir='ltr'>si</span> <span class='ocrx_word' id='word_1_707' title='bbox 2365 2482 2828 2539; x_wconf 87' lang='lat' dir='ltr'>circumdaretur</span> <span class='ocrx_word' id='word_1_708' title='bbox 2845 2483 2999 2539; x_wconf 89' lang='lat' dir='ltr'>mola</span> <span class='ocrx_word' id='word_1_709' title='bbox 3025 2483 3284 2539; x_wconf 87' lang='lat' dir='ltr'>asinaria</span> <span class='ocrx_word' id='word_1_710' title='bbox 3301 2482 3449 2538; x_wconf 93' lang='lat' dir='ltr'>collo</span> <span class='ocrx_word' id='word_1_711' title='bbox 3470 2483 3617 2553; x_wconf 86' lang='lat' dir='ltr'>ejus,</span> <span class='ocrx_word' id='word_1_712' title='bbox 3638 2484 3691 2535; x_wconf 89' lang='lat' dir='ltr'>et</span> <span class='ocrx_word' id='word_1_713' title='bbox 3717 2479 3767 2535; x_wconf 91' lang='lat' dir='ltr'>in</span> <span class='ocrx_word' id='word_1_714' title='bbox 3788 2495 3887 2534; x_wconf 77' lang='lat' dir='ltr'>ma-</span> 
     </span>
    </p>
   </div>
   <div class='ocr_carea' id='block_1_87' title="bbox 2282 2571 3886 2634">
    <p class='ocr_par' dir='ltr' id='par_1_87' title="bbox 2282 2571 3886 2634">
     <span class='ocr_line' id='line_1_87' title="bbox 2282 2571 3886 2634; baseline -0.004 -6"><span class='ocrx_word' id='word_1_715' title='bbox 2282 2589 2343 2628; x_wconf 88' lang='lat' dir='ltr'>re</span> <span class='ocrx_word' id='word_1_716' title='bbox 2373 2573 2722 2628; x_wconf 87' lang='lat' dir='ltr'>mitteretur.</span> <span class='ocrx_word' id='word_1_717' title='bbox 2776 2573 2841 2627; x_wconf 86' lang='lat' dir='ltr'>Et</span> <span class='ocrx_word' id='word_1_718' title='bbox 2870 2573 2919 2628; x_wconf 90' lang='lat' dir='ltr'>si</span> <span class='ocrx_word' id='word_1_719' title='bbox 2952 2572 3438 2628; x_wconf 87' lang='lat' dir='ltr'>scandalizaverit</span> <span class='ocrx_word' id='word_1_720' title='bbox 3481 2576 3537 2626; x_wconf 88' lang='lat' dir='ltr'>te</span> <span class='ocrx_word' id='word_1_721' title='bbox 3567 2586 3760 2625; x_wconf 87' lang='lat' dir='ltr'>manus</span> <span class='ocrx_word' id='word_1_722' title='bbox 3786 2571 3886 2634; x_wconf 85' lang='lat' dir='ltr'>tua,</span> 
     </span>
    </p>
   </div>
   <div class='ocr_carea' id='block_1_88' title="bbox 2284 2657 3886 2718">
    <p class='ocr_par' dir='ltr' id='par_1_88' title="bbox 2284 2657 3886 2718">
     <span class='ocr_line' id='line_1_88' title="bbox 2284 2657 3886 2718; baseline -0.004 -1"><span class='ocrx_word' id='word_1_723' title='bbox 2284 2663 2521 2717; x_wconf 88' lang='lat' dir='ltr'>abscide</span> <span class='ocrx_word' id='word_1_724' title='bbox 2550 2662 2709 2718; x_wconf 88' lang='lat' dir='ltr'>illam</span> <span class='ocrx_word' id='word_1_725' title='bbox 2743 2679 2755 2717; x_wconf 92' lang='lat'><strong>:</strong></span> <span class='ocrx_word' id='word_1_726' title='bbox 2792 2663 3013 2718; x_wconf 92' lang='lat' dir='ltr'>bonum</span> <span class='ocrx_word' id='word_1_727' title='bbox 3045 2666 3133 2718; x_wconf 90' lang='lat' dir='ltr'>est</span> <span class='ocrx_word' id='word_1_728' title='bbox 3180 2662 3287 2717; x_wconf 90' lang='lat' dir='ltr'>tibi</span> <span class='ocrx_word' id='word_1_729' title='bbox 3316 2660 3570 2718; x_wconf 88' lang='lat' dir='ltr'>debilem</span> <span class='ocrx_word' id='word_1_730' title='bbox 3603 2658 3814 2715; x_wconf 84' lang='lat' dir='ltr'>introire</span> <span class='ocrx_word' id='word_1_731' title='bbox 3838 2657 3886 2711; x_wconf 88' lang='lat' dir='ltr'>in</span> 
     </span>
    </p>
   </div>
   <div class='ocr_carea' id='block_1_89' title="bbox 2282 2747 3888 2823">
    <p class='ocr_par' dir='ltr' id='par_1_89' title="bbox 2282 2747 3888 2823">
     <span class='ocr_line' id='line_1_89' title="bbox 2282 2747 3888 2823; baseline -0.003 -18"><span class='ocrx_word' id='word_1_732' title='bbox 2282 2752 2487 2817; x_wconf 90' lang='lat' dir='ltr'>vitam,</span> <span class='ocrx_word' id='word_1_733' title='bbox 2521 2769 2699 2823; x_wconf 89' lang='lat' dir='ltr'>quam</span> <span class='ocrx_word' id='word_1_734' title='bbox 2732 2753 2882 2807; x_wconf 88' lang='lat' dir='ltr'>duas</span> <span class='ocrx_word' id='word_1_735' title='bbox 2912 2768 3125 2807; x_wconf 89' lang='lat' dir='ltr'>manus</span> <span class='ocrx_word' id='word_1_736' title='bbox 3154 2751 3472 2808; x_wconf 90' lang='lat' dir='ltr'>habentem</span> <span class='ocrx_word' id='word_1_737' title='bbox 3518 2750 3599 2805; x_wconf 88' lang='lat' dir='ltr'>ire</span> <span class='ocrx_word' id='word_1_738' title='bbox 3627 2749 3678 2803; x_wconf 88' lang='lat' dir='ltr'>in</span> <span class='ocrx_word' id='word_1_739' title='bbox 3708 2747 3888 2819; x_wconf 81' lang='lat' dir='ltr'>gehen-</span> 
     </span>
    </p>
   </div>
   <div class='ocr_carea' id='block_1_90' title="bbox 2284 2840 3887 2915">
    <p class='ocr_par' dir='ltr' id='par_1_90' title="bbox 2284 2840 3887 2915">
     <span class='ocr_line' id='line_1_90' title="bbox 2284 2840 3887 2915; baseline -0.003 -18"><span class='ocrx_word' id='word_1_740' title='bbox 2284 2860 2429 2909; x_wconf 88' lang='lat' dir='ltr'>nam,</span> <span class='ocrx_word' id='word_1_741' title='bbox 2454 2844 2513 2897; x_wconf 91' lang='lat' dir='ltr'>in</span> <span class='ocrx_word' id='word_1_742' title='bbox 2546 2843 2740 2915; x_wconf 89' lang='lat' dir='ltr'>ignem</span> <span class='ocrx_word' id='word_1_743' title='bbox 2766 2841 3343 2913; x_wconf 89' lang='lat' dir='ltr'>inexstinguibilem:</span> <span class='ocrx_word' id='word_1_744' title='bbox 3369 2841 3470 2897; x_wconf 93' lang='lat' dir='ltr'>ubi</span> <span class='ocrx_word' id='word_1_745' title='bbox 3498 2840 3701 2897; x_wconf 87' lang='lat' dir='ltr'>vermis</span> <span class='ocrx_word' id='word_1_746' title='bbox 3721 2852 3887 2895; x_wconf 88' lang='lat' dir='ltr'>eorum</span> 
     </span>
    </p>
   </div>
   <div class='ocr_carea' id='block_1_91' title="bbox 2286 2928 3889 3003">
    <p class='ocr_par' dir='ltr' id='par_1_91' title="bbox 2286 2928 3889 3003">
     <span class='ocr_line' id='line_1_91' title="bbox 2286 2928 3889 3003; baseline -0.006 -17"><span class='ocrx_word' id='word_1_747' title='bbox 2286 2948 2400 2986; x_wconf 90' lang='lat' dir='ltr'>non</span> <span class='ocrx_word' id='word_1_748' title='bbox 2422 2931 2760 2997; x_wconf 89' lang='lat' dir='ltr'>moritur,et</span> <span class='ocrx_word' id='word_1_749' title='bbox 2789 2930 2943 3003; x_wconf 86' lang='lat' dir='ltr'>ignis</span> <span class='ocrx_word' id='word_1_750' title='bbox 2961 2947 3075 2985; x_wconf 89' lang='lat' dir='ltr'>non</span> <span class='ocrx_word' id='word_1_751' title='bbox 3096 2928 3515 3001; x_wconf 86' lang='lat' dir='ltr'>exstinguitur,</span> <span class='ocrx_word' id='word_1_752' title='bbox 3545 2950 3571 2977; x_wconf 86' lang='lat'><strong>»</strong></span> <span class='ocrx_word' id='word_1_753' title='bbox 3593 2931 3715 2992; x_wconf 91' lang='lat' dir='ltr'>etc.,</span> <span class='ocrx_word' id='word_1_754' title='bbox 3736 2937 3889 2995; x_wconf 88' lang='lat' dir='ltr'>usque</span> 
     </span>
    </p>
   </div>
   <div class='ocr_carea' id='block_1_92' title="bbox 2288 3016 3889 3089">
    <p class='ocr_par' dir='ltr' id='par_1_92' title="bbox 2288 3016 3889 3089">
     <span class='ocr_line' id='line_1_92' title="bbox 2288 3016 3889 3089; baseline -0.006 -14"><span class='ocrx_word' id='word_1_755' title='bbox 2288 3022 2357 3075; x_wconf 90' lang='lat' dir='ltr'>ad</span> <span class='ocrx_word' id='word_1_756' title='bbox 2390 3020 2537 3075; x_wconf 91' lang='lat' dir='ltr'>illud</span> <span class='ocrx_word' id='word_1_757' title='bbox 2570 3020 2666 3075; x_wconf 94' lang='lat' dir='ltr'>ubi</span> <span class='ocrx_word' id='word_1_758' title='bbox 2700 3020 2799 3089; x_wconf 89' lang='lat' dir='ltr'>ait,</span> <span class='ocrx_word' id='word_1_759' title='bbox 2838 3042 2859 3069; x_wconf 76' lang='grc' dir='ltr'><em>α</em></span> <span class='ocrx_word' id='word_1_760' title='bbox 2885 3019 3103 3074; x_wconf 86' lang='lat' dir='ltr'>Habete</span> <span class='ocrx_word' id='word_1_761' title='bbox 3125 3018 3185 3073; x_wconf 92' lang='lat' dir='ltr'>in</span> <span class='ocrx_word' id='word_1_762' title='bbox 3215 3017 3384 3073; x_wconf 87' lang='lat' dir='ltr'>vobis</span> <span class='ocrx_word' id='word_1_763' title='bbox 3418 3016 3620 3082; x_wconf 89' lang='lat' dir='ltr'>salem,</span> <span class='ocrx_word' id='word_1_764' title='bbox 3650 3019 3702 3070; x_wconf 90' lang='lat' dir='ltr'>et</span> <span class='ocrx_word' id='word_1_765' title='bbox 3724 3026 3889 3085; x_wconf 87' lang='lat' dir='ltr'>pacem</span> 
     </span>
    </p>
   </div>
   <div class='ocr_carea' id='block_1_93' title="bbox 2287 3104 3894 3181">
    <p class='ocr_par' dir='ltr' id='par_1_93' title="bbox 2287 3104 3894 3181">
     <span class='ocr_line' id='line_1_93' title="bbox 2287 3104 3894 3181; baseline -0.008 -15"><span class='ocrx_word' id='word_1_766' title='bbox 2287 3110 2497 3166; x_wconf 87' lang='lat' dir='ltr'>habete</span> <span class='ocrx_word' id='word_1_767' title='bbox 2527 3111 2680 3165; x_wconf 90' lang='lat' dir='ltr'>inter</span> <span class='ocrx_word' id='word_1_768' title='bbox 2725 3127 2827 3166; x_wconf 90' lang='lat' dir='ltr'>vos</span> <span class='ocrx_word' id='word_1_769' title='bbox 2861 3132 2888 3158; x_wconf 88' lang='lat'><strong>»</strong></span> <span class='ocrx_word' id='word_1_770' title='bbox 2921 3110 3117 3181; x_wconf 85' lang='lat' dir='ltr'>(Marc.</span> <span class='ocrx_word' id='word_1_771' title='bbox 3150 3125 3229 3178; x_wconf 82' lang='lat' dir='ltr'>1x,</span> <span class='ocrx_word' id='word_1_772' title='bbox 3261 3107 3482 3179; x_wconf 78' lang='grc'>40-49).</span> <span class='ocrx_word' id='word_1_773' title='bbox 3532 3107 3656 3161; x_wconf 65' lang='lat' dir='ltr'>Haec</span> <span class='ocrx_word' id='word_1_774' title='bbox 3704 3104 3894 3158; x_wconf 85' lang='lat' dir='ltr'>Marcus</span> 
     </span>
    </p>
   </div>
   <div class='ocr_carea' id='block_1_94' title="bbox 2287 3191 3894 3271">
    <p class='ocr_par' dir='ltr' id='par_1_94' title="bbox 2287 3191 3894 3271">
     <span class='ocr_line' id='line_1_94' title="bbox 2287 3191 3894 3271; baseline -0.006 -18"><span class='ocrx_word' id='word_1_775' title='bbox 2287 3198 2598 3255; x_wconf 91' lang='lat' dir='ltr'>Dominum</span> <span class='ocrx_word' id='word_1_776' title='bbox 2618 3198 2898 3269; x_wconf 87' lang='lat' dir='ltr'>locutum,</span> <span class='ocrx_word' id='word_1_777' title='bbox 2919 3202 3301 3271; x_wconf 88' lang='lat' dir='ltr'>posteaquam</span> <span class='ocrx_word' id='word_1_778' title='bbox 3321 3196 3497 3252; x_wconf 91' lang='lat' dir='ltr'>illum</span> <span class='ocrx_word' id='word_1_779' title='bbox 3513 3194 3611 3268; x_wconf 92' lang='lat' dir='ltr'>qui</span> <span class='ocrx_word' id='word_1_780' title='bbox 3631 3194 3686 3248; x_wconf 90' lang='lat' dir='ltr'>in</span> <span class='ocrx_word' id='word_1_781' title='bbox 3698 3191 3894 3248; x_wconf 87' lang='lat' dir='ltr'>nomine</span> 
     </span>
    </p>
   </div>
   <div class='ocr_carea' id='block_1_95' title="bbox 2283 3284 3891 3359">
    <p class='ocr_par' dir='ltr' id='par_1_95' title="bbox 2283 3284 3891 3359">
     <span class='ocr_line' id='line_1_95' title="bbox 2283 3284 3891 3359; baseline -0.006 -16"><span class='ocrx_word' id='word_1_782' title='bbox 2283 3290 2411 3358; x_wconf 89' lang='lat' dir='ltr'>ejus</span> <span class='ocrx_word' id='word_1_783' title='bbox 2442 3288 2711 3359; x_wconf 87' lang='lat' dir='ltr'>ejiciebat</span> <span class='ocrx_word' id='word_1_784' title='bbox 2741 3286 3024 3343; x_wconf 76' lang='lat' dir='ltr'>dzemonia</span> <span class='ocrx_word' id='word_1_785' title='bbox 3063 3291 3121 3341; x_wconf 89' lang='lat' dir='ltr'>et</span> <span class='ocrx_word' id='word_1_786' title='bbox 3151 3302 3284 3341; x_wconf 89' lang='lat' dir='ltr'>cum</span> <span class='ocrx_word' id='word_1_787' title='bbox 3318 3284 3620 3358; x_wconf 90' lang='lat' dir='ltr'>discipulis</span> <span class='ocrx_word' id='word_1_788' title='bbox 3652 3298 3753 3337; x_wconf 87' lang='lat' dir='ltr'>non</span> <span class='ocrx_word' id='word_1_789' title='bbox 3783 3294 3891 3335; x_wconf 89' lang='lat' dir='ltr'>eum</span> 
     </span>
    </p>
   </div>
   <div class='ocr_carea' id='block_1_96' title="bbox 2284 3375 3893 3449">
    <p class='ocr_par' dir='ltr' id='par_1_96' title="bbox 2284 3375 3893 3449">
     <span class='ocr_line' id='line_1_96' title="bbox 2284 3375 3893 3449; baseline -0.008 -15"><span class='ocrx_word' id='word_1_790' title='bbox 2284 3379 2660 3449; x_wconf 88' lang='lat' dir='ltr'>sequebatur,</span> <span class='ocrx_word' id='word_1_791' title='bbox 2691 3377 2874 3433; x_wconf 88' lang='lat' dir='ltr'>vetuit</span> <span class='ocrx_word' id='word_1_792' title='bbox 2899 3375 3218 3448; x_wconf 90' lang='lat' dir='ltr'>prohiberi,</span> <span class='ocrx_word' id='word_1_793' title='bbox 3244 3375 3562 3431; x_wconf 87' lang='lat' dir='ltr'>contextim</span> <span class='ocrx_word' id='word_1_794' title='bbox 3593 3382 3893 3428; x_wconf 87' lang='lat' dir='ltr'>commemo-</span> 
     </span>
    </p>
   </div>
   <div class='ocr_carea' id='block_1_97' title="bbox 2282 3461 3888 3538">
    <p class='ocr_par' dir='ltr' id='par_1_97' title="bbox 2282 3461 3888 3538">
     <span class='ocr_line' id='line_1_97' title="bbox 2282 3461 3888 3538; baseline -0.007 -16"><span class='ocrx_word' id='word_1_795' title='bbox 2282 3472 2399 3534; x_wconf 86' lang='lat' dir='ltr'>rat;</span> <span class='ocrx_word' id='word_1_796' title='bbox 2424 3467 2621 3538; x_wconf 90' lang='lat' dir='ltr'>aliqua</span> <span class='ocrx_word' id='word_1_797' title='bbox 2635 3482 2858 3538; x_wconf 88' lang='lat' dir='ltr'>ponens</span> <span class='ocrx_word' id='word_1_798' title='bbox 2878 3482 3005 3537; x_wconf 70' lang='lat' dir='ltr'>quae</span> <span class='ocrx_word' id='word_1_799' title='bbox 3024 3464 3227 3521; x_wconf 89' lang='lat' dir='ltr'>nullus</span> <span class='ocrx_word' id='word_1_800' title='bbox 3254 3464 3409 3520; x_wconf 90' lang='lat' dir='ltr'>alius</span> <span class='ocrx_word' id='word_1_801' title='bbox 3427 3461 3888 3535; x_wconf 84' lang='lat' dir='ltr'>Evangelistarum</span> 
     </span>
    </p>
   </div>
   <div class='ocr_carea' id='block_1_98' title="bbox 2280 3547 3892 3627">
    <p class='ocr_par' dir='ltr' id='par_1_98' title="bbox 2280 3547 3892 3627">
     <span class='ocr_line' id='line_1_98' title="bbox 2280 3547 3892 3627; baseline -0.007 -17"><span class='ocrx_word' id='word_1_802' title='bbox 2280 3555 2496 3627; x_wconf 86' lang='lat' dir='ltr'>posuit,</span> <span class='ocrx_word' id='word_1_803' title='bbox 2520 3554 2715 3626; x_wconf 83' lang='lat' dir='ltr'>aliqua</span> <span class='ocrx_word' id='word_1_804' title='bbox 2737 3571 2869 3609; x_wconf 90' lang='lat' dir='ltr'>vero</span> <span class='ocrx_word' id='word_1_805' title='bbox 2903 3571 3028 3625; x_wconf 73' lang='lat' dir='ltr'>qua:</span> <span class='ocrx_word' id='word_1_806' title='bbox 3046 3553 3359 3609; x_wconf 69' lang='lat' dir='ltr'>Mattheeus</span> <span class='ocrx_word' id='word_1_807' title='bbox 3380 3567 3610 3625; x_wconf 87' lang='lat' dir='ltr'>quoque</span> <span class='ocrx_word' id='word_1_808' title='bbox 3640 3547 3827 3622; x_wconf 85' lang='lat' dir='ltr'>posuit,</span> <span class='ocrx_word' id='word_1_809' title='bbox 3847 3548 3892 3599; x_wconf 80' lang='lat' dir='ltr'>et</span> 
     </span>
    </p>
   </div>
   <div class='ocr_carea' id='block_1_99' title="bbox 2280 3632 3889 3715">
    <p class='ocr_par' dir='ltr' id='par_1_99' title="bbox 2280 3632 3889 3715">
     <span class='ocr_line' id='line_1_99' title="bbox 2280 3632 3889 3715; baseline -0.009 -15"><span class='ocrx_word' id='word_1_810' title='bbox 2280 3645 2478 3715; x_wconf 88' lang='lat' dir='ltr'>aliqua</span> <span class='ocrx_word' id='word_1_811' title='bbox 2508 3644 2710 3699; x_wconf 90' lang='lat' dir='ltr'>itidem</span> <span class='ocrx_word' id='word_1_812' title='bbox 2743 3660 2866 3714; x_wconf 73' lang='lat' dir='ltr'>quea</span> <span class='ocrx_word' id='word_1_813' title='bbox 2898 3648 2954 3698; x_wconf 89' lang='lat' dir='ltr'>et</span> <span class='ocrx_word' id='word_1_814' title='bbox 3002 3642 3312 3698; x_wconf 60' lang='lat' dir='ltr'>Mattheus</span> <span class='ocrx_word' id='word_1_815' title='bbox 3362 3648 3423 3698; x_wconf 89' lang='lat' dir='ltr'>et</span> <span class='ocrx_word' id='word_1_816' title='bbox 3453 3642 3631 3697; x_wconf 86' lang='lat' dir='ltr'>Lucas</span> <span class='ocrx_word' id='word_1_817' title='bbox 3663 3656 3675 3695; x_wconf 95' lang='lat'>:</span> <span class='ocrx_word' id='word_1_818' title='bbox 3706 3638 3793 3693; x_wconf 85' lang='lat' dir='ltr'>sed</span> <span class='ocrx_word' id='word_1_819' title='bbox 3821 3632 3889 3688; x_wconf 90' lang='lat' dir='ltr'>illi</span> 
     </span>
    </p>
   </div>
   <div class='ocr_carea' id='block_1_100' title="bbox 2279 3723 3888 3803">
    <p class='ocr_par' dir='ltr' id='par_1_100' title="bbox 2279 3723 3888 3803">
     <span class='ocr_line' id='line_1_100' title="bbox 2279 3723 3888 3803; baseline -0.009 -14"><span class='ocrx_word' id='word_1_820' title='bbox 2279 3752 2347 3789; x_wconf 90' lang='lat' dir='ltr'>ex</span> <span class='ocrx_word' id='word_1_821' title='bbox 2378 3734 2510 3789; x_wconf 91' lang='lat' dir='ltr'>aliis</span> <span class='ocrx_word' id='word_1_822' title='bbox 2536 3734 2961 3803; x_wconf 87' lang='lat' dir='ltr'>occasionibus,</span> <span class='ocrx_word' id='word_1_823' title='bbox 2990 3737 3048 3787; x_wconf 91' lang='lat' dir='ltr'>et</span> <span class='ocrx_word' id='word_1_824' title='bbox 3068 3732 3182 3787; x_wconf 81' lang='lat' dir='ltr'>alio</span> <span class='ocrx_word' id='word_1_825' title='bbox 3205 3748 3405 3787; x_wconf 91' lang='lat' dir='ltr'>rerum</span> <span class='ocrx_word' id='word_1_826' title='bbox 3434 3730 3654 3793; x_wconf 86' lang='lat' dir='ltr'>ordine,</span> <span class='ocrx_word' id='word_1_827' title='bbox 3678 3743 3778 3782; x_wconf 88' lang='lat' dir='ltr'>non</span> <span class='ocrx_word' id='word_1_828' title='bbox 3801 3723 3888 3777; x_wconf 83' lang='lat' dir='ltr'>hoc</span> 
     </span>
    </p>
   </div>
   <div class='ocr_carea' id='block_1_101' title="bbox 2279 3809 3891 3893">
    <p class='ocr_par' dir='ltr' id='par_1_101' title="bbox 2279 3809 3891 3893">
     <span class='ocr_line' id='line_1_101' title="bbox 2279 3809 3891 3893; baseline -0.007 -16"><span class='ocrx_word' id='word_1_829' title='bbox 2279 3822 2403 3877; x_wconf 91' lang='lat' dir='ltr'>loco</span> <span class='ocrx_word' id='word_1_830' title='bbox 2435 3822 2533 3877; x_wconf 90' lang='lat' dir='ltr'>ubi</span> <span class='ocrx_word' id='word_1_831' title='bbox 2568 3823 2636 3877; x_wconf 84' lang='lat' dir='ltr'>de</span> <span class='ocrx_word' id='word_1_832' title='bbox 2666 3821 2766 3876; x_wconf 92' lang='lat' dir='ltr'>illo</span> <span class='ocrx_word' id='word_1_833' title='bbox 2797 3825 3137 3893; x_wconf 84' lang='lat' dir='ltr'>suggestum</span> <span class='ocrx_word' id='word_1_834' title='bbox 3179 3825 3288 3887; x_wconf 89' lang='lat' dir='ltr'>est,</span> <span class='ocrx_word' id='word_1_835' title='bbox 3324 3821 3431 3891; x_wconf 88' lang='lat' dir='ltr'>qui</span> <span class='ocrx_word' id='word_1_836' title='bbox 3464 3835 3595 3875; x_wconf 90' lang='lat' dir='ltr'>cum</span> <span class='ocrx_word' id='word_1_837' title='bbox 3629 3809 3891 3885; x_wconf 88' lang='lat' dir='ltr'>discipulis</span> 
     </span>
    </p>
   </div>
   <div class='ocr_carea' id='block_1_102' title="bbox 2281 3902 3890 3980">
    <p class='ocr_par' dir='ltr' id='par_1_102' title="bbox 2281 3902 3890 3980">
     <span class='ocr_line' id='line_1_102' title="bbox 2281 3902 3890 3980; baseline -0.009 -12"><span class='ocrx_word' id='word_1_838' title='bbox 2281 3910 2492 3968; x_wconf 82' lang='lat' dir='ltr'>Christi</span> <span class='ocrx_word' id='word_1_839' title='bbox 2535 3929 2649 3967; x_wconf 90' lang='lat' dir='ltr'>non</span> <span class='ocrx_word' id='word_1_840' title='bbox 2682 3928 2815 3967; x_wconf 90' lang='lat' dir='ltr'>eum</span> <span class='ocrx_word' id='word_1_841' title='bbox 2862 3910 3235 3980; x_wconf 87' lang='lat' dir='ltr'>sequebatur,</span> <span class='ocrx_word' id='word_1_842' title='bbox 3270 3913 3327 3964; x_wconf 89' lang='lat' dir='ltr'>et</span> <span class='ocrx_word' id='word_1_843' title='bbox 3378 3907 3663 3964; x_wconf 68' lang='lat' dir='ltr'>daemonia</span> <span class='ocrx_word' id='word_1_844' title='bbox 3707 3903 3760 3958; x_wconf 89' lang='lat' dir='ltr'>in</span> <span class='ocrx_word' id='word_1_845' title='bbox 3787 3902 3890 3971; x_wconf 87' lang='lat' dir='ltr'>ejus</span> 
     </span>
    </p>
   </div>
   <div class='ocr_carea' id='block_1_103' title="bbox 2282 3990 3891 4071">
    <p class='ocr_par' dir='ltr' id='par_1_103' title="bbox 2282 3990 3891 4071">
     <span class='ocr_line' id='line_1_103' title="bbox 2282 3990 3891 4071; baseline -0.009 -15"><span class='ocrx_word' id='word_1_846' title='bbox 2282 4002 2519 4056; x_wconf 90' lang='lat' dir='ltr'>nomine</span> <span class='ocrx_word' id='word_1_847' title='bbox 2541 4000 2833 4071; x_wconf 89' lang='lat' dir='ltr'>ejiciebat.</span> <span class='ocrx_word' id='word_1_848' title='bbox 2858 4000 3020 4054; x_wconf 88' lang='lat' dir='ltr'>Unde</span> <span class='ocrx_word' id='word_1_849' title='bbox 3044 3999 3187 4053; x_wconf 89' lang='lat' dir='ltr'>mihi</span> <span class='ocrx_word' id='word_1_850' title='bbox 3212 3998 3453 4053; x_wconf 89' lang='lat' dir='ltr'>videtur</span> <span class='ocrx_word' id='word_1_851' title='bbox 3483 3997 3654 4053; x_wconf 83' lang='lat' dir='ltr'>etiam</span> <span class='ocrx_word' id='word_1_852' title='bbox 3673 3994 3772 4049; x_wconf 90' lang='lat' dir='ltr'>hoc</span> <span class='ocrx_word' id='word_1_853' title='bbox 3790 3990 3891 4045; x_wconf 92' lang='lat' dir='ltr'>loco</span> 
     </span>
    </p>
   </div>
   <div class='ocr_carea' id='block_1_104' title="bbox 2280 4084 3891 4151">
    <p class='ocr_par' dir='ltr' id='par_1_104' title="bbox 2280 4084 3891 4151">
     <span class='ocr_line' id='line_1_104' title="bbox 2280 4084 3891 4151; baseline -0.007 -6"><span class='ocrx_word' id='word_1_854' title='bbox 2280 4090 2565 4145; x_wconf 89' lang='lat' dir='ltr'>Dominus</span> <span class='ocrx_word' id='word_1_855' title='bbox 2598 4090 2919 4145; x_wconf 90' lang='lat' dir='ltr'>secundum</span> <span class='ocrx_word' id='word_1_856' title='bbox 2969 4087 3145 4144; x_wconf 86' lang='lat' dir='ltr'>Marci</span> <span class='ocrx_word' id='word_1_857' title='bbox 3177 4088 3353 4142; x_wconf 86' lang='lat' dir='ltr'>ﬁdem</span> <span class='ocrx_word' id='word_1_858' title='bbox 3407 4087 3538 4142; x_wconf 88' lang='lat' dir='ltr'>ideo</span> <span class='ocrx_word' id='word_1_859' title='bbox 3569 4084 3769 4140; x_wconf 82' lang='lat' dir='ltr'>dixisse</span> <span class='ocrx_word' id='word_1_860' title='bbox 3790 4093 3891 4151; x_wconf 65' lang='lat' dir='ltr'>que</span> 
     </span>
    </p>
   </div>
   <div class='ocr_carea' id='block_1_105' title="bbox 2283 4169 3894 4249">
    <p class='ocr_par' dir='ltr' id='par_1_105' title="bbox 2283 4169 3894 4249">
     <span class='ocr_line' id='line_1_105' title="bbox 2283 4169 3894 4249; baseline -0.008 -16"><span class='ocrx_word' id='word_1_861' title='bbox 2283 4179 2413 4234; x_wconf 91' lang='lat' dir='ltr'>aliis</span> <span class='ocrx_word' id='word_1_862' title='bbox 2432 4179 2607 4234; x_wconf 90' lang='lat' dir='ltr'>etiam</span> <span class='ocrx_word' id='word_1_863' title='bbox 2625 4178 2767 4234; x_wconf 89' lang='lat' dir='ltr'>locis</span> <span class='ocrx_word' id='word_1_864' title='bbox 2790 4177 2956 4246; x_wconf 85' lang='lat' dir='ltr'>dixit,</span> <span class='ocrx_word' id='word_1_865' title='bbox 2977 4177 3115 4249; x_wconf 90' lang='lat' dir='ltr'>quia</span> <span class='ocrx_word' id='word_1_866' title='bbox 3137 4176 3280 4232; x_wconf 86' lang='lat' dir='ltr'>satis</span> <span class='ocrx_word' id='word_1_867' title='bbox 3300 4175 3668 4247; x_wconf 84' lang='lat' dir='ltr'>pertinebant</span> <span class='ocrx_word' id='word_1_868' title='bbox 3686 4171 3750 4226; x_wconf 90' lang='lat' dir='ltr'>ad</span> <span class='ocrx_word' id='word_1_869' title='bbox 3769 4169 3894 4224; x_wconf 84' lang='lat' dir='ltr'>hanc</span> 
     </span>
    </p>
   </div>
   <div class='ocr_carea' id='block_1_106' title="bbox 2282 4259 3895 4339">
    <p class='ocr_par' dir='ltr' id='par_1_106' title="bbox 2282 4259 3895 4339">
     <span class='ocr_line' id='line_1_106' title="bbox 2282 4259 3895 4339; baseline -0.008 -18"><span class='ocrx_word' id='word_1_870' title='bbox 2282 4267 2473 4339; x_wconf 87' lang='lat' dir='ltr'>ipsam</span> <span class='ocrx_word' id='word_1_871' title='bbox 2493 4269 2620 4338; x_wconf 87' lang='lat' dir='ltr'>ejus</span> <span class='ocrx_word' id='word_1_872' title='bbox 2639 4266 3014 4335; x_wconf 88' lang='lat' dir='ltr'>sententiam,</span> <span class='ocrx_word' id='word_1_873' title='bbox 3032 4283 3148 4337; x_wconf 88' lang='lat' dir='ltr'>qua</span> <span class='ocrx_word' id='word_1_874' title='bbox 3168 4265 3351 4320; x_wconf 86' lang='lat' dir='ltr'>vetuit</span> <span class='ocrx_word' id='word_1_875' title='bbox 3375 4262 3664 4338; x_wconf 90' lang='lat' dir='ltr'>prohiberi</span> <span class='ocrx_word' id='word_1_876' title='bbox 3687 4259 3895 4315; x_wconf 83' lang='lat' dir='ltr'>virtutes</span> 
     </span>
    </p>
   </div>
   <div class='ocr_carea' id='block_1_107' title="bbox 2282 4342 3896 4424">
    <p class='ocr_par' dir='ltr' id='par_1_107' title="bbox 2282 4342 3896 4424">
     <span class='ocr_line' id='line_1_107' title="bbox 2282 4342 3896 4424; baseline -0.007 -14"><span class='ocrx_word' id='word_1_877' title='bbox 2282 4356 2340 4410; x_wconf 92' lang='lat' dir='ltr'>in</span> <span class='ocrx_word' id='word_1_878' title='bbox 2377 4357 2611 4413; x_wconf 90' lang='lat' dir='ltr'>nomine</span> <span class='ocrx_word' id='word_1_879' title='bbox 2632 4375 2737 4413; x_wconf 89' lang='lat' dir='ltr'>suo</span> <span class='ocrx_word' id='word_1_880' title='bbox 2762 4357 2905 4424; x_wconf 86' lang='lat' dir='ltr'>ﬁeri,</span> <span class='ocrx_word' id='word_1_881' title='bbox 2924 4355 3098 4411; x_wconf 85' lang='lat' dir='ltr'>etiam</span> <span class='ocrx_word' id='word_1_882' title='bbox 3122 4356 3193 4410; x_wconf 87' lang='lat' dir='ltr'>ab</span> <span class='ocrx_word' id='word_1_883' title='bbox 3228 4353 3325 4410; x_wconf 90' lang='lat' dir='ltr'>illo</span> <span class='ocrx_word' id='word_1_884' title='bbox 3347 4354 3450 4424; x_wconf 91' lang='lat' dir='ltr'>qui</span> <span class='ocrx_word' id='word_1_885' title='bbox 3478 4369 3609 4408; x_wconf 92' lang='lat' dir='ltr'>cum</span> <span class='ocrx_word' id='word_1_886' title='bbox 3630 4342 3896 4419; x_wconf 85' lang='lat' dir='ltr'>discipulis</span> 
     </span>
    </p>
   </div>
   <div class='ocr_carea' id='block_1_108' title="bbox 2283 4433 3895 4516">
    <p class='ocr_par' dir='ltr' id='par_1_108' title="bbox 2283 4433 3895 4516">
     <span class='ocr_line' id='line_1_108' title="bbox 2283 4433 3895 4516; baseline -0.011 -14"><span class='ocrx_word' id='word_1_887' title='bbox 2283 4464 2415 4503; x_wconf 90' lang='lat' dir='ltr'>eum</span> <span class='ocrx_word' id='word_1_888' title='bbox 2450 4464 2564 4501; x_wconf 90' lang='lat' dir='ltr'>non</span> <span class='ocrx_word' id='word_1_889' title='bbox 2597 4446 2973 4516; x_wconf 87' lang='lat' dir='ltr'>sequebatur.</span> <span class='ocrx_word' id='word_1_890' title='bbox 3007 4445 3101 4499; x_wconf 91' lang='lat' dir='ltr'>Sic</span> <span class='ocrx_word' id='word_1_891' title='bbox 3131 4444 3287 4498; x_wconf 90' lang='lat' dir='ltr'>enim</span> <span class='ocrx_word' id='word_1_892' title='bbox 3322 4441 3581 4498; x_wconf 84' lang='lat' dir='ltr'>contexit</span> <span class='ocrx_word' id='word_1_893' title='bbox 3614 4458 3626 4495; x_wconf 91' lang='lat'><strong>:</strong></span> <span class='ocrx_word' id='word_1_894' title='bbox 3660 4438 3756 4507; x_wconf 89' lang='lat' dir='ltr'>Qui</span> <span class='ocrx_word' id='word_1_895' title='bbox 3774 4433 3895 4490; x_wconf 82' lang='lat' dir='ltr'>enim</span> 
     </span>
    </p>
   </div>
   <div class='ocr_carea' id='block_1_109' title="bbox 2281 4528 3896 4605">
    <p class='ocr_par' dir='ltr' id='par_1_109' title="bbox 2281 4528 3896 4605">
     <span class='ocr_line' id='line_1_109' title="bbox 2281 4528 3896 4605; baseline -0.01 -14"><span class='ocrx_word' id='word_1_896' title='bbox 2281 4553 2394 4592; x_wconf 85' lang='lat' dir='ltr'>non</span> <span class='ocrx_word' id='word_1_897' title='bbox 2415 4545 2493 4591; x_wconf 85' lang='lat' dir='ltr'>est</span> <span class='ocrx_word' id='word_1_898' title='bbox 2522 4535 2807 4590; x_wconf 85' lang='lat' dir='ltr'>odversum</span> <span class='ocrx_word' id='word_1_899' title='bbox 2828 4549 2938 4601; x_wconf 90' lang='lat' dir='ltr'>vos,</span> <span class='ocrx_word' id='word_1_900' title='bbox 2962 4549 3062 4605; x_wconf 87' lang='lat' dir='ltr'>pro</span> <span class='ocrx_word' id='word_1_901' title='bbox 3078 4533 3226 4589; x_wconf 85' lang='lat' dir='ltr'>vobis</span> <span class='ocrx_word' id='word_1_902' title='bbox 3248 4539 3331 4587; x_wconf 81' lang='lat' dir='ltr'>est</span> <span class='ocrx_word' id='word_1_903' title='bbox 3358 4550 3376 4586; x_wconf 90' lang='lat'><em>:</em></span> <span class='ocrx_word' id='word_1_904' title='bbox 3410 4530 3653 4603; x_wconf 87' lang='lat' dir='ltr'>quisquis</span> <span class='ocrx_word' id='word_1_905' title='bbox 3671 4528 3803 4583; x_wconf 87' lang='lat' dir='ltr'>enim</span> <span class='ocrx_word' id='word_1_906' title='bbox 3816 4535 3896 4593; x_wconf 85' lang='lat' dir='ltr'>p0-</span> 
     </span>
    </p>
   </div>
   <div class='ocr_carea' id='block_1_110' title="bbox 2283 4611 3899 4694">
    <p class='ocr_par' dir='ltr' id='par_1_110' title="bbox 2283 4611 3899 4694">
     <span class='ocr_line' id='line_1_110' title="bbox 2283 4611 3899 4694; baseline -0.006 -13"><span class='ocrx_word' id='word_1_907' title='bbox 2283 4631 2397 4681; x_wconf 86' lang='lat' dir='ltr'>tum</span> <span class='ocrx_word' id='word_1_908' title='bbox 2428 4626 2639 4680; x_wconf 83' lang='lat' dir='ltr'>dederit</span> <span class='ocrx_word' id='word_1_909' title='bbox 2668 4624 2819 4681; x_wconf 80' lang='lat' dir='ltr'>vobis</span> <span class='ocrx_word' id='word_1_910' title='bbox 2848 4624 3075 4678; x_wconf 85' lang='lat' dir='ltr'>calicem</span> <span class='ocrx_word' id='word_1_911' title='bbox 3105 4637 3267 4694; x_wconf 62' lang='lat' dir='ltr'>aqum</span> <span class='ocrx_word' id='word_1_912' title='bbox 3296 4624 3355 4677; x_wconf 86' lang='lat' dir='ltr'>in</span> <span class='ocrx_word' id='word_1_913' title='bbox 3385 4622 3612 4676; x_wconf 81' lang='lat' dir='ltr'>nomine</span> <span class='ocrx_word' id='word_1_914' title='bbox 3638 4631 3765 4683; x_wconf 83' lang='lat' dir='ltr'>meo,</span> <span class='ocrx_word' id='word_1_915' title='bbox 3794 4611 3899 4682; x_wconf 72' lang='lat' dir='ltr'>quia</span> 
     </span>
    </p>
   </div>
   <div class='ocr_carea' id='block_1_111' title="bbox 2284 4700 3894 4785">
    <p class='ocr_par' dir='ltr' id='par_1_111' title="bbox 2284 4700 3894 4785">
     <span class='ocr_line' id='line_1_111' title="bbox 2284 4700 3894 4785; baseline -0.007 -15"><span class='ocrx_word' id='word_1_916' title='bbox 2284 4716 2485 4771; x_wconf 86' lang='lat' dir='ltr'>Christi</span> <span class='ocrx_word' id='word_1_917' title='bbox 2531 4716 2682 4785; x_wconf 85' lang='lat' dir='ltr'>estis,</span> <span class='ocrx_word' id='word_1_918' title='bbox 2714 4730 2872 4769; x_wconf 88' lang='lat' dir='ltr'>amen</span> <span class='ocrx_word' id='word_1_919' title='bbox 2904 4712 3022 4768; x_wconf 86' lang='lat' dir='ltr'>dico</span> <span class='ocrx_word' id='word_1_920' title='bbox 3056 4714 3226 4779; x_wconf 87' lang='lat' dir='ltr'>vobis,</span> <span class='ocrx_word' id='word_1_921' title='bbox 3260 4727 3370 4767; x_wconf 86' lang='lat' dir='ltr'>non</span> <span class='ocrx_word' id='word_1_922' title='bbox 3414 4708 3610 4783; x_wconf 85' lang='lat' dir='ltr'>perdet</span> <span class='ocrx_word' id='word_1_923' title='bbox 3638 4700 3894 4761; x_wconf 75' lang='lat' dir='ltr'>mercedem</span> 
     </span>
    </p>
   </div>
   <div class='ocr_carea' id='block_1_112' title="bbox 2279 4798 3896 4871">
    <p class='ocr_par' dir='ltr' id='par_1_112' title="bbox 2279 4798 3896 4871">
     <span class='ocr_line' id='line_1_112' title="bbox 2279 4798 3896 4871; baseline -0.009 -10"><span class='ocrx_word' id='word_1_924' title='bbox 2279 4822 2463 4861; x_wconf 83' lang='lat' dir='ltr'>suam.</span> <span class='ocrx_word' id='word_1_925' title='bbox 2483 4804 2644 4860; x_wconf 90' lang='lat' dir='ltr'>Unde</span> <span class='ocrx_word' id='word_1_926' title='bbox 2657 4802 2914 4859; x_wconf 88' lang='lat' dir='ltr'>ostendit</span> <span class='ocrx_word' id='word_1_927' title='bbox 2933 4801 3109 4857; x_wconf 88' lang='lat' dir='ltr'>etiam</span> <span class='ocrx_word' id='word_1_928' title='bbox 3133 4800 3301 4856; x_wconf 91' lang='lat' dir='ltr'>illum</span> <span class='ocrx_word' id='word_1_929' title='bbox 3317 4800 3387 4855; x_wconf 88' lang='lat' dir='ltr'>de</span> <span class='ocrx_word' id='word_1_930' title='bbox 3401 4816 3517 4871; x_wconf 88' lang='lat' dir='ltr'>quo</span> <span class='ocrx_word' id='word_1_931' title='bbox 3530 4798 3775 4854; x_wconf 86' lang='lat' dir='ltr'>Joannes</span> <span class='ocrx_word' id='word_1_932' title='bbox 3790 4804 3896 4858; x_wconf 78' lang='lat' dir='ltr'>sug-</span> 
     </span>
    </p>
   </div>
   <div class='ocr_carea' id='block_1_113' title="bbox 2281 4874 3893 4968">
    <p class='ocr_par' dir='ltr' id='par_1_113' title="bbox 2281 4874 3893 4968">
     <span class='ocr_line' id='line_1_113' title="bbox 2281 4874 3893 4968; baseline -0.012 -17"><span class='ocrx_word' id='word_1_933' title='bbox 2281 4899 2561 4968; x_wconf 88' lang='lat' dir='ltr'>gesserat,</span> <span class='ocrx_word' id='word_1_934' title='bbox 2586 4898 2643 4949; x_wconf 91' lang='lat' dir='ltr'>et</span> <span class='ocrx_word' id='word_1_935' title='bbox 2671 4893 2827 4948; x_wconf 90' lang='lat' dir='ltr'>unde</span> <span class='ocrx_word' id='word_1_936' title='bbox 2859 4892 2972 4947; x_wconf 90' lang='lat' dir='ltr'>iste</span> <span class='ocrx_word' id='word_1_937' title='bbox 3002 4893 3131 4963; x_wconf 88' lang='lat' dir='ltr'>ejus</span> <span class='ocrx_word' id='word_1_938' title='bbox 3154 4906 3346 4945; x_wconf 89' lang='lat' dir='ltr'>sermo</span> <span class='ocrx_word' id='word_1_939' title='bbox 3378 4890 3615 4944; x_wconf 86' lang='lat' dir='ltr'>exortus</span> <span class='ocrx_word' id='word_1_940' title='bbox 3643 4887 3746 4953; x_wconf 85' lang='lat' dir='ltr'>est,</span> <span class='ocrx_word' id='word_1_941' title='bbox 3768 4874 3893 4951; x_wconf 88' lang='lat' dir='ltr'>quod</span> 
     </span>
    </p>
   </div>
   <div class='ocr_carea' id='block_1_114' title="bbox 2281 4974 3893 5056">
    <p class='ocr_par' dir='ltr' id='par_1_114' title="bbox 2281 4974 3893 5056">
     <span class='ocr_line' id='line_1_114' title="bbox 2281 4974 3893 5056; baseline -0.012 -16"><span class='ocrx_word' id='word_1_942' title='bbox 2281 5003 2393 5040; x_wconf 88' lang='lat' dir='ltr'>non</span> <span class='ocrx_word' id='word_1_943' title='bbox 2412 4985 2496 5039; x_wconf 87' lang='lat' dir='ltr'>ita</span> <span class='ocrx_word' id='word_1_944' title='bbox 2518 4983 2903 5056; x_wconf 85' lang='lat' dir='ltr'>separabatur</span> <span class='ocrx_word' id='word_1_945' title='bbox 2920 4998 2953 5035; x_wconf 90' lang='lat' dir='ltr'>a</span> <span class='ocrx_word' id='word_1_946' title='bbox 2974 4980 3251 5037; x_wconf 89' lang='lat' dir='ltr'>societate</span> <span class='ocrx_word' id='word_1_947' title='bbox 3269 4974 3779 5050; x_wconf 86' lang='lat' dir='ltr'>discipulorum,ut</span> <span class='ocrx_word' id='word_1_948' title='bbox 3793 4980 3893 5024; x_wconf 80' lang='lat' dir='ltr'>eam</span> 
     </span>
    </p>
   </div>
   <div class='ocr_carea' id='block_1_115' title="bbox 2280 5058 3896 5146">
    <p class='ocr_par' dir='ltr' id='par_1_115' title="bbox 2280 5058 3896 5146">
     <span class='ocr_line' id='line_1_115' title="bbox 2280 5058 3896 5146; baseline -0.012 -16"><span class='ocrx_word' id='word_1_949' title='bbox 2280 5078 2563 5146; x_wconf 87' lang='lat' dir='ltr'>tanquam</span> <span class='ocrx_word' id='word_1_950' title='bbox 2586 5073 2889 5127; x_wconf 56' lang='lat' dir='ltr'>hereticus</span> <span class='ocrx_word' id='word_1_951' title='bbox 2913 5071 3303 5144; x_wconf 86' lang='lat' dir='ltr'>improbaret:</span> <span class='ocrx_word' id='word_1_952' title='bbox 3326 5068 3425 5124; x_wconf 86' lang='lat' dir='ltr'>sed</span> <span class='ocrx_word' id='word_1_953' title='bbox 3446 5068 3601 5123; x_wconf 88' lang='lat' dir='ltr'>sicut</span> <span class='ocrx_word' id='word_1_954' title='bbox 3622 5063 3797 5120; x_wconf 85' lang='lat' dir='ltr'>solent</span> <span class='ocrx_word' id='word_1_955' title='bbox 3815 5058 3896 5112; x_wconf 87' lang='lat' dir='ltr'>ho-</span> 
     </span>
    </p>
   </div>
   <div class='ocr_carea' id='block_1_116' title="bbox 2284 5148 3894 5228">
    <p class='ocr_par' dir='ltr' id='par_1_116' title="bbox 2284 5148 3894 5228">
     <span class='ocr_line' id='line_1_116' title="bbox 2284 5148 3894 5228; baseline -0.011 -11"><span class='ocrx_word' id='word_1_956' title='bbox 2284 5162 2469 5217; x_wconf 89' lang='lat' dir='ltr'>mines</span> <span class='ocrx_word' id='word_1_957' title='bbox 2487 5160 2639 5215; x_wconf 90' lang='lat' dir='ltr'>nond</span> <span class='ocrx_word' id='word_1_958' title='bbox 2653 5177 2749 5214; x_wconf 92' lang='lat' dir='ltr'>um</span> <span class='ocrx_word' id='word_1_959' title='bbox 2764 5160 2976 5214; x_wconf 87' lang='lat' dir='ltr'>audere</span> <span class='ocrx_word' id='word_1_960' title='bbox 2990 5158 3207 5214; x_wconf 88' lang='lat' dir='ltr'>Christi</span> <span class='ocrx_word' id='word_1_961' title='bbox 3224 5156 3525 5228; x_wconf 87' lang='lat' dir='ltr'>suscipere</span> <span class='ocrx_word' id='word_1_962' title='bbox 3541 5148 3894 5214; x_wconf 80' lang='lat' dir='ltr'>Sacramenta,</span> 
     </span>
    </p>
   </div>
   <div class='ocr_carea' id='block_1_117' title="bbox 2282 5235 3895 5313">
    <p class='ocr_par' dir='ltr' id='par_1_117' title="bbox 2282 5235 3895 5313">
     <span class='ocr_line' id='line_1_117' title="bbox 2282 5235 3895 5313; baseline -0.014 -4"><span class='ocrx_word' id='word_1_963' title='bbox 2282 5258 2335 5309; x_wconf 90' lang='lat' dir='ltr'>et</span> <span class='ocrx_word' id='word_1_964' title='bbox 2367 5258 2561 5307; x_wconf 88' lang='lat' dir='ltr'>tamen</span> <span class='ocrx_word' id='word_1_965' title='bbox 2595 5249 2819 5305; x_wconf 91' lang='lat' dir='ltr'>nomini</span> <span class='ocrx_word' id='word_1_966' title='bbox 2848 5250 3036 5304; x_wconf 86' lang='lat' dir='ltr'>favere</span> <span class='ocrx_word' id='word_1_967' title='bbox 3066 5247 3407 5313; x_wconf 91' lang='lat' dir='ltr'>christiano,</span> <span class='ocrx_word' id='word_1_968' title='bbox 3434 5245 3520 5301; x_wconf 85' lang='lat' dir='ltr'>ita</span> <span class='ocrx_word' id='word_1_969' title='bbox 3543 5247 3607 5299; x_wconf 86' lang='lat' dir='ltr'>ut</span> <span class='ocrx_word' id='word_1_970' title='bbox 3651 5235 3895 5296; x_wconf 82' lang='lat' dir='ltr'>Christia-</span> 
     </span>
    </p>
   </div>
   <div class='ocr_carea' id='block_1_118' title="bbox 2282 5322 3899 5411">
    <p class='ocr_par' dir='ltr' id='par_1_118' title="bbox 2282 5322 3899 5411">
     <span class='ocr_line' id='line_1_118' title="bbox 2282 5322 3899 5411; baseline -0.012 -12"><span class='ocrx_word' id='word_1_971' title='bbox 2282 5360 2389 5398; x_wconf 89' lang='lat' dir='ltr'>nos</span> <span class='ocrx_word' id='word_1_972' title='bbox 2421 5342 2596 5398; x_wconf 89' lang='lat' dir='ltr'>etiam</span> <span class='ocrx_word' id='word_1_973' title='bbox 2630 5338 2977 5411; x_wconf 90' lang='lat' dir='ltr'>suscipiant,</span> <span class='ocrx_word' id='word_1_974' title='bbox 3002 5343 3059 5394; x_wconf 91' lang='lat' dir='ltr'>et</span> <span class='ocrx_word' id='word_1_975' title='bbox 3087 5355 3203 5394; x_wconf 89' lang='lat' dir='ltr'>non</span> <span class='ocrx_word' id='word_1_976' title='bbox 3233 5338 3304 5393; x_wconf 93' lang='lat' dir='ltr'>ob</span> <span class='ocrx_word' id='word_1_977' title='bbox 3336 5335 3497 5392; x_wconf 87' lang='lat' dir='ltr'>aliud</span> <span class='ocrx_word' id='word_1_978' title='bbox 3533 5332 3639 5399; x_wconf 84' lang='lat' dir='ltr'>eis,</span> <span class='ocrx_word' id='word_1_979' title='bbox 3662 5328 3766 5385; x_wconf 88' lang='lat' dir='ltr'>nisi</span> <span class='ocrx_word' id='word_1_980' title='bbox 3789 5322 3899 5411; x_wconf 66' lang='lat' dir='ltr'>quia</span> 
     </span>
    </p>
   </div>
   <div class='ocr_carea' id='block_1_119' title="bbox 2282 5410 3895 5500">
    <p class='ocr_par' dir='ltr' id='par_1_119' title="bbox 2282 5410 3895 5500">
     <span class='ocr_line' id='line_1_119' title="bbox 2282 5410 3895 5500; baseline -0.014 -11"><span class='ocrx_word' id='word_1_981' title='bbox 2282 5430 2588 5489; x_wconf 88' lang='lat' dir='ltr'>christiani</span> <span class='ocrx_word' id='word_1_982' title='bbox 2608 5434 2765 5497; x_wconf 88' lang='lat' dir='ltr'>sunt,</span> <span class='ocrx_word' id='word_1_983' title='bbox 2785 5410 3206 5500; x_wconf 81' lang='lat' dir='ltr'>obsequantur,</span> <span class='ocrx_word' id='word_1_984' title='bbox 3231 5423 3591 5498; x_wconf 87' lang='lat' dir='ltr'>dequalibus</span> <span class='ocrx_word' id='word_1_985' title='bbox 3611 5410 3895 5486; x_wconf 87' lang='lat' dir='ltr'>dicit,quod</span> 
     </span>
    </p>
   </div>
   <div class='ocr_carea' id='block_1_120' title="bbox 2282 5507 3900 5595">
    <p class='ocr_par' dir='ltr' id='par_1_120' title="bbox 2282 5507 3900 5595">
     <span class='ocr_line' id='line_1_120' title="bbox 2282 5507 3900 5595; baseline -0.015 -14"><span class='ocrx_word' id='word_1_986' title='bbox 2282 5542 2395 5581; x_wconf 90' lang='lat' dir='ltr'>non</span> <span class='ocrx_word' id='word_1_987' title='bbox 2414 5522 2665 5595; x_wconf 88' lang='lat' dir='ltr'>perdunt</span> <span class='ocrx_word' id='word_1_988' title='bbox 2678 5520 3005 5575; x_wconf 90' lang='lat' dir='ltr'>mercedem</span> <span class='ocrx_word' id='word_1_989' title='bbox 3023 5518 3343 5574; x_wconf 87' lang='lat' dir='ltr'>suam.Non</span> <span class='ocrx_word' id='word_1_990' title='bbox 3359 5512 3625 5586; x_wconf 89' lang='lat' dir='ltr'>quiajam</span> <span class='ocrx_word' id='word_1_991' title='bbox 3640 5507 3900 5575; x_wconf 82' lang='lat' dir='ltr'>tutiatque</span> 
     </span>
    </p>
   </div>
   <div class='ocr_carea' id='block_1_121' title="bbox 2282 5598 3900 5672">
    <p class='ocr_par' dir='ltr' id='par_1_121' title="bbox 2282 5598 3900 5672">
     <span class='ocr_line' id='line_1_121' title="bbox 2282 5598 3900 5672; baseline -0.013 0"><span class='ocrx_word' id='word_1_992' title='bbox 2282 5613 2469 5672; x_wconf 88' lang='lat' dir='ltr'>securi</span> <span class='ocrx_word' id='word_1_993' title='bbox 2503 5610 2612 5668; x_wconf 92' lang='lat' dir='ltr'>sibi</span> <span class='ocrx_word' id='word_1_994' title='bbox 2638 5610 2851 5666; x_wconf 90' lang='lat' dir='ltr'>debent</span> <span class='ocrx_word' id='word_1_995' title='bbox 2878 5608 3059 5665; x_wconf 89' lang='lat' dir='ltr'>videri</span> <span class='ocrx_word' id='word_1_996' title='bbox 3086 5626 3155 5665; x_wconf 91' lang='lat' dir='ltr'>ex</span> <span class='ocrx_word' id='word_1_997' title='bbox 3186 5609 3289 5665; x_wconf 83' lang='lat' dir='ltr'>hac</span> <span class='ocrx_word' id='word_1_998' title='bbox 3312 5598 3731 5665; x_wconf 87' lang='lat' dir='ltr'>benevolentia,</span> <span class='ocrx_word' id='word_1_999' title='bbox 3753 5605 3900 5667; x_wconf 78' lang='lat' dir='ltr'>quam</span> 
     </span>
    </p>
   </div>
   <div class='ocr_carea' id='block_1_122' title="bbox 2278 5688 3902 5777">
    <p class='ocr_par' dir='ltr' id='par_1_122' title="bbox 2278 5688 3902 5777">
     <span class='ocr_line' id='line_1_122' title="bbox 2278 5688 3902 5777; baseline -0.015 -15"><span class='ocrx_word' id='word_1_1000' title='bbox 2278 5700 2785 5777; x_wconf 82' lang='lat' dir='ltr'>ergaChristianos</span> <span class='ocrx_word' id='word_1_1001' title='bbox 2802 5693 3499 5768; x_wconf 81' lang='lat' dir='ltr'>habent,etiamsi0hristi</span> <span class='ocrx_word' id='word_1_1002' title='bbox 3512 5688 3796 5763; x_wconf 77' lang='lat' dir='ltr'>baptismo</span> <span class='ocrx_word' id='word_1_1003' title='bbox 3806 5696 3902 5741; x_wconf 85' lang='lat' dir='ltr'>non</span> 
     </span>
    </p>
   </div>
  </div>
