4166 6184
446 260 599 319 1229
1145 261 1245 320 DE
1290 260 1528 322 SERM.
1577 260 1767 322 DOM.
1815 259 1891 319 IN
1940 257 2232 331 MONTE,
2284 258 2347 318 S.
2393 259 2844 337 AUGUSTINI,
2893 262 3042 323 LIB.
3089 264 3139 323 I.
3686 270 3839 331 1230

442 397 492 448 et
522 392 799 449 ostendam
820 394 1093 466 meipsum
1125 395 1215 450 illi
1253 396 1430 463 (Joan.
1464 411 1579 461 xxv,
1609 395 1721 463 21).
1776 393 2081 450 Verumta-
2191 394 2475 463 veritatis,
2506 399 2620 452 tam
2652 395 2837 452 multo
2857 395 3112 469 amplius
3136 397 3449 468 praecipere
3471 400 3543 454 de
3576 400 3838 457 dulcedi-

444 499 576 538 men
607 482 665 537 in
696 484 803 539 hac
834 482 1295 555 peregrinatione
1326 489 1613 556 quantum
1660 484 1719 539 in
1780 484 1859 539 rei
1903 483 2083 556 hujus
2193 501 2264 541 ne
2287 484 2625 541 charitatis:
2659 489 2715 541 et
2746 484 2882 556 quia
2913 483 3054 540 illud
3083 490 3432 557 praeceptum
3465 489 3835 546 verissimum

440 569 823 643 intelligentia
852 574 936 629 vel
962 573 1204 629 scientia
1234 574 1486 646 quisque
1535 573 1863 645 profecerit,
1918 578 2082 629 tanto
2193 592 2259 632 ac
2273 574 2726 631 saluberrimum
2751 574 3085 642 est,Quanto
3106 591 3338 646 magnus
3354 591 3426 643 es,
3442 578 3839 635 tantohumilia

440 662 630 733 magis
662 666 861 718 caveat
890 661 1176 719 diabolica
1197 662 1356 733 vitia,
1384 663 1719 735 superbiam
1739 668 1795 718 et
1826 662 2087 719 inviden-
2195 669 2247 720 te
2274 666 2333 720 in
2360 666 2608 720 omnibus
2639 664 2834 733 (Eccli.
2884 680 2966 729 III,
2997 664 3127 731 20);
3161 665 3261 735 qui
3293 666 3649 738 evangelista
3674 668 3841 723 Chri-

438 750 604 806 tiam.
637 751 972 808 Meminerit
1018 751 1127 807 hoc
1160 752 1355 824 ipsum
1406 752 1786 825 Evangelium
1845 752 2086 809 Joannis
2196 753 2544 827 stumlonge
2570 752 2791 809 caeteris
2824 752 3000 808 altius
3051 754 3444 825 commendat,
3504 757 3661 828 apud
3703 772 3837 813 eum

438 855 617 911 quam
663 839 849 896 multo
907 839 1161 912 amplius
1210 839 1377 913 erigit
1405 841 1477 897 ad
1536 842 2085 916 contemplationem
2198 842 2505 916 discipulis
2536 843 2710 915 pedes
2740 841 2894 897 lavat
2922 841 3100 911 (Joan.
3133 859 3261 914 xm,
3291 843 3369 914 5).

1784 1125 2493 1223 ADMONITIO

1050 1277 1125 1335 IN
1165 1277 1701 1346 SUBSEQUENTES
1743 1279 1980 1337 LIBROS
2018 1281 2111 1338 DE
2148 1281 2492 1339 SERMONE
2530 1278 2791 1338 DOMINI
2828 1278 2901 1337 IN
2944 1278 3211 1336 MONTE.

504 1529 585 1585 Ad
619 1528 823 1585 Christi
875 1544 1091 1585 annum
1121 1529 1246 1598 393,
1280 1530 1396 1586 sive
1452 1530 1581 1597 394,
1614 1532 1856 1602 pertinet
1900 1532 2005 1590 hoc
2035 1549 2196 1605 opus,
2230 1534 2299 1589 ab
2331 1533 2643 1604 Augustino
2676 1531 3004 1602 presbyterii
3035 1532 3124 1587 sui
3182 1538 3437 1602 tempore
3466 1531 3835 1590 elaboratum.

433 1618 650 1689 Quippe
679 1619 738 1673 in
769 1620 954 1690 primo
984 1618 1457 1674 Retractationem
1491 1618 1656 1690 libro,
1690 1635 1814 1691 cap.
1841 1621 1928 1689 49,
1964 1629 2090 1692 post
2128 1622 2467 1679 recensitam
2496 1621 2675 1689 illam,
2710 1637 2875 1691 quam
2906 1621 2964 1675 in
2997 1620 3534 1691 Hippone-regiensi
3564 1624 3700 1678 anni
3733 1624 3837 1678 393

431 1707 674 1764 concilio
707 1707 903 1762 habuit
932 1707 1001 1762 de
1046 1706 1179 1762 Fide
1207 1713 1261 1762 et
1290 1707 1555 1777 Symbolo
1586 1708 2057 1780 disputationem,
2091 1713 2415 1767 recordatus
2466 1710 2821 1781 Augustinus
2852 1708 2982 1763 libri
3015 1710 3104 1764 sui
3131 1709 3201 1764 de
3233 1710 3439 1765 Genesi
3490 1712 3557 1765 ad
3587 1710 3836 1766 litteram

430 1795 766 1867 imperfecti,
802 1811 984 1866 neque
1011 1795 1123 1849 alia
1153 1811 1318 1865 quam
1353 1811 1477 1866 quae
1508 1812 1576 1852 ex
1604 1804 1738 1852 ante
1769 1796 1992 1854 laudato
2020 1800 2265 1857 concilio
2292 1800 2441 1855 sumi
2468 1800 2664 1869 possit,
2697 1797 2877 1854 aetatis
2906 1798 3189 1867 assignate
3220 1806 3373 1865 nota,
3409 1798 3541 1854 facit
3576 1800 3835 1868 proximo

430 1885 553 1942 loco
582 1884 930 1941 mentionem
988 1884 1153 1953 hujus
1182 1886 1366 1954 operis
1395 1885 1454 1941 in
1484 1885 1683 1942 isthaec
1712 1886 1913 1942 verba:
1949 1889 2055 1943 Per
2086 1889 2231 1945 idem
2273 1893 2487 1961 tempus
2545 1889 2621 1945 de
2649 1886 2904 1945 Sermone
2935 1887 3153 1941 Domini
3182 1887 3243 1940 in
3300 1893 3480 1941 monte
3524 1889 3835 1943 secundum

429 1975 739 2030 Matthwum
767 1974 872 2029 duo
901 1976 1187 2029 volumina
1205 1975 1424 2044 scripsi.

500 2067 671 2122 Porro
700 2080 813 2122 uno
843 2065 1134 2123 volumine
1163 2065 1412 2133 explicat
1442 2065 1684 2134 primam
1716 2066 1969 2135 ejusdem
2001 2069 2281 2124 sermonis
2312 2075 2527 2139 partem
2558 2074 2886 2124 contentam
2918 2065 3167 2121 Matthaei
3189 2067 3373 2136 cupito
3403 2067 3831 2137 quinto:altero,

430 2156 791 2227 posteriorem
826 2155 883 2210 in
906 2154 1273 2225 sequentibus
1302 2153 1583 2223 capitibus
1614 2162 1771 2227 sexto
1820 2163 1873 2211 et
1904 2157 2147 2225 septimo
2179 2158 2673 2227 comprehensam.
2707 2160 2815 2211 Cur
2845 2162 3033 2210 autem
3066 2170 3131 2210 ex
3170 2162 3283 2210 toto
3320 2156 3620 2226 Evangelio
3662 2157 3831 2212 istum

429 2246 487 2301 in
524 2246 721 2316 primis
750 2259 1070 2299 sermonem
1104 2243 1457 2298 tractandum
1490 2245 1821 2313 susceperit,
1854 2259 1976 2300 eam
2011 2246 2227 2301 videtur
2258 2248 2315 2301 in
2369 2246 2554 2316 operis
2586 2245 2748 2299 initio
2781 2243 3142 2299 subindicare
3170 2258 3421 2309 causam,
3463 2244 3614 2314 quod
3646 2245 3833 2314 ipsum

428 2350 632 2406 nempe
661 2334 914 2390 omnibus
943 2334 1231 2403 praeceptis
1262 2332 1457 2404 quibus
1485 2333 1795 2388 christiana
1823 2336 1941 2389 vita
1973 2335 2330 2404 informatur,
2361 2336 2666 2404 perfectum
2696 2348 2810 2388 esse
2840 2332 3231 2387 intellexisset.
3262 2333 3399 2397 Quae
3428 2332 3655 2401 quidem
3690 2349 3833 2403 pras-

428 2429 589 2497 cepta
626 2424 839 2489 omnia,
868 2438 932 2479 ea
962 2438 1071 2494 qua
1128 2422 1447 2477 referuntur
1475 2422 1626 2491 apud
1660 2421 1995 2478 Matthaeum
2029 2424 2175 2478 serie
2205 2424 2285 2479 sic
2316 2422 2568 2492 exponit,
2597 2428 2655 2477 ut
2686 2422 2783 2476 illa
2811 2422 2881 2475 ad
2937 2422 3152 2488 priores
3182 2429 3393 2489 septem
3425 2420 3735 2476 sententias
3765 2422 3834 2477 de

427 2515 610 2571 Beatis
640 2514 698 2569 in
721 2512 899 2583 ipsius
929 2510 1210 2567 sermonis
1241 2512 1472 2567 exordio
1504 2512 1901 2579 pronuntiatus
1921 2512 2222 2581 pertinere,
2248 2512 2429 2582 iisque
2460 2528 2523 2566 ex
2555 2509 2756 2565 ordine
2776 2509 3116 2577 respondere
3148 2509 3518 2562 demonstret.

494 2603 808 2660 Pollentius
838 2600 1097 2672 plurimis
1121 2603 1245 2669 post
1270 2599 1440 2654 annis
1470 2599 1577 2655 hoc
1605 2615 1749 2670 opus
1779 2600 2065 2665 evolvens,
2083 2599 2292 2671 aliquot
2326 2598 2690 2655 difﬁcultates
2710 2599 2780 2652 de
2796 2612 2970 2652 uxore
2991 2611 3115 2665 qua:
3141 2612 3173 2649 a
3197 2596 3313 2651 viro
3330 2611 3431 2650 suo
3453 2596 3825 2663 discessisset,

422 2693 677 2763 offendit,
709 2705 913 2762 easque
933 2696 1130 2746 saneto
1164 2688 1386 2745 Doetori
1416 2687 1727 2758 proposuit,
1761 2704 1902 2757 quas
1932 2689 2028 2744 ille
2059 2688 2245 2759 priore
2270 2689 2340 2744 de
2370 2687 2721 2744 Adulteriuis
2748 2685 3036 2755 Conjugiis
3065 2683 3211 2740 libro
3242 2685 3522 2739 enodavit.

497 2809 651 2873 Vide
684 2807 899 2870 librum
933 2810 989 2881 l,
1023 2827 1155 2887 cap.
1183 2806 1256 2867 19
1288 2804 1846 2887 Retractationum,
1885 2803 1997 2867 col.
2029 2807 2169 2877 614,
2202 2824 2240 2866 a
2270 2804 2483 2879 verbis,
2537 2806 2656 2865 Per
2682 2802 2849 2864 idem
2911 2805 3160 2881 tempus
3210 2802 3636 2887 de_Sermone
3693 2804 3817 2862 Do-

422 2891 594 2965 mini,
630 2909 810 2971 usque
839 2887 920 2950 ad
947 2880 1056 2949 cel.
1090 2880 1227 2960 617,
1266 2885 1476 2962 verbis,
1511 2888 1705 2958 Quem
1739 2885 1987 2947 locutus
2017 2893 2111 2947 est
2130 2886 2455 2947 Dominus.
3046 2880 3059 2881 ί
3258 2880 3340 2940 Μ.

422 3041 3830 3074 Ν

1094 3176 1236 3280 S.
1338 3172 2070 3280 ΑυιιΕιιι
2187 3175 2277 3274 Δ
2301 3168 2739 3278 υαυε

1500 3172 2070 3280 [ιιιιῑιιι
2187 3175 2277 3274 Δ
2301 3168 3145 3278 [IGUSTINI

1676 3355 2185 3417 HIPPONENSIS
2232 3354 2579 3416 EPISCOPI

528 3505 780 3628 DE
878 3498 1806 3628 SERMONE
1908 3498 2622 3626 DOMINI
2724 3499 2920 3619 ΙΝ
3026 3496 3719 3622 MON'I‘E

1556 3719 2065 3784 SECUNDUM
2157 3716 2697 3782 MATTH/EUM

1798 3860 2054 3935 LIBRI
2109 3860 2301 3933 DUO
2344 3859 2437 3932 (α).

1653 4124 2031 4218 LIBER
2100 4120 2594 4217 PRIMUS.

728 4281 1037 4346 Explicatur
1057 4281 1205 4343 prior
1231 4293 1355 4344 pars
1383 4279 1648 4329 sermonis
1676 4292 1707 4328 a
1756 4277 1985 4327 Domino
2015 4276 2071 4325 in
2109 4279 2291 4325 monte
2320 4273 2509 4334 habiti,
2541 4274 2793 4322 contenta
2825 4270 3059 4321 Μαιηιωί
3089 4269 3265 4333 capite
3295 4274 3520 4334 quanto.

481 4542 711 4599 CAPUT
741 4541 1053 4598 PRIMUM.
1118 4542 1165 4596 1.
1206 4541 1545 4596 Sermonem
1606 4555 1782 4611 quem
1826 4537 2058 4593 locutus
2170 4534 2502 4591 christianae
2537 4533 2821 4589 modum:
2858 4531 3013 4603 quod
3041 4529 3296 4603 polliceri
3344 4546 3458 4585 non
3490 4533 3708 4585 temere
3732 4546 3831 4585 au-

411 4633 790 4689 estDominus
811 4634 1202 4690 nosterJesus
1221 4632 1490 4688 Christus
1513 4632 1572 4686 in
1597 4627 2060 4696 monte,sicutin
2172 4625 2407 4691 demus,
2440 4623 2543 4679 sed
2582 4639 2651 4678 ex
2689 4621 2831 4694 ipsis
2864 4620 3125 4691 ejusdem
3159 4618 3386 4675 Domini
3414 4618 3604 4674 verbis
3641 4618 3828 4689 conji-

406 4722 716 4795 Evangelio
740 4724 1065 4778 secundum
1084 4722 1425 4778 Matthazum
1448 4721 1719 4793 legimus,
1746 4720 1793 4773 si
1821 4718 1952 4789 quis
1970 4718 2062 4788 pie
2173 4714 2412 4770 cientes.
2433 4712 2578 4767 Nam
2604 4711 2686 4766 sic
2704 4710 2828 4783 ipse
2842 4725 3034 4765 sermo
3058 4707 3449 4777 concluditur,
3473 4711 3538 4762 ut
3551 4712 3830 4780 appareat

408 4810 717 4882 sobrieque
742 4811 1214 4878 consideraverit,
1239 4816 1379 4882 puto
1411 4810 1569 4880 quod
1600 4807 1858 4863 inveniet
1883 4807 1938 4860 in
1971 4821 2060 4871 eo,
2175 4804 2233 4857 in
2266 4819 2331 4859 eo
2362 4804 2647 4874 praecepta
2677 4816 2806 4855 esse
2828 4798 3171 4869 omniaquae
3192 4798 3261 4853 ad
3290 4796 3724 4853 informandum
3740 4798 3826 4853 vi-

410 4904 696 4973 quantum
715 4901 784 4957 ad
810 4916 1002 4956 mores
1023 4899 1275 4972 optimos
1300 4898 1570 4970 pertinet,
1594 4898 1913 4968 perfectum
1933 4894 2063 4949 vitae
2174 4897 2293 4948 tam
2328 4891 2639 4964 pertinent.
2657 4890 2751 4945 Sic
2780 4888 2937 4944 enim
2960 4886 3137 4941 dicit:
3175 4909 3201 4937 ‹‹
3228 4885 3431 4942 Omnis
3454 4902 3589 4958 ergo
3608 4886 3709 4958 qui
3727 4904 3826 4943 au.

1567 5049 1572 5054 ι
1621 5027 1957 5068 ADMONITIO.
1982 5027 2053 5064 PP
2084 5023 2614 5064 BENEDIC‘TINORUM.

476 5119 565 5168 His
592 5116 919 5170 castigandis
952 5115 1101 5164 libris
1128 5113 1473 5163 adhibuimus
1504 5113 1625 5162 Mss.
1659 5113 2021 5170 Albiuensem,
2056 5100 3685 5170 Arnulfensem,Cistereiep_sem.Colbertinum_.Qorbeiensem,
3716 5101 3833 5170 flo-

410 5162 3188 5238 ria-ce'nsem-ﬁemmetieensem,Lyrensem,Michaelinum,Pratelleusem,Sagien~_em.yindocinensem,
3221 5164 3504 5238 Vaticanus
3537 5164 3697 5238 duos,
3716 5162 3833 5211 Bee-

414 5225 1370 5304 ce—ns'es'totidemgt'hovaniensium
1392 5225 1780 5304 The‘o'logorum
1802 5225 2071 5304 variantes
2089 5225 2356 5304 lectiones
2374 5225 2550 5304 ex'sex
2581 5228 2800 5304 Delgicis
2831 5240 3074 5304 :neenqn
3101 5225 3835 5304 supra'laudata-seditiongs!

412 5287 603 5357 Errat—
622 5287 1109 5369 ibil'ﬁ’ib'uitjhie
1125 5287 1368 5369 accessit
1382 5300 1547 5369 editio
1576 5287 2177 5369 .Io_annis__Amerb_achii
2214 5287 3054 5369 perfectauBasirl‘ezé‘.an._t§06,et‘
3070 5287 3245 5369 altera
3258 5289 3446 5369 ἔξευρέ
3474 5287 3836 5369 ἕξειςρεςξξιξξὶἱ

409 5349 1362 5432 En'gduni'an.jt—s—éoi'tlensuluimus
1380 5363 1602 5426 insuper
1617 5361 1842 5426 Eugypii
1868 5349 2077 5413 abbatis
2097 5349 2345 5421 excerpta
2378 5358 2435 5405 in
2456 5356 2576 5404 Mss.
2599 5354 2905 5403 Corbeiensi
2940 5367 3000 5402 ac
3019 5350 3444 5411 Germanensi,et
3473 5350 3611 5399 Flort
3646 5349 3834 5399 collec-

409 5429 621 5483 tionem
655 5432 711 5480 in
740 5431 844 5481 alio
879 5429 1211 5480 Corbeiensi.

500 5523 990 5603 Comparavimus
1026 5530 1320 5602 praeterea
1339 5537 1434 5580 eas
1464 5537 1658 5578 omnes
1690 5516 1979 5579 editiones
2011 5514 2183 5576 initio
2218 5515 2386 5574 Retr.
2422 5516 2482 5571 et
2515 5509 2818 5581 Contess.,
2854 5516 2896 5568 ι.
2934 5510 2991 5581 l,
3051 5512 3423 5567 memoratas.
3514 5504 3595 5566 M.

480 5630 559 5693 (α)
579 5629 770 5691 Seripti
804 5627 1013 5678 circiter
1039 5627 1248 5689 Christi,
1281 5639 1486 5677 annum
1523 5626 1632 5675 393.
