4166 6184
1613 264 1639 284 \

413 387 441 445 ί
455 386 571 447 239

418 522 536 574 tem
558 516 864 573 audientes
885 520 1050 572 erant
1072 515 1350 588 quoniam
1373 515 1800 587 quialiquando
1815 531 1920 570 nos
1942 530 2065 587 per-

421 606 961 679 eequebalur,nunc
981 605 1337 678 evangelizat
1355 605 1526 661 fidem
1548 622 1725 678 quam
1754 604 2070 676 aliquando

422 697 724 765 vastabat;
748 696 882 751 etin
907 712 999 751 me
1020 694 1424 767 glorificabant
1448 700 1630 751 Deum
1648 718 1673 745 ››
1696 694 1893 764 (Galat.
1923 712 1960 762 ι,
1984 694 2075 761 23,

427 787 544 859 24).

1167 384 1269 444 DE
1315 383 1689 446 SERMONE
1733 383 2011 445 DOMINI
2055 382 2133 442 IN
2186 383 2483 457 MONTE,
2532 384 2597 445 S.
2646 381 3074 445 AUGUSTlNl

3672 378 3832 439 1240

2176 530 2291 569 non
2311 514 2610 571 intrabitis
2625 514 2682 569 in
2699 530 2943 587 regnum
2963 512 3236 569 ccelorum
3253 511 3464 583 (c).Sed
3484 510 3632 565 dicis
3654 510 3832 565 mihi:

2180 604 2232 659 Si
2250 604 2318 659 de
2332 604 2449 659 illis
2467 605 2759 660 mandatis
2776 604 3034 659 minimis
3050 620 3183 658 cum
3202 600 3477 674 superius
3493 599 3834 671 loqueretur

2184 692 2329 749 dixit
2358 695 2671 749 minimum
2703 694 2893 749 vocari
2928 693 2987 748 in
3020 709 3197 765 regno
3230 690 3512 747 caelorum
3562 689 3836 760 quisquis

2186 800 2369 838 unum
2394 801 2595 840 eorum
2619 783 2939 853 solverit,et
2956 780 3277 839 secundum
3298 796 3467 835 suam
3482 778 3833 835 solutionem

508 876 592 930 19.
628 876 1013 946 Posteaquam
1049 891 1184 947 ergo
1217 874 1557 930 cohortatus
1580 878 1667 929 est
1689 873 1995 929 audientes
2019 875 2084 927 ut
2188 873 2469 938 docuerit;
2497 889 2778 945 magnum
2798 878 2992 927 autem
3016 871 3208 927 vocari
3234 868 3506 941 quisquis
3524 885 3590 924 ea
3614 867 3834 935 fecerit,

437 982 499 1022 se
529 969 923 1036 prmpararent
952 965 1022 1019 ad
1058 964 1256 1020 omnia
1287 964 1632 1020 sustinenda
1684 980 1784 1035 pro
1844 962 2083 1019 veritate

440 1058 614 1124 atque
636 1052 887 1123 justitia,
919 1057 976 1109 et
1006 1058 1071 1108 ut
1096 1070 1209 1108 non
1242 1054 1668 1108 absconderant
1690 1052 1907 1107 bonum
1932 1050 2086 1124 quod

443 1141 737 1225 accepturi
766 1147 952 1213 erant,
987 1144 1085 1199 sed
1120 1160 1188 1198 ea
1221 1142 1624 1198 benevolentia
1652 1141 1962 1209 discerent,
2027 1144 2093 1194 ut

447 1236 692 1287 caeteros
715 1231 1009 1297 docerent,
1035 1249 1148 1287 non
1173 1232 1241 1287 ad
1261 1231 1495 1286 laudem
1519 1246 1707 1299 suam,
1733 1230 1833 1285 sed
1856 1230 1926 1284 ad
1968 1228 2093 1301 glo-

452 1320 599 1377 riam
628 1320 729 1377 Dei
756 1322 907 1377 bona
933 1339 1040 1377 sua
1057 1338 1232 1394 opera
1253 1320 1594 1390 referentes;
1617 1318 1823 1391 incipit
1842 1335 1941 1375 eos
1968 1319 2093 1391 jam

453 1411 769 1468 informare
790 1416 847 1468 et
870 1413 1075 1469 docere
1098 1411 1238 1483 quid
1271 1412 1537 1481 doceant,
1566 1414 1845 1481 tanquam
1874 1409 1921 1465 si
1945 1425 2097 1478 quaa-

455 1507 650 1557 rerent
679 1502 969 1558 dicentes:
1003 1503 1146 1558 Ecce
1176 1500 1446 1557 volumus
1478 1504 1536 1556 et
1564 1500 1763 1555 omnia
1810 1500 2102 1554 sustinere

457 1607 561 1664 pro
584 1594 683 1647 tuo
708 1593 1027 1661 nomine,et
1050 1592 1377 1648 doctrinam
1400 1594 1562 1646 tuam
1587 1606 1702 1645 non
1726 1590 2101 1653 abscondere;

461 1680 563 1737 sed
597 1680 735 1752 quid
769 1684 856 1736 est
887 1680 996 1757 hoc
1027 1681 1225 1754 ipsum
1256 1680 1407 1752 quod
1430 1683 1589 1735 vetas
1621 1677 1986 1747 abscondi,et
2004 1694 2104 1748 pro

464 1771 764 1842 quojubes
788 1771 1233 1827 omniatolerari
1255 1770 1282 1823 ?
1304 1769 1589 1841 numquid
1614 1767 1727 1823 alia
1756 1768 2020 1823 dicturus
2044 1781 2106 1820 es

468 1865 669 1917 contra
706 1878 773 1917 ea
809 1878 933 1932 quae
970 1862 1028 1916 in
1064 1862 1215 1934 Lege
1246 1860 1468 1931 scripta
1499 1857 1682 1913 sunt?
1713 1857 1859 1920 Non,
1894 1856 2107 1928 inquit.

468 1950 648 2009 Nolite
676 1950 828 2006 enim
861 1954 1079 2020 putare,
1110 1952 1368 2022 quoniam
1397 1949 1522 2003 veni
1551 1948 1757 2001 solvere
1784 1948 1971 2017 Legem
2017 1947 2111 2000 aut

471 2041 807 2113 Pr0phetas:
842 2057 952 2096 non
982 2042 1105 2096 veni
1127 2041 1353 2109 solvere,
1384 2037 1477 2093 sed
1508 2037 1756 2107 implere.

542 2130 775 2187 CAPUT
808 2130 955 2185 VIII.
988 2161 1056 2170 —
1084 2131 1173 2183 20.
1201 2130 1260 2184 In
1286 2128 1395 2183 hac
1444 2126 1734 2182 sententia
1772 2141 1985 2180 sensus
2007 2124 2113 2179 du-

469 2220 600 2292 plex
623 2224 739 2286 est;
764 2219 1089 2274 secundum
1114 2222 1431 2287 utrumque
1459 2216 1832 2271 tractandum
1856 2214 2115 2269 est.Nam

471 2310 570 2381 qui
594 2309 876 2377 dicit,Non
894 2310 1019 2363 veni
1038 2308 1247 2362 solvere
1272 2308 1479 2376 Legem,
1501 2305 1593 2359 sed
1622 2305 1878 2375 implere;
1891 2308 1991 2358 aut
2012 2302 2117 2357 ad-

469 2399 658 2455 dendo
682 2398 823 2453 dicit
843 2398 996 2469 quod
1021 2397 1218 2452 minus
1244 2396 1547 2465 habet,aut
1567 2394 1828 2450 faciendo
1853 2395 2006 2466 quod
2023 2396 2120 2452 ha-

468 2486 737 2543 betzillud
760 2502 893 2555 ergo
907 2485 1070 2557 prius
1084 2484 1444 2541 considerem
1455 2484 1706 2554 us,quod
1725 2482 1911 2554 primo
1929 2483 2117 2554 posui.

466 2574 613 2629 Nam
646 2574 747 2646 qui
779 2573 944 2628 addit
974 2574 1125 2645 quod
1164 2573 1361 2627 minus
1392 2571 1587 2635 habet,
1621 2588 1737 2626 non
1768 2571 1969 2642 utique
2001 2572 2121 2628 sol-

469 2664 550 2719 vit
580 2664 735 2735 quod
767 2662 1009 2730 invenit,
1042 2661 1142 2716 sed
1172 2660 1360 2730 magis
1391 2659 1741 2731 perficiendo
1772 2661 2117 2717 confirmat:

469 2759 527 2811 et
547 2753 676 2808 ideo
701 2752 1053 2823 sequitur,et
1075 2750 1422 2817 decit,Amen
1443 2748 1561 2804 dico
1584 2749 1927 2816 vobis,donec
1949 2754 2125 2805 trans-

472 2849 559 2900 eat
582 2844 773 2899 cadum
797 2846 847 2897 et
868 2842 1159 2908 terra,iota
1185 2856 1361 2893 unum
1382 2843 1473 2893 aut
1485 2854 1630 2893 unus
1652 2855 1803 2909 apex
1822 2856 1931 2894 non
1951 2848 2122 2896 trans-

479 2935 603 2989 ieta
633 2933 789 3004 Lege,
813 2930 984 2986 donec
1003 2930 1195 2985 omnia
1223 2930 1378 2998 ﬁant.
1404 2928 1553 2983 Dum
1586 2929 1742 2983 enim
1775 2928 1925 2983 ﬁunt
1947 2930 2123 2985 etiam

475 3020 714 3091 illaquze
729 3019 1029 3073 adduntur
1044 3018 1112 3072 ad
1133 3015 1757 3087 perfectionem,multo
1775 3018 1962 3088 magis
1982 3018 2127 3075 ﬁunt

473 3108 576 3164 illa
589 3126 715 3180 quae
730 3108 1033 3179 praemissa
1048 3110 1188 3162 sunt
1204 3106 1273 3160 ad
1293 3104 1914 3168 inchoationem.0uod
1930 3114 2124 3162 autem

478 3199 700 3263 ait,Iota
722 3212 920 3261 unum,
945 3199 1040 3251 aut
1055 3213 1202 3250 unus
1219 3211 1364 3266 apex
1384 3210 1493 3250 non
1534 3196 1765 3250 transiet
1784 3212 1820 3249 a
1842 3200 1992 3266 Lege,
2034 3197 2125 3250 ni-

480 3286 558 3342 hil
579 3290 771 3357 potest
784 3284 939 3340 aliud
956 3284 1202 3355 intelligi
1226 3283 1339 3338 nisi
1358 3282 1668 3340 vehemens
1684 3285 1980 3355 expressio
1995 3300 2125 3356 per-

474 3375 1096 3446 fectionis(a),quando
1122 3390 1222 3444 per
1242 3370 1467 3427 litteras
1489 3371 1754 3443 singulas
1766 3373 2127 3427 demonstra-

480 3468 563 3521 ta:
584 3468 674 3519 est
691 3463 843 3518 inter
864 3480 1011 3535 quas
1033 3462 1257 3518 litteras
1276 3461 1395 3515 iota
1415 3460 1608 3516 minor
1628 3466 1717 3516 est
1737 3460 2127 3533 caeteris,quia

481 3569 597 3607 uno
619 3552 799 3606 ductu
823 3551 914 3617 fit;
935 3567 1080 3620 apex
1102 3554 1299 3605 autem
1329 3553 1418 3605 est
1439 3549 1617 3605 etiam
1640 3548 1831 3619 ipsius
1846 3548 2045 3622 aliqua
2066 3551 2123 3606 in

478 3655 712 3696 summo
736 3638 1036 3709 particula.
1067 3638 1291 3701 Quibus
1306 3638 1499 3693 verbis
1520 3638 1779 3693 ostendit
1799 3637 1859 3692 in
1884 3639 2032 3710 Lege
2052 3641 2124 3695 ad

481 3729 749 3785 effectum
768 3726 945 3783 etiam
963 3727 1205 3783 minima
1227 3744 1471 3800 quaeque
1492 3727 1975 3798 perduci.Deinde
1993 3729 2127 3784 sub-

475 3819 634 3891 jicit:
661 3818 766 3885 Qui
793 3818 943 3872 enim
969 3817 1189 3872 solverit
1217 3834 1391 3871 unum
1420 3816 1485 3871 de
1514 3816 1791 3872 mandatis
1820 3819 1943 3872 istis
1964 3819 2129 3872 mini-

481 3910 609 3975 mis,
641 3911 691 3963 et
714 3906 958 3961 docuerit
978 3907 1056 3961 sic
1078 3908 1342 3974 homines,
1368 3907 1638 3960 minimus
1654 3905 1944 3961 vocabitur
1966 3907 2025 3960 in
2046 3923 2129 3962 re-

481 4015 587 4070 gno
608 3996 1169 4053 cwlorumMandata
1191 4011 1327 4065 ergo
1351 3994 1597 4050 minima
1609 3994 2013 4065 signiﬁcantur
2028 4012 2128 4066 per

483 4104 664 4142 unum
685 4086 799 4141 iota
821 4090 877 4140 et
899 4100 1080 4139 unum
1105 4083 1461 4154 apicem.Qui
1480 4098 1617 4155 ergo
1632 4085 1849 4139 solverit
1868 4089 1920 4138 et
1936 4084 2127 4139 docue-

480 4178 560 4231 rit
580 4177 676 4243 sic,
708 4175 765 4229 id
784 4180 895 4237 est,
922 4174 1247 4228 secundum
1274 4172 1327 4228 id
1358 4174 1508 4243 quod
1534 4172 1727 4239 solvit,
1752 4190 1866 4227 non
1916 4189 2125 4229 secun-

479 4270 619 4323 dum
645 4267 700 4321 id
723 4267 880 4337 quod
903 4267 1122 4321 invenit
1142 4272 1200 4321 et
1218 4265 1649 4337 legit,minimus
1673 4266 1951 4321 vocabitur
1968 4268 2025 4320 in
2038 4283 2124 4320 re-

475 4372 579 4428 gno
598 4357 853 4411 actorum
874 4370 894 4415 ;
920 4359 977 4408 et
1002 4354 1248 4409 fortasse
1269 4354 1399 4409 ideo
1422 4370 1535 4409 non
1584 4354 1695 4409 erit
1727 4353 1787 4408 in
1810 4370 1987 4426 regno
2014 4370 2125 4410 cce-

478 4444 691 4509 lorum,
718 4443 815 4498 ubi
839 4442 953 4497 nisi
985 4442 1183 4514 magni
1213 4458 1342 4497 esse
1364 4458 1477 4497 non
1513 4447 1778 4514 possunt.
1805 4444 1915 4511 Qui
1944 4452 2126 4499 (uitem

476 4536 730 4607 feceritet
752 4532 1004 4588 docueris
1048 4535 1127 4586 sic
1147 4532 1243 4603 (b),
1276 4531 1385 4587 hoc
1414 4536 1522 4601 est,
1558 4533 1655 4604 qui
1690 4549 1803 4587 non
1865 4532 2123 4605 solverit,

479 4630 537 4680 et
558 4622 822 4679 docuerit
842 4622 948 4689 sic,
979 4620 1306 4675 secundum
1342 4619 1399 4675 id
1431 4622 1585 4692 quod
1619 4638 1734 4677 non
1767 4620 1957 4689 solvit,
2007 4639 2126 4677 ma-

479 4731 619 4785 gnus
650 4714 939 4769 vocabitur
972 4712 1026 4765 in
1059 4726 1226 4782 regno
1256 4712 1538 4767 calorum.
1574 4710 1680 4775 Qui
1711 4728 1845 4766 vero
1878 4727 2129 4782 magnus

484 4802 784 4857 vocabitur
812 4801 872 4856 in
908 4817 1084 4874 regno
1116 4800 1417 4869 caalorum,
1452 4800 1719 4872 sequitur
1753 4804 1816 4854 ut
1846 4799 2023 4855 etiam
2054 4799 2131 4854 sit

484 4890 542 4945 in
576 4906 753 4962 regno
795 4889 1097 4958 ccnlorum,
1157 4905 1273 4960 quo
1332 4889 1529 4961 magni
1578 4889 2008 4945 admittuntur:
2056 4888 2127 4944 ad

486 4980 594 5035 hoc
624 4979 782 5033 enim
816 4979 1069 5050 pertinet
1099 4978 1253 5049 quod
1287 4978 1577 5049 sequitur.

554 5068 789 5125 CAPUT
821 5069 911 5123 IX.
947 5099 1014 5108 —
1034 5069 1122 5123 21.
1152 5069 1274 5124 Dico
1294 5069 1444 5124 enim
1468 5068 1633 5138 vobis,
1659 5069 1790 5140 quia
1819 5069 1933 5123 nisi
1950 5067 2131 5122 abun-

480 5159 693 5215 daverit
703 5158 919 5229 iustitia
933 5162 1111 5213 vestra
1120 5159 1243 5229 plus
1257 5174 1418 5229 quam
1431 5158 1751 5213 Scribarum
1762 5165 1811 5213 et
1824 5156 2132 5212 Pharisaeo-

481 5267 630 5323 rum,
657 5266 765 5306 non
814 5249 1093 5305 intrabitis
1140 5250 1199 5303 in
1224 5265 1455 5317 regnum
1478 5251 1737 5305 caelorum
1760 5266 1777 5301 :
1802 5248 1854 5304 id
1878 5252 1985 5312 est,
2018 5246 2131 5303 nisi

482 5357 595 5395 non
629 5340 819 5396 solum
850 5337 949 5393 illa
983 5337 1228 5393 minima
1254 5338 1424 5409 Legis
1448 5336 2133 5409 praeceptaimplevoritis

480 5449 607 5505 quae
639 5431 917 5486 inchoent
939 5428 1363 5493 hominem,sed
1390 5429 1568 5484 etiam
1591 5430 1702 5483 ista
1723 5445 1850 5499 qua:
1875 5428 2135 5483 amead-

485 5523 728 5589 duntur,
753 5518 852 5592 qui
875 5535 991 5575 non
1013 5517 1143 5572 veni
1177 5515 1401 5573 solvere
1439 5522 1664 5588 Legem,
1717 5519 1815 5573 sed
1866 5517 2132 5590 implere,

555 5672 629 5731 (α)
657 5671 676 5717 ι
700 5672 930 5719 Retract.
950 5670 1174 5731 “p.719,
1211 5681 1265 5716 n.
1295 5671 1344 5719 3.

561 5730 637 5791 (ὁ)
667 5731 726 5780 In
756 5745 926 5793 graeco
957 5730 1163 5793 legebat
1190 5733 1328 5788 outo,
1351 5744 1448 5793 pro
1478 5731 1640 5780 outos.

560 5794 632 5853 (ο)
660 5794 679 5841 1
703 5794 929 5841 Retract.
960 5807 1077 5854 cap.
1106 5795 1181 5851 t9,
1213 5806 1266 5842 ιι.
1298 5795 1345 5842 ι.

2192 972 2246 1021 et
2273 967 2356 1021 sic
2380 967 2661 1033 docuerit,
2683 972 2739 1021 et
2760 984 2825 1022 ex
2844 968 3049 1037 eojam
3068 966 3129 1020 in
3154 981 3332 1038 regno
3355 964 3632 1019 caelorum
3678 961 3837 1015 futu-

2194 1072 2321 1111 rum
2346 1072 2473 1111 esse
2504 1058 2641 1128 quia
2666 1073 2917 1129 magnus
2939 1060 3064 1113 est:
3090 1054 3229 1127 quid
3260 1070 3408 1125 opus
3429 1059 3518 1108 est
3539 1050 3671 1107 addi
3698 1067 3841 1122 pra:-

2196 1146 2378 1215 ceptis
2403 1146 2572 1217 Legis
2595 1146 3065 1216 minimis,sijam
3083 1145 3141 1221 in
3161 1159 3336 1215 regno
3356 1142 3635 1197 caelorum
3656 1142 3849 1211 potest

2198 1252 2347 1300 esse,
2380 1235 2518 1307 quia
2556 1252 2803 1307 magnus
2829 1238 2919 1290 est
2939 1234 3213 1305 quisquis
3229 1249 3296 1288 ea
3319 1230 3601 1296 fecerit,et
3622 1230 3706 1284 sic
3749 1228 3852 1283 do-

2202 1325 2429 1380 cuerit?
2450 1326 2815 1397 Quapropter
2836 1324 2918 1379 sic
2946 1328 3035 1379 est
3054 1322 3391 1395 accipienda
3413 1319 3515 1375 illa
3542 1317 3858 1380 sententia,

2203 1416 2314 1483 Qui
2344 1420 2527 1469 autem
2554 1416 2746 1484 fecerit
2774 1421 2825 1469 et
2840 1413 3087 1469 docuerit
3105 1414 3204 1479 sic,
3228 1426 3465 1480 magnus
3487 1407 3780 1464 vocabitur
3800 1407 3860 1460 in

2206 1520 2371 1575 regno
2401 1502 2703 1558 actorum:
2735 1502 2792 1557 id
2825 1507 2934 1569 est,
2971 1518 3086 1557 non
3118 1500 3443 1557 secundum
3466 1497 3568 1553 illa
3586 1496 3861 1560 minima,

2210 1595 2309 1649 sed
2336 1594 2661 1649 secundum
2695 1610 2761 1649 ea
2791 1610 2913 1663 quas
2946 1608 3051 1664 ego
3082 1592 3350 1647 dicturus
3382 1606 3533 1645 sum.
3558 1590 3695 1654 Quae
3720 1590 3867 1642 sunt

2212 1688 2405 1739 autem
2426 1683 2538 1739 ista
2552 1683 2578 1737 ?
2605 1682 2676 1738 Ut
2698 1681 3228 1752 abundetjustitia,
3250 1679 3663 1750 inquit,vestra
3682 1691 3867 1746 super

2215 1775 2550 1831 Scribarum
2581 1778 2637 1829 et
2670 1772 3090 1827 Pharisaeorum
3118 1788 3130 1838 ;
3166 1770 3302 1840 quia
3324 1764 3865 1829 nisiabundaverit,

2218 1882 2333 1920 non
2355 1862 2648 1918 intrabitis
2678 1863 2735 1917 in
2768 1878 3015 1933 regnum
3048 1859 3349 1915 cmlorum.
3383 1858 3530 1929 Ergo
3553 1856 3652 1927 qui
3678 1854 3867 1910 solve-

2220 1956 2296 2011 rit
2328 1954 2426 2009 illa
2454 1953 2722 2019 minima,
2755 1958 2811 2007 et
2842 1953 2925 2007 sic
2956 1950 3236 2017 docuerit,
3295 1948 3579 2003 minimus
3629 1943 3870 2000 vocabi-

2219 2050 2316 2101 tur
2346 2061 2357 2099 :
2391 2043 2491 2114 qui
2518 2046 2714 2099 autem
2747 2041 2948 2096 fecerit
2978 2040 3078 2095 illa
3111 2039 3377 2107 minima,
3411 2042 3467 2091 et
3510 2036 3595 2091 sic
3654 2034 3874 2089 docue—

2223 2135 2316 2201 rit,
2352 2150 2463 2188 non
2491 2134 2615 2201 jam
2647 2147 2898 2202 magnus
2930 2130 3236 2185 habendus
3266 2132 3359 2182 est
3392 2130 3450 2181 et
3479 2125 3730 2181 idoneus
3780 2138 3875 2176 re-

2223 2240 2336 2294 gno
2370 2222 2648 2277 caelorum
2676 2238 2689 2288 ;
2722 2221 2823 2275 sed
2856 2226 3051 2274 tamen
3086 2234 3201 2273 non
3234 2222 3353 2271 tam
3388 2215 3673 2270 minimus
3690 2226 3877 2283 quam

2223 2311 2320 2367 ille
2351 2312 2451 2382 qui
2482 2309 2690 2365 solvit:
2728 2313 2789 2363 ut
2822 2318 3015 2364 autem
3048 2308 3125 2363 sit
3155 2321 3413 2377 magnus
3444 2308 3621 2375 atque
3651 2300 3739 2356 illi
3774 2318 3867 2356 re-

2225 2417 2339 2473 gno
2370 2405 2563 2471 aptus,
2597 2399 2784 2455 facere
2815 2398 2986 2453 debet
3014 2401 3071 2451 et
3124 2396 3353 2463 docere,
3412 2393 3566 2449 sicut
3592 2390 3883 2461 ,Christus

2228 2505 2383 2545 nunc
2414 2489 2603 2554 docet,
2636 2488 2693 2541 id
2721 2493 2828 2550 est,
2866 2490 2930 2541 ut
2956 2485 3218 2540 abundet
3240 2481 3476 2553 justitia
3503 2483 3635 2551 ejus
3694 2494 3881 2550 super

2228 2578 2564 2635 Scribarum
2597 2580 2655 2631 et
2686 2574 3134 2631 Pharisaeorum.
3166 2571 3409 2628 Justitia
3440 2569 3876 2625 Pharisaeorum

2228 2672 2339 2737 est,
2373 2671 2436 2723 ut
2466 2683 2579 2722 non
2613 2665 2837 2720 occidat
2863 2682 2875 2731 ;
2902 2662 3137 2734 justitia
3181 2678 3385 2717 eorum
3440 2660 3540 2731 qui
3590 2654 3877 2713 intraturi

2231 2761 2370 2812 sunt
2401 2758 2461 2811 in
2491 2770 2740 2827 regnum
2773 2753 2895 2822 Dei,
2930 2756 2993 2807 ut
3023 2768 3138 2807 non
3165 2751 3496 2806 irascantur
3513 2747 3640 2804 sine
3660 2762 3882 2802 causa:

2232 2847 2545 2901 minimum
2568 2850 2657 2900 est
2686 2860 2821 2915 ergo
2856 2859 2970 2897 non
3003 2840 3263 2897 occidere
3297 2857 3310 2907 ;
3343 2844 3400 2894 et
3430 2838 3529 2909 qui
3560 2835 3704 2891 illud
3765 2833 3884 2890 sol-

2231 2935 2397 3002 verit,
2432 2934 2717 2989 minimus
2748 2931 3049 2987 vocabitur
3078 2931 3134 2985 in
3166 2945 3343 2999 regno
3402 2925 3717 2982 caelorum:
3783 2924 3890 2995 qui

2235 3031 2430 3082 autem
2464 3022 2608 3078 illud
2639 3021 2967 3093 impleverit
2997 3024 3059 3075 ut
3091 3036 3207 3074 non
3239 3017 3488 3083 occidat,
3518 3030 3635 3070 non
3696 3012 3893 3068 conti-

2234 3132 2349 3171 nuo
2383 3129 2631 3183 magnus
2663 3112 2771 3167 erit
2804 3115 2859 3164 et
2889 3110 3136 3165 idoneus
3196 3122 3374 3179 regno
3423 3103 3727 3170 caelorum,
3784 3101 3895 3157 sed

2234 3209 2430 3259 tamen
2464 3200 2731 3257 ascendit
2764 3199 3018 3270 aliquem
3051 3197 3340 3267 gradum;
3377 3192 3713 3266 perﬁcietur
3777 3208 3894 3246 au-

2232 3299 2375 3362 tem,
2406 3291 2456 3347 si
2490 3307 2593 3346 nec
2623 3290 2911 3345 irascatur
2940 3288 3067 3343 sine
3097 3302 3315 3342 causa:
3354 3284 3508 3355 quod
3544 3283 3593 3337 si
3625 3280 3892 3353 perfece-

2235 3382 2329 3451 rit,
2365 3379 2547 3435 multo
2579 3378 2856 3434 remotior
2884 3377 2995 3431 erit
3027 3376 3100 3432 ab
3130 3371 3469 3431 homicidio.
3524 3370 3896 3441 Quapropter

2235 3471 2335 3544 qui
2366 3470 2533 3525 docet
2564 3472 2627 3522 ut
2659 3484 2774 3521 non
2808 3467 3151 3529 irascamur,
3187 3480 3301 3519 non
3334 3461 3506 3518 solvit
3537 3460 3749 3532 Legem
3814 3475 3890 3513 ne

2235 3558 2589 3619 occidamus,
2624 3556 2723 3611 sed
2754 3553 2963 3627 implet
2991 3556 3207 3625 potius,
3242 3556 3305 3607 ut
3336 3554 3393 3605 et
3422 3548 3561 3605 foris
3593 3549 3735 3603 dum
3769 3562 3889 3601 non

2234 3648 2578 3713 occidimus,
2611 3649 2667 3700 et
2698 3645 2758 3698 in
2788 3643 2961 3699 corde
2993 3643 3133 3697 dum
3169 3657 3283 3695 non
3314 3638 3651 3707 irascimur,
3711 3635 3895 3690 inno-

2236 3738 2486 3795 centiam
2520 3733 2948 3790 custodiamus.

2305 3828 2396 3883 22.
2421 3824 2660 3879 Audistis
2682 3838 2840 3894 ergo,
2862 3819 3075 3892 inquit,
3098 3820 3228 3890 quia
3248 3817 3454 3873 dictum
3495 3820 3575 3870 est
3617 3813 3889 3883 antiquis,

2236 3923 2355 3977 Non
2378 3915 2581 3972 occides
2598 3933 2615 3967 :
2637 3914 2735 3984 qui
2754 3920 2937 3967 autem
2960 3907 3460 3979 occilteritjudicio
3473 3922 3607 3961 reus
3627 3906 3764 3960 erit.
3782 3906 3891 3975 Ego

2236 4010 2419 4063 autem
2444 4004 2564 4059 dico
2594 4002 2765 4065 vobis,
2798 4001 2932 4071 quia
2964 4000 3141 4054 omnis
3171 3999 3267 4069 qui
3296 3998 3562 4051 irascitur
3590 3996 3763 4063 fratri
3790 4008 3891 4047 suo

2235 4098 2354 4152 sine
2381 4110 2567 4159 causa,
2586 4108 2712 4147 reus
2733 4092 2839 4145 erit
2858 4088 3071 4161 judicio
3091 4105 3109 4141 :
3142 4088 3238 4158 qui
3265 4094 3449 4140 autem
3476 4084 3689 4139 dixerit
3714 4082 3897 4154 fratri

2234 4184 2701 4250 suo,ﬂacha,reus
2722 4181 2828 4236 erit
2851 4179 3080 4235 concilio
3094 4194 3111 4232 :
3138 4178 3234 4246 qui
3253 4185 3436 4232 autem
3451 4174 3888 4241 dixerit,Fatue,

2236 4291 2360 4332 reus
2372 4275 2474 4329 erit
2487 4272 2749 4343 gehennae
2766 4270 2926 4339 ignis.
2955 4267 3103 4331 Quid
3126 4264 3530 4321 interestinter
3548 4280 3714 4318 reum
3732 4262 3897 4332 judi-

2237 4364 2345 4431 cio,
2375 4366 2431 4417 et
2454 4376 2611 4415 reum
2634 4357 2900 4424 concilio,
2925 4360 2979 4411 et
2998 4370 3161 4410 reum
3184 4354 3464 4425 gehennae
3500 4350 3655 4424 ignis
3676 4351 3705 4405 ‘t
3744 4351 3895 4405 Nam

2238 4453 2345 4508 hoc
2360 4455 2720 4522 postremum
2736 4442 3149 4517 gravissimum
3166 4446 3414 4509 sonat,et
3428 4442 3497 4497 ad
3509 4444 3709 4495 monet
3723 4455 3899 4510 quos-

2238 4542 2372 4597 dam
2388 4538 2606 4609 gradus
2626 4536 2807 4590 factos
2832 4550 2863 4587 a
2885 4532 3201 4587 levioribus
3224 4531 3295 4586 ad
3320 4529 3803 4602 graviora,doncc
3822 4527 3893 4582 ad

2240 4631 2565 4703 gehennam
2589 4624 2745 4695 ignis
2767 4621 3158 4678 veniretur.Et
3182 4620 3311 4676 ideo
3335 4620 3384 4675 si
3409 4618 3595 4674 levius
3617 4620 3709 4672 est
3729 4632 3893 4672 reum

2240 4733 2368 4774 esse
2392 4713 2615 4786 judicio
2645 4727 2820 4781 quam
2850 4725 3015 4765 reum
3048 4723 3176 4763 esse
3210 4706 3453 4763 concilio
3479 4724 3501 4770 ;
3532 4706 3675 4760 item
3713 4703 3895 4759 levius

2242 4810 2331 4862 est
2360 4819 2521 4859 reum
2555 4816 2682 4857 esse
2713 4797 2980 4864 concilio,
3010 4814 3187 4867 quam
3219 4812 3345 4852 esse
3403 4810 3567 4849 reum
3616 4792 3896 4865 gehennea

2241 4894 2429 4967 ignis;
2463 4894 2687 4962 oportet
2720 4886 2902 4941 levius
2933 4902 3062 4941 esse
3122 4884 3489 4955 intelligatur
3542 4879 3721 4935 irasci
3772 4879 3898 4934 sine

2245 5001 2421 5040 causa
2451 4980 2631 5047 fratri,
2665 4993 2842 5050 quam
2876 4975 3067 5031 dicere
3104 4976 3302 5042 Itacha,
3354 4979 3410 5028 et
3459 4988 3665 5027 rursus
3712 4968 3896 5025 levius

2243 5089 2373 5129 esse
2403 5070 2593 5126 dicere
2622 5066 2828 5133 Racha,
2895 5080 3067 5135 quam
3103 5064 3292 5118 dicere
3317 5064 3501 5117 Fatue.
3551 5060 3677 5115 Non
3739 5059 3893 5113 enim

2246 5165 2441 5219 reatus
2475 5161 2599 5231 ipse
2629 5156 2869 5211 haberet
2898 5152 3137 5225 gradus,
3202 5150 3315 5206 nisi
3372 5148 3666 5223 gradatim
3720 5146 3893 5202 etiam

2248 5255 2482 5323 peccata
2510 5245 3133 5303 commemorarentur.

2317 5341 2407 5395 23.
2434 5337 2623 5394 Unum
2649 5339 2843 5391 autem
2869 5331 2963 5386 hic
3011 5330 3250 5385 verbum
3283 5328 3601 5384 obscurum
3636 5322 3897 5395 positum

2248 5434 2358 5494 est,
2382 5428 2521 5500 quia
2536 5442 2638 5480 nec
2661 5438 2913 5496 graecum
2931 5436 3036 5475 nec
3057 5418 3307 5473 latinum
3334 5421 3421 5473 est
3444 5416 3621 5471 Racha
3646 5431 3658 5468 :
3696 5416 3901 5468 caetera

2248 5535 2381 5574 vero
2407 5517 2466 5572 in
2490 5528 2759 5570 sermone
2780 5513 2979 5565 nostro
3000 5507 3216 5563 usitata
3238 5501 3683 5561 sunt.Nonnulli
3704 5504 3900 5554 autem

2250 5607 2321 5662 de
2342 5622 2529 5677 graeco
2561 5602 2788 5658 trahere
2818 5596 3130 5653 voluerunt
3157 5592 3697 5666 interpretationem
3723 5588 3901 5658 hujus

2250 5695 2711 5766 vocis,putantes
2728 5702 3056 5762 pannosum
3074 5684 3187 5740 dici
3213 5680 3695 5755 Racha,quoniam
3718 5691 3903 5751 graece

2255 5800 2486 5857 pannus
2509 5779 2668 5857 ῥάκος
2688 5776 2935 5836 dicitur:
2962 5793 2994 5831 a
3015 5774 3227 5846 quibus
3249 5778 3444 5830 tamen
3463 5786 3598 5828 cum
3622 5766 3904 5841 qumritur
