4166 6184
402 321 557 381 1243

398 458 457 511 In
490 456 752 511 interiore
781 456 1002 511 homine
1048 455 1301 511 habitare
1332 454 1609 508 Christum
1652 470 1751 525 per
1797 452 1957 523 ﬁdem
1986 453 2045 507 in

397 546 653 602 cordibus
676 547 867 600 vestris
886 546 1098 616 (Ephes.
1123 562 1206 610 ιιι,
1227 546 1313 611 17)
1340 560 1351 597 :
1386 543 1434 597 si
1461 547 1517 597 tu
1545 547 1798 597 mentem
1827 540 2044 597 venerit

395 636 550 708 quod
584 634 796 705 aliquid
831 634 1041 688 habeat
1071 634 1380 687 adversum
1414 649 1519 688 nos
1561 632 1758 699 frater,
1790 630 1847 685 id
1879 635 1967 685 est
1997 629 2046 686 si

398 741 507 779 nos
536 740 670 778 eum
706 722 762 776 in
795 721 990 791 aliquo
1022 720 1319 789 lmsimus;
1353 726 1491 776 tunc
1533 722 1687 776 enim
1719 721 1841 791 ipse
1874 720 2047 775 habet

402 814 713 870 adversum
735 828 837 866 nos
863 828 874 865 :
907 827 1038 865 nam
1066 828 1168 865 nos
1189 812 1465 866 adversus
1490 810 1653 865 illum
1682 808 2046 876 babemus,si

404 904 503 960 ille
528 920 629 958 nos
651 900 796 956 laesit
821 900 916 955 ubi
940 917 1052 956 non
1075 918 1223 972 opus
1241 907 1327 957 est
1350 918 1583 973 pergere
1610 902 1681 955 ad
1711 898 2046 955 reconcilia-

406 994 622 1050 tionem
650 1009 663 1057 ;
690 1007 803 1044 non
834 990 989 1044 enim
1013 990 1240 1045 veniam
1276 991 1602 1063 postulabis
1634 991 1704 1044 ab
1727 1005 1791 1044 eo
1819 989 1921 1059 qui
1946 987 2047 1042 tibi

408 1084 539 1139 fecit
558 1081 965 1151 injuriam,sed
990 1086 1215 1135 tantum
1246 1082 1689 1149 dimittes,sicut
1712 1081 1813 1135 tibi
1836 1078 2050 1134 dimitti

406 1189 439 1228 a
460 1171 702 1228 Domino
726 1170 912 1241 cupis,
933 1172 1085 1242 quod
1114 1171 1238 1241 ipse
1261 1173 1665 1225 commiseris:
1696 1169 2049 1241 pergendum

406 1265 495 1316 est
514 1276 649 1331 ergo
681 1260 751 1313 ad
787 1259 1478 1323 reconciliationem,cum
1510 1260 1564 1314 in
1601 1264 1853 1313 mentem
1882 1272 2053 1313 vene-

409 1348 483 1405 rit
514 1349 664 1420 quod
701 1364 806 1403 nos
844 1349 985 1402 forte
1016 1348 1255 1404 fratrem
1291 1349 1346 1401 in
1381 1348 1576 1419 aliquo
1611 1346 1901 1412 laesimus;
1929 1362 2052 1416 per-

409 1438 665 1510 gendum
698 1442 894 1491 autem
926 1454 1039 1492 non
1077 1438 1325 1507 pedibus
1356 1438 1634 1508 corporis,
1668 1437 1767 1492 sed
1799 1435 2057 1490 motibus

408 1527 681 1594 animi,ut
700 1532 751 1581 te
776 1526 984 1580 humili
1003 1527 1209 1582 affectu
1236 1532 1569 1599 prosternes
1595 1525 1856 1592 fratri,ad
1880 1541 2055 1595 quem

409 1616 587 1671 chara
616 1615 966 1687 cogitatione
997 1615 1343 1682 cucurreris,
1374 1616 1429 1670 in
1466 1619 1779 1685 conspectu
1815 1614 1942 1684 ejus
1964 1612 2057 1668 cui

415 1722 633 1761 munus
664 1703 967 1760 oblaturus
990 1722 1072 1761 es.
1099 1705 1183 1760 Ita
1204 1706 1359 1760 enim
1390 1706 1567 1760 etiam
1602 1704 1647 1760 si
1676 1720 1932 1775 praesens
1960 1702 2055 1771 sit,

414 1794 630 1867 poteris
660 1810 793 1850 eum
828 1812 941 1849 non
988 1794 1264 1849 simulato
1317 1794 1511 1849 animo
1561 1794 1762 1857 lenire,
1796 1796 1967 1859 atque
2000 1790 2058 1844 in

415 1884 662 1957 gratiam
696 1900 959 1939 revocare
992 1884 1220 1939 veniam
1254 1884 1624 1955 postulando,
1678 1883 1725 1937 si
1759 1882 1867 1937 hoc
1898 1881 2061 1953 prius

416 1988 609 2029 coram
642 1978 754 2027 Deo
787 1972 1009 2039 feceris,
1040 1989 1285 2044 pergens
1307 1974 1377 2027 ad
1403 1990 1534 2027 eum
1571 1989 1684 2027 non
1711 1971 1873 2043 pigro
1899 1975 2060 2025 motu

418 2062 698 2132 corporis,
732 2062 830 2116 sed
872 2061 1173 2117 celerrimo
1226 2062 1556 2117 dilectionis
1607 2062 1854 2127 affectu;
1889 2064 2063 2130 atque

418 2149 555 2206 inde
587 2150 843 2218 veniens,
894 2151 950 2206 id
1000 2155 1107 2222 est,
1160 2151 1541 2207 intentionem
1588 2168 1861 2207 revocans
1902 2150 1972 2205 ad
2004 2148 2063 2203 id

423 2239 577 2309 quod
611 2255 780 2310 agere
811 2255 1085 2311 occperas,
1120 2240 1325 2295 offeres
1358 2256 1575 2295 munus
1607 2244 1795 2294 tuum.

496 2339 585 2391 28.
620 2338 759 2403 Quis
790 2342 984 2393 autem
1017 2339 1124 2394 hoc
1168 2340 1324 2409 facit,
1363 2345 1427 2395 ut
1474 2340 1635 2395 fratri
1671 2356 1777 2395 suo
1832 2339 1917 2394 vel
1950 2353 2064 2392 non

425 2425 713 2482 irascatur
730 2426 857 2482 sine
875 2443 1071 2497 causa,
1096 2428 1181 2483 vel
1199 2428 1386 2485 Raetia
1408 2446 1521 2484 non
1546 2429 1700 2484 dicat
1720 2430 1847 2484 sine
1868 2444 2064 2497 causa,

426 2515 514 2572 vel
547 2532 680 2571 cum
700 2517 925 2571 fatuum
947 2534 1057 2571 non
1078 2518 1328 2589 appellet
1349 2518 1474 2573 sine
1504 2518 1859 2589 causa,quod
1880 2522 2066 2572 totum

426 2605 850 2677 superbissime
872 2606 1239 2674 admittitur;
1269 2607 1360 2662 vel
1392 2607 1537 2662 forte
1567 2608 1615 2662 si
1647 2606 1705 2661 in
1738 2606 1933 2678 aliquo
1964 2605 2065 2660 ho-

426 2711 558 2751 rum
584 2693 788 2765 lapsus
818 2694 1010 2763 fuerit,
1034 2697 1188 2767 quod
1221 2700 1309 2751 est
1344 2714 1523 2751 unum
1555 2697 1900 2765 remedium,
1925 2714 2069 2767 sup-

428 2783 566 2857 plici
598 2783 791 2838 animo
826 2784 1050 2839 veniam
1085 2786 1461 2857 deprecetur;
1497 2785 1606 2840 nisi
1642 2785 1912 2858 quisquis
1944 2787 2069 2840 ina-

433 2874 525 2928 nis
550 2874 841 2944 jaclantias
900 2874 1144 2945 spiritus
1203 2892 1316 2930 non
1367 2875 1693 2930 inﬂatur‘?
1751 2878 1907 2932 Beati
1936 2892 2072 2948 ergo

428 2979 695 3034 pauperes
725 2963 924 3035 spiritu
948 2980 968 3025 ;
999 2965 1256 3034 quoniam
1285 2966 1525 3036 ipsorum
1547 2970 1623 3020 est
1655 2981 1889 3035 regnum
1915 2966 2073 3021 casto-

436 3068 580 3108 rum.
612 3053 777 3108 Nunc
800 3053 923 3123 jam
959 3052 1262 3110 videamus
1295 3056 1449 3126 quod
1483 3056 1769 3125 sequitur.

508 3158 739 3214 CAPUT
769 3159 861 3213 XI.
894 3190 962 3199 -—
991 3161 1077 3213 29.
1111 3160 1257 3229 Esto,
1289 3160 1499 3230 inquit,
1532 3161 1845 3217 adversario
1874 3166 1964 3218 tuo
1990 3163 2076 3217 be-

434 3248 661 3303 nevolus
693 3248 797 3302 cito
826 3247 955 3301 dum
986 3265 1039 3303 es
1069 3251 1129 3302 in
1161 3250 1248 3303 via
1276 3265 1399 3303 cum
1428 3265 1486 3304 eo
1508 3266 1528 3311 ;
1558 3265 1628 3304 ne
1645 3252 1785 3321 forte
1814 3258 1863 3305 te
1893 3250 2076 3305 tradat

432 3337 788 3394 adversarius
823 3337 1027 3406 judici,
1056 3344 1110 3392 et
1129 3337 1304 3408 judea:
1334 3339 1513 3393 tradat
1553 3348 1601 3394 te
1628 3341 1900 3405 ministro,
1933 3344 1989 3394 et
2020 3341 2080 3394 in

437 3442 709 3481 carcerem
738 3428 995 3481 mittaris.
1046 3426 1215 3482 Amen
1261 3427 1382 3483 dico
1413 3428 1540 3496 tibi,
1593 3444 1699 3483 non
1747 3430 1900 3484 caries
1932 3429 2076 3496 inde,

436 3520 601 3574 donec
626 3518 819 3573 reddas
835 3521 1198 3574 novissimum
1214 3520 1608 3591 quadrantem.
1627 3522 1656 3575 J
1666 3521 1891 3576 udicem
1917 3521 2083 3576 intel-

439 3606 558 3678 ligo
585 3624 596 3661 :
628 3609 793 3661 Pater
818 3610 966 3662 enim
1012 3626 1127 3662 non
1175 3609 1381 3676 iudicat
1428 3626 1774 3681 quemquam,
1803 3610 1896 3665 sed
1924 3626 2085 3665 omne

435 3697 723 3770 judicium
736 3697 879 3752 dedit
895 3699 1032 3753 Filio
1048 3700 1224 3763 (Joan.
1241 3714 1297 3763 v,
1310 3700 1422 3767 22).
1440 3699 1772 3754 Ministrum
1788 3699 2079 3772 intelligo:

445 3789 509 3841 Et
539 3786 749 3856 Angeli,
783 3784 995 3857 inquit,
1022 3788 1417 3842 ministrabant
1442 3791 1497 3842 ei
1524 3788 1728 3858 (Matth.
1764 3806 1838 3852 ιν,
1874 3790 1996 3859 11);
2030 3794 2087 3843 et

444 3891 579 3930 cum
608 3874 846 3947 Angelis
865 3875 988 3929 suis
1006 3880 1315 3930 venturum
1339 3876 1631 3931 credimus
1647 3878 1714 3931 ad
1731 3876 2087 3947 judicandos

443 3964 603 4021 vivos
634 3972 689 4021 et
720 3970 1000 4021 mortuos.
1035 3966 1335 4022 Carcerem
1369 3965 1631 4037 intelligo
1658 3985 1669 4033 ;
1704 3983 1901 4037 pmnas
1931 3967 2086 4021 vide-

450 4053 585 4109 licet
600 4056 998 4119 tenebrarum,
1022 4071 1169 4125 quas
1194 4054 1307 4109 alio
1329 4054 1451 4109 loco
1478 4055 1787 4110 exteriores
1804 4062 1967 4111 vocat
1989 4054 2086 4125 (td.

447 4160 569 4213 vm,
606 4144 731 4211 12):
766 4144 937 4199 credo
986 4150 1291 4214 propterea
1338 4145 1494 4215 quod
1543 4144 1896 4200 intrinsecus
1927 4145 2004 4199 sit
2032 4145 2089 4198 in

452 4233 581 4303 ipsa
633 4238 845 4300 mente,
896 4231 982 4288 vel
1030 4233 1206 4287 etiam
1254 4233 1301 4288 si
1352 4232 1493 4303 quid
1523 4234 1804 4288 secretius
1852 4234 2092 4305 cogitari

455 4327 669 4393 potest,
724 4322 1005 4393 gaudium
1056 4321 1385 4376 divinorum
1436 4324 1846 4392 praemiorum;
1880 4324 1950 4378 de
1978 4340 2096 4394 quo

456 4411 670 4465 dicitur
699 4427 861 4466 servo
897 4411 1037 4465 bene
1068 4412 1295 4476 merito,
1327 4413 1480 4467 Intra
1509 4414 1566 4465 in
1585 4411 1847 4480 gaudium
1878 4414 2099 4469 Domini

459 4502 543 4557 tui
571 4501 670 4571 (Id.
705 4517 835 4564 xxv,
866 4501 991 4570 23):
1044 4500 1540 4570 quemadmodum
1572 4500 1745 4556 etiam
1778 4502 1837 4556 in
1871 4502 1977 4556 hac
2006 4519 2098 4556 or-

459 4591 765 4646 dinatione
796 4589 1147 4661 reipublicae,
1182 4589 1324 4645 vela
1355 4590 1689 4658 secretario,
1722 4590 1807 4645 vel
1836 4608 1869 4646 a
1896 4598 2099 4661 praeto-

460 4680 545 4736 rio
567 4680 789 4751 judicis
821 4686 980 4735 extra
1013 4679 1264 4734 mittitur
1293 4680 1393 4751 qui
1427 4681 1481 4734 in
1502 4697 1790 4735 carcerem
1822 4681 2099 4736 truditur.

530 4782 617 4835 30.
654 4785 732 4835 De
764 4779 1037 4835 solvendo
1064 4782 1256 4834 autem
1292 4779 1611 4834 novissimo
1642 4781 2104 4851 quadrante,po-

459 4874 574 4924 test
597 4886 711 4923 non
736 4870 989 4924 absurde
1021 4867 1265 4940 intelligi
1298 4872 1399 4923 aut
1432 4884 1530 4936 pro
1561 4885 1626 4923 eo
1661 4869 1912 4941 positum
1948 4870 2105 4942 quod

464 4958 610 5013 nihil
632 4958 979 5027 relinquitur
1008 4957 1365 5028 impunitum
1393 4958 1581 5012 :sicut
1604 4957 1907 5029 loquentes
1929 4958 2105 5013 etiam

464 5049 739 5113 dicimus,
765 5046 959 5118 Usque
981 5047 1049 5101 ad
1076 5048 1292 5113 faccem,
1325 5063 1456 5101 cum
1490 5046 1759 5102 volumus
1790 5047 2111 5119 exprimere

463 5138 680 5209 aliquid
716 5138 795 5192 ita
812 5141 1063 5205 evatum,
1093 5134 1316 5190 utnibil
1344 5136 1771 5207 relinqueretur
1798 5153 1810 5191 :
1844 5137 1929 5191 vel
1954 5136 2111 5191 utsi-

466 5228 879 5298 gniticarentur
910 5225 1145 5281 nomine
1174 5225 1516 5296 quadrantis
1536 5225 1861 5291 novissimi,
1884 5232 2114 5281 terrena

467 5323 720 5390 peccata.
737 5317 1120 5383 Quartaenim
1139 5332 1271 5385 pars
1289 5314 1697 5370 distinctorum
1714 5316 2111 5371 membrorum

470 5409 648 5479 hujus
681 5406 908 5470 mundi,
933 5411 989 5460 et
1018 5422 1083 5459 ea
1103 5403 1603 5469 novissima,terra
1624 5404 2113 5475 invenitur,utin-

536 5616 552 5649 ¹
587 5615 732 5669 Lov.,
767 5612 1102 5672 deprecetur;
1148 5608 1288 5673 quod
1314 5608 1681 5673 quisquisnon
1710 5608 1910 5670 fecerit,
1945 5608 2116 5660 inanis

460 5673 735 5739 joctnntic
764 5671 1355 5739 spiritu_in/tatur._Sed
1388 5671 1639 5733 liquidior
1671 5676 1749 5721 est
1797 5676 1980 5723 nostra
2007 5674 2121 5724 lec-

473 5732 566 5795 tio,
595 5741 647 5785 et
677 5751 707 5783 a
737 5732 940 5783 caeteris
970 5732 1117 5784 libris
1142 5735 1381 5799 probata.

1152 318 1249 381 DE
1294 319 1663 379 SEHMONE
1713 317 1991 379 DOMINI
2035 316 2115 376 IN
2164 316 2452 391 MONTE,
2502 318 2565 379 S.
2614 311 3047 377 AUGUSTINI

3660 308 3814 368 1244

2155 450 2337 524 cipias
2362 470 2395 507 a
2418 450 2911 517 ccelo,secundum
2932 463 3123 503 aerem
3151 458 3671 517 numeres,aquam
3695 444 3814 495 ter-

2161 540 2325 606 tiam,
2355 546 2623 612 quartam
2647 544 2885 595 terram.
2912 538 3105 593 Potest
3132 552 3269 608 ergo
3296 533 3709 589 convenienter
3732 530 3813 584 vi-

2161 629 2283 685 deri
2314 629 2557 698 dictum,
2612 630 2786 685 Donec
2830 629 3005 684 solvas
3034 626 3395 682 novissimum
3428 622 3813 694 quadrantem,

2163 729 2344 783 donec
2363 727 2493 783 luas
2514 732 2744 782 terrena
2760 730 3029 799 peccata:
3050 724 3158 779 hoc
3177 723 3333 778 enim
3352 726 3409 777 et
3431 722 3697 791 peccator
3712 734 3813 771 au-

2163 817 2325 885 divit,
2360 818 2522 871 Terra
2542 832 2617 882 es,
2650 819 2697 871 ct
2725 818 2783 869 in
2814 819 3019 870 terram
3049 814 3159 868 ibis
3187 811 3344 883 (Gen.
3377 826 3461 876 ιιι,
3494 809 3601 874 19).
3635 807 3815 861 Donec

2162 907 2339 962 solvas
2368 911 2561 961 autem
2596 906 2749 977 quod
2776 905 2996 959 dictum
3019 902 3319 972 est,miror
3350 899 3399 953 si
3432 914 3548 951 non
3582 912 3707 950 eam
3732 893 3814 949 si-

2163 997 2403 1067 gniﬁcat
2425 1011 2652 1067 pmnam
2677 1010 2803 1066 quae
2827 996 3065 1049 vocatur
3085 988 3496 1047 aeterna.Unde
3518 985 3672 1041 enim
3697 982 3818 1039 sol-

2164 1086 2317 1140 vitur
2340 1083 2481 1139 illud
2511 1080 2902 1148 debitum,ubi
2923 1083 3048 1152 jam
3074 1098 3187 1136 non
3212 1081 3387 1133 datur
3411 1073 3729 1147 pmnitendi
3761 1076 3819 1126 et

2166 1174 2485 1230 correctius
2508 1172 2736 1227 vivendi
2764 1172 2924 1226 locus
2943 1170 2970 1225 ?
2996 1172 3077 1224 Ita
3095 1171 3247 1223 enim
3272 1169 3517 1221 fortasse
3542 1164 3633 1217 hic
3661 1161 3819 1233 posi-

2169 1270 2291 1319 tum
2311 1268 2607 1330 est,Donec
2619 1260 3119 1332 solvas,quomodo
3142 1258 3200 1311 in
3222 1256 3320 1312 illo
3339 1255 3436 1310 ubi
3455 1253 3678 1309 dictum
3707 1256 3819 1315 est,

2167 1363 2307 1418 Sede
2338 1361 2406 1416 ad
2428 1362 2718 1416 dexteram
2742 1358 3116 1423 meam,donec
3138 1372 3345 1428 ponam
3359 1367 3544 1409 omnes
3567 1350 3824 1404 inimicos

2169 1462 2284 1509 tuos
2321 1451 2417 1505 sub
2456 1449 2679 1521 pedibus
2715 1451 2827 1503 tuis
2858 1448 3028 1517 (Psat.
3074 1462 3189 1511 CIX,
3224 1444 3313 1513 1);
3347 1458 3460 1497 non
3488 1439 3647 1497 enim
3676 1453 3817 1492 cum

2170 1540 2387 1596 fuerint
2404 1536 2627 1592 inimici
2646 1537 2755 1592 sub
2783 1536 3029 1607 pedibus
3048 1530 3477 1605 positi,desinel.
3493 1528 3591 1583 ille
3613 1526 3819 1581 sedere

2169 1632 2237 1685 ad
2264 1629 2557 1683 dexteram
2586 1643 2598 1681 :
2623 1624 2885 1680 autillud
2918 1622 3203 1694 Apostoli,
3231 1621 3447 1691 Oportet
3475 1619 3626 1673 enim
3655 1616 3821 1670 iitum

2170 1733 2421 1789 regnare,
2444 1716 2610 1771 donec
2634 1722 2801 1785 ponat
2829 1728 3014 1768 omnes
3035 1712 3295 1767 inimicos
3312 1724 3435 1763 suos
3462 1706 3563 1763 sub
3587 1704 3821 1777 pedibus

2170 1810 2286 1864 suis
2316 1810 2362 1874 (l
2394 1806 2515 1861 Cor.
2547 1821 2639 1872 xv,
2667 1803 2759 1871 25)
2786 1819 2800 1869 ;
2853 1818 2965 1856 non
2998 1799 3154 1855 enim
3188 1814 3323 1853 cum
3374 1795 3547 1869 positi
3578 1790 3822 1853 fuerint,

2172 1902 2399 1959 desinet
2415 1901 2864 1971 regnare.Quem
2874 1896 2942 1951 ad
2953 1895 3191 1950 modum
3204 1909 3341 1964 ergo
3353 1891 3436 1946 ibi
3451 1886 3825 1959 intelligitur,

2173 1994 2244 2048 de
2275 2007 2390 2063 quo
2412 1990 2632 2043 dictum
2655 1991 2763 2055 est,
2790 1987 3018 2056 Oportet
3039 2000 3163 2039 eum
3186 1996 3439 2053 regnare,
3464 1979 3634 2035 donec
3654 1972 3824 2047 ponat

2174 2082 2428 2138 inimicos
2456 2079 2553 2132 sub
2580 2076 2803 2148 pedibus
2819 2076 2953 2143 suis,
2984 2087 3215 2143 semper
3234 2074 3641 2142 regnaturum,
3675 2078 3822 2134 quo-

2175 2170 2332 2225 niam
2363 2182 2595 2238 semper
2624 2163 2708 2218 illi
2739 2168 2913 2218 erunt
2943 2163 3051 2218 sub
3084 2160 3333 2232 pedibus
3360 2176 3372 2212 :
3405 2158 3486 2211 ita
3516 2154 3610 2210 hic
3640 2150 3827 2221 accipi

2176 2257 2464 2332 potest,de
2490 2272 2606 2327 quo
2638 2253 2861 2307 dictum
2888 2256 2995 2321 est,
3029 2255 3147 2308 Non
3178 2250 3328 2304 exies
3345 2246 3493 2315 inde,
3520 2245 3693 2299 donec
3714 2240 3829 2295 sot-

2174 2365 2270 2404 vas
2301 2348 2655 2402 novissimum
2684 2341 3075 2414 quadrantem,
3106 2353 3340 2408 semper
3369 2352 3483 2390 non
3524 2333 3820 2389 exiturum

2176 2454 2304 2494 esse
2330 2454 2343 2504 ;
2377 2435 2515 2507 quia
2544 2449 2777 2505 semper
2806 2429 2981 2486 solvit
3001 2427 3387 2484 novissimum
3407 2423 3821 2496 quadrantem,

2177 2535 2320 2590 dum
2352 2530 2739 2603 sempiternas
2787 2543 2988 2599 poenas
3031 2530 3394 2580 terrenorum
3448 2522 3821 2592 peccatorum

2179 2622 2307 2678 luit.
2342 2621 2541 2692 Neque
2569 2619 2651 2673 ita
2680 2618 2785 2673 hoc
2814 2614 3084 2680 dixerim,
3121 2617 3185 2668 ut
3214 2609 3641 2683 diligentiorem
3670 2612 3824 2659 trac-

2178 2712 2460 2767 tationem
2507 2708 2704 2763 videar
2749 2704 3040 2761 ademisse
3091 2703 3162 2757 de
3211 2701 3399 2773 pmnis
3430 2700 3828 2770 peccatorum,

2182 2800 2472 2872 quomodo
2494 2798 2552 2852 in
2575 2794 2893 2866 Scripturis
2913 2793 3185 2847 dicantur
3204 2794 3464 2845 mternze:
3489 2797 3831 2872 quanquam

2184 2871 2443 2962 quolibet
2475 2888 2645 2941 modo
2675 2883 2919 2938 vitandae
2951 2887 3090 2936 sunt
3120 2878 3313 2951 potius
3345 2892 3524 2949 quam
3556 2871 3831 2928 scienda.

2255 2997 2342 3049 31.
2376 2994 2487 3049 Sed
2517 2992 2819 3047 videamus
2842 2990 2969 3060 jam
3002 2986 3135 3058 quis
3176 2984 3255 3039 sit
3282 2984 3408 3054 ipse
3440 2977 3837 3041 adversarius,

2185 3083 2569 3155 cuijubemur
2590 3096 2717 3135 esse
2736 3075 2999 3133 benevoli
3023 3074 3157 3139 cito,
3184 3088 3316 3127 cum
3346 3085 3555 3125 sumus
3577 3082 3715 3123 cum
3738 3063 3840 3119 illo

2186 3174 2243 3227 in
2281 3173 2389 3225 via.
2427 3174 2544 3224 Aut
2574 3168 2730 3224 enim
2762 3164 3030 3220 diabolus
3052 3167 3162 3225 est,
3185 3165 3287 3216 aut
3318 3160 3513 3227 homo,
3547 3161 3649 3211 aut
3679 3170 3837 3222 caro,

2187 3276 2289 3327 aut
2315 3275 2486 3334 Deus,
2506 3271 2608 3323 aut
2625 3268 2977 3337 praeceptum
2999 3259 3264 3330 ejus.Sed
3285 3256 3517 3313 diabolo
3536 3270 3651 3310 non
3668 3253 3840 3306 video

2188 3358 2480 3432 quomodo
2504 3355 2821 3426 jubeamur
2848 3349 3109 3406 benevoli
3132 3363 3282 3412 esse,
3312 3346 3369 3400 id
3400 3350 3489 3400 est
3517 3342 3840 3398 concordes

2190 3453 2289 3504 aut
2310 3440 3032 3510 consentientes.Namque
3054 3436 3150 3491 alii
3183 3436 3339 3507 quod
3365 3449 3551 3507 graece
3575 3432 3837 3503 positum

2190 3542 2277 3593 est
2294 3533 2490 3588 εὐνοῶν
2502 3575 2515 3599 ,
2536 3528 2901 3601 interpretati
2925 3531 3064 3582 sunt
3080 3540 3320 3588 concors,
3346 3522 3441 3577 alii
3461 3522 3806 3577 consentiens
3823 3536 3841 3573 :

2192 3634 2292 3691 sed
2308 3646 2495 3703 neque
2509 3626 2971 3684 benevolentiam
2991 3621 3253 3692 diaboloj
3265 3620 3513 3675 ubemur
3528 3617 3839 3683 exhibere;

2193 3723 2291 3780 ubi
2309 3721 2462 3777 enim
2478 3713 2994 3784 benevolentia,ibi
3013 3710 3270 3767 amicitia
3295 3725 3505 3781 :neque
3522 3707 3841 3779 quisquam

2194 3806 2731 3869 dixeritamicitiam
2750 3820 2881 3859 cum
2900 3801 3130 3858 diabolo
3144 3816 3273 3854 esse
3289 3799 3617 3853 faciendam
3635 3811 3847 3867 :neque

2194 3898 2546 3959 concordare
2568 3911 2699 3949 cum
2724 3892 2827 3947 illo
2853 3890 3103 3964 expedit,
3129 3889 3220 3944 cui
3247 3887 3427 3943 semel
3453 3886 3848 3941 renuntiando

2197 3990 2410 4047 bellum
2442 3984 2845 4047 indiximus,et
2867 3996 2980 4052 quo
3001 3979 3150 4033 victo
3182 3976 3599 4033 coronabimur
3622 3993 3637 4042 ;
3660 3991 3850 4044 neque

2198 4076 2525 4137 consentire
2556 4072 2636 4126 illi
2660 4072 2781 4141 jam
2808 4072 3052 4140 Oportet,
3076 4067 3168 4121 cui
3192 4067 3239 4121 si
3264 4081 3566 4135 nunquam
3599 4081 3848 4120 consen-

2199 4168 2505 4228 sissemus,
2526 4175 2828 4231 nunquam
2852 4158 2909 4212 in
2934 4158 3077 4211 istas
3118 4154 3535 4210 incidissemus
3556 4154 3849 4209 miserias.

2203 4266 2279 4321 De
2310 4262 2550 4317 homine
2567 4263 2783 4322 autem,
2808 4270 3140 4325 quanquam
3160 4252 3476 4323 jubeamur
3497 4267 3626 4306 cum
3655 4250 3851 4306 omni-

2204 4345 2698 4421 bus,quantumin
2715 4339 3559 4414 nobisest,pacemhabere,ubi
3582 4340 3857 4410 utiquect

2207 4445 2627 4511 benevolentia,
2658 4448 2715 4500 et
2748 4441 3078 4507 concordia,
3112 4444 3169 4496 et
3197 4438 3505 4495 consensio
3539 4442 3731 4509 potest
3762 4437 3857 4491 in-

2207 4538 2387 4610 telligi
2414 4557 2429 4606 ς
2463 4552 2575 4590 non
2597 4533 2762 4588 video
2795 4536 2988 4586 tamen
3014 4528 3305 4602 quomodo
3340 4526 3625 4598 accipiam
3652 4528 3729 4582 ab
3752 4528 3861 4582 bo-

2210 4629 2367 4684 mine
2382 4622 2677 4696 nosjudici
2694 4620 2865 4684 tradi,
2883 4616 3552 4687 ubiChristumjudicem
3568 4615 3859 4688 intelligo,

2208 4721 2336 4773 ante
2366 4716 2537 4785 cujus
2555 4710 3003 4767 tribunatomnes
3020 4711 3226 4779 oportet
3244 4704 3513 4770 exhiberi,
3542 4705 3701 4760 sicut
3723 4704 3865 4759 dicit

2212 4813 2526 4889 Apostolus
2546 4811 2613 4881 (II
2634 4810 2752 4865 Cor.
2774 4826 2826 4875 v,
2854 4806 2941 4877 10)
2965 4823 2977 4860 :
3000 4804 3292 4876 quomodo
3314 4802 3658 4874 ergojudici
3680 4804 3863 4858 tradi-

2216 4911 2380 4962 turus
2404 4899 2620 4972 est,qui
2643 4896 3053 4968 antejudicem
3076 4893 3293 4966 pariter
3312 4892 3685 4947 exhibebitur
3706 4891 3734 4945 ?
3750 4898 3867 4947 Aut

2216 4996 2263 5051 si
2289 4997 2593 5067 propterea
2618 4987 2871 5043 traditur
2893 4981 3365 5057 quisquejudici,
3389 4980 3530 5052 quia
3559 4980 3864 5037 hominem

2214 5079 2656 5153 lzesit,quamvis
2678 5076 2777 5131 illo
2796 5092 2910 5131 non
2929 5074 3195 5129 tradente
3210 5070 3308 5143 qui
3334 5071 3507 5125 laesus
3526 5074 3650 5135 est;
3678 5070 3867 5127 multo

2217 5170 2585 5231 commodius
2616 5165 2900 5237 accipitur
2921 5181 2954 5219 a
2983 5162 3110 5234 lege
3130 5162 3258 5233 ipsa
3280 5176 3441 5215 reum
3474 5159 3628 5214 tradi
3660 5159 3868 5233 iudici,

2218 5275 2419 5328 contra
2450 5282 2627 5339 quam
2658 5264 2953 5331 fecit,cum
2977 5259 3277 5315 hominem
3300 5256 3716 5321 lasderet.Quia
3740 5262 3797 5313 et
3823 5259 3873 5313 si

2221 5357 2537 5417 occidendo
2551 5353 2682 5426 quis
2696 5350 2957 5408 nocuerit
2978 5348 3346 5417 homini,non
3368 5345 3615 5415 eritjam
3638 5352 3878 5418 tempus

2220 5466 2335 5523 quo
2364 5445 2675 5504 concordet
2696 5458 2829 5497 cum
2845 5456 2910 5497 eo
2932 5458 2946 5509 ;
2967 5438 3244 5511 quiajam
3269 5452 3384 5491 non
3407 5439 3495 5491 est
3516 5451 3650 5489 cum
3678 5435 3779 5491 illo
3815 5438 3876 5493 in

2218 5542 2335 5607 via,
2355 5538 2414 5592 id
2438 5540 2527 5592 est
2547 5535 2605 5589 in
2627 5533 2735 5588 bac
2754 5532 2869 5585 vita
2894 5548 2906 5585 :
2931 5545 3035 5584 nec
3058 5533 3249 5583 tamen
3269 5526 3397 5580 ideo
3418 5540 3530 5579 non
3555 5524 3879 5581 sanabitur

2220 5626 2635 5705 pmnitendo,et
2657 5624 2729 5677 ad
2752 5620 2910 5675 illius
2934 5616 3395 5674 misericordiam
3418 5629 3548 5669 cum
3574 5615 3875 5671 sacriﬁcio

2222 5715 2485 5779 tribulati
2509 5713 2701 5772 cordis
2715 5708 3053 5782 refugiendo
3070 5706 3361 5779 quidonat
3382 5706 3617 5777 peccata
3628 5718 3878 5762 conver-
