4166 6184
326 318 483 379 1245

325 450 409 506 sis
442 450 512 505 ad
546 452 690 520 se,et
722 446 973 520 quiplus
998 448 1212 520 gaudet
1230 448 1299 503 de
1316 465 1431 504 uno
1463 449 1983 521 pmnitentc,quam

326 540 398 595 de
431 537 753 610 nonaginta
786 553 989 592 novem
1014 536 1199 607 justis
1231 538 1381 609 (Luc.
1415 555 1506 603 xv,
1539 539 1615 609 7).
1648 539 1819 594 Carni
1850 554 1983 593 vero

326 628 514 685 multo
549 626 747 683 minus
776 626 942 681 video
988 627 1282 696 quomodo
1312 626 1571 681 benevoli
1625 627 1711 682 vel
1745 644 1982 683 concor-

324 719 427 775 des
460 717 549 773 vel
596 716 1027 772 consentientes
1059 731 1187 770 esse
1226 716 1563 785 jubeamur.
1601 716 1787 788 Magis
1826 716 1981 772 enim

324 814 657 882 peccatores
689 809 891 861 amant
920 820 1155 859 carnem
1177 808 1430 871 suam,et
1459 806 1818 860 concordant
1849 821 1983 859 cum

319 897 444 967 illa,
476 901 533 952 et
563 894 942 951 consentiunt
968 893 1017 948 ei
1046 910 1057 947 :
1095 892 1193 965 qui
1225 910 1357 949 vero
1388 910 1516 949 eam
1549 893 1811 949 servituti
1844 894 1982 949 sub-

315 987 669 1058 jiciunt,non
704 985 816 1057 ipsi
841 984 889 1039 ei
918 984 1422 1050 consentiunt,sed
1444 999 1568 1037 eam
1592 983 1703 1038 sibi
1735 1000 1981 1039 consen-

320 1077 434 1133 tire
465 1080 705 1148 cogunt.

394 1166 484 1221 32.
520 1166 783 1220 Fortasse
814 1180 950 1235 ergo
971 1163 1255 1235 jubemur
1286 1166 1398 1216 Deo
1427 1161 1777 1227 consentire,
1812 1166 1868 1215 et
1897 1160 1983 1215 illi

322 1271 454 1312 esse
484 1253 770 1321 benevoli,
807 1258 870 1308 ut
900 1254 946 1308 ei
984 1252 1450 1319 reconciliemur,
1473 1268 1506 1305 a
1537 1268 1654 1321 quo
1689 1251 1982 1322 peccando

324 1343 515 1401 aversi
544 1346 845 1413 sumus,ut
876 1341 1244 1397 adversarius
1275 1345 1472 1395 noster
1494 1340 1606 1393 dici
1633 1339 1981 1410 possit.Qui-

326 1435 439 1491 bus
465 1432 621 1489 enim
644 1430 884 1501 resistit,
919 1436 1069 1485 recte
1091 1430 1305 1484 dicitur
1332 1445 1534 1483 eorum
1565 1429 1942 1484 adversarius
1966 1446 1979 1483 :

324 1524 468 1579 Deus
496 1521 652 1579 enim
682 1520 933 1592 superbis
962 1518 1505 1587 resistit,humilibus
1537 1525 1720 1573 autem
1739 1517 1833 1572 dat
1860 1535 1986 1587 gra-

320 1614 463 1668 tiam
491 1611 699 1680 (Jacobi
728 1625 803 1676 1v,
836 1610 891 1680 6)
917 1626 929 1676 ;
963 1612 1039 1675 et,
1073 1608 1306 1663 Initium
1336 1609 1515 1663 omnis
1546 1608 1761 1677 peccati
1787 1623 1982 1677 super-

325 1702 452 1762 bia:
474 1700 700 1755 initium
728 1706 913 1754 autem
930 1697 1202 1768 superbiae
1221 1698 1804 1768 hominis,apostatare
1824 1714 1858 1751 a
1874 1698 1984 1751 Deo

323 1787 518 1860 (Booti.
549 1803 605 1855 κ,
637 1786 724 1852 15,
759 1786 885 1854 14);
920 1788 975 1839 ct
1016 1786 1331 1855 Apostolus
1381 1784 1544 1849 dicit,
1580 1784 1639 1839 Si
1667 1786 1815 1839 enim
1858 1801 1985 1839 cum

327 1877 555 1933 inimici
580 1891 839 1940 essemus,
870 1874 1213 1931 reconciliati
1240 1891 1428 1928 sumus
1476 1878 1586 1930 Deo
1612 1890 1711 1945 per
1751 1879 1983 1929 mortem

329 1966 468 2022 Filii
494 1964 808 2035 eius,multo
824 1965 1002 2033 magis
1032 1964 1531 2019 reconciliatisalvi
1559 1964 1760 2017 erimus
1784 1964 1840 2018 in
1868 1965 1984 2018 vita

329 2055 504 2127 ipsius
533 2054 704 2125 (Rom.
734 2070 789 2120 v,
824 2053 933 2123 10).
970 2053 1047 2106 Ex
1078 2069 1192 2124 quo
1226 2051 1475 2123 intelligi
1516 2056 1725 2123 potest,
1757 2052 1981 2107 nullam

323 2146 598 2199 naturam
633 2139 849 2196 malam
880 2139 1181 2194 inimicam
1208 2140 1317 2194 Deo
1349 2138 1982 2209 esse,quandoquidem

323 2231 438 2304 ipsi
472 2229 919 2287 reconciliantur
948 2231 1047 2299 qui
1079 2227 1307 2283 inimici
1341 2227 1878 2298 fuerunt.Quisquis
1898 2242 1984 2281 er-

323 2336 396 2395 go
428 2320 487 2375 in
519 2319 630 2375 hac
659 2318 773 2388 via,
806 2318 863 2373 id
916 2322 1005 2373 est
1034 2317 1091 2371 in
1131 2318 1235 2372 hac
1268 2317 1405 2381 vita,
1430 2333 1545 2371 non
1580 2316 1753 2371 fuerit
1782 2332 1981 2370 recon-

319 2408 556 2465 ciliatus
588 2408 704 2463 Deo
736 2422 838 2478 per
868 2413 1113 2461 mortem
1148 2404 1275 2459 Filii
1309 2405 1460 2474 ejus,
1494 2405 1757 2459 tradetur
1793 2404 1981 2474 judici

318 2498 392 2553 ab
422 2497 524 2553 illo
550 2514 564 2565 ;
598 2496 738 2568 quia
770 2497 943 2551 Pater
973 2510 1079 2548 non
1104 2494 1321 2565 judicat
1354 2509 1697 2564 quemquam,
1713 2493 1803 2547 sed
1823 2509 1985 2548 omne

306 2587 588 2659 judicium
636 2585 783 2641 dedit
814 2585 955 2638 Filio
986 2602 1005 2637 :
1037 2587 1211 2653 atque
1241 2582 1323 2637 ita
1373 2586 1581 2636 caetera
1613 2598 1739 2652 qua:
1775 2582 1832 2635 in
1874 2581 1983 2636 hoc

322 2674 578 2748 capitulo
610 2672 829 2745 scripta
860 2677 999 2728 sunt
1032 2675 1495 2743 consequuntur,
1517 2672 1587 2725 de
1617 2670 1834 2741 quibus
1857 2671 1983 2741 jam

327 2764 928 2821 tractavimus.Unum
962 2762 1153 2817 solum
1194 2766 1281 2816 est
1312 2761 1464 2833 quod
1497 2759 1633 2815 huic
1667 2758 1985 2815 intellectui

329 2852 734 2910 difficultatem
763 2851 919 2919 facit,
940 2852 1237 2923 quomodo
1272 2849 1456 2922 possit
1485 2853 1637 2905 recte
1663 2848 1773 2903 dici
1808 2849 1866 2904 in
1894 2850 1987 2905 via

334 2959 440 2999 nos
469 2958 599 2998 esse
629 2958 762 2997 cum
796 2942 931 3006 Deo,
954 2941 1002 2995 si
1036 2941 1144 2995 hoc
1178 2939 1300 2995 loco
1334 2940 1459 3011 ipse
1491 2938 1868 3010 accipiendus
1900 2943 1989 2993 est

334 3030 705 3089 adversarius
734 3030 1177 3102 impiorum,cui
1200 3029 1485 3100 jubemur
1506 3028 1618 3083 cito
1652 3027 1988 3084 reconcilia-

333 3122 382 3178 ri
416 3138 431 3177 :
464 3120 579 3177 nisi
613 3120 758 3175 forte
790 3119 927 3191 quia
958 3120 1085 3191 ipse
1112 3120 1329 3188 ubique
1359 3122 1467 3185 est,
1501 3134 1607 3173 nos
1651 3117 1828 3172 etiam
1862 3134 1992 3173 cum

332 3212 393 3267 in
424 3210 533 3266 hac
562 3210 655 3265 via
686 3226 917 3277 sumus,
941 3225 1073 3263 cum
1107 3208 1208 3262 illo
1243 3208 1447 3278 utique
1480 3224 1708 3274 sumus,
1738 3208 1804 3262 Si
1833 3208 1991 3261 enim

331 3300 627 3357 ascendere
656 3300 717 3354 in
746 3299 962 3365 ctelum,
998 3297 1215 3368 inquit,
1246 3303 1307 3351 tu
1358 3297 1436 3351 ibi
1464 3311 1517 3351 es
1540 3313 1560 3357 ,ο
1590 3298 1641 3351 si
1669 3296 1993 3351 descendere

331 3392 390 3446 in
422 3387 871 3461 infernum,ades
896 3405 908 3453 ;
942 3389 993 3442 si
1022 3388 1291 3457 recipiam
1314 3401 1523 3456 pennas
1552 3401 1698 3440 meas
1728 3387 1787 3440 in
1816 3384 1992 3438 direc-

330 3477 470 3546 tum,
498 3484 553 3534 et
604 3477 867 3533 habitabo
897 3477 957 3530 in
987 3477 1289 3531 novissima
1323 3476 1338 3509 ¹
1373 3476 1546 3529 maris
1567 3493 1589 3538 ;
1618 3476 1815 3529 etenim
1862 3474 1997 3527 illuc

332 3584 530 3623 manus
559 3572 655 3623 tua
706 3566 934 3622 deducet
959 3582 1063 3629 me,
1098 3569 1150 3620 et
1178 3564 1480 3619 continebit
1510 3580 1599 3617 me
1648 3564 1873 3618 dextera
1900 3565 1993 3617 tua

331 3656 509 3728 (Psat.
540 3672 813 3725 cxxxvm,
838 3656 1017 3723 8-10).
1045 3657 1155 3708 Aut
1185 3653 1232 3708 si
1268 3670 1381 3708 non
1418 3652 1609 3724 placet
1639 3652 1853 3723 impios
1882 3648 1995 3705 dici

333 3761 463 3804 esse
493 3762 624 3801 cum
663 3745 798 3811 Deo,
833 3759 1168 3815 quanquam
1203 3758 1496 3813 nusquam
1533 3758 1647 3796 non
1682 3746 1890 3812 praesto
1924 3741 2000 3795 sit

338 3842 490 3891 Deus
516 3833 1057 3906 ;quemadmodum
1091 3848 1204 3887 non
1227 3831 1481 3885 dicimus
1509 3847 1688 3885 caacos
1721 3847 1848 3885 esse
1864 3846 1997 3885 cum

338 3922 733 3991 luce,tametsi
766 3921 965 3979 oculos
982 3938 1181 3976 eorum
1202 3921 1301 3974 lux
1324 3920 1793 3987 circumfundat;
1815 3936 1999 3975 unum

341 4014 634 4087 reliquum
659 4015 843 4076 est,ut
866 4011 957 4065 hic
976 4009 1373 4065 adversarium
1400 4013 1755 4081 praeceptum
1782 4009 1998 4077 Dei,in-

340 4103 703 4176 telligamus.
720 4100 866 4165 Quid
892 4100 1045 4155 enim
1070 4099 1154 4153 sic
1177 4100 1520 4153 adversatur
1544 4114 1780 4169 peccare
1804 4098 1998 4153 volon-

340 4194 501 4249 tibus
522 4208 701 4264 quam
728 4194 1081 4262 praeceptum
1107 4189 1288 4255 Dei,id
1313 4193 1401 4242 est
1421 4188 1509 4243 lex
1532 4189 1658 4257 ejus
1681 4188 2001 4258 etScriptu-

342 4302 409 4341 ra
429 4284 778 4353 divina,quaa
798 4282 933 4335 data
954 4283 1042 4334 est
1063 4280 1231 4334 nobis
1255 4281 1323 4333 ad
1351 4280 1499 4333 hanc
1526 4279 2001 4345 vitam,utsitno-

341 4372 571 4430 hiscum
598 4372 655 4426 in
678 4372 794 4440 via,
826 4370 919 4423 cui
942 4385 1055 4424 non
1078 4372 1307 4440 oportet
1340 4368 1757 4430 contradicere.
1794 4386 1865 4424 ne
1897 4386 2003 4424 nos

341 4459 857 4532 trsdatjudici;sed
877 4460 927 4515 ei
945 4462 1171 4529 oportet
1184 4458 1512 4513 consentire
1525 4458 1636 4513 cito
1652 4458 1679 4513 ?
1698 4458 1820 4515 Non
1846 4458 2001 4513 enim

343 4550 658 4623 quisquam
685 4547 846 4603 novit
869 4546 1106 4618 quando
1138 4546 1208 4601 de
1237 4546 1345 4600 hac
1366 4545 1483 4600 vita
1522 4550 1704 4601 exeat.
1738 4547 1877 4611 Quis
1901 4564 2002 4601 au-

345 4644 462 4695 tem
496 4636 789 4695 consentit
819 4634 1135 4706 Scriptura:
1167 4634 1394 4701 divinae,
1429 4634 1541 4690 nisi
1599 4636 1697 4707 qui
1730 4634 1869 4708 legit
1914 4638 2003 4691 vel

347 4728 514 4785 audit
542 4727 655 4799 pie,
690 4726 955 4781 deferens
986 4724 1036 4779 ei
1070 4723 1301 4780 culmen
1334 4725 1718 4791 auctoritatis,
1754 4730 1818 4780 ut
1848 4726 2002 4796 quod

347 4816 766 4889 intelligit,non
799 4818 1036 4886 propter
1064 4812 1171 4868 hoc
1203 4813 1389 4869 oderit
1416 4815 1569 4885 quod
1601 4815 1849 4886 peccatis
1880 4814 2003 4869 suis

350 4905 643 4962 adversari
696 4904 913 4969 sentit;
948 4903 1048 4957 sed
1105 4904 1290 4973 magis
1332 4902 1537 4973 diligat
1578 4904 2004 4975 correptionem

351 4998 606 5062 suam,et
635 4992 889 5065 gaudeat
918 4991 1071 5062 quod
1097 4991 1316 5046 morbis
1343 4992 1678 5061 suis,donec
1700 4996 2003 5059 sanentur,

351 5101 465 5141 non
496 5081 760 5156 parcitur
792 5097 804 5135 :
842 5081 993 5152 quod
1026 5095 1161 5134 vero
1195 5085 1296 5135 aut
1325 5081 1774 5152 obscurum,aut
1804 5081 2008 5137 absur-

352 5175 490 5232 dum
523 5172 608 5227 illi
641 5174 831 5235 sonat,
863 5186 977 5225 non
1012 5168 1151 5223 inde
1183 5170 1431 5225 concitet
1475 5170 2007 5226 contradictionum

352 5259 806 5325 certamina,sed
841 5262 965 5313 oret
997 5262 1061 5312 ut
1090 5257 1379 5329 intelligat
1404 5277 1416 5325 ;
1438 5258 1897 5315 benevolentiam
1923 5263 2009 5313 ta-

353 5368 486 5407 men
518 5355 575 5406 et
607 5347 985 5404 reverentiam
1032 5351 1207 5401 tantae
1240 5348 1567 5403 auctoritati
1621 5348 2008 5404 exhibendam

356 5457 485 5499 esse
506 5436 888 5495 meminerit?
917 5436 1024 5491 Sed
1051 5435 1181 5504 quis
1202 5435 1309 5489 hoc
1335 5433 1488 5501 facit,
1510 5436 1622 5491 nisi
1647 5436 1913 5509 quisquis
1938 5438 2008 5492 ad

357 5532 781 5587 testamentum
813 5526 996 5597 patris
1028 5526 1403 5596 aperiendum
1430 5530 1484 5581 et
1514 5528 2007 5598 cognoscendum,

431 5674 448 5707 ί
479 5671 595 5721 Am.
627 5671 711 5719 Er.
745 5672 799 5719 et
827 5670 970 5727 Lov.,
1003 5668 1056 5717 in
1090 5669 1375 5717 novissimo.
1413 5670 1479 5719 At
1515 5670 1637 5719 Mss.
1666 5683 1877 5719 necnon
1900 5671 2011 5720 edi-

362 5732 627 5848 tihczxarq
654 5734 711 5783 in
739 5730 1061 5794 novissima;
1103 5730 1258 5793 juxta
1303 5745 1532 5795 graecum
1569 5733 1707 5795 LXX,
1753 5732 1826 5783 eis
1855 5735 1907 5785 ta
1935 5749 2010 5784 es-

362 5814 390 5848 c
520 5834 535 5848 .

362 5814 535 5851 cnam.

1760 316 1992 377 LIBER
2034 316 2358 379 PRIMUS.

3585 312 3741 374 1246

2096 466 2209 505 non
2242 449 2433 507 litium
2468 451 2835 507 minitatione
2886 450 3151 515 acerbus,
3185 448 3285 503 sed
3320 446 3533 518 pietate
3584 445 3744 501 mitis

2097 541 2456 596 accesserit?
2490 542 2648 597 Beati
2677 557 2812 611 ergo
2842 543 3040 602 mites;
3067 538 3333 610 quoniam
3364 537 3471 607 ipsi
3501 534 3744 591 haeredi-

2088 630 2198 683 tate
2224 628 2573 699 possidebunt
2603 638 2833 686 terram.
2868 629 3186 683 Videamus
3218 625 3543 697 sequentia.

2161 718 2390 773 CAPUT
2422 719 2613 774 Xll.—
2632 720 2974 774 33.Audistis
3005 717 3133 789 quia
3153 716 3360 772 dictum
3379 723 3454 770 est
3474 714 3742 783 antiquis,

2088 807 2205 861 Non
2228 808 2716 879 mwchaberisEgo
2738 813 2920 864 autem
2946 808 3064 862 dico
3082 807 3253 872 vobis,
3284 807 3413 877 quia
3442 804 3619 859 omnis
3650 801 3747 874 qui

2088 895 2287 951 viderit
2316 900 2608 954 mulierem
2637 899 2713 953 ad
2728 896 3216 969 concupiscendum
3238 898 3501 965 eam,iam
3518 893 3749 947 macha-

2090 992 2175 1039 tus
2195 991 2407 1041 esteem
2436 989 2492 1043 in
2514 989 2670 1043 corde
2689 1004 2804 1043 suo.
2836 986 3078 1043 Justitia
3106 1002 3240 1055 ergo
3273 983 3463 1039 minor
3485 986 3595 1051 est,
3628 998 3743 1036 non

2092 1075 2367 1130 mmchari
2394 1093 2702 1148 corporum
2726 1073 3535 1148 conjunctionezjustitiavere
3560 1072 3747 1140 major

2091 1164 2250 1234 regni
2274 1166 2515 1230 Dei,non
2534 1166 2809 1221 mcechari
2825 1166 2880 1219 in
2897 1166 3089 1220 corde.
3111 1162 3391 1234 Quisquis
3406 1165 3598 1215 autem
3630 1177 3744 1215 non

2092 1254 2418 1308 mcecbatur
2441 1254 2495 1308 in
2522 1256 2715 1324 corde,
2750 1253 2933 1309 multo
2958 1252 3187 1308 facilius
3219 1250 3474 1306 custodit
3499 1266 3569 1303 ne
3598 1265 3745 1303 mos-

2090 1341 2297 1397 chetur
2326 1342 2383 1397 in
2434 1360 2692 1416 corpore.
2727 1343 2869 1399 Illud
2924 1359 3061 1414 ergo
3108 1339 3471 1397 confirmavit
3503 1339 3602 1409 qui
3634 1337 3743 1393 hoc

2090 1430 2407 1502 praecepit:
2462 1447 2578 1486 non
2610 1432 2767 1486 enim
2798 1432 2957 1486 venit
2987 1432 3196 1501 Legem
3229 1428 3469 1493 solvere,
3502 1427 3602 1481 sed
3635 1426 3745 1481 im-

2091 1518 2266 1589 plere.
2293 1520 2444 1574 Sane
2467 1520 2961 1575 considerandum
2985 1525 3074 1574 est
3092 1518 3244 1590 quod
3275 1533 3389 1571 non
3415 1514 3580 1580 dixit,
3617 1516 3743 1571 0m-

2088 1608 2178 1663 nis
2210 1610 2311 1680 qui
2334 1610 2734 1681 concupiverit
2756 1608 3316 1677 mulierem;sed,qui
3334 1605 3534 1660 viderit
3552 1604 3748 1658 mulie-

2088 1713 2203 1753 rem
2233 1698 2303 1752 ατί
2331 1699 2821 1770 concupiscendum
2849 1716 2992 1762 eam,
3028 1697 3086 1752 id
3116 1702 3225 1765 est,
3261 1696 3368 1751 hoc
3401 1694 3515 1749 ﬁne
3546 1698 3604 1749 et
3636 1692 3746 1748 hoc

2091 1786 2289 1842 animo
2316 1787 2631 1844 attenderit
2655 1792 2718 1842 ut
2737 1804 2864 1842 eam
2888 1786 3283 1858 concupiscat;
3308 1784 3461 1856 quod
3481 1785 3605 1854 jam
3629 1798 3745 1837 non

2089 1880 2174 1931 est
2196 1875 2417 1932 titillari
2442 1876 2821 1932 delectatione
2844 1876 3166 1945 carnis,sed
3191 1874 3356 1945 plene
3377 1877 3391 1909 ί
3418 1871 3746 1928 consentire

2090 1965 2320 2020 libidini
2351 1984 2363 2032 ;
2396 1966 2476 2021 ita
2508 1970 2572 2020 ut
2602 1983 2714 2021 non
2769 1967 3092 2021 refrenetur
3134 1963 3374 2019 illicitus
3426 1960 3744 2034 appetitus,

2089 2054 2188 2109 sed
2223 2055 2274 2109 si
2306 2054 2552 2110 facultas
2582 2055 2718 2109 data
2750 2056 2941 2122 fuerit,
2975 2053 3239 2109 satietur.

2161 2143 2250 2198 34.
2306 2144 2448 2198 Nam
2483 2143 2595 2198 tria
2625 2148 2763 2199 sunt
2810 2144 3026 2215 quibus
3079 2141 3357 2214 impletur
3405 2144 3744 2213 peccatum;

2090 2232 2971 2304 suggestione,delectatione,et
3001 2228 3744 2301 consensione.Suggestio,

2090 2321 2212 2376 sive
2264 2338 2366 2393 per
2396 2322 2739 2376 memoriam
2772 2322 2855 2383 ﬁt,
2891 2320 3010 2375 sive
3066 2337 3165 2391 per
3211 2317 3471 2390 corporis
3514 2333 3746 2382 sensus,

2090 2426 2224 2466 cum
2256 2410 2479 2483 aliquid
2512 2410 2801 2478 videmus,
2834 2410 2919 2465 vel
2953 2410 3251 2475 audimus,
3286 2406 3369 2462 vel
3414 2405 3749 2461 olfacimus:

2089 2501 2177 2555 vel
2210 2499 2631 2571 gustamus,vel
2662 2500 3111 2571 tangimus.Quo
3143 2497 3191 2552 si
3225 2492 3747 2551 fruidelectaverit'

2091 2588 2398 2644 delectatio
2429 2586 2635 2642 illicita
2668 2586 3014 2642 refrenanda
3044 2583 3324 2641 est.Velut
3353 2599 3484 2637 cum
3513 2581 3748 2652 jejuna-

2096 2694 2228 2732 mus
2258 2682 2314 2731 et
2343 2676 2485 2732 visis
2516 2676 2661 2730 cibis
2693 2675 2867 2746 palati
2902 2673 3195 2746 appetitus
3226 2669 3502 2742 assurgit,
3536 2686 3649 2724 non
3683 2669 3750 2723 fit

2094 2765 2207 2820 nisi
2257 2764 2637 2820 delectatione
2672 2780 2684 2819 :
2719 2764 2821 2819 sed
2873 2762 3007 2818 huic
3037 2767 3233 2817 tamen
3286 2776 3399 2815 non
3448 2756 3745 2813 consenti-

2096 2859 2313 2919 mus,et
2342 2870 2468 2909 eam
2502 2854 2521 2887 9
2554 2852 2914 2907 dominantis
2946 2850 3188 2906 rationis
3213 2850 3348 2921 jure
3378 2846 3745 2903 cohibemus.

2093 2943 2151 2997 Si
2185 2947 2376 2997 autem
2410 2942 2717 2997 consensio
2762 2942 2910 2996 facta
2941 2940 3137 3008 fuerit,
3172 2938 3410 3010 plenum
3444 2939 3748 3007 peccatum

2096 3032 2226 3099 erit,
2262 3035 2463 3085 notum
2499 3031 2613 3086 Deo
2644 3030 2701 3084 in
2734 3030 2905 3085 corde
2938 3033 3158 3099 nostro,
3190 3026 3416 3083 etiamsi
3452 3026 3602 3080 facto
3633 3040 3752 3079 non

2100 3120 2421 3175 innotescat
2462 3118 2822 3174 hominibus.
2860 3120 2941 3173 lta
2986 3133 3122 3189 ergo
3172 3120 3311 3171 sunt
3358 3114 3453 3169 isti
3508 3114 3754 3185 gradus,

2100 3209 2268 3281 quasi
2300 3227 2332 3262 a
2362 3211 2631 3279 serpente
2680 3207 2981 3279 suggestio
3027 3207 3146 3273 fiat,
3180 3205 3235 3259 id
3282 3208 3393 3269 est,
3430 3202 3650 3256 lubrico
3700 3204 3759 3256 et

2100 3298 2364 3368 volubili,
2399 3297 2504 3352 hoc
2536 3301 2623 3351 est
2654 3295 2959 3368 temporali
2991 3311 3299 3366 corporum
3332 3296 3352 3328 ³
3385 3296 3546 3347 motu
3574 3309 3587 3358 ;
3621 3290 3760 3362 quia

2102 3390 2157 3443 et
2186 3388 2235 3441 si
2267 3404 2383 3458 qua
2413 3386 2553 3440 talia
2585 3386 3173 3456 phantasmataintus
3205 3386 3512 3439 versantur
3540 3381 3596 3435 in
3633 3379 3757 3435 ani-

2106 3492 2221 3543 ma,
2256 3477 2326 3531 de
2355 3491 2596 3547 corpore
2628 3475 2953 3530 forinsecus
2997 3477 3180 3529 tracta
3228 3477 3405 3539 sunt;
3439 3475 3495 3526 et
3526 3470 3575 3524 si
3624 3467 3759 3539 quis

2106 3565 2369 3622 occultus
2400 3569 2609 3636 praeter
2638 3565 2780 3619 istos
2812 3564 3075 3636 quinque
3106 3579 3315 3619 sensus
3338 3565 3533 3615 motus
3565 3574 3764 3631 corpo-

2107 3654 2186 3710 ris
2218 3654 2471 3709 animam
2508 3654 2717 3726 tangit,
2750 3658 2838 3709 est
2862 3652 3033 3708 etiam
3060 3652 3185 3724 ipse
3232 3649 3572 3722 temporalis
3595 3653 3651 3703 et
3674 3649 3762 3703 lu-

2107 3746 2341 3809 bricus;
2377 3748 2431 3798 et
2461 3744 2590 3798 ideo
2623 3747 2841 3815 quanto
2892 3741 3156 3797 illabitur
3185 3739 3471 3795 occultius
3512 3742 3575 3793 ut
3607 3736 3764 3809 cogi-

2107 3834 2387 3888 tationem
2442 3833 2760 3903 contingat,
2811 3835 2975 3885 tanto
3020 3828 3457 3885 convenientius
3506 3824 3760 3897 serpenti

2110 3927 2499 3994 comparatur.
2536 3920 2671 3975 Tria
2702 3935 2837 3991 ergo
2870 3919 3083 3984 baic,ut
3114 3918 3303 3973 dicere
3335 3930 3642 3986 coeperam,
3677 3912 3761 3965 si-

2110 4010 2274 4067 milia
2306 4015 2444 4066 sunt
2475 4009 2557 4064 illi
2590 4014 2764 4080 gestas
2794 4008 2872 4063 rei
2908 4025 3038 4079 quas
3070 4008 3129 4061 in
3162 4005 3366 4062 Genesi
3402 4003 3620 4075 scripta
3649 4002 3760 4065 est,

2111 4106 2174 4155 ut
2205 4100 2371 4171 quasi
2405 4118 2437 4155 a
2467 4103 2734 4170 serpente
2767 4098 2868 4151 fiat
2906 4096 3204 4168 suggestio
3236 4098 3291 4148 et
3322 4092 3584 4165 quadam
3620 4106 3766 4143 sua-

2112 4192 2235 4257 sio;
2266 4190 2325 4244 in
2359 4188 2617 4261 appetitu
2672 4192 2868 4241 autem
2923 4183 3162 4251 carnali,
3199 4188 3483 4254 tanquam
3532 4180 3591 4234 in
3624 4180 3761 4246 Eva,

2112 4279 2421 4336 delectatio
2448 4304 2461 4344 ;
2492 4279 2547 4331 in
2584 4277 2804 4331 ratione
2852 4291 3009 4345 vero,
3041 4278 3322 4345 tanquam
3356 4272 3412 4325 in
3445 4269 3589 4334 viro,
3621 4284 3762 4324 con-

2112 4370 2305 4426 sensio
2332 4386 2344 4423 :
2380 4367 2594 4439 quibus
2626 4364 2896 4437 peractis,
2929 4369 3208 4434 tanquam
3242 4362 3312 4416 de
3340 4358 3633 4432 paradiso,
3656 4358 3764 4413 hoc

2114 4464 2222 4530 est,
2255 4460 2323 4514 de
2355 4457 2696 4513 beatissima
2745 4455 2872 4509 luce
2913 4453 3162 4525 justitias
3193 4454 3249 4507 in
3300 4453 3547 4505 mortem
3591 4446 3763 4501 homo

2114 4548 2423 4621 expellitur
2476 4548 2631 4617 (Gen.
2689 4561 2771 4599 ιιι.
2806 4544 2897 4614 4);
2940 4540 3276 4613 justissimo
3325 4538 3583 4594 omnino.
3634 4534 3761 4589 Non

2116 4639 2272 4693 enim
2304 4635 2458 4708 cogit
2484 4634 2581 4705 qui
2615 4633 2839 4688 suadet.
2873 4632 2940 4685 Et
2969 4645 3174 4685 omnes
3206 4632 3426 4683 natura:
3458 4626 3516 4680 in
3558 4623 3763 4680 ordine

2115 4742 2220 4783 suo
2251 4725 2530 4797 gradibus
2562 4723 2686 4777 suis
2717 4720 2971 4793 pulchrae
3002 4723 3143 4773 sunt
3176 4735 3188 4772 :
3224 4717 3323 4771 sed
3357 4716 3426 4769 de
3456 4712 3767 4785 superiori-

2116 4816 2225 4871 bus
2260 4815 2315 4867 in
2349 4812 2563 4884 quibus
2596 4808 2899 4865 rationalis
2944 4807 3179 4862 animus
3211 4805 3520 4861 ordinatus
3550 4806 3657 4870 est,
3691 4802 3764 4857 ad

2114 4903 2389 4959 inferiora
2438 4916 2549 4955 non
2582 4903 2670 4954 est
2701 4896 3138 4952 declinandum.
3172 4895 3285 4949 Nec
3308 4894 3625 4965 quisquam
3657 4890 3766 4945 hoc

2119 4994 2303 5049 facere
2322 4989 2548 5061 cogitur
2573 5006 2586 5055 ;
2616 4992 2671 5043 et
2715 4986 2843 5041 ideo
2875 4985 2923 5040 si
2948 4984 3167 5051 fecerit,
3193 4984 3361 5055 justa
3382 4982 3477 5038 Dei
3510 4981 3635 5053 lege
3668 4996 3770 5051 pu-

2119 5082 2329 5137 nitur‘:
2348 5096 2458 5134 non
2478 5078 2631 5133 enim
2647 5076 2756 5131 hoc
2770 5072 3763 5131 committitinvitus.Verusntamen

2121 5168 2428 5227 delectatio
2480 5170 2610 5221 ante
2640 5163 3123 5220 consuetudinem
3156 5163 3177 5197 ⁵
3215 5160 3299 5217 vel
3350 5160 3509 5215 nulla
3540 5162 3646 5225 est,
3679 5155 3767 5211 vel

2118 5266 2239 5316 tam
2270 5258 2464 5314 tenuis
2497 5260 2557 5309 ut
2591 5270 2768 5325 prope
2798 5251 2960 5307 nulla
2990 5252 3065 5307 sit
3099 5270 3111 5307 :
3148 5252 3240 5307 cui
3284 5248 3609 5306 consentire
3643 5262 3767 5301 ma-

2187 5360 2201 5392 ¹
2236 5357 2294 5405 In
2327 5354 2573 5405 omnibus
2605 5366 2769 5416 prope
2802 5353 2947 5407 Μαι,
2976 5349 3148 5416 plane,
3197 5414 3206 5416 _
3350 5410 3366 5416 _
3760 5405 3770 5416 .

2183 5422 2203 5455 ¹
2231 5420 2368 5468 Editi
2418 5417 2547 5466 Mar.
2578 5406 2629 5463 e't
2660 5406 2801 5472 μόνη
2850 5406 3055 5463 οωὶότὶε
3090 5413 3237 5461 libris
3283 5406 3692 5472 refragantibus,
3724 5406 3769 5454 si

2122 5496 2253 5532 eam.

2186 5547 2207 5580 ³
2236 5544 2359 5594 Mss.
2392 5542 2593 5599 decem,
2618 5538 2982 5604 corporalium.

2190 5610 2211 5643 ⁸
2236 5592 2319 5657 Sic
2350 5607 2469 5654 Mss.
2503 5608 2553 5652 et
2581 5592 2715 5653 Mar:
2741 5603 2807 5651 At
2840 5604 2956 5652 Am.
2985 5601 3067 5650 Er.
3101 5602 3154 5649 et
3188 5600 3335 5655 μοι,
3362 5597 3471 5645 sine
3500 5595 3649 5659 justa
3680 5592 3769 5641 de-

2122 5669 2357 5735 fensione
2379 5665 2617 5735 punit_ur.

2187 5720 2207 5769 ε
2236 5720 2321 5782 Sic
2372 5720 2486 5781 Am.
2516 5730 2602 5777 Er.
2634 5731 2685 5775 et
2713 5728 2855 5786 Mss.,
2885 5738 2993 5775 uno
3022 5727 3230 5776 tantum
3274 5726 3512 5787 excepto.
3548 5721 3615 5773 At
3642 5720 3771 5770 Mar.

2126 5800 2181 5847 et
2209 5797 2357 5855 Lov.,
2387 5794 2506 5845 ante
2534 5790 2931 5842 consensionem.
