4108 6188
392 181 548 244 1289

382 317 693 372 turantur:
724 313 1113 371 thesaurizate
1142 316 1342 370 autem
1383 312 1545 369 vobis
1611 311 1924 369 thesauros
1984 311 2043 365 in

385 402 550 472 coelo,
570 403 671 460 ubi
694 418 885 474 neque
900 403 1057 460 tinea
1083 418 1271 474 neque
1293 404 1625 457 comestura
1637 400 2047 467 exterminant,

383 496 441 548 et
463 492 564 547 ubi
591 493 744 550 fores
766 509 883 549 non
905 491 1192 548 effodiunt
1221 507 1327 547 nec
1354 489 1758 547 furantur.Ubi
1779 488 1934 546 enim
1961 490 2050 543 est

384 583 697 639 thesaurus
727 586 886 653 tuus,
917 581 994 637 ibi
1028 581 1146 637 erit
1176 583 1233 636 et
1271 596 1370 636 cor
1412 584 1602 635 tuum.
1639 602 1666 629 »
1711 583 1856 651 Ergo
1890 578 1938 633 si
1990 577 2047 629 in

382 675 538 729 terra
566 673 677 729 erit
696 688 814 741 cor,
859 672 917 727 id
941 674 1053 741 est,
1086 671 1136 726 si
1168 685 1234 725 eo
1264 670 1436 726 corde
1477 668 1727 741 quisque
1778 670 2053 740 operetur

382 759 627 833 aliquid,
660 763 724 818 ut
750 763 1056 817 terrenum
1081 759 1463 815 commodum
1496 756 1874 829 adipiscatur,
1904 770 2048 828 quo-

384 850 557 907 modo
569 849 681 906 erit
693 850 1050 921 mundum,q
1062 848 1175 905 uod
1194 846 1254 903 in
1266 850 1421 903 terra
1440 844 1759 903 volutatur?
1775 845 1832 900 Si
1855 846 2047 901 autem

381 938 442 993 in
474 938 933 1007 coelo,mundum
966 936 1245 1008 erit,quia
1264 936 1487 992 munda
1514 939 2050 1007 suntquaacumque

379 1026 655 1084 cmlestia.
690 1026 992 1083 Sordescit
1032 1024 1189 1082 enim
1227 1023 1471 1095 aliquid,
1496 1022 1906 1080 cuminteriori
1939 1022 2047 1077 mi-

378 1120 576 1173 scetur
604 1120 846 1188 naturas,
878 1131 953 1188 qu
971 1114 1158 1181 amvis
1191 1113 1249 1169 in
1274 1130 1381 1170 suo
1404 1129 1613 1187 genere
1626 1130 1741 1169 non
1766 1110 2044 1194 sordidae;

377 1205 518 1277 quia
547 1205 720 1261 etiam
744 1205 814 1261 de
836 1219 982 1277 puro
1025 1206 1262 1274 argento
1318 1202 1657 1259 sordidatur
1704 1216 1938 1270 aurum,
1998 1199 2049 1253 si

378 1293 720 1353 misceatur:
756 1294 837 1349 ita
871 1296 929 1349 et
961 1292 1198 1348 animus
1222 1294 1422 1347 noster
1436 1294 1799 1346 terrenorum
1822 1286 2048 1360 cupidi-

376 1380 1087 1455 tatesordescit,quamvis
1104 1380 1161 1454 ip
1175 1397 1240 1438 ea
1271 1383 1427 1436 terra
1446 1379 1505 1434 in
1521 1394 1627 1435 suo
1650 1392 1858 1451 genere
1876 1380 2050 1447 atque

365 1472 581 1532 ,ordine
612 1472 836 1530 munda
859 1469 1201 1539 sit.leum
1257 1473 1452 1526 autem
1486 1467 1595 1525 hoc
1617 1466 1742 1523 loco
1773 1483 1887 1524 non
1921 1481 2048 1521 cor-

379 1577 621 1635 poreum
654 1560 1089 1635 acceperimus,
1116 1559 1259 1631 quia
1289 1573 1460 1614 omne
1491 1573 1704 1631 corpus
1733 1572 1837 1629 pro
1892 1559 2048 1611 terra

377 1651 711 1709 habendum
729 1654 838 1707 est.
868 1648 1081 1717 Totum
1113 1648 1267 1704 enim
1303 1647 1603 1703 mundum
1638 1645 1810 1702 debet
1840 1648 2038 1701 conte-

379 1738 839 1813 mnere,quisibi
864 1737 1223 1795 thesaurizat
1254 1736 1313 1793 in
1351 1735 1519 1792 casio.
1537 1736 1599 1791 In
1619 1734 1719 1791 illo
1744 1750 1879 1807 ergo
1902 1732 2043 1791 cisio

378 1829 449 1885 de
470 1846 582 1900 quo
607 1830 830 1887 dictum
845 1831 956 1883 est.
975 1825 1207 1898 (Caelum
1218 1825 1342 1881 caeli
1355 1825 1588 1880 Domino
1602 1824 1750 1879 Psal.
1768 1823 2040 1895 cxm,16),

376 1917 557 1988 idest,
589 1917 649 1974 in
664 1906 1033 1974 ﬁrmamento
1050 1913 1370 1987 spirituali,
1405 1930 1519 1969 non
1545 1912 1775 1969 enimin
1803 1927 1868 1967 eo
1886 1913 2039 1984 quod

378 2006 1075 2075 transiet,constituereet
1091 2021 1155 2061 co
1171 2004 1386 2061 llocare
1400 2004 1682 2061 debemus
1694 2002 2035 2059 thesaurum

336 2152 351 2155 _
382 2100 651 2152 nostrum
681 2099 737 2152 et
768 2111 865 2151 cor
883 2098 1173 2164 nostrum,
1197 2088 1371 2149 sedin
1396 2108 1460 2149 eo
1487 2093 1644 2165 quod
1660 2107 1891 2164 semper
1912 2107 2036 2147 ma-

376 2189 499 2241 net:
526 2184 732 2241 omium
753 2188 947 2241 autem
980 2186 1037 2239 et
1067 2186 1223 2240 terra
1240 2181 1529 2238 transient
1549 2178 2032 2251 (Matth.xx1v,35).

447 2273 719 2329 55.Ethic
749 2273 1085 2329 manifestat
1104 2272 1174 2327 de
1196 2270 1536 2326 mundando
1559 2269 1729 2325 corde
1746 2285 1808 2324 se
1825 2272 2037 2324 cuncta

380 2363 497 2418 ista
524 2362 853 2435 praecipere,
874 2378 1007 2417 cum
1040 2360 1212 2416 dicit:
1266 2382 1292 2409 «
1321 2361 1575 2415 Lucerna
1629 2357 1888 2429 corporis
1950 2357 2033 2413 tui

382 2450 587 2508 oculus
616 2455 751 2507 tuus
772 2454 879 2507 est.
913 2450 968 2505 Si
1003 2465 1138 2521 ergo
1172 2447 1376 2504 oculus
1408 2452 1547 2503 tuus
1571 2438 1819 2519 simplex
1840 2446 2031 2527 fuerit,

378 2544 569 2597 totum
602 2558 815 2613 corpus
848 2544 1020 2595 tuum
1045 2538 1308 2595 lucidum
1341 2535 1470 2593 erit.
1504 2536 1563 2592 Si
1600 2540 1796 2591 autem
1828 2535 2035 2591 oculus

376 2634 517 2685 tuus
548 2646 802 2701 nequam
835 2632 947 2696 est,
970 2631 1157 2685 totum
1192 2642 1405 2699 corpus
1436 2630 1603 2681 tuum
1654 2625 2030 2681 tenebrosum

377 2718 506 2775 erit.
533 2718 591 2775 Si
625 2734 762 2789 ergo
794 2717 992 2774 lumen
1018 2717 1171 2789 quod
1206 2716 1262 2770 in
1294 2719 1349 2770 te
1407 2718 1514 2782 est,
1573 2714 1823 2769 tenebrae
1855 2716 2032 2779 sunt,

380 2808 633 2864 tenebrae
667 2811 904 2879 quantm
929 2805 957 2860 ?
985 2829 1014 2855 ››
1046 2805 1153 2870 Qui
1176 2804 1339 2859 locus
1371 2803 1455 2859 sic
1486 2801 1905 2873 intelligendus
1926 2804 2034 2867 est,

376 2903 443 2953 ut
468 2898 801 2955 noverimus
832 2895 1033 2952 omnia
1062 2890 1471 2967 opera‘nostra
1495 2896 1633 2947 tunc
1655 2906 1783 2947 esse
1815 2889 2036 2946 munda

380 2991 440 3044 et
469 2986 697 3058 placere
727 2985 786 3040 in
820 2986 1138 3056 conspectu
1168 2982 1288 3053 Dei,
1313 2980 1362 3037 si
1396 2980 1539 3036 ﬁant
1565 2978 1819 3051 simplici
1841 2980 2033 3047 corde,

374 3075 433 3131 id
457 3082 567 3144 est,
592 3074 918 3131 intentione
950 3088 1205 3145 superna
1236 3070 1350 3126 fine
1376 3069 1476 3127 illo
1509 3068 1844 3136 cbaritatis;
1896 3068 2035 3141 quia

377 3168 435 3221 et
464 3164 770 3237 plenitudo
801 3162 948 3235 legis
980 3160 1233 3218 charitas
1258 3159 1427 3232 (Rom.
1458 3175 1585 3229 xm,
1627 3157 1740 3231 40).
1787 3156 2033 3237 Oculum

380 3267 520 3326 ergo
549 3253 644 3308 hic
686 3251 948 3323 accipere
980 3250 1266 3306 debemus
1298 3248 1486 3321 ipsam
1511 3247 1896 3304 intentionem
1920 3264 2038 3320 qua

388 3341 960 3414 facimusquidquid
990 3338 1266 3396 facimus:
1296 3354 1423 3410 quae
1454 3337 1502 3394 si
1536 3337 1756 3393 munda
1780 3337 1953 3393 fuerit
1981 3340 2038 3393 et

391 3436 570 3500 recta,
593 3434 647 3486 et
678 3429 819 3485 illud
847 3428 1137 3501 aspiciens
1159 3428 1311 3499 quod
1330 3425 1733 3499 ascipiendum
1756 3430 1845 3483 est
1865 3451 1889 3503 ;‘
1912 3441 2035 3483 om-

395 3521 492 3576 nia
516 3536 689 3593 opera
720 3522 940 3584 nostra,
973 3533 1099 3593 quis
1130 3516 1456 3589 secundum
1515 3531 1643 3571 eam
1702 3530 2034 3591 operemur,

396 3626 632 3667 necesse
660 3610 925 3667 est‘bona
955 3608 1090 3665 sint.
1120 3608 1253 3674 Quis
1286 3607 1483 3664 omnia
1503 3608 1878 3679 operatotum
1911 3622 2035 3662 cor-

392 3717 505 3773 pus
536 3698 880 3773 appellavit;
918 3697 1054 3770 quia
1083 3704 1140 3754 et
1170 3695 1481 3769 Apostolus
1532 3696 1798 3751 membra
1837 3699 2039 3751 nostra

390 3788 534 3843 dicit
552 3787 820 3859 quaedam
844 3802 1038 3859 opera,
1065 3802 1192 3859 quas
1218 3783 1533 3856 improbat,
1556 3786 1614 3838 et
1631 3782 2038 3839 mortiﬁcanda

388 3877 645 3949 pracipit
677 3878 902 3948 dicens,
924 3876 1241 3947 Mortiﬁcate
1270 3890 1401 3945 ergo
1433 3874 1678 3936 membra
1707 3876 1883 3928 vestra
1912 3885 2036 3944 quae

382 3970 510 4024 sunt
540 3984 704 4039 super
726 3976 959 4036 terram,
981 3964 1426 4036 fornicationem,
1443 3962 1878 4032 immunditiam,
1900 3977 2034 4017 ava-

380 4057 577 4113 ritiam
606 4056 836 4129 (Coloss.
871 4073 959 4123 tu,
983 4056 1064 4127 5),
1084 4060 1141 4119 et
1172 4057 1378 4113 castora
1409 4052 1569 4109 talia.

452 4145 539 4201 46.
573 4144 696 4201 Non
728 4160 863 4217 ergo
895 4144 1036 4217 quid
1068 4143 1318 4215 quisque
1343 4140 1537 4209 faciat,
1570 4140 1666 4196 sed
1700 4155 1816 4211 quo
1838 4138 2035 4195 animo

384 4234 579 4305 faciat,
604 4233 1103 4305 considerandum
1140 4236 1249 4290 est.
1285 4231 1400 4288 Hoc
1434 4233 1522 4286 est
1550 4228 1702 4285 enim
1726 4228 1923 4284 lumen
1974 4227 2033 4283 in

383 4322 576 4390 nobis,
610 4322 749 4392 quia
772 4321 887 4378 hoc
916 4321 1085 4379 nobis
1120 4318 1496 4383 manifestum
1528 4321 1617 4375 est
1642 4317 1792 4372 bono
1841 4315 2036 4393 animo

385 4427 494 4467 nos
506 4411 693 4468 facere
715 4411 1155 4483 quodfacimus:
1170 4426 1341 4468 omne
1356 4407 1513 4466 enim
1528 4406 1681 4478 quod
1704 4405 2038 4462 manifesta-

384 4504 501 4568 tur,
534 4498 734 4556 lumen
753 4488 1079 4572 est(Ep'hes.
1102 4517 1158 4568 v,
1186 4498 1291 4570 13).
1322 4498 1467 4555 Nam
1490 4496 1620 4568 ipsa
1642 4494 1793 4551 facta
1822 4511 1949 4567 quis
1964 4495 2034 4551 ad

386 4587 695 4644 hominum
709 4589 1045 4649 societatem
1059 4606 1092 4646 a
1104 4587 1274 4645 nobis
1288 4585 1539 4659 procedu
1550 4583 1923 4651 nt,incertum
1939 4584 2036 4640 ha-

387 4675 526 4731 bent
553 4676 865 4745 exitum;et
894 4677 1023 4733 ideo
1054 4676 1325 4733 tenebras
1354 4690 1453 4731 eas
1483 4672 1853 4729 vocavit.Non
1877 4673 2035 4728 enim

388 4764 543 4829 novi,
572 4781 706 4821 cum
736 4764 1045 4837 pecuniam
1083 4764 1315 4837 porrigo
1357 4762 1652 4834 indigenti
1699 4766 1755 4817 et
1793 4762 2033 4835 petenti,

386 4853 527 4924 quid
564 4854 700 4910 inde
730 4857 832 4910 aut
855 4854 1117 4911 facturus
1146 4854 1242 4925 sit,
1262 4856 1361 4909 aut
1381 4868 1697 4924 passurus;
1724 4856 1779 4906 et
1796 4852 2036 4926 ﬁeripo-

388 4947 501 5000 test
532 4946 599 4999 ut
630 4942 718 4999 vel
757 4942 933 4999 faciat
954 4959 1021 4999 ex
1051 4958 1140 5011 ea,
1185 4940 1271 4997 vel
1318 4938 1553 5013 propter
1602 4954 1731 4996 eam
1781 4940 2040 5011 patiatur

386 5032 610 5105 aliquid
638 5031 806 5099 mali,
840 5031 995 5103 quod
1018 5046 1122 5103 ego
1148 5046 1282 5089 cum
1310 5030 1532 5101 darem,
1556 5046 1669 5085 non
1694 5026 1921 5085 evenire
1938 5046 2037 5085 vo-

385 5121 618 5193 luerim,
654 5136 845 5195 neque
884 5119 995 5177 hoc
1025 5120 1221 5176 animo
1244 5118 1529 5179 dederim.
1566 5120 1767 5189 itaque
1807 5118 1855 5174 si
1888 5118 2040 5175 bono

388 5211 586 5267 animo
616 5212 747 5281 feci,
779 5210 936 5283 quod
965 5208 1263 5265 mihicum
1292 5208 1573 5275 facerem,
1605 5210 1806 5262 notum
1838 5211 2043 5274 erat,et

391 5297 521 5354 ideo
562 5298 765 5357 lumen
824 5303 1102 5367 vocatur;
1161 5296 1532 5353 illuminatur
1576 5295 1764 5367 etiam
1826 5295 2044 5353 factum

1740 178 1973 241 LIBER
2015 177 2453 243 SECUNDUS.

3598 212 3609 221 '
3642 194 3797 257 1290

2156 311 2706 382 quoniamincertus
2736 320 2792 370 et
2815 316 3049 390 ignotus
3080 324 3188 389 est,
3222 323 3472 377 tenebrae
3494 324 3795 398 appellata)

2155 404 2309 455 sunt.
2335 400 2393 455 Si
2420 406 2612 457 autem
2633 404 2785 460 malo
2818 406 3015 462 animo
3031 408 3335 475 feci,etiam
3370 411 3565 483 ipsum
3599 413 3798 471 lumen

2157 490 2408 544 tenebrae
2431 496 2816 571 sunt.Lumen
2849 497 3004 551 enim
3040 497 3275 567 dicitur,
3304 500 3440 571 quia
3470 502 3803 576 novitquis-

2158 592 2271 647 que
2303 595 2417 649 quo
2442 580 2635 635 animo
2666 582 2858 651 faciat,
2885 584 3063 641 etiam
3095 603 3227 642 cum
3246 588 3397 643 malo
3413 589 3608 645 animo
3631 590 3801 659 facit;

2159 665 2257 719 sed
2278 666 2471 738 ipsum
2504 670 2964 728 lumentenebrze
2996 676 3425 747 sunt,quianon
3456 676 3514 732 in
3545 695 3801 750 superna

2158 753 2433 827 dirigitur
2444 757 2692 830 simplex
2706 761 2719 814 i
2732 761 2952 817 ntentio
2970 765 3066 818 sed
3082 766 3152 820 ad
3168 765 3444 821 inferiora
3457 765 3801 837 declinatur,

2157 846 2214 897 et
2234 844 2451 916 duplici
2484 848 2656 903 corde
2685 850 2849 919 quasi
2873 852 3141 908 umbram
3176 852 3332 924 facit,
3369 854 3428 909 Si
3454 871 3580 925 ergo
3612 856 3802 912 lumen

2158 932 2299 1002 quod
2328 934 2387 987 in
2410 937 2461 989 te
2487 940 2592 1005 est,
2622 938 2867 995 tenebrae
2892 949 3043 1007 sunt,
3075 941 3323 998 tenebrae
3367 948 3636 1013 quantae?
3692 944 3801 1001 hoc

2157 1025 2263 1090 est,
2295 1020 2351 1074 Si
2385 1021 2514 1093 ipsa
2537 1025 2728 1080 cordis
2759 1026 3024 1093 intentio,
3060 1045 3177 1100 qua
3238 1030 3379 1085 facis
3423 1032 3578 1102 quod
3634 1032 3800 1099 facis,

2157 1125 2281 1180 qum
2312 1110 2417 1165 tibi
2450 1116 2587 1168 nota
2616 1118 2724 1185 est,
2756 1116 3090 1171 sordidatur
3119 1118 3378 1190 appetitu
3396 1136 3591 1176 rerum
3624 1125 3803 1177 terre-

2156 1214 2364 1253 narum
2397 1205 2455 1256 et
2477 1203 3095 1277 temporalium,atque
3118 1212 3365 1263 caecatur
3390 1226 3401 1276 ;
3425 1213 3647 1281 quanto
3674 1226 3801 1266 ma-

2154 1286 2244 1357 gis
2268 1287 2464 1360 ipsum
2499 1290 2737 1358 factum,
2772 1294 2942 1363 cujus
2976 1294 3232 1352 incertus
3262 1301 3349 1352 est
3380 1298 3591 1371 exitus,
3613 1298 3801 1356 sordi-

2154 1376 2293 1432 dum
2317 1382 2373 1433 et
2402 1379 2780 1436 tenebrosum
2809 1386 2896 1437 est
2916 1383 3099 1455 ?quia
3118 1385 3222 1440 etsi
3250 1385 3397 1442 bene
3445 1387 3621 1443 alicui
3672 1405 3805 1460 pro-

2152 1465 2365 1538 veniat,
2392 1471 2543 1540 quod
2579 1474 2642 1526 tu
2677 1488 2791 1527 non
2825 1476 2983 1529 recta
3012 1479 3069 1529 et
3098 1476 3321 1530 munda
3349 1475 3673 1533 intentione
3693 1480 3806 1548 ,fa-

2154 1556 2238 1612 cis
2271 1574 2284 1625 ;
2318 1560 2610 1630 quomodo
2638 1564 2699 1615 tu
2734 1561 2959 1631 feceris,
2998 1562 3097 1617 tibi
3131 1563 3480 1637 imputatur,
3517 1584 3630 1621 non
3663 1583 3804 1639 quo-

2153 1646 2324 1702 modo
2355 1645 2435 1702 illi
2456 1649 2803 1720 provenerit.

2220 1732 2450 1792 CAPUT
2489 1737 2629 1793 XIV.
2655 1738 2825 1793 -47,
2859 1740 3021 1804 Quod
3053 1745 3246 1797 autem
3280 1743 3572 1815 sequitur,
3606 1748 3661 1800 et
3711 1745 3800 1799 di-

2150 1823 2228 1880 cit
2247 1830 2414 1882 Nemo
2428 1832 2598 1899 potest
2626 1828 2831 1884 duobus
2851 1829 3088 1886 dominis
3108 1834 3330 1903 servire,
3349 1834 3418 1888 ad
3434 1833 3585 1889 hanc
3608 1833 3799 1906 ipsam

2148 1911 2534 1972 intentionem
2569 1917 2934 1973 referendum
2960 1924 3067 1985 est,
3092 1922 3243 1993 quod
3261 1927 3804 1994 consequenterex-

2147 2003 2330 2075 ponit,
2364 2004 2586 2062 dicens:
2603 2006 2709 2061 Aut
2728 2009 2874 2063 enim
2894 2025 3067 2064 unum
3088 2009 3208 2065 odio
3239 2011 3538 2083 habebit,et
3560 2013 3802 2069 alterum

2145 2091 2377 2164 diliget;
2408 2104 2505 2150 aut
2533 2096 2771 2151 alterum
2790 2099 3055 2169 patietur,
3087 2103 3137 2155 et
3176 2098 3429 2156 alterum
3470 2105 3797 2158 contemnet.

2145 2182 2278 2247 Quae
2310 2183 2486 2239 verba
2517 2184 2827 2257 diligenter
2856 2186 3279 2243 consideranda
3309 2193 3487 2244 sunt:
3523 2208 3657 2245 nam
3689 2192 3794 2261 qui

2144 2272 2264 2325 sint
2287 2271 2403 2327 duo
2436 2273 2679 2343 domini,
2713 2274 2986 2347 deinceps
3018 2277 3295 2342 ostendit,
3319 2294 3453 2333 cum
3488 2279 3646 2346 dicit,
3680 2280 3798 2335 Non

2140 2364 2365 2431 potestis
2384 2362 2486 2417 Deo
2516 2364 2721 2417 servire
2750 2367 2803 2419 et
2842 2380 3188 2421 mammonae.
3248 2368 3583 2423 Mammona
3638 2369 3793 2439 apud

2144 2447 2637 2505 Hebraeosdivitiaa
2656 2451 2933 2523 appellari
2960 2454 3601 2526 dicuntur,Congruitet
3618 2458 3793 2528 puni-

2142 2554 2274 2592 cum
2310 2554 2519 2593 nomen
2542 2556 2707 2595 :nam
2740 2539 2994 2606 lucrum,
3011 2542 3218 2613 punice
3232 2560 3533 2599 mammon
3548 2544 3782 2600 dicitur.

2139 2627 2245 2681 Sed
2282 2626 2381 2698 qui
2413 2627 2592 2682 servit
2623 2644 2994 2695 mammonae,
3039 2628 3121 2683 illi
3182 2631 3385 2702 utique
3434 2632 3628 2701 servit,
3684 2633 3785 2703 qui

2142 2714 2315 2770 rebus
2345 2714 2476 2771 istis
2507 2715 2755 2771 terrenis
2788 2717 2996 2772 merito
3041 2734 3161 2773 suae
3207 2719 3603 2790 perversitatis
3639 2737 3785 2793 pra:-

2138 2802 2390 2877 positus.
2426 2804 2803 2878 magistratus
2832 2805 3011 2877 hujus
3025 2807 3221 2863 saeculi
3245 2826 3278 2864 a
3299 2808 3546 2865 Domino
3569 2810 3788 2866 dicitur

2142 2894 2324 2964 (Joan.
2358 2912 2457 2963 xu,
2482 2893 2644 2962 34,et
2674 2912 2785 2965 x1v,
2809 2895 2918 2965 30).
2954 2900 3062 2951 Aut
3113 2914 3249 2969 ergo
3294 2898 3452 2953 hunc
3507 2898 3632 2955 odio
3687 2900 3787 2955 ha-

2144 2985 2288 3041 bebit
2318 2983 2515 3050 homo,
2547 2988 2597 3038 et
2627 2985 2864 3039 alterum
2890 2983 3100 3057 diliget,
3134 2986 3189 3041 id
3246 2990 3357 3054 est,
3417 2986 3600 3043 Deum
3628 3013 3641 3058 ;
3692 2992 3790 3044 aut

2143 3073 2379 3127 alterum
2405 3072 2671 3143 patietur,
2693 3081 2742 3127 et
2771 3072 3010 3128 alterum
3028 3079 3355 3130 contemnet.
3382 3076 3607 3132 Patitur
3632 3076 3791 3132 enim

2145 3163 2357 3219 durum
2390 3154 2446 3216 et
2477 3160 2871 3233 perniciosum
2920 3163 3250 3231 dominum,
3305 3164 3577 3238 quisquis
3606 3166 3789 3222 servit

2145 3266 2533 3317 mammona;
2569 3266 2675 3305 sua
2695 3248 2849 3304 enim
2869 3250 3188 3323 cupiditate
3204 3252 3788 3324 implicatus,subdi-

2144 3345 2241 3396 tur
2270 3337 2541 3394 diabolo:
2577 3343 2633 3393 et
2664 3354 2777 3393 non
2810 3356 2943 3395 eum
2963 3339 3191 3410 diligit;
3225 3341 3357 3412 quis
3380 3343 3535 3399 enim
3584 3347 3673 3399 est
3694 3344 3795 3415 qui

2147 3425 2704 3501 diligatdiaboium?
2728 3429 2827 3482 sed
2848 3433 3042 3485 tamen
3058 3429 3297 3502 patitur:
3318 3431 3472 3487 sicut
3493 3431 3549 3487 in
3575 3432 3796 3504 majore

2146 3516 2345 3590 aliqua
2363 3517 2657 3587 domo,qui
2674 3516 2898 3573 ancilla:
2921 3518 3123 3574 alienae
3147 3521 3796 3594 conjunctusest,prop-

2146 3612 2232 3663 ter
2278 3606 2658 3687 cupiditatem
2699 3622 2866 3662 suam
2921 3607 3130 3664 duram
3169 3610 3388 3680 patitur
3431 3612 3791 3681 servitutem,

2144 3697 2319 3751 etiam
2352 3695 2399 3751 si
2434 3711 2551 3751 non
2584 3695 2789 3768 diligat
2818 3713 2974 3768 eum,
3010 3700 3179 3769 cujus
3203 3699 3475 3754 ancillam
3511 3700 3717 3773 diligit.

2217 3785 2555 3840 48.Alterum
2583 3794 2768 3839 autem
2788 3787 3587 3855 contemnet,dixit;non,odio
3614 3789 3792 3843 habe-

2143 3873 2249 3928 bit.
2282 3866 2514 3928 Nullius
2544 3872 2699 3928 enim
2735 3873 2850 3928 fere
2872 3874 3420 3929 conscientiaDeum
3470 3874 3666 3929 odisse
3698 3890 3795 3946 po-

2142 3954 2703 4034 teet(a):contemnit
2722 3964 3002 4033 autem,id
3027 3967 3257 4033 est,non
3281 3962 3795 4035 timeteum,quasi

2144 4053 2214 4106 de
2245 4052 2372 4123 ejus
2403 4050 2662 4107 bonitate
2694 4067 2938 4108 securus
2962 4056 3068 4108 est.
3102 4053 3185 4107 Ab
3215 4051 3325 4107 hac
3358 4051 3712 4124 negligentia
3741 4055 3799 4108 et

2146 4128 2475 4215 perniciosa
2507 4140 2818 4197 securitate
2852 4146 3081 4197 revocat
3110 4141 3366 4213 Spiritus
3395 4146 3798 4209 sanctus,cum

2144 4244 2246 4301 per
2275 4226 2626 4301 Prophetam
2660 4230 2821 4298 dicit,
2848 4230 2972 4302 Fili,
3006 4230 3315 4300 neadiicias
3327 4238 3612 4302 peccatum
3637 4246 3802 4304 super

2132 4321 2447 4399 peccatum,
2479 4322 2528 4373 et
2559 4318 2740 4389 dicas,
2775 4319 3045 4376 Miseratio
3068 4320 3166 4376 Dei
3188 4336 3396 4392 magna
3426 4325 3503 4375 est
3534 4320 3717 4392 (Eccti.
3742 4337 3798 4389 v,

2141 4408 2197 4475 5,
2228 4407 2282 4479 6)
2300 4424 2318 4469 ;
2343 4411 2418 4477 et,
2441 4408 2665 4476 Ignoras
2681 4411 2809 4479 quia
2836 4410 3116 4481 patientia
3138 4410 3234 4465 Dei
3249 4409 3319 4464 ad
3339 4410 3729 4480 paenitentiam
3751 4412 3801 4464 te

2144 4497 2343 4553 invitat
2368 4484 2548 4566 (Rom.
2583 4514 2645 4564 ιι,
2680 4497 2976 4569 4)Ῡου]υε
3007 4498 3163 4554 enim
3198 4503 3363 4554 tanta
3396 4496 3799 4555 misericordia

2142 4585 2589 4641 commemorari
2622 4589 2833 4657 potest,
2858 4604 3034 4658 quam
3081 4588 3209 4658 ejus
3240 4589 3339 4660 qui
3372 4586 3569 4643 omnia
3618 4588 3797 4643 donat

2143 4678 2380 4747 peccata
2394 4674 2768 4745 conversis,et
2786 4675 3104 4732 oleastrum
3130 4676 3265 4731 facit
3289 4675 3636 4747 participem
3662 4675 3794 4748 pin-

2142 4763 2415 4837 guedinis
2444 4762 2653 4820 olivae?
2673 4768 2729 4820 et
2761 4767 2929 4836 cujus
2960 4769 3124 4821 tanta
3154 4764 3640 4837 severitas,quam
3664 4765 3794 4837 ejus

2143 4853 2240 4927 qui
2268 4850 2635 4909 naturalibus
2660 4854 2838 4909 ramis
2870 4871 2986 4910 non
3018 4854 3294 4927 pepercit,
3318 4855 3419 4910 sed
3453 4859 3687 4929 propter
3712 4854 3796 4910 in-

2146 4942 2481 4999 fidelitatem
2516 4941 2687 5014 fregit
2717 4941 2849 4997 illos
2881 4943 2977 5015 (Id.
3013 4961 3089 5010 x1,
3128 4944 3308 5017 17-24)
3334 4946 3356 4999 P
3383 4944 3491 5001 Sed
3525 4944 3795 5017 quisquis

2146 5030 2267 5087 vult
2297 5030 2535 5104 diligere
2565 5031 2770 5101 Deum,
2796 5036 2851 5087 et
2876 5048 3077 5090 cavere
3090 5050 3159 5088 ne
3182 5034 3455 5101 olfendat,
3480 5050 3592 5089 non
3617 5050 3679 5089 se
3704 5049 3796 5089 ar-

2146 5120 2396 5176 bitretur
2424 5120 2656 5177 duobus
2686 5122 2942 5179 dominis
2975 5140 3147 5195 posse
3187 5123 3421 5191 servire,
3446 5128 3501 5178 et
3524 5122 3798 5179 intentio-

2149 5226 2278 5266 nem
2311 5209 2503 5266 cordis
2534 5210 2625 5265 sui
2650 5216 2865 5268 rectam
2898 5213 2970 5268 ab
3019 5214 3177 5269 omni
3225 5212 3566 5284 duplicitate
3617 5210 3798 5284 expli-

2151 5298 2368 5355 cetzita
2399 5298 2555 5355 enim
2587 5301 2799 5357 sentiet
2831 5303 2900 5357 de
2922 5302 3167 5359 Domino
3198 5302 3255 5355 in
3306 5300 3586 5369 bonitate,
3638 5304 3696 5357 et
3742 5300 3799 5356 in

386 5402 589 5444 meum
622 5388 853 5460 qualem
870 5385 1650 5463 cumqueexitumhabuerit
1672 5400 1685 5445 :
1711 5384 1811 5456 qui
1850 5385 2047 5441 exitus
2154 5387 2527 5460 simplicitate
2559 5390 2752 5447 cordis
2783 5395 2997 5462 quaeret
3028 5390 3192 5445 illum
3224 5390 3373 5462 (Sap.
3408 5409 3447 5459 1,
3478 5390 3551 5461 l).

395 5498 571 5576 pt'ih‘as
596 5510 715 5573 qua:
737 5522 767 5559 a
786 5515 942 5576 notes
960 5514 1157 5576 passim
1181 5512 1282 5561 hoc
1304 5510 1359 5559 in
1388 5523 1549 5572 opere
1571 5522 1767 5571 magna
1787 5508 2044 5572 religione

397 5573 758 5627 restituuntur
788 5573 987 5627 cause.

720 5692 979 5756 ΡΑτιιοι.
1027 5692 1299 5761 XXXIV.”

2222 5477 2451 5532 CAPUT
2492 5478 2609 5534 XV.
2636 5511 2702 5521 —-
2726 5481 2809 5534 49.
2838 5481 2976 5551 Ideo,
3000 5479 3212 5551 inquit,
3245 5480 3363 5536 dico
3383 5480 3547 5548 vobis,
3580 5495 3685 5536 non
3711 5480 3805 5535 hae

2213 5575 2295 5637 (α)
2325 5576 2342 5623 l
2374 5574 2603 5626 Retract.
2636 5591 2749 5640 cap,
2782 5580 2856 5638 l9,
2879 5591 2932 5626 n.
2962 5577 3010 5627 8.

3403 5697 3475 5759 41
