4166 6184
434 260 579 344 1291

433 418 556 473 bere
572 416 1003 473 sollicitudinem
1034 420 1242 474 animm
1274 423 1463 473 vestra:
1493 419 1633 488 quid
1664 418 1857 487 edulis,
1902 434 2075 487 neque

429 509 650 577 corpori
680 512 851 562 vestro
885 508 1017 577 quid
1048 508 1316 562 imluatis.
1352 509 1430 560 Ne
1464 510 1626 572 forte,
1662 507 1929 577 quamvis
1950 509 2075 577 jam

431 596 729 666 superflua
743 613 856 651 non
881 600 1479 666 quaerantur,propter
1498 596 1621 665 ipsa
1638 596 1967 650 necessaria
1983 612 2080 648 cor

430 686 506 739 du
518 684 845 756 plicetur,et
862 686 930 739 ad
955 685 1081 755 ipsa
1102 685 1496 753 conquirenda
1519 692 1716 739 nostra
1737 685 2077 753 detorquea-

432 777 529 827 tur
550 773 822 843 intentio,
855 790 988 827 cum
1013 772 1233 843 aliquid
1268 774 1434 843 quasi
1472 774 1925 828 misericorditer
1948 789 2077 843 ope-

431 878 672 929 remur;
708 862 761 915 id
794 866 903 927 est,
931 866 996 915 ut
1028 878 1159 915 cum
1194 862 1497 917 consulere
1521 862 1693 917 alicui
1750 862 1927 916 videri
1978 878 2077 915 vo-

432 950 655 1017 lumus,
688 955 956 1005 nostrum
1009 950 1471 1005 emolumentum
1508 952 1583 1005 ibi
1632 951 1844 1022 potius,
1906 966 2076 1020 quam

432 1038 589 1093 illius
622 1038 933 1094 utilitatem
959 1040 1336 1095 attendamus
1366 1057 1377 1095 :
1411 1046 1466 1093 et
1498 1040 1625 1094 ideo
1664 1040 1833 1094 nobis
1858 1056 1971 1093 non
2004 1041 2081 1093 vi-

431 1128 675 1182 deamur
704 1142 965 1199 peccare,
984 1129 1123 1199 quia
1146 1146 1261 1183 non
1290 1130 1607 1200 superﬂua,
1631 1130 1731 1183 sed
1756 1129 2083 1185 necessaria

431 1219 571 1271 sunt
599 1232 727 1287 quas
759 1218 1037 1288 consequi
1068 1217 1355 1272 volumus.
1409 1218 1689 1273 Dominus
1742 1224 1935 1273 autem
1978 1219 2083 1271 ad-

432 1309 633 1361 monet
653 1310 718 1360 ut
749 1306 1191 1361 meminerimus
1211 1306 1394 1361 multo
1422 1308 1679 1378 amplius
1711 1308 1878 1362 nobis
1900 1308 2081 1361 Deum

433 1394 688 1463 dedisse,
722 1395 1001 1465 quodnos
1036 1396 1244 1450 fecitet
1284 1396 1614 1467 composuit
1660 1413 1726 1451 ex
1775 1398 1972 1451 anima
2030 1400 2084 1450 et

433 1500 695 1556 corpore,
728 1500 903 1555 quam
930 1489 1019 1539 est
1040 1485 1387 1539 alimentum
1431 1490 1605 1555 atque
1652 1490 2080 1556 tegumentum,

434 1591 686 1645 quorum
710 1591 846 1630 cura
876 1593 981 1630 nos
1010 1575 1309 1647 duplicare
1331 1593 1427 1631 cor
1459 1593 1570 1630 non
1603 1576 1745 1630 vult.
1780 1577 2079 1645 Nonno,in-

434 1664 583 1734 quit,
615 1664 808 1719 anima
834 1666 957 1735 plus
978 1675 1056 1719 est
1087 1681 1252 1735 quam
1272 1680 1391 1719 esca
1415 1670 1438 1717 γ
1461 1664 1528 1720 Ut
1552 1670 1609 1719 tu
1634 1664 1925 1736 intelligas
1949 1680 2083 1719 eum

431 1751 532 1822 qui
562 1751 722 1806 dedit
751 1752 1030 1821 animam,
1058 1752 1243 1808 multo
1275 1753 1504 1809 facilius
1534 1770 1727 1808 escam
1757 1768 1884 1809 esse
1912 1754 2081 1808 datu-

432 1855 585 1895 rum.
622 1842 681 1895 Et
699 1858 899 1912 corpus
928 1858 1089 1913 quam
1121 1844 1519 1909 vestimentum,
1557 1844 1613 1896 id
1647 1847 1754 1907 est,
1791 1843 1922 1914 plus
1954 1848 2080 1897 est:

435 1933 500 1984 ut
528 1929 802 1985 similiter
832 1930 1146 2002 intelligas,
1180 1948 1312 1986 eum
1342 1932 1439 2003 qui
1464 1949 1675 2004 corpus
1692 1932 1873 1999 dedit,
1904 1931 2082 1987 multo

434 2019 665 2075 facilius
696 2020 971 2076 daturum
1005 2037 1133 2077 esse
1163 2021 1601 2076 vestimentum.

505 2110 594 2163 50.
631 2111 753 2174 Quo
774 2109 898 2164 loco
932 2111 1114 2180 quaeri
1142 2110 1289 2165 solet
1306 2116 1503 2165 utrum
1530 2112 1600 2166 ad
1626 2111 1885 2166 animam
1918 2112 2083 2168 cibus

436 2197 549 2253 iste
575 2199 1019 2270 pertineat,cum
1045 2200 1242 2254 anima
1272 2198 1612 2271 incorporea
1641 2201 1736 2267 sit,
1754 2200 1863 2255 iste
1884 2204 2080 2256 autem

435 2287 602 2342 cibus
632 2304 967 2358 corporeus,
999 2289 1105 2342 Sed
1133 2288 1392 2343 animam
1416 2289 1523 2343 hoc
1544 2289 1666 2342 loco
1689 2306 1792 2360 pro
1822 2289 1938 2345 ista
1966 2290 2084 2346 vita

436 2376 686 2446 positam
710 2376 1065 2445 noverimus,
1092 2377 1261 2445 cujus
1292 2376 1680 2431 retinaculum
1720 2383 1809 2431 est
1840 2378 2080 2434 alimen-

431 2468 557 2519 tum
589 2464 745 2519 istud
779 2480 1141 2536 corporeum.
1166 2465 1499 2520 Secundum
1532 2466 1681 2520 hanc
1702 2468 2075 2536 signiﬁcatio-

426 2569 560 2608 nem
592 2553 813 2609 dietum
831 2557 920 2608 est
948 2553 1305 2608 etiamillud:
1330 2556 1437 2621 Qui
1466 2564 1611 2609 amat
1632 2558 2070 2623 animamsuam,

418 2642 612 2713 perdet
640 2642 801 2696 illam
823 2644 999 2710 (Joan.
1034 2643 1422 2712 x11,25).Quod
1455 2644 1567 2698 nisi
1601 2644 1671 2698 de
1706 2644 1813 2699 hac
1842 2645 1957 2700 vita
1979 2662 2072 2701 ac-

417 2731 771 2802 ceperimus,
804 2748 980 2802 quam
1031 2736 1257 2801 oportet
1286 2748 1388 2803 pro
1422 2748 1598 2803 regno
1658 2733 1753 2787 Dei
1808 2736 2071 2805 perdere,

416 2820 570 2890 quod
586 2820 851 2892 potuisse
878 2820 1157 2891 Martyres
1174 2819 1768 2888 claruit,contrarium
1794 2822 1902 2877 hoc
1927 2841 2071 2894 prae-

417 2913 653 2979 ceptum
698 2910 807 2963 erit
838 2908 919 2963 illi
954 2909 1247 2963 sententia}
1281 2926 1397 2979 qua
1424 2912 1647 2965 dictum
1692 2916 1816 2965 est:
1873 2912 2068 2977 «Quid

417 2998 658 3068 prodest
686 2997 931 3064 homini,
968 2998 1014 3052 si
1048 3001 1234 3052 totum
1269 2998 2066 3068 muudumlueretur,animaa

419 3090 616 3142 autem
649 3103 767 3141 eum
790 3086 1206 3141 detrimentum
1230 3085 1403 3141 faciat
1428 3108 1454 3135 ››
1478 3086 1693 3154 (Matth.
1718 3105 1831 3155 xv1,
1864 3089 1996 3159 26)?

487 3176 575 3229 51.
603 3198 631 3226 ‹‹
658 3174 1447 3246 Respicite,inquit,volatilia
1477 3176 1623 3245 coeli,
1646 3177 1923 3247 quoniam
1951 3195 2062 3233 non

416 3268 634 3332 serunt,
652 3280 836 3335 neque
858 3268 1107 3328 metunt,
1128 3279 1314 3335 neque
1345 3270 1703 3337 congregant
1727 3266 1783 3319 in
1817 3267 2023 3322 horrea
2047 3285 2061 3321 :

415 3357 472 3408 et
500 3356 674 3409 Pater
701 3357 889 3408 vester
920 3351 1174 3408 caelestis
1197 3354 1385 3423 pascit
1407 3353 1542 3409 illa:
1580 3371 1771 3409 nonne
1803 3372 1901 3410 vos
1933 3358 2059 3427 plu-

414 3439 497 3497 ris
529 3442 673 3497 estis
706 3441 821 3496 illis
844 3440 871 3494 ?
891 3461 917 3492 »
950 3441 1006 3495 id
1035 3446 1143 3507 est,
1178 3443 1372 3497 carius
1404 3459 1503 3498 vos
1533 3442 1759 3498 valetis.
1790 3445 1935 3507 Quia
1956 3446 2062 3499 uti-

411 3544 523 3599 que
554 3528 839 3584 rationale
879 3528 1118 3596 animal,
1153 3530 1324 3584 sicuti
1356 3536 1446 3585 est
1492 3531 1685 3597 homo,
1747 3532 2059 3588 sublimius

410 3619 746 3674 ordinatum
770 3619 928 3671 estin
958 3634 1151 3672 rerum
1178 3624 1591 3689 natura,quam
1613 3621 2054 3690 irrationabilia,

407 3705 561 3761 sicut
591 3711 731 3760 sunt
762 3721 913 3759 aves.
940 3729 965 3755 «
991 3706 1130 3767 Quis
1163 3712 1376 3774 autem,
1418 3712 1675 3762 vestrum
1706 3726 1940 3777 curans,
1974 3712 2056 3765 in-

406 3793 553 3865 quit,
585 3798 779 3866 potest
807 3794 1056 3864 adjicere
1101 3796 1172 3850 ad
1224 3799 1509 3850 staturam
1568 3814 1736 3852 suam
1791 3798 2053 3854 cubitum

404 3883 636 3939 unum?
668 3883 735 3937 Et
763 3883 834 3937 de
864 3882 1208 3939 vestimento
1229 3884 1369 3953 quid
1396 3884 1629 3940 solliciti
1662 3886 1832 3941 estis?
1852 3888 1909 3941 id
1941 3892 2048 3956 est,

403 3972 572 4043 cujus
604 3976 888 4042 potestate
918 3978 1093 4043 atque
1121 3972 1426 4027 dominatu
1460 3974 1675 4029 factum
1726 3984 1811 4031 est
1868 3982 1932 4030 ut
1978 3978 2048 4032 ad

403 4061 555 4117 hanc
582 4065 869 4116 staturam
903 4076 1113 4131 corpus
1146 4065 1405 4115 vestrum
1438 4063 1872 4132 perduceretur,
1924 4066 2047 4135 ejus

402 4150 765 4219 providentia
791 4150 968 4205 etiam
1000 4149 1193 4204 vestiri
1224 4155 1450 4221 potest;
1486 4167 1597 4205 non
1632 4155 1826 4206 autem
1858 4159 2048 4209 vestra

402 4255 543 4293 cura
572 4242 791 4293 factum
823 4255 952 4293 esse
983 4242 1046 4293 ut
1076 4239 1147 4293 ad
1169 4238 1320 4293 hanc
1353 4245 1639 4294 staturam
1664 4242 1887 4296 veniret
1916 4260 2043 4297 eor-

400 4342 511 4398 pus
540 4331 820 4394 vestrum,
854 4344 921 4381 ex
946 4326 1054 4381 hoc
1087 4326 1336 4398 intelligi
1369 4333 1575 4398 potest,
1610 4330 1763 4398 quod
1797 4330 1847 4384 ei
1878 4347 2042 4387 cure-

398 4416 496 4484 tis,
527 4419 584 4470 et
607 4414 800 4470 velitis
828 4414 1076 4485 adjicere
1112 4431 1295 4469 unum
1325 4416 1590 4470 cubitum
1622 4417 1757 4473 huic
1780 4424 2040 4489 staturae,

392 4522 508 4561 non
532 4505 775 4577 potestis
800 4525 814 4573 ς
840 4503 923 4558 illi
943 4520 1078 4577 ergo
1106 4505 1281 4559 etiam
1302 4508 1533 4577 tegendi
1557 4509 1815 4577 corporis
1838 4525 2038 4566 curam

1184 284 1284 344 DE
1330 285 1702 347 SERMONE
1747 284 2022 344 DOMINI
2069 285 2147 344 IN
2196 282 2490 355 MONTE,
2540 284 2603 343 S.
2651 283 3101 347 AUGUSTINI.

3692 288 3855 346 1292

2188 418 2411 486 majora
2441 419 2938 488 persuaderentur
2967 436 2979 473 :
3014 418 3189 474 sicuti
3224 417 3369 471 illud
3404 423 3493 473 est
3534 418 3625 472 de-
3646 419 3859 488 judice

2188 506 2287 575 qui
2322 524 2424 561 nec
2460 508 2635 561 Deum
2673 508 2941 573 timebat,
2976 524 3079 562 nec
3113 506 3412 562 hominem
3455 508 3855 575 reverebatur,

2190 600 2246 648 et
2278 599 2469 649 tamen
2505 612 2655 666 saepe
2696 595 3091 666 interpellanti
3124 596 3311 651 viduae
3342 595 3537 666 cessit,
3598 600 3663 650 ut
3721 598 3859 666 ejus

2191 700 2426 737 causam
2461 686 2856 739 consideraret
2882 703 2894 752 ;
2928 702 3045 739 non
3065 693 3299 756 propter
3320 686 3595 756 pietatem
3620 690 3721 739 aut
3738 686 3853 739 hu-

2194 772 2665 838 manitatem,sed
2694 792 2764 829 ne
2800 774 3037 828 tmdium
3073 774 3519 845 pateretur.Non
3540 774 3697 829 enim
3728 774 3851 829 ullo

2194 862 2365 915 modo
2394 861 2491 915 ille
2527 863 2782 933 injustas
2805 864 2986 933 juch
3035 880 3343 934 personam
3405 863 3505 917 Dei
3537 862 3852 934 allegorice

2194 949 2483 1005 sustinet:
2522 952 2621 1005 sed
2656 955 2850 1005 tamen
2883 957 3173 1020 quantum
3207 957 3379 1018 Deus,
3414 952 3511 1022 qui
3546 953 3736 1006 bonus
3759 956 3852 1007 est

2192 1044 2248 1092 et
2270 1040 2493 1109 justus,
2526 1046 2688 1094 curet
2717 1042 3097 1111 deprecantes
3126 1058 3211 1108 se,
3242 1041 3380 1095 hinc
3410 1041 3617 1110 conjici
3655 1041 3852 1095 Domi-

2196 1144 2307 1182 nus
2339 1127 2538 1193 voluit,
2573 1130 2724 1199 quod
2761 1145 2865 1184 nec
2898 1130 3155 1200 injustus
3187 1129 3363 1185 homo
3397 1146 3494 1184 eos
3527 1131 3629 1200 qui
3676 1129 3848 1183 illum

2197 1217 2451 1271 assiduis
2484 1218 2756 1287 precibus
2790 1219 3068 1288 tundunt,
3104 1218 3189 1272 vel
3223 1224 3460 1289 propter
3478 1218 3718 1273 taedium
3750 1219 3849 1273 de-

2194 1305 2519 1371 vitandum,
2556 1311 2747 1375 potest
2776 1312 3148 1362 contemnere
3180 1308 3331 1378 (Luc.
3357 1323 3519 1376 xvm,
3549 1306 3695 1378 2-8).

2264 1393 2493 1448 CAPUT
2532 1394 2671 1448 XVI.
2704 1396 2874 1449 —53.
2907 1419 2933 1443 ‹‹
2960 1396 3144 1451 Nolite
3176 1413 3330 1467 ergo,
3363 1396 3577 1466 inquit,
3611 1395 3855 1451 solliciti

2195 1498 2343 1548 esse,
2380 1483 2660 1538 dicentes.
2687 1484 2832 1550 Quid
2858 1486 3125 1555 edemus,
3150 1490 3250 1540 aut
3280 1486 3423 1557 quid
3449 1485 3858 1556 bibemus,aut

2196 1571 2331 1641 quid
2368 1573 2718 1640 vestiemur;
2753 1573 2875 1628 hinc
2904 1574 3061 1629 enim
3093 1576 3291 1630 omnia
3311 1578 3522 1630 Gentes
3554 1578 3854 1645 quierunt.

2192 1660 2312 1714 Scit
2326 1661 2480 1716 enim
2501 1666 2669 1716 Pater
2681 1666 2869 1717 vester
2882 1664 3020 1733 quia
3034 1664 3243 1719 horum
3264 1663 3530 1718 omnium
3546 1663 3852 1735 indigetis.

2195 1750 2437 1814 Quaarite
2460 1768 2594 1823 ergo
2628 1754 2881 1823 primum
2905 1769 3151 1825 regnum
3175 1754 3274 1809 Dei
3298 1758 3355 1809 et
3373 1753 3662 1823 iustitiam
3696 1753 3853 1823 eius,

2194 1842 2250 1893 et
2273 1839 2392 1895 haec
2419 1840 2617 1896 omnia
2648 1852 3017 1912 apponentur
3045 1843 3229 1898 vobis.
3254 1865 3281 1893 ››
3331 1843 3433 1898 Hic
3486 1840 3850 1899 manifestis-

2194 1928 2341 1983 sime
2363 1931 2620 1984 ostendit
2642 1948 2754 1985 non
2783 1930 2903 1986 haec
2929 1947 3055 1987 esse
3071 1933 3414 2003 appetenda,
3439 1936 3724 2003 tanquam
3762 1934 3849 1985 ta-

2194 2016 2271 2072 lia
2302 2018 2456 2073 bona
2487 2024 2790 2087 nostra,ut
2820 2026 3057 2092 propter
3082 2022 3212 2092 ipsa
3240 2022 3558 2077 debeamus
3576 2021 3728 2076 bene
3759 2020 3850 2075 fa-

2195 2121 2342 2172 cere,
2368 2107 2417 2160 si
2451 2108 2588 2178 quid
2625 2108 2894 2181 facimus,
2928 2111 3029 2165 sed
3062 2115 3260 2165 tamen
3305 2126 3432 2167 esse
3489 2109 3849 2166 necessaria.

2194 2195 2340 2260 Quid
2372 2196 2529 2251 enim
2562 2197 2793 2253 intersit
2822 2198 2972 2254 inter
3002 2201 3220 2255 bonum
3242 2200 3397 2270 quod
3448 2200 3848 2272 appetendum

2192 2289 2301 2351 est,
2335 2288 2807 2342 etnecessarium
2837 2289 2991 2359 quod
3028 2290 3382 2344 sumendum
3414 2297 3523 2356 est,
3557 2290 3665 2344 hac
3706 2306 3847 2345 sen-

2190 2374 2369 2428 tentia
2390 2375 2863 2444 declaravit,cum
2889 2378 3022 2448 ait,«
3043 2378 3289 2440 Quaerite
3311 2378 3573 2451 primum
3596 2395 3845 2449 regnum

2191 2463 2287 2517 Dei
2320 2466 2375 2517 et
2395 2463 2695 2533 justitiam
2726 2466 2875 2534 ejus,
2902 2472 2958 2521 et
2984 2466 3105 2521 haec
3128 2468 3325 2522 omnia
3356 2474 3728 2539 apponentur
3751 2484 3847 2524 vo-

2186 2552 2298 2606 bis.
2319 2574 2345 2600 ››
2368 2554 2629 2624 Regnum
2660 2570 2796 2626 ergo
2828 2560 2883 2609 et
2906 2556 3142 2626 justitia
3172 2556 3273 2611 Dei
3304 2557 3525 2611 bonum
3566 2564 3835 2613 nostrum

2184 2644 2291 2706 est,
2327 2646 2382 2695 et
2413 2640 2519 2695 hoc
2553 2644 2967 2713 appetendum,
3002 2649 3056 2698 et
3086 2644 3166 2699 ibi
3197 2644 3333 2699 ﬁnis
3366 2646 3831 2713 constituendus,

2184 2735 2421 2799 propter
2451 2731 2602 2801 quod
2637 2733 2832 2785 omnia
2849 2732 3133 2788 faciamus
3156 2749 3543 2805 quaecumque
3564 2735 3833 2791 facimus.

2180 2818 2288 2872 Sed
2321 2818 2459 2889 quia
2488 2820 2544 2872 in
2572 2819 2677 2873 hac
2710 2820 2823 2876 vita
2838 2821 3183 2888 militamus,
3207 2827 3271 2877 ut
3302 2824 3372 2878 ad
3406 2822 3551 2877 illud
3586 2838 3834 2895 regnum

2180 2907 2479 2977 pervenire
2503 2908 2818 2978 possimus,
2855 2927 2981 2981 qua:
3008 2911 3123 2966 vita
3159 2912 3285 2967 sine
3342 2912 3433 2967 bis
3484 2912 3838 2968 necessariis

2180 2996 2271 3066 agi
2307 3012 2421 3050 non
2457 3002 2674 3067 potest;
2702 3020 2729 3046 α
2755 3000 3133 3069 Apponentur
3163 3000 3325 3055 vobis
3376 2999 3515 3070 haec,
3540 3020 3567 3051 ιι
3612 3001 3831 3072 inquit,

2182 3106 2207 3131 ‹‹
2234 3086 2333 3139 sed
2364 3101 2465 3140 vos
2498 3101 2740 3157 regnum
2793 3086 2889 3141 Dei
2950 3094 3007 3142 et
3040 3089 3331 3159 justitiam
3392 3090 3519 3159 ejus
3567 3091 3833 3161 primum

2178 3173 2474 3243 quaerite.»
2499 3178 2638 3229 Cum
2671 3175 2827 3230 enim
2863 3176 3009 3231 dixit
3038 3177 3181 3232 illud
3207 3178 3573 3249 «primum,»
3598 3178 3829 3251 signiﬁ-

2177 3263 2326 3318 cavit
2358 3263 2493 3332 quia
2525 3264 2631 3319 hoc
2659 3266 2950 3335 posterius
2983 3268 3362 3337 quaerendum
3377 3271 3484 3335 est,
3518 3284 3635 3323 non
3671 3274 3825 3323 tem-

2174 3354 2441 3421 pore,sed
2474 3352 2786 3423 dignitate:
2811 3354 2956 3409 illud
2975 3361 3257 3428 tanquam
3282 3357 3499 3411 bonum
3526 3360 3823 3426 nostrum,

2173 3441 2282 3495 hoc
2312 3446 2592 3512 tanquam
2631 3444 3026 3498 necessarium
3072 3450 3364 3512 nostrum;
3419 3446 3824 3502 necessarium

2172 3533 2363 3584 autem
2397 3531 2793 3601 propterillud
2825 3534 3064 3588 bonum.

2238 3619 2327 3671 54.
2361 3618 2558 3689 Neque
2590 3620 3152 3694 enim,verbigratia,
3178 3624 3306 3679 ideo
3334 3625 3615 3680 debemus
3636 3641 3820 3681 evan-

2168 3706 2434 3777 gelizare,
2470 3714 2535 3762 ut
2560 3710 2982 3765 manducemus
3009 3729 3021 3777 ;
3058 3712 3154 3766 sed
3182 3712 3308 3767 ideo
3336 3713 3709 3779 manducare,
3748 3718 3815 3769 ut

2165 3795 2628 3867 evangelizemus
2652 3814 2663 3850 :
2690 3814 2825 3853 nam
2851 3800 2899 3854 si
2920 3805 3225 3871 propterea
3250 3802 3812 3874 evangelizamus,ut

2166 3886 2609 3955 manducemus,
2634 3886 2803 3942 vilius
2824 3887 3110 3944 habemus
3132 3890 3509 3961 Evangelium
3532 3906 3706 3961 quam
3726 3892 3812 3946 ci-

2162 3974 2300 4027 bum
2328 3991 2340 4041 ;
2375 3984 2430 4029 et
2462 3975 2707 4045 eritjam
2740 3977 2960 4032 bonum
2995 3979 3337 4033 nostrumin
3372 3979 3807 4050 manducando,

2161 4063 2557 4118 necessarium
2581 4069 2774 4119 autem
2808 4066 2867 4119 in
2906 4065 3373 4135 evangelizando.
3406 4068 3569 4133 Quod
3625 4068 3809 4125 etiam

2157 4151 2474 4221 Apostolus
2505 4154 2790 4223 prohibet,
2825 4170 2958 4208 cum
2974 4155 3110 4209 dicit
3131 4155 3305 4211 licere
3334 4156 3447 4211 sibi
3481 4156 3810 4228 quidem,et

2156 4242 2508 4310 permissum
2532 4258 2660 4297 esse
2692 4259 2723 4297 a
2756 4244 3018 4314 Domino,
3053 4247 3118 4299 ut
3148 4244 3250 4316 qui
3280 4244 3657 4315 Evangelium
3698 4262 3809 4300 an-

2156 4329 2444 4396 nuntiant,
2477 4332 2546 4385 de
2577 4331 2884 4403 Evangelio
2902 4332 3118 4400 vivant,
3150 4333 3207 4388 id
3239 4338 3349 4399 est,
3382 4335 3454 4389 de
3485 4333 3802 4405 Evangelio

2153 4417 2405 4472 habeant
2436 4436 2503 4473 ea
2541 4436 2665 4490 quae
2689 4420 2825 4475 huic
2849 4422 2977 4475 vitis
3008 4428 3146 4477 sunt
3177 4424 3536 4491 necessaria;
3569 4424 3669 4477 sed
3704 4428 3803 4479 ta-

2153 4522 2285 4560 men
2321 4522 2383 4561 se
2415 4524 2528 4562 non
2560 4524 2689 4563 esse
2719 4510 2969 4565 abusum
3004 4510 3111 4566 hac
3142 4512 3799 4581 potestate.Erantenim

389 4592 723 4666 relinquite,
755 4593 926 4662 cujus
946 4591 1157 4648 videtis
1190 4609 1329 4648 cura
1361 4595 1577 4648 factum
1609 4611 1736 4649 esse
1772 4601 1835 4650 ut
1862 4601 2035 4652 tantis
2150 4594 2316 4650 multi
2340 4597 2437 4666 qui
2465 4598 2829 4653 occasionem
2862 4599 3073 4655 habere
3108 4601 3425 4671 cupiebant
3452 4600 3797 4671 acquirendi
3883 4606 3941 4631 δ’

384 4688 621 4739 statura:
644 4698 855 4752 corpus
886 4681 1165 4737 habeatis.
1629 4746 1632 4748 γ

450 4771 540 4827 52.
566 4772 837 4827 Dandum
861 4775 1057 4827 autem
1090 4777 1215 4825 erat
1233 4772 1406 4826 etiam
1428 4773 1847 4829 documentum
1866 4792 2035 4847 prop-

384 4866 468 4914 ter
482 4859 1074 4926 vestimentum,sicut
1095 4861 1295 4915 datum
1320 4867 1408 4915 est
1431 4868 1667 4933 propter
1687 4863 2030 4920 alimentum

380 4946 583 5019 Itaque
614 4948 955 5019 sequitur,et
979 4949 1121 5003 dicit
1146 4966 1157 5003 :
1186 4950 2031 5023 uConsiderateliliaagriquo-

379 5039 553 5094 modo
584 5042 894 5106 crescunt;
920 5054 1033 5092 non
1066 5038 1336 5094 laborant
1356 5046 1732 5109 nequenent:
1768 5041 1895 5096 dico
1926 5060 2028 5097 au-

375 5130 493 5183 tem
515 5128 681 5184 vobis
710 5126 850 5198 quia
880 5142 983 5181 nec
1014 5128 1282 5182 Salomon
1317 5130 1373 5182 in
1402 5128 1561 5182 omni
1592 5129 1777 5200 gioria
1806 5146 1913 5184 sua
1944 5132 2026 5186 sic

370 5218 619 5273 vestitus
650 5222 740 5273 est
773 5220 835 5271 ut
862 5231 1046 5271 unum
1078 5232 1144 5270 ex
1178 5216 1289 5271 his.
1324 5217 1383 5272 Si
1415 5222 1609 5272 autem
1644 5219 1841 5273 fenum
1876 5222 2019 5291 agri,

368 5308 523 5379 quod
558 5307 729 5363 hodie
759 5311 847 5362 est
877 5311 935 5362 et
965 5321 1093 5360 cras
1126 5306 1184 5361 in
1217 5307 1512 5361 clibanum
1548 5307 1822 5378 mittitur,
1872 5314 2019 5366 Deus

364 5396 449 5452 sic
482 5397 691 5459 vestit;
713 5399 935 5469 quanto
960 5394 1148 5466 magis
1180 5410 1315 5466 ergo
1348 5412 1471 5461 vos,
1504 5397 1744 5451 modicae
1778 5398 1911 5452 ﬁdei
1934 5399 1961 5453 ‘l
1989 5422 2015 5446 υ

362 5487 469 5542 Sed
502 5489 614 5543 ista
647 5488 998 5541 documenta
1021 5501 1134 5538 non
1164 5484 1621 5556 sicutallegoriaa
1646 5486 2014 5543 discutienda

359 5581 517 5643 sunt,
549 5583 609 5629 ut
639 5591 970 5644 qumramus
1004 5574 1142 5643 quid
1185 5574 1514 5643 signiﬁcent
1536 5590 1667 5629 aves
1702 5575 1849 5641 cmli,
1911 5583 2011 5631 aut

357 5662 480 5718 lilia
510 5662 667 5733 agri;
700 5664 890 5733 posita
911 5668 1052 5719 sunt
1082 5663 1260 5731 enim,
1288 5669 1352 5719 ut
1382 5663 1451 5717 de
1478 5664 1654 5719 rebus
1678 5664 2005 5723 minoribus

2148 4685 2495 4739 etvendendi
2515 4685 3132 4758 Evangelium,quibus
3144 4704 3267 4743 eam
3280 4688 3476 4744 volens
3489 4693 3798 4759 amputare

2145 4773 2763 4843 Apostolus,manibus
2788 4777 2911 4831 suis
2925 4779 3142 4832 victum
3166 4793 3342 4832 suum
3357 4777 3623 4833 toleravit
3646 4778 3793 4846 (Act.

2143 4862 2435 4933 xx,54).De
2454 4863 2546 4917 his
2560 4864 2715 4918 enim
2729 4863 2841 4919 alio
2855 4864 2977 4920 loco
2996 4866 3156 4934 dicit,
3166 4888 3193 4915 ‹‹
3220 4866 3290 4921 Ut
3308 4870 3607 4937 amputem
3621 4881 3793 4922 occa-

2144 4950 2388 5017 sionem,
2414 4950 2486 5006 iis
2520 4952 2901 5022 quiquesrunt
2924 4955 3289 5009 occasionem
3311 4977 3340 5004 »
3367 4955 3440 5025 (ΙΙ
3463 4954 3790 5026 Cor.x1,l2).

2141 5040 2486 5110 Quanquam
2504 5040 2675 5094 etiam
2691 5040 2832 5107 si,ut
2844 5042 3031 5097 caeteri
3048 5042 3181 5097 boni
3194 5041 3463 5113 apostoli,
3488 5043 3789 5114 permissu

2140 5128 2366 5181 Domini
2399 5129 2469 5182 de
2494 5128 2794 5199 Evangelio
2825 5131 3060 5198 viveret,
3095 5147 3211 5185 non
3272 5132 3399 5187 ideo
3430 5132 3487 5186 in
3528 5148 3595 5187 eo
3628 5132 3787 5188 victu

2146 5216 2526 5272 constitueret
2556 5218 2731 5271 ﬁnem
2754 5218 3210 5289 evangelizandi,
3235 5220 3335 5275 sed
3368 5220 3557 5290 magis
3589 5219 3786 5291 ipsius

2134 5306 2321 5361 victus
2344 5306 2435 5361 sui
2457 5308 2630 5360 finem
2661 5307 2719 5360 in
2744 5308 3055 5379 Evangelio
3083 5307 3427 5364 collocaret:
3453 5308 3513 5363 id
3540 5315 3653 5377 est,
3717 5316 3783 5366 ut

2134 5395 2405 5465 superius
2438 5394 2575 5463 dixi,
2602 5410 2716 5449 non
2750 5396 2880 5450 ideo
2903 5395 3339 5467 evangelizaret,
3365 5402 3430 5452 ut
3453 5397 3782 5469 perveniret

2128 5488 2198 5541 ad
2230 5486 2510 5553 cibum,ct
2540 5487 2587 5540 si
2620 5503 2732 5557 qua
2763 5492 2904 5542 sunt
2929 5487 3043 5542 alia
3077 5488 3409 5544 necessaria
3442 5504 3454 5544 :
3490 5490 3593 5543 sed
3646 5488 3776 5545 ideo

2124 5577 2237 5632 ista
2259 5580 2598 5645 sumere),ul
2622 5575 2764 5630 illud
2788 5575 3154 5646 impleret,ne
3176 5594 3294 5633 non
3321 5576 3659 5646 volens,ses‘c
3674 5594 3774 5633 ne-

2120 5664 2391 5721 cessitate
2404 5663 2967 5735 evangelizaret.Hoc
2978 5665 3137 5723 enim
3154 5665 3594 5738 improbat,cum
3608 5666 3772 5724 dicit:
