4040 6572
320 356 443 370 —-
506 359 1068 372 —__—_...—_.
1121 357 1784 365 --——--—-‘—~-—-—~—-———
1797 357 1994 364 -—————--
2026 355 3251 365 m-—---‘————-—~——.«-———_—-————_——n—-
3269 357 3434 363 ---—-—————

1113 386 1282 393 —-..——-_
1297 387 1316 391 ιν
1337 386 1572 392 -η-σ-ςο-ή
1595 385 1665 390 οεο-
1687 385 1874 391 «ιη--ημ
1887 387 2010 394 -μ--ν
2041 387 2106 392 ἡ..
2169 387 2216 391 ——-
2327 388 2334 389 κ
2443 388 2446 389 ν
2491 388 2496 391 -
2661 388 2694 394 η-
2731 391 2740 398 _
2811 388 2823 391 ν
2899 387 2963 392 ﬁs
2980 386 3008 390 —
3037 386 3064 391 υ
3083 386 3124 391 —
3205 387 3222 390 —
3266 388 3274 389 κ

449 640 707 793 DE
783 629 1940 815 SANCTORUM
2020 609 3285 783 MACARIORUM

1874 948 2406 1012 ALEXANDRINI

1327 953 1688 1017 AEGYPTII
1730 951 1827 1013 ET

1667 1162 2064 1285 VITIS

635 1436 1478 1552 QUAES'I‘IONES
1534 1430 2083 1526 CRITICAE
2151 1430 2304 1521 ET
2370 1425 3145 1525 HISTORICAE.

1258 1650 1545 1704 SCRIPSIT
1580 1648 1844 1703 EDITOB.

1875 1646 2100 1701 EDITIO
2130 1646 2509 1702 RECOGNlTA.

1859 1842 1931 1859 ὀ

1503 2012 1776 2075 INDEX
1844 2010 2244 2074 CAP/TUM.

271 2389 450 2450 ωυτ
478 2386 527 2447 I.
561 2382 1028 2462 Prolegomena.

274 2471 453 2531 CAPUT
524 2467 601 2526 II.
687 2460 1011 2525 Palladius
1086 2460 1161 2523 de
1231 2468 1445 2521 sancto
1541 2460 1829 2522 Macario

340 2546 658 2608 Aeatmtio.

278 2564 658 2688 ωἶῖιῖὲῃρῖἰῧ
722 2619 1050 2684 Palladius
1106 2618 1180 2681 de
1247 2626 1464 2681 sancto
1539 2618 1831 2682 Macario

344 2702 786 2766 Alexandrino.

283 2786 455 2847 CAPUT
542 2783 647 2845 IV.
721 2780 1018 2860 Rufinus,
1060 2778 1134 2840 de
1205 2778 1439 2841 sanctis
1526 2778 1835 2841 Macariis

352 2863 637 2943 Aegyptio
654 2869 714 2943 et
734 2859 1189 2943 Alexandrino.

298 2936 573 3004 CAPUI'V.
618 2941 967 3019 Euagrius,
998 2940 1067 3019 S,
1097 2939 1543 3019 Hieronymus,
1580 2936 1834 3019 cassia-

366 3040 461 3081 nus
528 3021 599 3083 de
679 3016 916 3080 sanctis
991 3017 1298 3079 Macariis
1372 3016 1680 3096 Aegyptio
1779 3025 1837 3077 et

367 3100 764 3163 Alexandrino
776 3146 788 3159 .

298 3180 472 3241 CAPUT
510 3182 604 3244 VI.
665 3178 1069 3243 Collectionis
1131 3173 1604 3237 Rosweidianae
1679 3172 1839 3235 liber

352 3262 589 3340 tertius,
632 3260 910 3340 quintus,
949 3265 1186 3340 sextus,
1231 3256 1526 3340 septimus
1564 3255 1839 3340 vitarum

347 3334 595 3400 Patrum
632 3334 689 3399 Et
739 3336 1082 3398 sententiae
1104 3334 1369 3399 Patrum
1389 3334 1840 3414 Aegyptiorum

322 3418 697 3557 gasanctis
753 3415 1061 3480 Macariis
1105 3415 1413 3495 Aegyptio
1451 3422 1509 3474 et
1550 3412 1836 3475 Alexan-

382 3516 548 3557 rmo.

382 3516 548 3560 τπηο.

1874 2208 1937 2223 ι·-

1866 2363 1921 2424 Α
2011 2379 2319 2442 Cotelerio
2361 2379 2554 2453 edita,
2604 2377 2846 2440 inedita
2883 2377 3166 2439 codicum
3195 2378 3513 2443 Vindobo-

2011 2459 2297 2521 ncnsium
2358 2459 2719 2541 appendix
2770 2456 3065 2541 Cotelerii
3119 2458 3515 2541 Apophtheg-

2010 2549 2269 2614 matum,
2302 2538 2883 2602 vitae'Sanctorum
2911 2538 2985 2599 de
3013 2541 3246 2602 sanctis
3266 2538 3273 2539 ί
3290 2538 3516 2603 Maca-

2010 2620 2130 2680 riis
2156 2618 2461 2698 Aegyptio
2494 2627 2553 2680 et
2576 2618 3035 2680 Alexandrino.

1933 2700 2140 2762 CAPUT
2164 2697 2340 2778 Ylll."
2358 2701 2734 2778 Sanctorum
2758 2698 3189 2778 Macarion
3221 2697 3517 2778 Aegyptii

2015 2788 2073 2839 et
2106 2777 2530 2841 Alexandrini
2577 2777 2837 2839 exilium
2890 2776 3002 2839 sub
3038 2779 3229 2839 Lucio
3272 2776 3514 2841 Ariano

2012 2857 2442 2921 Alexandriae
2494 2858 2802 2937 episcopo.
2850 2857 3163 2937 Socrates,
3222 2860 3515 2922 Sozome-

2014 2956 2141 3019 nus
2170 2986 2185 3012 ,
2266 2935 2573 3019 ceterique
2605 3016 2639 3019 __
2670 2935 2882 3019 rerum
2907 3015 2925 3019 Α
2958 2935 3519 3019 ecclesiasticarum

2016 3018 2353 3095 scriptores
2424 3015 2497 3077 de
2590 3016 2833 3077 iisdem.
2884 3015 3149 3093 Quando
3220 3017 3520 3077 memoria

2014 3094 2374 3156 sanctorum
2398 3094 3133 3174 MacariorumAegyotii
3163 3104 3222 3158 et
3248 3096 3520 3157 Alexan-

2020 3175 2194 3237 drini
2225 3184 2474 3255 agatur.

1938 3256 2143 3348 CAPUT
2198 3254 2311 3348 IX:
2468 3254 2702 3348 sanctis
2747 3254 3072 3348 .Maca’riis‘
3104 3255 3414 3348 Aegyptio
3460 3263 3520 3347 et

2017 3334 2451 3398 Alexandrino
2507 3335 2863 3397 Macarium
2916 3334 2986 3396 S.
3028 3334 3293 3396 Antonii
3326 3335 3520 3396 mini-

2017 3413 2553 3496 strumtaliosque
2606 3415 3001 3494 cognomines
3060 3413 3338 3477 diversos
3395 3432 3523 3476 esse

2019 3494 2397 3557 ostenditur.

270 3574 463 3640 CAPUT
519 3578 653 3639 VII.
704 3574 1244 3657 Apophthegmata
1306 3593 1346 3634 a
1396 3572 1651 3636 Possino
1695 3581 1755 3631 et
1801 3590 1842 3630 a

653 3974 697 4046 ι
728 3974 972 4037 CAPUT
1013 3974 1343 4038 PRIMUM.

800 4090 1285 4137 PROLEGOMENA.

332 4173 451 4249 δι.
500 4175 577 4236 In
632 4175 989 4239 vastissimis
1042 4175 1274 4254 Libyae
1326 4173 1609 4248 desertis,
1667 4172 1835 4239 haud

263 4275 479 4353 procul
540 4291 576 4336 a
614 4275 842 4338 Nitriae
893 4275 1230 4357 paludibus
1268 4274 1434 4336 nitro
1478 4274 1834 4350 uberrimis,

261 4385 534 4455 quatuor
572 4377 649 4441 ad
690 4377 1067 4441 hodiernum
1115 4378 1281 4440 diem
1322 4383 1566 4440 exstant
1611 4394 1836 4441 mona-

251 4479 456 4540 steria.
482 4480 762 4552 Quorum
786 4497 1009 4553 unum,
1030 4478 1200 4559 quod
1231 4478 1310 4541 ab
1338 4478 1835 4559 Italicujusdam,

253 4576 354 4654 qui
389 4576 663 4657 paludes
702 4577 853 4641 istas
881 4577 1087 4658 pretio
1126 4577 1451 4652 conduxit,
1492 4577 1746 4640 castello
1772 4578 1839 4640 in

248 4677 439 4741 Nitria
470 4679 622 4754 sito,
654 4686 955 4760 quantum
1000 4678 1174 4741 horis
1219 4678 1466 4741 circiter
1491 4685 1632 4743 octo
1661 4680 1840 4743 asino

245 4785 460 4840 vectus
520 4779 897 4857 permeabis,
958 4778 1227 4859 spatium
1269 4780 1466 4855 abest,
1498 4779 1575 4841 ad
1628 4789 1842 4843 nostra

244 4889 447 4954 usque
494 4882 785 4955 tempora
832 4877 1281 4936 monasterium
1320 4876 1525 4937 sancti
1567 4877 1843 4940 Macarii

247 4978 636 5058 appellatur;
685 4979 928 5060 reliqua
953 4978 1220 5058 singula,
1252 4979 1512 5059 singulis
1554 4980 1842 5044 distincta

241 5083 652 5157 nominibus,
690 5084 755 5145 in
786 5084 1151 5147 universum
1180 5083 1322 5147 Aba
1358 5086 1584 5148 Macar
1619 5103 1839 5149 mona-

235 5185 426 5247 steria
453 5192 793 5259 vocantur,
825 5191 886 5247 et
912 5191 1041 5248 tota
1070 5185 1245 5264 regio
1282 5186 1658 5248 Macariana
1706 5206 1840 5248 ere-

230 5306 392 5351 mus.
458 5289 583 5363 Qui
635 5288 763 5351 illic
807 5287 1041 5365 degunt
1093 5288 1388 5351 monachi
1450 5288 1842 5369 paucissimis

229 5391 381 5453 anni
439 5391 675 5453 diebus
712 5408 901 5452 carne
939 5398 1299 5463 vescuntur,
1348 5396 1630 5453 ceterum
1674 5408 1841 5471 pane

227 5490 460 5553 vivunt
520 5498 581 5552 et
638 5490 910 5554 lentibus
964 5490 1158 5553 bulbo
1204 5498 1265 5553 et
1302 5490 1446 5553 oleo
1489 5492 1837 5571 permixtis,

223 5597 432 5672 atque
488 5591 559 5653 in
607 5591 870 5669 cellulis,
899 5610 1062 5674 quae
1092 5609 1221 5653 non
1251 5592 1371 5654 nisi
1416 5609 1532 5673 per
1572 5593 1840 5655 arctissi-

298 5782 387 5854 (1)
451 5778 783 5835 Constantia
830 5744 1195 5836 Tilschendorf
1230 5778 1390 5835 Reise
1431 5780 1483 5835 in
1514 5780 1618 5837 den
1646 5750 1836 5836 Orient

572 5873 845 5936 ΡΔτκοι..
883 5874 1000 5936 Gn.
1050 5876 1346 5938 XXXIV.

1870 3979 1916 4040 B
1942 3991 2110 4038 mam
2165 3983 2410 4056 portam
2465 3974 2670 4040 lucem
2718 3973 3141 4040 intromittunt
3171 4020 3190 4049 ,
3248 3971 3531 4037 habitant

1945 4076 2238 4156 precibus
2293 4076 2508 4141 dediti.
2573 4077 2785 4140 Primo
2826 4092 3013 4138 mane
3062 4083 3329 4154 surgunt
3362 4082 3425 4139 et
3461 4076 3529 4138 in

1943 4176 2271 4241 ecclesiam
2295 4185 2661 4259 properant,
2674 4177 2784 4240 ubi
2796 4178 3106 4241 adsistunt
3121 4178 3322 4241 innixi
3342 4179 3532 4243 bacu-

1941 4274 2042 4351 lis,
2072 4277 2435 4339 Macarianis
2464 4275 2783 4357 hodieque
2815 4275 3175 4339 nominatis.
3200 4277 3530 4341 Rariorem

1943 4379 2021 4443 ad
2056 4397 2247 4460 quem
2276 4379 2366 4442 ibi
2410 4379 2572 4443 vitae
2603 4385 2892 4460 tempora
2922 4378 3276 4457 producant
3311 4379 3526 4456 ﬁnem,

1946 4481 2307 4563 exemplum
2327 4481 2496 4544 senis
2512 4479 2781 4544 ostendit
2800 4478 2968 4541 illius
2981 4478 3527 4555 aTischendorﬁo,

1945 4583 2125 4646 cuius
2176 4582 2536 4646 narratione
2590 4582 2825 4645 utimur
2878 4580 2987 4661 (1),
3042 4580 3132 4643 ibi
3177 4582 3527 4661 conspecti,

1946 4688 2198 4745 centum
2222 4681 2440 4760 viginti
2459 4696 2661 4743 annos
2679 4679 2828 4754 nati,
2847 4683 3196 4753 senectute,
3219 4678 3445 4757 vigiliis
3469 4684 3532 4740 et

1947 4781 2305 4863 pernicioso
2334 4781 2452 4843 sub
2486 4778 2875 4842 fervescente
2902 4778 3037 4841 sole
3066 4796 3293 4842 arenae
3313 4779 3531 4842 colore

1948 4879 2277 4944 oculorum
2302 4879 2543 4943 lumine
2569 4879 2813 4960 privati,
2848 4879 3062 4941 animo
3111 4878 3360 4942 coelum
3388 4895 3532 4961 spe-

1949 4982 2175 5045 ctantis
2206 4988 2269 5044 et
2289 4983 2387 5044 vix
2415 4999 2607 5045 unam
2626 4980 2753 5043 diei
2773 4979 2994 5043 horam
3023 4997 3247 5043 somno
3264 4979 3531 5060 largien-

1910 5096 1913 5099 ‘
1947 5084 2046 5145 tis.
2065 5085 2307 5146 Fratres
2325 5084 2388 5145 in
2411 5083 2774 5145 universum
2806 5081 3096 5162 pedibus,
3120 5082 3329 5161 quoad
3354 5081 3530 5146 calor

1948 5205 2176 5251 arenae
2198 5187 2524 5269 permittit,
2537 5187 2846 5268 inopertis
2856 5186 3180 5260 incedunt,
3194 5187 3527 5251 ecclesiam

1950 5305 2079 5350 non
2095 5288 2216 5351 nisi
2235 5288 2421 5352 nudis
2437 5288 2704 5369 pedibus
2718 5288 2970 5350 intrant.
2984 5287 3217 5361 Quodsi
3231 5288 3528 5352 Tischen—

1950 5387 2097 5449 dorf
2120 5386 2399 5450 habitum
2435 5387 2694 5450 fratrum
2730 5386 2982 5449 illorum
3025 5405 3102 5450 ex
3148 5389 3321 5450 omni
3350 5397 3528 5469 parte

1948 5488 2403 5568 descripsisset,
2434 5494 2675 5551 veteres
2706 5505 2836 5551 non
2888 5488 3105 5551 dubito
3136 5488 3334 5552 Scetis
3371 5488 3523 5550 soli-
3634 5546 3645 5565 ,

1946 5590 2181 5652 tudinis
2234 5591 2286 5662 2
2344 5589 2567 5653 fratres
2596 5626 2671 5637 —
2695 5590 2784 5654 sic
2814 5591 2993 5655 enim
3031 5591 3376 5655 Macariana
3408 5589 3528 5654 ista

1879 5779 2014 5836 1846
2043 5779 2106 5834 τ.
2137 5778 2155 5834 ι
2191 5780 2372 5851 p.110
2398 5795 2519 5852 sqq.

2207 5873 2210 5877 ’
3253 5880 3281 5936 Ι
