4040 6546
535 319 572 379 8
1342 317 1441 374 SS.
1485 315 1949 375 MACARIORUM
1986 313 2308 373 AEGYPTII
2345 313 2435 370 ΕΤ
2457 309 2921 370 ALEXANDRINI
3754 323 3793 383 ι

535 454 785 503 eremus
806 440 867 498 et
892 433 1165 515 antiquis
1190 438 1251 496 et
1271 434 1500 497 nostris
1518 434 1909 517 temporibus
1928 433 2115 513 vulgo
2144 436 2191 493 A
2218 431 2406 494 nibus
2434 433 2670 513 optime
2703 434 3015 497 convenit.
3033 434 3231 497 Etiam
3251 432 3571 511 Ludolfus,
3588 442 3796 502 rector
3870 402 3998 488 ἕω

2216 530 2520 593 ecclesiae
2570 531 2946 612 parochialis
2995 533 3061 595 in
3124 532 3429 608 Suchem,
3486 533 3801 597 dioecems
3874 519 3997 612 δείξῃ

533 539 887 622 appellatur
934 570 1003 581 —
1037 552 1148 599 eos
1192 536 1510 610 nimirum,
1551 536 1659 616 qui
1707 535 1787 597 ab
1827 534 2112 613 Evagrio,

534 640 849 713 Cassiano,
896 636 1034 699 aliis
1072 636 1532 711 describuntur,
1566 644 1712 698 ante
1741 634 1959 698 oculos
1998 634 2114 697 ha-

532 741 685 803 bere
738 737 1049 801 crederes.
1115 738 1258 817 Ipsa
1318 735 1696 798 monasteria
1757 735 2116 797 etiamnunc

533 840 836 921 quadrata
877 843 984 900 aut
1022 835 1434 916 quadrilonga
1461 833 1661 896 forma
1693 840 1836 898 sunt
1868 840 1930 896 et
1971 851 2114 895 mu-

534 943 642 1017 ris,
697 941 859 1002 intra
916 954 1077 1018 quos
1126 935 1415 999 hortulus
1464 935 1776 1011 nutritur,
1827 935 2112 1014 obsepta.

534 1044 654 1104 Fac
676 1046 737 1101 te
762 1038 974 1100 videre
993 1036 1121 1099 illic
1152 1053 1369 1098 senem
1392 1036 1706 1116 quendam
1726 1042 2118 1111 caecum,ter

536 1138 727 1202 altare
756 1132 1385 1213 circumgredientem
1414 1139 1475 1195 et
1504 1132 1761 1195 iuvenili
1788 1150 1943 1195 voce
1971 1132 2119 1195 alle-

535 1239 661 1301 luia
692 1242 1044 1310 canentem,
1071 1240 1177 1296 aut
1196 1232 1373 1295 illum
1398 1240 1653 1297 centum
1670 1234 1889 1312 viginti
1916 1251 2117 1296 annos

536 1345 774 1412 natum,
794 1336 951 1411 cella
974 1334 1403 1413 egredientem
1432 1341 1494 1395 et
1522 1334 1777 1396 abeunti
1796 1334 1909 1395 tibi
1926 1334 2119 1396 bene-

535 1440 871 1510 dicentem,
922 1435 1226 1498 ineffabili
1270 1435 1406 1497 sine
1444 1434 1638 1497 dubio
1675 1442 1737 1497 et
1767 1435 1930 1515 ipse,
1956 1435 2117 1497 sicut

532 1532 964 1607 Tischendorf,
981 1530 1446 1612 perfundereris
1461 1530 1880 1592 venerationis
1900 1547 2112 1591 sensu.

534 1638 780 1699 Circum
822 1652 919 1709 ea,
961 1650 1123 1713 quae
1161 1631 1312 1706 dixi,
1354 1638 1620 1711 quatuor
1650 1630 2027 1693 monasteria
2056 1636 2118 1693 et

532 1739 766 1803 Nitriae
813 1744 1086 1809 montes,
1141 1734 1274 1815 qui,
1332 1732 1679 1813 paullulum
1739 1734 2111 1809 eminentes,

534 1840 795 1921 paludes
823 1838 960 1900 illas
982 1837 1050 1899 in
1071 1836 1278 1916 ampla
1306 1835 1463 1898 valle
1481 1835 1626 1896 sitas
1662 1833 2016 1910 includunt,
2046 1834 2113 1897 in

533 1939 815 2004 arenosis
861 1945 1049 2018 atque
1086 1935 1411 1998 immensis
1460 1933 1922 2009 solitudinibus,
1962 1950 2111 2014 per-

533 2042 728 2105 multa
772 2040 921 2102 hinc
969 2038 1144 2101 illinc
1181 2036 1431 2099 moenia
1487 2034 1964 2114 conspiciuntur
2013 2041 2111 2098 te-

533 2142 780 2218 stantia,
830 2146 1063 2220 quanta
1109 2138 1257 2201 olim
1291 2137 1380 2200 ibi
1408 2136 1711 2200 exstiterit
1747 2136 1931 2217 copia
1969 2155 2111 2201 mo-

532 2243 949 2307 nasteriorum
975 2240 1084 2323 (1).

613 2349 643 2423 ς
677 2345 745 2407 2.
791 2343 1095 2408 Macarius
1122 2341 1251 2417 ille,
1284 2340 1463 2405 cuius
1485 2340 1742 2403 nomine
1775 2356 2024 2403 eremus
2052 2346 2114 2403 et

529 2443 910 2507 monasteria
964 2442 1309 2505 hodiedum
1365 2440 1762 2522 appellantur
1808 2475 1885 2485 —
1916 2440 2112 2521 ipsius

530 2548 763 2626 imago,
805 2564 929 2627 qua
957 2544 1181 2608 baculo
1227 2544 1480 2607 innixus
1524 2542 1931 2624 conspicitur,
1964 2542 2112 2607 'istic

530 2648 1035 2730 frequentissima
1105 2653 1198 2710 est
1240 2645 1321 2729 (2)
1355 2682 1431 2692 —
1460 2646 1581 2708 nisi
1615 2663 1717 2709 me
1764 2645 1975 2708 omnia
2003 2643 2115 2706 fal-

531 2754 693 2830 lunt,
722 2755 1063 2834 Aegyptius
1109 2753 1409 2816 Macarius
1448 2751 1586 2828 fuit,
1628 2752 1869 2834 primus
1917 2749 2113 2814 Scetis

531 2855 887 2919 solitudinis
912 2853 1119 2918 incola
1159 2854 1268 2937 (3),
1312 2853 1516 2917 clarus
1545 2853 1893 2929 virtutibus,
1940 2868 2114 2930 ege-

532 2957 672 3038 gius
702 2964 891 3038 atque
931 2956 1201 3019 invictus
1219 2954 1452 3019 athleta
1476 2955 1589 3017 Dei
1613 2954 1721 3036 (4).
1754 2959 1839 3017 Ac
1858 2956 2111 3018 moenia

531 3059 756 3134 vicina,
779 3074 942 3137 quae
962 3056 1027 3119 in
1047 3055 1271 3117 mediis
1298 3056 1420 3117 illis
1447 3055 1712 3117 desertis
1733 3054 2111 3116 creberrima

2212 632 2769 708 Paderbornensis,
2824 632 2891 694 in
2931 632 3091 696 libro
3122 657 3151 689 ‹‹
3192 635 3279 695 De
3318 634 3543 697 itinere
3592 640 3802 697 terrae

3876 609 3998 677 gmina

2213 741 2488 809 sanctae,
2524 757 2553 791 ι)
2601 753 2791 815 quem
2829 735 2996 798 circa
3027 753 3082 797 a.
3126 733 3279 797 1350
3307 736 3685 815 composuit,
3717 735 3805 797 de
3878 715 3997 775 1m“

2213 833 2338 897 illis
2356 835 2751 898 monasteriis
2770 834 2926 898 haec
2946 834 3199 896 tradidit
3220 852 3232 896 :
3251 837 3450 897 «Item
3488 835 3554 896 in
3599 837 3797 914 Aegy-

2216 942 2329 1015 pto
2356 936 2563 999 adhuc
2592 953 2782 1016 quam
2806 935 3071 1017 plurima
3091 942 3254 998 stant
3272 936 3510 1014 integra
3531 935 3805 998 claustra

2216 1043 2279 1097 et
2304 1035 2704 1111 monasteria,
2726 1035 3028 1099 ecclesiae
3057 1042 3119 1097 et
3150 1036 3519 1111 eremitaria,
3560 1036 3671 1099 sed
3700 1042 3806 1098 ta-

2214 1152 2363 1197 men
2412 1136 2677 1211 deserta,
2729 1142 2792 1198 et
2829 1137 3065 1217 Optime
3108 1137 3378 1216 depicta,
3409 1137 3519 1199 sed
3554 1138 3805 1217 pictura

2214 1254 2333 1316 per
2395 1238 2739 1300 Saracenos
2798 1243 2893 1299 est
2951 1237 3368 1300 diversimode
3425 1239 3804 1320 vituperata.

2212 1338 2372 1398 Item
2403 1337 2468 1399 in
2511 1336 2773 1399 desertis
2811 1337 3079 1417 Aegypti
3105 1337 3311 1399 adhuc
3333 1343 3430 1423 tot
3472 1345 3636 1401 stant
3663 1339 3806 1402 cel-

2212 1435 2378 1499 lulae
2411 1446 2472 1500 et
2518 1444 2877 1501 sanctorum
2910 1439 3159 1500 Patrum
3208 1439 3580 1515 eremitaria,
3625 1440 3803 1520 quod

2213 1537 2281 1599 in
2319 1537 2633 1617 aliquibus
2679 1538 2857 1615 locis,
2891 1544 2961 1601 ut
3002 1539 3216 1614 credo,
3248 1556 3364 1620 per
3391 1528 3523 1603 duo
3549 1541 3647 1604 vel
3679 1542 3803 1604 tria

2215 1636 2523 1714 milliaria,
2555 1638 2634 1701 de
2661 1655 2791 1701 uno
2838 1638 2916 1701 ad
2959 1638 3129 1700 aliud
3168 1640 3368 1720 possit
3407 1641 3702 1719 sagittari,
3734 1648 3805 1704 et

2216 1738 2282 1800 in
2305 1756 2495 1819 quam
2532 1739 2819 1820 pluribus
2857 1738 3061 1802 adhuc
3092 1738 3331 1818 degunt
3361 1740 3499 1802 Indi
3526 1742 3806 1805 Nubiani

2218 1848 2280 1904 et
2307 1842 2577 1918 Suriani,
2608 1843 2687 1905 ad
2726 1841 3015 1905 ordinem
3060 1842 3259 1905 sancti
3287 1843 3543 1905 Antonii
3579 1849 3641 1904 et
3669 1845 3807 1905 Ma-

2216 1940 2367 2002 carii
2427 1957 2495 2001 se
2550 1938 2876 2003 habentes.
2916 1942 2988 2001 In
3022 1939 3120 2001 his
3165 1940 3427 2002 desertis
3475 1941 3638 2002 Deus
3680 1957 3807 2020 per

2215 2046 2464 2104 sanctos
2484 2043 2695 2104 Patres
2710 2040 2905 2103 multa
2929 2040 3236 2104 mirabilia
3265 2047 3359 2103 est
3386 2048 3701 2122 operatus,
3733 2047 3807 2103 et

2214 2143 2569 2224 specialiter
2619 2144 2687 2205 in
2742 2142 2888 2206 loco
2944 2143 3055 2224 qui
3102 2142 3303 2204 Stichi
3356 2142 3501 2222 (leg.
3550 2141 3799 2218 Scitht',

2213 2247 2412 2322 Scete]
2442 2245 2688 2321 dicitur,
2713 2262 2828 2325 per
2858 2252 3108 2308 sanctos
3128 2245 3465 2307 Antonium
3495 2251 3557 2307 et
3588 2248 3803 2308 Maca-

2214 2345 2399 2419 rium,
2422 2353 2493 2408 ut
2519 2346 2587 2408 in
2605 2346 2745 2409 vitis
2767 2348 3020 2408 Patrum
3050 2348 3426 2408 continetur.
3447 2348 3517 2408 In
3533 2346 3656 2409 hoc
3677 2345 3802 2410 de-

2214 2452 2380 2509 serto
2398 2454 2491 2509 est
2511 2447 2689 2511 locus
2715 2446 2830 2509 sub
2858 2446 3154 2510 altissima
3186 2453 3247 2509 et
3280 2448 3584 2510 artissima
3608 2463 3799 2527 rupe,

2215 2567 2346 2629 quo
2372 2557 2623 2612 sanctus
2648 2549 2956 2611 Antonius
2985 2548 3272 2627 degebat,
3305 2556 3367 2611 et
3396 2566 3474 2611 ex
3498 2548 3603 2612 illa
3634 2564 3803 2629 rupe

2214 2649 2554 2712 fonticulus
2588 2649 2784 2712 efﬂuit
2818 2648 2897 2711 ad
2944 2650 3335 2729 semijactum
3373 2648 3599 2729 lapidis
3645 2667 3799 2712 cur-

2214 2767 2361 2813 rens
2386 2749 2454 2810 in
2508 2749 2818 2823 sabulum,
2852 2756 2922 2810 ut
2948 2765 3111 2828 aqua
3142 2748 3333 2811 ﬂuida
3370 2748 3576 2810 nivem
3603 2749 3802 2810 intrat

2216 2855 2277 2911 et
2308 2849 2468 2913 ultra
2520 2867 2649 2912 non
2687 2854 2969 2930 apparet.
3010 2849 3184 2911 Idem
3225 2848 3405 2912 locus
3444 2866 3480 2911 a
3509 2847 3799 2929 plurimis

2215 2967 2399 3013 causa
2439 2951 2789 3014 devotionis
2817 2956 2879 3012 et
2904 2950 3336 3013 delectationis
3369 2949 3664 3022 visitatur,
3696 2956 3795 3011 at-

2215 3066 2341 3129 que
2368 3051 2554 3110 etiam
2584 3068 2701 3129 per
2730 3052 2989 3128 gratiam
3021 3051 3133 3112 Dei
3168 3057 3231 3111 et
3270 3050 3578 3113 honorem
3600 3052 3800 3115 sancti

524 3163 799 3243 exstant,
839 3153 1388 3245 monasteriorum,
1439 3168 1599 3231 quae
1632 3169 1666 3213 a
1718 3159 1938 3233 quarto
1968 3169 2105 3213 sae-
2136 3139 2179 3196 C
2211 3149 2465 3211 Antonii
2498 3150 2728 3211 multae
2762 3150 3153 3211 inﬁrmitates
3191 3166 3268 3210 ex
3305 3150 3447 3228 ipso
3490 3150 3665 3212 fonte
3700 3169 3800 3213 sa-

531 3257 677 3321 culo
726 3257 962 3319 circum
999 3254 1255 3316 Nitriam
1302 3259 1363 3315 et
1393 3252 1459 3313 in
1488 3251 1735 3314 Cellulis
1765 3252 2113 3315 ﬂoruerunt

528 3358 883 3431 innumera,
936 3353 1327 3417 venerandae
1381 3351 1763 3431 antiquitatis
1807 3351 2113 3432 reliquiae

531 3464 700 3532 sunt,
734 3473 943 3535 neque
969 3455 1198 3517 iniuste
1225 3453 1446 3515 fratres
1470 3450 1799 3514 Macariani
1820 3450 2114 3514 coenobii

534 3574 615 3621 ex
674 3555 1004 3619 traditione
1055 3552 1507 3616 monasterium
1539 3569 1723 3614 suum
1750 3557 1897 3615 ante
1940 3550 2113 3613 mille

533 3656 916 3738 quingentos
961 3670 1162 3717 annos
1206 3651 1535 3714 fundatum
1584 3668 1723 3715 esse
1761 3650 2110 3714 contende-

534 3762 682 3819 runt
712 3754 820 3835 (5),
853 3752 1050 3835 quod,
1091 3752 1236 3815 licet
1274 3768 1405 3814 non
1444 3752 1522 3814 de
1550 3750 1769 3826 muris,
1801 3751 1913 3831 qui
1944 3767 2116 3812 nunc

536 3862 903 3929 cernuntur,
940 3860 1153 3916 tamen
1193 3853 1271 3914 de
1313 3852 1515 3932 prima
1558 3851 1851 3914 coenobii
1883 3851 2112 3912 funda-

532 3956 708 4018 tione
750 3960 923 4017 certo
953 3953 1077 4015 dici
1125 3958 1354 4033 potest.
1383 3953 1511 4015 Nec
1548 3952 1797 4015 silentio
1830 3958 2114 4032 praeter-

537 4056 744 4119 eunda
790 4073 928 4119 esse
980 4054 1357 4136 perpulchra
1401 4053 1509 4116 illa
1548 4053 1798 4116 traditio
1847 4054 2115 4123 videtur,

537 4175 663 4239 qua
690 4157 1026 4238 praeterito
1056 4164 1106 4235 3
1137 4153 1388 4217 saeculo
1410 4153 1657 4216 cuidam
1677 4154 1745 4215 in
1765 4153 1888 4215 illis
1906 4154 2115 4233 regio-

538 4258 725 4320 nibus
753 4256 1176 4337 peregrinanti
1207 4253 1289 4335 (6)
1320 4254 1512 4317 abbas
1539 4254 1871 4317 Macariani
1904 4272 2120 4317 mona-

538 4358 711 4422 sterii
731 4356 1073 4431 afﬁrmavit,
1092 4356 1161 4417 in
1193 4356 1373 4418 Scete
1395 4361 1456 4417 et
1475 4355 1543 4416 in
1555 4354 1786 4417 Nitriae
1800 4354 2119 4418 montibus

2213 3256 2444 3314 nantur
2463 3257 2524 3312 et
2550 3249 2867 3329 fugantur.
2887 3250 3043 3311 Nam
3076 3249 3210 3311 eius
3239 3248 3616 3328 specialibus
3642 3267 3795 3332 pre-

2213 3353 2392 3416 cibus
2429 3369 2507 3414 ex
2554 3367 2713 3432 rupe
2764 3349 3042 3413 creditur
3072 3349 3416 3413 fonticulus
3456 3350 3795 3427 etlluxisse,

2214 3453 2387 3535 quod
2425 3453 2611 3515 etiam
2637 3453 2800 3515 bene
2831 3458 3022 3532 patet,
3058 3453 3206 3532 quia
3229 3470 3357 3515 non
3382 3452 3625 3514 videtur
3652 3452 3797 3533 plus

2212 3555 2489 3629 ﬂuxisse,
2532 3570 2723 3633 quam
2751 3552 2826 3614 ad
2857 3552 3177 3615 modicum
3220 3544 3555 3615 habitaculi
3579 3552 3699 3627 sui,
3732 3560 3798 3615 et

2214 3655 2536 3719 hortulum
2569 3671 2750 3715 suum
2782 3653 3076 3732 irrigasse
3120 3652 3231 3736 (7).
3258 3675 3289 3711 »

2300 3752 2549 3815 Macarii
2581 3750 2871 3830 Aegyptii
2902 3750 3353 3812 monasterium
3383 3767 3450 3812 1n
3486 3750 3666 3814 Scete
3704 3750 3796 3813 si-

2214 3860 2347 3915 tum
2385 3878 2413 3911 ‹‹
2443 3871 2559 3934 per
2594 3852 2718 3915 diei
2761 3862 2822 3915 et
2851 3852 3052 3914 noctis
3088 3852 3207 3913 iter
3234 3874 3264 3909 ››
3291 3869 3328 3914 a
3359 3851 3553 3913 Nitria
3601 3852 3795 3915 dista-

2216 3954 2344 4029 bat,
2374 3961 2442 4017 ut
2486 3954 2678 4016 refert
2725 3953 2994 4032 scriptor
3034 3951 3178 4014 libri
3221 3953 3481 4016 secundi
3515 3954 3795 4016 Vitarum

2216 4058 2492 4130 Patrum,
2532 4072 2687 4137 quas
2736 4054 2931 4117 edidit
2986 4053 3367 4116 Rosweidus
3410 4052 3528 4137 (8);
3566 4054 3797 4118 Nitriae

2216 4158 2529 4221 montium
2572 4155 2951 4218 monasteria
2996 4154 3369 4217 fundaverat
3410 4158 3471 4218 S.
3502 4159 3795 4233 Ammon,

2218 4258 2329 4338 qui
2376 4256 2709 4336 superstite
2750 4256 2933 4317 etiam
2968 4258 3031 4317 S.
3073 4256 3344 4318 Antonio
3366 4256 3530 4318 diem
3571 4275 3796 4337 supre-

2217 4375 2390 4419 mum
2454 4357 2610 4419 obiit
2662 4355 2771 4436 (9),
2824 4356 3123 4435 ideoque,
3193 4356 3364 4437 quod
3403 4356 3565 4419 infra
3620 4365 3798 4438 pate-

537 4468 632 4523 tot
650 4458 801 4522 olim
830 4457 1136 4521 exstitisse
1159 4456 1559 4531 monasteria,
1585 4462 1739 4536 quot
1759 4473 1961 4518 annus
1981 4456 2116 4519 dies
2148 4499 2192 4554 ο
2220 4460 2333 4535 bit,
2396 4458 2697 4521 Macarios
2766 4463 3017 4520 nostros
3077 4463 3278 4519 aetate
3343 4457 3795 4537 aliquantulum

540 4566 860 4633 numeret;
890 4558 1106 4638 idque,
1153 4556 1207 4619 si
1254 4574 1411 4632 rem,
1450 4574 1580 4618 non
1617 4556 1806 4618 verba
1847 4564 2114 4637 spectas,

538 4679 684 4724 cum
710 4659 894 4723 variis
928 4658 1135 4740 quarti
1172 4665 1237 4722 et
1269 4657 1473 4738 quinti
1507 4655 1742 4720 saeculi
1771 4656 2117 4719 enarratio-

611 4897 688 4968 (l)
727 4894 1091 4953 Tischendorf
1154 4896 1194 4951 l.
1261 4896 1337 4963 l.;
1397 4895 1463 4951 G.
1528 4893 1837 4949 Wilkinson
1893 4891 2114 4948 Modern

541 4988 715 5060 Egypt
753 4988 859 5043 and
900 4986 1115 5042 Thebes
1148 4985 1291 5041 1845
1318 4985 1443 5042 Vol.
1473 4984 1573 5056 lp.
1615 4984 1723 5041 582
1747 5000 1869 5055 sqq.

611 5080 689 5152 (2)
724 5078 1090 5136 Tischendorf
1115 5078 1152 5134 l.
1186 5079 1225 5133 l.
1254 5094 1309 5148 p.
1336 5077 1456 5132 125.

611 5175 689 5245 ('5)
730 5175 981 5231 Cassian.
1016 5174 1156 5230 Coll.
1185 5171 1281 5228 XV
1315 5188 1438 5243 cap.
1477 5174 1532 5237 3,
1568 5172 1820 5229 Cassiani
1852 5171 1989 5243 Opp.
2027 5172 2115 5227 ed.

524 5266 974 5337 AGazaeus.Lips.
1003 5267 1142 5321 1755
1172 5282 1220 5335 p.
1247 5265 1381 5332 468,
1423 5263 1601 5336 Migne
1628 5263 1830 5319 Patrol.
1862 5263 1925 5318 T.
1955 5263 2118 5318 XLIX

540 5377 595 5430 p.
630 5358 756 5415 995.

613 5453 692 5524 (Α)
731 5450 973 5507 Historia
1026 5449 1291 5508 Lausiaca
1338 5450 1567 5506 Palladii
1616 5449 1883 5506 Macarius
1939 5450 2118 5521 Aegy-

541 5549 712 5617 ptium
730 5556 785 5602 et
808 5546 1230 5602 Alexandrinum
1260 5558 1419 5617 vocat
1438 5544 1752 5615 γενναίους
1777 5542 2001 5611 ἄνδρας
2022 5543 2118 5597 καὶ

538 5643 1065 5712 ἀκαταγωνίστους
1093 5639 1377 5709 ἀθλητάς.
1408 5638 1492 5693 Cf.
1528 5637 1668 5692 intra
1707 5637 1879 5707 Caput
1914 5635 1976 5689 ll.

611 5735 690 5805 (5)
729 5734 1096 5789 Tischendorf
1120 5734 1155 5787 1.
1186 5735 1309 5802 Ι.νρ.
1346 5732 1470 5785 127.
1598 5763 1607 5771 -

609 5826 687 5890 (6)
725 5825 872 5881 Patri
914 5825 1162 5892 Sicardo,
1196 5812 1564 5878 Tischendorf
1600 5822 1635 5877 l.
1674 5821 1707 5877 l.
1758 5837 1809 5892 p.
1860 5821 1979 5875 117.
2026 5818 2112 5875 Cf.

2223 4558 2584 4639 praecessit.
2607 4556 2718 4618 llle
2745 4572 2895 4618 vero
2934 4554 3133 4629 locus,
3156 4555 3266 4617 ubi
3292 4554 3446 4618 alter
3471 4557 3795 4632 Macarius,

2225 4656 2681 4721 Alexandrinus
2750 4653 3270 4734 cognominatus,
3338 4653 3449 4733 qui
3520 4653 3796 4733 aequalis

2223 4892 2561 4950 Wandslebli
2613 4892 3035 4963 descriptionem
3092 4891 3549 4947 monasteriorum
3612 4890 3796 4947 codice

2223 4987 2443 5042 arabico
2490 4987 2715 5057 antiquo
2758 4985 3099 5055 desumptam
3139 4983 3193 5036 in
3244 4984 3384 5038 libro
3414 4983 3500 5038 cui
3545 4982 3736 5037 titulus
3778 5002 3794 5038 :

2228 5078 2425 5137 Paulus
2470 5079 2793 5149 Sammlung
2831 5078 2929 5133 der
2978 5075 3468 5149 merkwﬁrdigsten
3510 5075 3707 5131 Reisen
3740 5075 3795 5130 in

2225 5170 2327 5226 den
2358 5169 2545 5225 Orient
2566 5168 2630 5223 Τ.
2658 5168 2721 5223 Ill
2751 5184 2805 5238 p.
2842 5167 2950 5222 255
2970 5182 3092 5236 sqq.

2301 5262 2379 5332 (7)
2424 5260 2658 5325 Ludolti,
2686 5260 2914 5315 rectoris
2942 5256 3205 5314 ecclesiae
3236 5254 3565 5326 parochialis
3600 5254 3655 5309 in
3694 5252 3784 5308 Su-

2220 5356 2413 5419 chem,
2443 5355 2507 5409 de
2542 5354 2731 5409 itinere
2774 5362 2945 5406 terrae
2988 5360 3206 5406 sanctae
3249 5348 3405 5402 liber.
3463 5345 3611 5404 Nach
3651 5348 3796 5401 allen

2222 5446 2639 5502 Handschriften
2687 5444 2977 5514 berichtigt
3016 5440 3459 5513 berausgegeben
3497 5456 3604 5497 von
3630 5439 3695 5492 D'
3735 5438 3796 5495 F.

2223 5539 2689 5610 Deyks.Stultgart
2719 5537 2849 5592 1851
2879 5552 2931 5606 p.
2963 5535 3026 5591 61
3058 5551 3143 5606 sq.

2295 5630 2370 5700 (8)
2417 5628 2523 5682 νγ.
2556 5627 2659 5682 PP.
2700 5628 2785 5682 ed.
2825 5626 3009 5682 Rosw.
3040 5625 3136 5681 lib.
3178 5623 3217 5677 ll
3259 5637 3378 5693 cap.
3403 5621 3473 5677 29
3506 5620 3604 5675 Ed.
3636 5620 3796 5675 Antv.

2230 5725 2368 5778 1628
2397 5740 2447 5792 p.
2480 5723 2681 5787 481,1.
2717 5721 2799 5776 Cf.
2837 5720 2976 5774 infra
3003 5718 3181 5788 Caput
3213 5716 3302 5771 IV.

2303 5819 2378 5884 (9)
2424 5816 2543 5871 Vita
2604 5816 2660 5868 S.
2724 5814 2986 5879 Antonii,
3046 5812 3103 5866 S.
3152 5808 3439 5865 Athanasii
3506 5805 3647 5875 Opp.
3706 5804 3798 5864 ed.

3886 832 3950 879 πθ

3884 916 3958 980 riui

3884 1019 3998 1079 irtus!

3884 1130 3998 1197 rm

3888 1229 3998 1280 dicit]

3890 1320 3976 1380 ius

3894 1421 3997 1499 pida

3896 1528 3998 1583 ἔξω]

3898 1626 3997 1682 isset

3900 1723 3998 1782 silere

3904 1824 3997 1884 glori

3907 1926 3997 1986 rudi

3911 2046 3997 2084 ἓιῖΠἿ

3914 2146 3997 2207 ep

3914 2234 3955 2289 1ὶὶ
3974 2249 3998 2290 Il

3920 2333 3997 2391 reb

3924 2440 3997 2492 15511

3938 2646 3998 2693 ta

3932 2734 3998 2796 ale
