4040 6602
129 396 174 449 8

1673 391 1901 447 νιΤΑΕ.

3373 385 3407 442 6

125 488 464 588 Aegyptio
485 508 623 584 fuit,
656 506 933 583 sedebat,
968 508 1051 571 ob
1076 506 1442 571 cellularum
1479 508 1569 571 ibi
1607 508 1730 572 dis-
1756 518 1802 572 A
1831 524 1970 570 rum
1998 506 2361 587 saepissime
2388 505 2745 578 utebantur,
2774 502 2859 566 ita
2888 501 3168 584 quidem,
3195 505 3269 565 ut
3289 504 3409 570 solt

125 627 482 689 persarum
537 608 995 671 multitudinem
1055 608 1240 671 Cellia
1303 625 1415 670 seu
1461 607 1729 669 Cellulae

128 710 621 785 nominabatur,
667 726 829 790 quae
881 706 1105 770 eodem
1148 707 1259 769 illo
1315 714 1571 770 auctore
1628 706 1727 768 di-

127 811 405 873 stabant
434 811 652 873 decem
691 810 824 872 fere
866 808 1149 871 milliaria
1177 827 1212 869 a
1242 808 1433 870 Nitria
1470 808 1537 869 in
1565 808 1729 870 inte-

132 912 326 975 riore
389 912 636 974 deserto
685 909 792 991 (1).
857 910 1034 972 Unde
1099 909 1427 988 colligitur,
1474 908 1735 972 Alexan-

128 1014 328 1075 drini
378 1014 854 1087 habitationem,
918 1011 1068 1074 licet
1136 1011 1331 1073 Nitria
1390 1011 1457 1072 in
1522 1011 1731 1073 medio

128 1112 491 1190 utriusque
527 1111 726 1190 posita
751 1116 935 1186 esset,
968 1117 1135 1173 certe
1162 1109 1326 1172 haud
1359 1109 1624 1172 multum
1654 1112 1733 1173 ab

128 1213 454 1291 Aegyptii
496 1213 889 1275 monasteriis
933 1218 1237 1274 remotam
1283 1211 1495 1274 fuisse.
1541 1215 1736 1273 Tanta

129 1317 373 1372 autem
421 1312 582 1373 fama
625 1311 893 1373 duorum
939 1312 1350 1374 Macariorum
1397 1318 1528 1374 erat
1574 1312 1739 1374 inter

130 1410 331 1472 illius
361 1411 635 1488 regionis
662 1410 905 1485 fratres,
932 1418 1002 1473 ut
1031 1411 1235 1473 eidem
1262 1412 1501 1474 auctori
1531 1418 1739 1491 patres

134 1512 506 1591 quidamin
526 1512 727 1574 Celliis
754 1520 1097 1589 narrarent,
1129 1515 1288 1578 duos
1330 1516 1397 1577 in
1428 1515 1583 1578 locis
1608 1515 1741 1579 istis

132 1611 468 1673 Macarios
525 1633 553 1667 α
591 1611 770 1690 quasi
828 1612 954 1675 duo
1021 1612 1180 1675 caeli
1244 1612 1477 1676 Iumina
1543 1615 1739 1678 reful-

1831 628 1899 673 se
1936 610 2003 673 in
2049 610 2272 674 cellam
2311 608 2694 672 monasterio
2723 606 2991 670 vicinam
3030 606 3406 686 reciperent,

1832 710 2006 792 quod
2050 711 2306 791 quidem
2363 710 2443 773 de
2505 712 2567 771 S.
2630 707 2903 771 Antonio
2955 705 3103 789 (10),
3143 706 3409 769 Macario

1832 809 2139 890 Aegyptio
2192 808 2337 891 (11),
2376 808 2513 872 aliis
2533 806 2796 870 relatum
2845 805 3133 884 legimus.
3165 804 3407 866 Eremi-

1831 918 2036 975 tarum
2078 911 2352 990 denique
2384 908 2776 972 severitatem
2812 905 3177 985 longissime
3217 922 3407 986 supe-

1834 1013 2054 1075 rabant
2098 1010 2514 1073 anachoretae
2584 1007 2730 1089 (12),
2770 1008 2903 1088 qui,
2953 1021 3411 1087 saepenumero

1834 1120 2028 1177 totam
2050 1129 2253 1193 paene
2280 1112 2469 1173 vitam
2504 1110 2571 1172 in
2592 1109 2888 1171 interiore
2910 1108 3246 1171 solitudine
3274 1107 3412 1169 sine

1837 1220 1888 1292 5
1918 1214 2044 1277 ulla
2085 1214 2360 1276 hominis
2412 1228 2538 1294 Ope
2584 1211 2906 1293 degentes,
2947 1228 3063 1292 per
3105 1211 3413 1292 quinqua-

1838 1313 2005 1391 ginta
2029 1330 2218 1393 saepe
2246 1329 2447 1375 annos
2470 1318 2533 1374 et
2561 1310 2829 1391 amplius
2876 1310 3108 1372 nullius
3138 1311 3413 1373 hominis

1837 1414 2074 1477 vultum
2103 1414 2553 1495 adspiciebant,
2576 1411 2913 1487 radicibus,
2942 1412 3167 1493 pomis,
3199 1411 3412 1475 herbis

1838 1521 2181 1577 vescentes.
2235 1515 2364 1576 Nec
2408 1515 2545 1576 sine
2590 1512 2909 1593 voluptate
2961 1512 3414 1575 fervescentem

1840 1614 1990 1678 solis
2008 1615 2242 1695 ignem,
2263 1615 2396 1677 sitis
2428 1614 2741 1689 ardorem,
2773 1613 3088 1676 defectum
3119 1630 3320 1693 aquae
3346 1614 3414 1676 in

135 1712 320 1773 sisse
342 1711 450 1793 (2),
486 1733 516 1767 ››
545 1721 605 1773 et
632 1711 959 1787 Palladius,
991 1713 1102 1793 qui
1140 1731 1267 1775 una
1309 1731 1451 1776 cum
1475 1715 1741 1779 Macario
1841 1715 2150 1779 honorem
2177 1714 2397 1778 Christi
2425 1715 2730 1777 ferebant.
2781 1716 3250 1796 Nonnunquam
3280 1716 3411 1778 via-

136 1811 585 1873 Alexandrino
620 1819 745 1873 tres
766 1828 965 1873 annos
998 1811 1381 1875 habitaverat
1414 1814 1481 1875 in
1511 1814 1736 1891 Celliis,

138 1911 419 1974 illorum
455 1911 670 1974 Iaudes
700 1911 981 1975 referens
1009 1912 1307 1991 singulari
1332 1915 1603 1994 quadam
1633 1916 1737 1977 in-

137 2013 563 2076 troductione
606 2031 767 2093 opus
806 2014 922 2076 sibi
962 2031 1099 2077 esse
1132 2021 1403 2095 putaret,
1440 2035 1517 2078 ne
1561 2026 1740 2078 tanta

138 2133 442 2176 narrans
478 2115 735 2176 mentiri
780 2115 1099 2176 videretur
1137 2115 1242 2196 (3).
1280 2117 1456 2179 Vitae
1504 2119 1738 2180 severi-

138 2221 256 2274 tas
282 2229 487 2294 paene
510 2207 890 2278 incredibilis
917 2222 1045 2277 tum
1072 2216 1138 2277 in
1166 2216 1513 2279 innumeris
1545 2221 1745 2298 Aegy-

139 2316 253 2394 pti
284 2317 678 2379 monasteriis
710 2317 976 2396 vigebat,
1006 2321 1062 2394 4
1092 2334 1220 2398 quo
1252 2317 1578 2381 referenda
1599 2326 1745 2383 sunt

143 2418 388 2478 crebra
422 2424 482 2479 et
509 2416 695 2496 longa
729 2416 961 2479 ieiunia
992 2416 1097 2497 (4),
1138 2418 1343 2480 omnis
1376 2416 1508 2480 fere
1541 2420 1744 2483 carnis

143 2517 545 2580 abstinentia
576 2518 680 2598 (5),
707 2517 949 2596 vigiliae
983 2516 1088 2598 (6),
1122 2516 1422 2599 habitatio
1456 2520 1522 2580 in
1555 2520 1746 2583 cellu-

144 2614 267 2690 lis,
306 2614 375 2677 in
406 2617 634 2696 quibus
679 2618 781 2678 vix
819 2623 1064 2698 poterat
1106 2636 1337 2698 corpus
1376 2621 1613 2683 moveri
1635 2619 1743 2701 (7),

149 2720 221 2777 et
278 2714 423 2789 alia,
456 2733 617 2796 quae
646 2716 895 2780 duriora
935 2718 1003 2780 in
1044 2719 1440 2782 monasteriis
1469 2722 1746 2785 exerceri

151 2816 481 2878 solebant.
512 2821 561 2878 A
586 2818 913 2881 monachis
939 2819 1007 2881 in
1034 2821 1432 2883 monasteriis
1458 2821 1746 2901 degenti-

149 2917 293 2979 bus
338 2916 759 2996 distinguendi
793 2925 940 2981 sunt
991 2921 1310 2995 eremitae,
1350 2922 1460 3001 qui
1497 2924 1751 2985 maioris

152 3016 511 3096 spiritualis
533 3017 938 3097 perfectionis
978 3020 1194 3098 gratia,
1225 3021 1447 3083 abbate
1478 3039 1748 3085 consen-

151 3114 393 3189 tiente,
415 3115 480 3177 in
507 3116 869 3180 interiorem
899 3118 1299 3182 solitudinem
1325 3137 1393 3182 se
1413 3121 1745 3196 abdebant,

1774 1864 1818 1920 Β

1843 1820 1965 1889 tor,
2016 1816 2333 1876 desertum
2371 1830 2733 1894 peragrans,
2777 1817 2920 1874 ante
2956 1812 3241 1893 ipsorum
3272 1814 3414 1876 obi-

1845 1921 1978 1978 tum
2008 1916 2186 1997 quasi
2218 1932 2254 1977 a
2297 1916 2425 1977 Deo
2474 1913 2703 1975 missus
2753 1913 3255 1992 superveniebat,
3306 1913 3417 1994 qui

1845 2015 2052 2078 nudos
2093 2031 2203 2076 eos
2243 2013 2575 2093 longisque
2627 2010 2866 2091 capillis
2896 2010 2962 2071 in
2999 2027 3265 2089 corpore
3308 2011 3419 2072 ob-

1846 2121 2045 2178 tectos
2070 2115 2139 2176 in
2156 2114 2372 2176 ultima
2393 2113 2548 2175 hora
2582 2111 2900 2174 reﬁciebat
2928 2118 2989 2173 et
3020 2111 3287 2175 honesto
3314 2117 3416 2174 tu-

1847 2215 2019 2278 mulo
2069 2213 2414 2295 sepeliebat
2464 2211 2612 2292 (13).
2660 2212 2902 2273 Fratres
2943 2216 3152 2271 autem
3181 2210 3247 2271 in
3276 2226 3417 2272 mo-

1848 2316 2137 2380 nasteriis
2167 2332 2419 2395 semper
2443 2312 2629 2375 nudis
2658 2312 2925 2393 pedibus
2958 2318 3019 2373 et
3048 2311 3283 2373 baculis
3314 2311 3417 2373 in-

1850 2416 2031 2479 nixos
2050 2415 2402 2488 incessisse,
2426 2418 2614 2494 caput
2640 2412 2888 2476 cucullo
2907 2412 3197 2475 indutum
3226 2418 3287 2474 et
3308 2410 3423 2475 hu-

1850 2535 2058 2580 meros
2112 2516 2444 2598 scapulari,
2490 2534 2723 2597 corpus
2766 2532 2925 2578 zona
2970 2515 3245 2577 cinctum
3303 2513 3418 2577 ha-

1850 2619 2085 2695 buisse,
2115 2619 2376 2700 insuper
2403 2617 2698 2680 melotem
2725 2616 2766 2678 i.
2802 2632 2860 2678 e.
2905 2616 3153 2678 ovinam
3191 2615 3423 2697 pellem

1852 2718 2143 2797 gessisse,
2173 2717 2342 2797 apud
2369 2717 2697 2795 Evagrium
2731 2715 2877 2797 (14),
2909 2716 3265 2778 Cassianum
3297 2716 3420 2797 (15)

1854 2822 1917 2878 et
1943 2815 2011 2876 in
2028 2815 2184 2876 Vitis
2197 2816 2448 2876 Patrum
2480 2814 2772 2877 editionis
2798 2815 3275 2877 Rosweidianae
3311 2832 3422 2878 co-

1854 2915 2210 2996 piosissime
2238 2921 2544 2977 narratur.

1936 3019 1963 3092 §
1987 3014 2044 3077 3.
2075 3015 2419 3078 Solitariam
2448 3016 2515 3078 in
2536 3019 2819 3096 Aegypto
2843 3016 3031 3078 vitam
3060 3016 3264 3097 quarti
3296 3035 3429 3082 sae-

1856 3115 1981 3179 culi
2020 3123 2104 3191 et,
2146 3135 2275 3197 quo
2303 3108 2455 3181 inde
2502 3118 2625 3181 late
2654 3118 2877 3180 diffusa
2914 3123 3030 3193 est,
3058 3118 3127 3180 in
3154 3120 3331 3199 Syria
3366 3128 3430 3184 et

102 3268 103 3331 ι
154 3212 287 3274 ubi
316 3231 565 3293 parvam
603 3216 822 3278 cellam
860 3216 1281 3280 inhabitantes
1321 3218 1585 3297 singulis
1615 3219 1751 3282 die-
1779 3221 1822 3281 C
1854 3214 2202 3279 Palaestina
2246 3218 2504 3281 uberius
2559 3217 2938 3292 describere,
2993 3219 3071 3280 ab
3110 3217 3233 3281 hoc
3285 3218 3430 3282 loco
3468 3282 3469 3285 η

157 3314 296 3375 bus
338 3332 566 3392 aquam
616 3332 651 3377 e
698 3317 1081 3379 monasterio
1124 3318 1373 3380 missam
1410 3337 1554 3381 cum
1586 3338 1752 3400 pane

163 3410 567 3490 recipiebant
596 3411 708 3494 (8);
743 3429 1219 3492 nonnumquam
1238 3430 1387 3476 vero
1417 3419 1478 3476 et
1500 3414 1623 3495 ipsi
1652 3414 1750 3478 lo-

164 3528 323 3573 cum
349 3528 660 3591 aquosum
686 3514 804 3575 sibi
840 3514 1174 3594 eligebant,
1214 3531 1342 3595 quo
1376 3522 1657 3578 sererent
1693 3524 1755 3578 et

102 3686 105 3721 '
165 3630 416 3692 panem
445 3631 556 3673 sua
588 3631 777 3675 manu
804 3617 1183 3678 conﬁcerent
1212 3614 1320 3697 (9).
1358 3617 1480 3678 Sed
1519 3616 1749 3679 eremi-

166 3713 305 3774 tica
332 3712 453 3774 vita
486 3713 670 3775 etiam
699 3714 952 3778 abbates
992 3726 1098 3778 aut
1119 3732 1305 3779 senes
1336 3718 1757 3780 monasterio-

174 3858 382 3913 Bened.
405 3857 611 3915 Patavii
645 3861 781 3915 m7
814 3862 877 3917 Τ.
901 3861 920 3915 l
954 3863 1009 3919 ρ.
1034 3863 1078 3918 u
1098 3880 1153 3935 p.
1178 3864 1285 3920 672
1313 3866 1457 3936 (cap.
1494 3864 1613 3931 60);
1634 3861 1751 3918 vv.

179 3950 291 4005 PP.
341 3950 526 4007 Rosw.
576 3968 630 4023 p.
660 3955 801 4019 51,1
849 3956 990 4026 (cap.
1040 3958 1152 4027 52).
1203 3956 1321 4012 Vita
1373 3957 1431 4012 S.
1479 3956 1758 4013 Pachumii

173 4058 303 4114 cap.
330 4040 510 4106 LVV.
541 4042 646 4100 PP.
684 4043 868 4102 Rosw.
901 4062 955 4116 p.
976 4048 1096 4109 115,
1125 4045 1182 4102 2.

254 4134 333 4204 (1)
371 4132 481 4189 vv.
512 4132 615 4189 PP.
651 4135 834 4191 nosw.
866 4137 960 4191 lib.
991 4137 1037 4191 ιι
1068 4152 1186 4207 cap.
1223 4138 1294 4191 ea
1327 4154 1379 4209 p.
1412 4136 1538 4201 478,
1572 4138 1625 4191 ι.

254 4226 337 4299 (2)
376 4225 490 4284 νγ.
509 4225 615 4281 PP.
647 4229 829 4285 Rosw.
863 4228 958 4282 lib.
990 4227 1033 4281 ll
1062 4244 1185 4300 cap.
1214 4228 1285 4283 28
1318 4244 1372 4300 p.
1406 4230 1532 4293 4⁸19,
1556 4229 1614 4283 2.

256 4322 336 4387 (5)
375 4319 514 4375 Hist.
546 4319 745 4388 Laus.;
780 4320 854 4376 cf.
895 4320 1038 4376 infra
1064 4323 1238 4392 Caput
1271 4321 1336 4376 Il.

255 4414 335 4485 (4)
356 4413 458 4467 Alii
505 4422 628 4483 post
674 4414 918 4486 quinque
969 4415 1107 4481 dies,
1159 4416 1252 4471 alii
1304 4423 1428 4486 post
1468 4416 1631 4482 duos,
1665 4415 1760 4471 alii

181 4514 311 4575 post
356 4514 489 4567 tres,
521 4505 613 4559 alii
656 4508 823 4562 semel
856 4517 1063 4562 tantum
1104 4509 1159 4562 in
1208 4508 1547 4565 hebdomade
1578 4525 1762 4565 come-

182 4598 403 4662 derunt,
455 4597 547 4651 alii
588 4597 952 4655 hebdomades
998 4601 1237 4672 integras
1282 4601 1618 4657 ieiunarunt.
1670 4600 1757 4657 Cf.

183 4686 461 4743 Bosweidi
506 4687 743 4744 Iudicem
806 4707 981 4745 rerum
1029 4693 1085 4746 in
1136 4695 1272 4748 vitae
1330 4692 1558 4747 Patrum
1610 4707 1658 4748 a.
1704 4708 1759 4747 v.

183 4778 460 4835 ieiunium.

257 4863 335 4934 (5)
381 4884 400 4915 ι
443 4862 517 4919 De
561 4864 819 4921 carnibus
875 4880 1003 4922 vero
1058 4875 1114 4923 et
1166 4868 1294 4923 vino
1344 4880 1523 4926 tacere
1565 4872 1761 4931 melius

186 4967 321 5025 puto
343 4973 504 5027 quam
530 4959 825 5029 quidquam
851 4959 1052 5026 dicere,
1087 4962 1307 5031 quando
1338 4979 1437 5019 nec
1470 4965 1611 5034 apud
1640 4967 1763 5036 plu-

190 5052 360 5104 rimos
400 5052 622 5120 quidem
662 5052 1055 5107 monachorum
1092 5055 1397 5111 istiusmodi
1427 5058 1633 5127 aliquid
1668 5075 1760 5114 re-

192 5145 447 5210 periatur.
474 5161 493 5194 ι
528 5140 645 5195 Vita
674 5141 730 5197 S.
757 5142 1000 5207 Antonii,
1046 5143 1102 5200 S.
1140 5146 1346 5201 Athan.
1379 5148 1515 5219 Opp.
1553 5149 1589 5203 1.
1628 5150 1663 5204 I.
1701 5166 1752 5221 p.

191 5233 293 5289 658
326 5236 466 5305 (cap.
494 5235 570 5301 7),
603 5233 717 5289 VV.
750 5235 853 5290 PP.
885 5238 1067 5297 Rosw.
1098 5255 1150 5310 p.
1181 5241 1271 5304 58,
1305 5241 1327 5294 1
1370 5245 1512 5310 (cap.
1542 5240 1621 5311 6).

263 5329 340 5398 (6)
383 5327 604 5399 Vigiliae
631 5338 685 5385 et
722 5340 1024 5387 nocturnae
1075 5335 1350 5389 orationes
1388 5334 1530 5403 apud
1570 5350 1764 5390 mona-

192 5423 329 5476 chos
361 5423 718 5478 creberrimae
759 5433 936 5479 erant.
975 5423 1059 5480 Cf.
1105 5423 1373 5481 Rosweidi
1425 5424 1665 5480 Iudicem
1712 5442 1761 5481 s.

193 5526 244 5565 v.
272 5508 496 5576 vigiliae.

264 5602 340 5673 (7)
382 5602 565 5658 Talem
589 5605 836 5659 cellulam
871 5605 1197 5661 iuhabitavit
1229 5605 1499 5663 Macarius
1526 5607 1763 5662 Alexan-

194 5695 397 5751 drinus.
430 5697 512 5753 Cf.
544 5698 682 5752 infra
704 5697 879 5767 Caput
913 5696 997 5754 111.

266 5789 338 5862 (8)
382 5789 655 5860 Sulpicius
717 5791 950 5847 Severus
984 5792 1117 5846 Dial.
1153 5826 1167 5847 .
1202 5807 1321 5863 cap.
1364 5795 1451 5857 10,
1492 5793 1761 5848 Gallandit

1858 3317 2133 3380 alienum
2179 3326 2291 3381 est.
2353 3321 2717 3401 Quanquam
2765 3318 2921 3381 haec
2970 3337 3171 3399 pauca
3213 3320 3434 3383 adiun-

1860 3415 2063 3495 genda
2086 3416 2404 3479 duximus.
2446 3419 2626 3480 Pater
2658 3417 3063 3480 monachicae
3087 3417 3431 3481 institutio-

1858 3517 1958 3580 nis
1990 3518 2060 3580 in
2090 3522 2372 3599 Aegypto
2392 3519 2453 3580 S.
2486 3519 2792 3581 Antonius
2820 3535 3084 3597 magnus
3109 3519 3256 3594 fuit;
3287 3538 3433 3582 nam

1863 3638 1893 3674 α
1940 3618 2212 3681 necdum
2266 3621 2434 3695 [ante
2476 3621 2644 3695 eum]
2689 3625 2813 3680 tam
2879 3618 3100 3680 crebra
3140 3626 3317 3681 erant
3366 3619 3434 3682 in

1857 3722 2142 3801 Aegypto
2196 3719 2604 3796 monasteria,
2674 3736 2883 3801 neque
2940 3719 3200 3782 omnino
3267 3720 3437 3800 quis-

1858 3880 1913 3937 p.
1951 3865 2076 3921 190.
2111 3864 2195 3921 cr.
2238 3864 2348 3923 Vit.
2393 3864 2452 3919 s.
2507 3863 2755 3927 Antonii,
2798 3862 2856 3917 s.
2891 3862 3093 3917 Athan.
3142 3862 3281 3933 Opp.
3315 3863 3354 3919 1.
3393 3864 3433 3919 l.

1859 3975 1980 4028 cap.
2012 3960 2102 4025 50,
2135 3957 2250 4013 νγ.
2279 3957 2384 4013 PP.
2422 3955 2606 4013 Rosw.
2640 3972 2761 4028 cap.
2789 3956 2891 4022 24,
2915 3956 3008 4011 25.

1924 4048 2002 4118 (9)
2043 4045 2118 4102 Ita
2150 4046 2208 4102 S.
2239 4045 2530 4101 Antonius.
2562 4043 2683 4099 Vita
2729 4043 2788 4101 S.
2822 4045 3043 4100 Antonii
3070 4084 3085 4105 ,
3138 4043 3196 4099 S.
3231 4043 3434 4100 Athan.

1859 4138 1997 4208 Opp.
2026 4138 2064 4193 I.
2096 4138 2134 4192 I.
2167 4154 2222 4209 p.
2264 4138 2370 4193 665
2395 4137 2551 4210 (cap.
2592 4135 2718 4210 50),
2762 4135 2877 4193 VV.
2914 4135 3018 4190 PP.
3061 4133 3247 4191 Rosw.
3277 4150 3333 4205 p.
3349 4139 3440 4205 48,

1858 4229 1895 4285 2
1924 4230 2066 4300 (cap.
2092 4230 2209 4294 25).

1932 4315 2045 4385 (10)
2080 4313 2202 4369 Vita
2229 4310 2288 4368 S.
2323 4311 2566 4377 Antonii,
2595 4310 2653 4366 S.
2687 4309 2890 4365 Athan.
2916 4307 3054 4380 Opp.
3087 4310 3125 4364 l.
3169 4309 3206 4364 I.
3239 4325 3295 4380 p.
3327 4308 3438 4365 662

1864 4405 2008 4478 (cap.
2048 4406 2164 4477 45),
2186 4404 2302 4460 VV.
2330 4402 2437 4460 PP.
2464 4403 2651 4460 Bosw.
2689 4419 2744 4474 p.
2768 4403 2860 4468 47,
2886 4403 2923 4456 2
2958 4401 3101 4475 (cap.
3129 4400 3244 4473 22).

1935 4498 2046 4568 (11)
2082 4497 2169 4554 Cf.
2197 4495 2341 4552 infra
2368 4495 2545 4567 Caput
2569 4495 2634 4549 Il.

1933 4592 2047 4663 (12)
2092 4609 2113 4643 ι
2154 4589 2412 4646 Habitant
2439 4589 2684 4660 plerique
2727 4585 2781 4643 in
2813 4599 2997 4642 eremo
3029 4584 3146 4642 sine
3182 4584 3310 4640 ullis
3353 4594 3440 4640 ta-

1862 4683 2194 4748 bernaculis,
2224 4698 2367 4751 quos
2408 4682 2772 4737 anachoretas
2815 4688 3054 4745 vocant;
3089 4678 3280 4733 vivunt
3316 4678 3443 4733 her-

1863 4777 2057 4832 barum
2090 4775 2387 4840 radicibus,
2421 4774 2573 4830 nullo
2600 4787 2846 4843 unquam
2884 4780 3039 4827 certo
3094 4771 3218 4826 loco
3251 4771 3439 4826 consi—

1864 4878 2035 4933 stunt,
2081 4883 2151 4923 ne
2183 4867 2252 4923 ab
2294 4867 2609 4923 hominibus
2652 4866 3100 4935 frequententur;
3150 4878 3289 4933 quas
3335 4878 3440 4919 uox

1864 4959 2119 5031 coegerit,
2166 4958 2323 5014 sedes
2354 4959 2574 5014 habent.
2616 4976 2634 5009 ι
2670 4955 2824 5028 Sulp.
2862 4955 3052 5011 Sever.
3088 4953 3228 5009 Dial.
3265 4954 3284 5008 I
3314 4969 3439 5025 cap.

1868 5053 1933 5108 15
1962 5051 2169 5123 (Rosw.
2206 5051 2242 5104 I.
2280 5051 2317 5105 I.
2347 5066 2401 5120 p.
2438 5050 2563 5113 540,
2597 5049 2679 5118 2).

1939 5145 2048 5216 (15)
2083 5143 2203 5198 Vita
2256 5142 2545 5214 Onuphrii,
2590 5141 2701 5197 νγ.
2762 5140 2864 5196 ΡΡ.
2896 5141 3080 5196 Rosw.
3124 5154 3177 5210 p.
3219 5137 3288 5193 99
3318 5153 3440 5206 sqq.

1864 5238 1941 5293 De
1968 5237 2272 5293 coenobitis
2311 5245 2364 5292 et
2395 5236 2739 5291 anachoretis
2763 5233 2835 5290 cf.
2874 5232 2931 5288 S.
2976 5232 3196 5286 llieron.
3237 5247 3326 5299 ep.
3348 5230 3440 5293 2'2,

1866 5329 2004 5400 Opp.
2029 5330 2115 5386 ed.
2159 5329 2335 5399 Migne
2370 5325 2436 5381 Τ.
2478 5327 2495 5381 1
2531 5326 2758 5399 [PatroL
2793 5324 2857 5380 T.
2891 5322 3055 5395 XXII]
3085 5338 3137 5392 p.
3170 5322 3276 5377 419
3317 5338 3440 5392 sqq.

1866 5421 2116 5479 Cassian.
2151 5420 2289 5476 Coll.
2323 5417 2490 5473 XVIII
2514 5434 2635 5488 cap.
2670 5418 2705 5473 4
2736 5433 2858 5487 sqq.
2893 5414 3031 5485 Opp.
3068 5415 3155 5471 ed.
3196 5414 3443 5470 Gazaeus

1866 5530 1921 5585 ι).
1954 5514 2059 5569 516
2089 5529 2233 5583 sqq.,
2268 5512 2447 5582 Migne
2485 5510 2686 5566 Patrol.
2717 5509 2781 5564 T.
2820 5507 2987 5563 XLIX
3015 5525 3069 5578 p.
3101 5508 3262 5563 1095.

1938 5604 2051 5673 (14)
2102 5602 2159 5656 lu
2206 5603 2367 5665 libro,
2403 5602 2497 5671 qui
2542 5601 2839 5671 inscriptus
2860 5609 2943 5654 est
2982 5598 3174 5668 Capita
3206 5597 3445 5665 practica

1872 5697 1937 5751 ad
1968 5693 2576 5751 Anatolium/Gallam.
2604 5693 2745 5750 Bibl.
2770 5693 2875 5749 PP.
2901 5690 2965 5746 T.
2995 5690 3083 5744 VII
3112 5706 3164 5760 p.
3194 5690 3299 5748 5.55
3319 5706 3444 5760 sqq.

1944 5790 2055 5860 (15)
2091 5787 2180 5843 Cf.
2207 5788 2273 5841 de
2304 5788 2692 5841 coenobiorum
2732 5786 2995 5841 institutis
3023 5785 3113 5837 lib.
3149 5783 3164 5836 Ι
3196 5782 3446 5838 Cassiani

201 5877 329 5937 Bibl.
382 5881 485 5935 PP.
536 5882 598 5935 Τ.
641 5880 750 5936 VIII
785 5900 837 5954 p.
869 5883 994 5950 405,
1026 5882 1082 5951 2,
1123 5881 1300 5954 Migue
1331 5881 1536 5937 Patrol.
1568 5882 1632 5937 T.
1665 5881 1760 5936 XX
1872 5879 2009 5952 Opp.
2049 5880 2137 5936 ed.
2171 5878 2418 5939 Gazaeus
2454 5893 2509 5950 p.
2549 5878 2584 5932 4
2614 5894 2762 5949 sqq.,
2788 5876 2967 5950 Μίδεια
3002 5876 3039 5930 1.
3072 5876 3107 5931 I.
3137 5890 3190 5944 p.
3218 5875 3286 5930 59
3320 5888 3444 5944 sqq.
