4040 6558
513 369 565 429 Ἴ
1333 363 1431 421 SS.
1475 363 1934 420 MACARIOHUM
1975 363 2299 421 AEGYPTII
2329 366 2418 422 ET
2450 366 2920 424 ALEXANDBINI
3734 357 3775 416 8

524 503 724 569 quam
775 485 975 547 aviam
1026 482 1421 545 solitudinem
1474 490 1757 557 noverat,
1804 483 1915 545 sed
1949 485 2093 564 qui-
2124 493 2168 547 Α
2198 486 2389 563 dicas,
2414 504 2644 550 novum
2667 486 2984 567 quoddam
3015 481 3290 561 martyrii
3318 498 3535 560 genus,
3567 483 3769 562 quod,

512 601 787 665 cunque
810 584 878 644 in
915 582 1134 645 Christi
1160 582 1454 643 servitute
1490 581 1739 644 sibimet
1782 581 1907 661 ipsi
1942 598 2094 662 pro-

530 682 715 743 desse
745 679 1055 759 cupiebat,
1088 695 1219 741 non
1246 678 1433 757 longe
1462 696 1498 741 a
1528 696 1641 741 sua
1671 678 1882 740 villula
1910 697 2095 760 sepa-

531 789 701 844 ratus
728 781 1165 843 instituebatur
1198 778 1303 861 (1).
1340 803 1368 836 »
1405 782 1467 841 S.
1498 780 1803 842 Antonius
1828 798 2000 855 vero,
2028 781 2100 842 li-

516 888 633 943 cet
658 882 781 943 vita
811 880 944 943 eius
972 878 1201 941 multos
1229 884 1437 957 patres
1462 878 1542 940 ad
1569 878 1979 941 imitationem
2007 879 2101 940 in-

537 982 961 1054 ﬂammaverit,
995 987 1057 1042 et
1087 1001 1111 1035 a
1150 979 1389 1041 cunctis
1418 978 1497 1040 ad
1525 980 1893 1042 imitandum
1922 998 2102 1060 prae-

512 1084 700 1146 clare
729 1082 1047 1162 proposita
1082 1078 1161 1160 (2)
1202 1104 1229 1136 ››
1271 1096 1502 1141 novum
1531 1079 1705 1141 ﬂium
1737 1080 1815 1142 ad
1854 1097 2099 1143 eremos

532 1200 907 1248 concursum
926 1181 1188 1243 multum
1214 1182 1615 1260 promoverit,
1645 1181 1904 1242 minime
1931 1181 2100 1244 hunc

528 1285 894 1347 interiorem
935 1283 1136 1361 gentis
1180 1282 1520 1361 Aegyptiae
1564 1280 1925 1359 religiosum
1971 1282 2101 1343 ani-

516 1388 620 1451 mi
639 1403 893 1448 sensum
920 1392 1155 1446 temere
1185 1384 1553 1464 procreavit,
1577 1400 1793 1444 verum
1818 1389 2100 1463 tempora

522 1487 639 1550 illa
678 1486 942 1565 Aegypti
988 1485 1066 1546 ad
1102 1488 1159 1559 6
1202 1484 1389 1546 vitam
1434 1483 1867 1546 monachicam
1911 1498 2099 1562 quam

534 1587 808 1649 maxime
864 1584 1267 1648 inclinabant.
1319 1607 1347 1641 α
1383 1585 1531 1645 Post
1593 1584 2099 1663 persecutionem

536 1680 899 1747 Diocletiani
918 1689 979 1745 et
999 1682 1352 1744 Maximiani
1368 1681 1717 1744 crudelium
1742 1682 2100 1763 principum

534 1784 865 1849 multitudo
908 1782 1187 1860 gentium
1236 1781 1324 1858 [in
1373 1782 1774 1859 monasteria}
1827 1782 2096 1856 intravit,

535 1892 597 1948 et
654 1883 1002 1948 fecunditas
1028 1880 1344 1944 Ecclesiae
1384 1881 1625 1944 fructus
1680 1880 2098 1962 amplissimos

534 1988 744 2069 coepit
783 1985 1079 2049 exhibere
1124 1983 1231 2065 (3).
1268 2006 1297 2040 »
1334 1986 1489 2045 Nam
1514 1993 1557 2040 ἀ
1606 1983 2095 2057 considerantes,

535 2092 643 2171 qui
672 2089 751 2152 de
787 2090 1075 2168 gentibus
1105 2088 1173 2148 in
1206 2086 1446 2147 Christo
1477 2084 1892 2159 crediderant,
1930 2101 2098 2146 mar-

535 2199 743 2271 tyrum
780 2190 1126 2270 passiones,
1172 2203 1520 2266 eorumque
1567 2186 1882 2248 sincerum
1938 2184 2101 2246 circa

534 2290 842 2352 Christum
872 2287 1286 2352 confessionis
1313 2288 1631 2361 affectum,
1664 2291 2011 2366 coeperunt
2038 2290 2102 2346 et

532 2392 655 2471 ipsi
712 2408 827 2471 per
878 2390 1134 2469 gratiam
1183 2389 1432 2453 Domini
1498 2390 1867 2450 Sanctorum
1911 2386 2100 2446 vitam

522 2490 1198 2569 conversationemque
1243 2487 1489 2562 sectari,
1535 2494 1597 2549 et
1636 2485 1822 2547 huius
1859 2486 2103 2547 institu-

522 2592 723 2654 tionis
756 2607 914 2664 esse,
943 2596 1014 2652 ut
1041 2590 1227 2651 etiam
1263 2588 1360 2649 his
1388 2586 1543 2649 illud
1580 2592 1898 2668 aptaretur
1926 2586 2101 2665 Apo-

535 2692 679 2756 stoli
722 2710 734 2753 :
779 2691 1230 2753 Circumierunt
1264 2690 1333 2751 in
1373 2688 1622 2750 melotis
1648 2735 1663 2761 ,
1720 2687 1787 2749 in
1830 2686 2102 2767 pellibus

523 2792 827 2874 caprinis,
882 2798 1160 2869 egentes,
1210 2788 1564 2868 angustiati,
1608 2787 1837 2861 afﬂicti,
1870 2788 2102 2867 quibus

534 2912 663 2959 non
698 2900 828 2957 erat
856 2894 1081 2972 dignus
1114 2890 1409 2965 mundus,
1440 2890 1509 2951 in
1539 2887 1978 2951 solitudinibus
2008 2905 2105 2950 er-

530 3003 741 3059 rantes
774 3001 837 3057 et
862 2994 1203 3066 montibus,
1250 2992 1318 3052 in
1366 2990 1684 3070 speluncis
1732 2996 1793 3050 et
1820 2988 2102 3051 cavernis

531 3104 736 3159 terrae
765 3094 870 3174 (4).
906 3118 934 3151 ››
965 3092 1153 3155 Vides
1181 3091 1454 3153 studium
1482 3089 1780 3169 martyrii,
1810 3090 2101 3151 timorem

2198 604 2325 666 quo
2360 589 2554 666 magis
2596 589 2877 669 ipsorum
2918 584 3295 647 voluntatem
3335 584 3499 644 Deus
3536 582 3773 646 ducere

2198 684 2560 763 dignaretur
2591 686 2668 747 ad
2699 686 2957 759 exitum,
3006 682 3128 763 ipsi
3174 681 3292 743 sibi
3333 681 3773 762 imponebant,

2198 800 2269 845 ac
2289 790 2585 864 tanquam
2605 786 2765 847 viam
2794 783 3231 864 perfectiorem
3262 782 3777 863 securioremque

2198 883 2316 945 sibi
2351 883 2684 961 eligebant,
2711 881 3093 944 saecularem
3121 881 3330 955 vitam,
3358 879 3423 941 id
3453 880 3623 961 quod
3650 880 3773 941 be-

2198 1001 2279 1045 ne
2321 984 2635 1058 observes,
2668 984 2925 1045 minime
2956 982 3373 1062 despicientes
3400 981 3504 1062 (5).
3539 984 3627 1043 Ex
3658 975 3775 1044 illo

2198 1092 2408 1147 autem
2445 1086 2744 1147 interiore
2791 1092 3053 1159 tantum,
3089 1083 3260 1164 quod
3290 1083 3545 1163 spiritus
3578 1084 3773 1145 effer-

2198 1203 2458 1248 vescens
2486 1192 2799 1266 operatur,
2832 1185 3143 1247 desiderio
3178 1184 3515 1245 sanctitatis
3552 1197 3773 1245 exem-

2199 1286 2436 1366 ploque
2471 1303 2506 1348 a
2542 1286 2797 1348 senibus
2826 1286 3055 1347 sanctis
3099 1283 3179 1346 ad
3217 1284 3583 1345 imitandum
3615 1301 3773 1364 pro-

2199 1388 2409 1467 posito
2438 1386 2735 1467 explicari
2786 1391 3015 1467 potest,
3064 1383 3232 1465 quod
3274 1390 3403 1446 tota
3437 1385 3612 1464 quasi
3645 1389 3772 1447 Ae-

2200 1495 2429 1569 gyptus
2458 1506 2641 1551 senes
2668 1488 2719 1559 7
2747 1487 2890 1549 illos
2926 1487 2993 1549 in
3021 1486 3266 1548 deserto
3306 1487 3389 1547 sit
3435 1494 3670 1561 secuta,
3709 1493 3774 1548 et

2198 1607 2325 1651 una
2371 1606 2511 1651 cum
2574 1588 2652 1650 iis
2714 1586 3143 1650 lubentissime
3184 1588 3560 1667 asperrimos
3609 1589 3774 1651 vitae

2200 1688 2449 1751 labores
2508 1689 2744 1763 tulerit,
2801 1688 2973 1769 quod
3018 1695 3163 1769 post
3204 1707 3315 1751 sex
3372 1688 3469 1751 vel
3528 1698 3775 1770 septem

2203 1788 2510 1851 decennia
2568 1789 2954 1851 vastissimae
3024 1789 3395 1852 solitudines
3450 1798 3775 1855 monaste-

2200 1888 2308 1950 riis
2348 1889 2705 1969 sanctisque
2748 1890 2896 1953 viris
2949 1890 3035 1953 ita
3082 1889 3316 1952 fuerint
3357 1889 3643 1966 refertae,
3679 1898 3776 1967 ut,

2201 2011 2230 2043 «
2266 1988 2483 2067 quanti
2520 1989 2743 2070 pOpuli
2787 1988 3181 2052 habebantur
3213 1989 3280 2051 in
3317 1990 3599 2065 urbibus,
3631 1997 3779 2052 tan-

2198 2094 2297 2149 tae
2324 2104 2527 2167 paene
2554 2090 2621 2150 in
2649 2088 2909 2152 desertis
2941 2088 3322 2151 haberentur
3343 2090 3779 2153 multitudines

2198 2189 2653 2252 monachorum
2687 2189 2790 2272 (6),
2825 2211 2856 2247 ι
2888 2188 3060 2269 quod
3087 2189 3165 2251 ad
3204 2189 3535 2253 horribiles
3578 2192 3779 2255 Scetis

2198 2287 2374 2352 locos
2406 2305 2442 2350 e
2471 2289 2703 2370 palatio
2733 2289 3028 2352 Arsenius
3058 2289 3166 2369 (7),
3200 2306 3236 2351 e
3275 2290 3569 2354 mollibus
3600 2293 3779 2355 aedi-

2198 2388 2318 2451 bus
2344 2389 2604 2453 iuvenes
2632 2397 2889 2453 tenerae
2914 2389 3133 2454 aetatis
3166 2389 3249 2471 (8)
3288 2391 3368 2453 ad
3402 2392 3648 2455 labores
3678 2394 3782 2455 vix

2199 2490 2497 2553 ferendos
2568 2491 3066 2572 properaverint,
3116 2491 3288 2571 quod
3345 2493 3537 2555 Nitria
3595 2512 3783 2557 mons

2201 2589 2485 2669 quinque
2528 2589 2809 2652 millibus
2847 2589 2955 2671 (9),
3007 2589 3187 2650 Scete
3237 2606 3466 2668 magno
3512 2608 3781 2655 numero

2200 2687 2655 2752 monachorum
2677 2688 2825 2771 (10),
2850 2690 3037 2753 Cellia
3055 2690 3401 2752 innumeris
3416 2690 3778 2755 abundave-

2200 2789 2325 2851 rint
2353 2789 2595 2853 cellulis
2617 2788 2763 2872 (11),
2788 2792 3077 2870 regiones
3105 2791 3182 2853 ad
3204 2791 3543 2872 Memphim
3572 2800 3632 2853 et
3658 2794 3782 2854 Ba-

2200 2890 2503 2971 bylonem
2575 2891 2966 2971 pertinentes
3020 2892 3260 2970 ingenti
3326 2891 3781 2955 monachorum

2201 2989 2602 3053 multitudine
2646 2990 2998 3053 aﬂluxerint
3038 2989 3185 3072 (12),
3229 2991 3392 3053 circa
3423 2990 3627 3052 Nilum
3658 3008 3781 3052 nu-

2202 3091 2624 3152 merosissima
2660 3100 2999 3171 conspecta
3039 3092 3162 3152 sint
3208 3092 3582 3153 monasteria
3619 3089 3738 3171 (13)
3762 3141 3781 3167 ,

534 3194 666 3266 Dei,
702 3198 889 3273 atque
932 3207 1145 3253 curam
1185 3206 1369 3252 verae
1407 3187 1619 3250 salutis
1645 3188 1889 3250 animae
1936 3187 2103 3250 viros
2129 3182 2171 3239 Ο
2205 3189 2378 3269 quod
2395 3190 2700 3270 Serapion
2724 3190 2858 3253 fere
2877 3189 3095 3253 decem
3116 3189 3309 3251 millia
3328 3190 3786 3253 monachorum

532 3293 677 3356 illos
694 3292 763 3354 in
791 3308 1071 3354 eremum
1102 3289 1414 3365 eduxisse,
1446 3289 1513 3351 in
1534 3306 1656 3369 qua
1674 3288 1859 3350 vitam
1880 3289 1947 3351 in
1972 3290 2102 3351 Deo

534 3392 904 3458 collocatam
941 3391 1238 3463 viverent,
1287 3395 1350 3451 et
1387 3394 1589 3451 morte
1617 3404 1734 3469 pro
1768 3387 2009 3450 Christo
2036 3388 2104 3450 in

536 3491 1081 3575 persecutionibus
1124 3489 1452 3552 subeunda
1497 3505 1628 3550 non
1660 3488 1897 3567 dignati
1933 3506 2104 3552 nunc

534 3594 654 3657 sibi
686 3593 805 3673 ipsi
853 3599 915 3654 et
958 3590 1198 3653 mundo
1242 3596 1659 3663 morerentur,
1700 3597 1769 3651 ut
1802 3607 2101 3668 exsurge-

537 3700 677 3756 rent
703 3693 770 3754 in
806 3691 1068 3755 Christo.
1111 3690 1621 3752 Anachoreticam
1659 3696 1722 3751 et
1764 3690 2103 3752 solitariam

536 3795 740 3877 quarti
784 3792 1018 3857 saeculi
1050 3792 1235 3854 vitam
1268 3791 1696 3854 continuatum
1737 3792 2102 3871 martyrium

609 3944 685 4015 (1)
716 3944 838 4000 Vita
872 3942 930 3998 S.
966 3942 1224 4007 Antonii,
1257 3940 1317 3997 S.
1352 3941 1552 3996 Athan.
1585 3939 1725 4012 Opp.
1767 3942 1805 3996 1.
1843 3942 1878 3995 1.
1907 3957 1962 4012 p.
1997 3941 2104 3996 654

538 4038 679 4106 (cap.
716 4036 792 4105 5).
825 4032 938 4089 VV.
978 4033 1083 4089 PP.
1118 4032 1305 4090 Hosw.
1338 4048 1392 4103 p.
1426 4032 1517 4098 36,
1540 4032 1577 4086 2
1607 4030 1750 4103 (cap.
1783 4032 1858 4104 3).

610 4127 686 4198 (2)
716 4125 839 4181 Vita
867 4127 927 4182 S.
962 4126 1246 4181 Pachomii
1291 4141 1415 4195 cap.
1451 4125 1505 4189 1,
1540 4122 1652 4179 VV.
1679 4124 1784 4180 PP.
1834 4122 2018 4179 Hosw.
2048 4140 2100 4195 p.

541 4217 665 4280 115,
696 4216 752 4270 2.

610 4308 687 4379 (δ)
718 4306 853 4363 Ibid.
883 4322 938 4377 ι).
972 4307 1097 4370 m,
1129 4306 1183 4360 ι.

612 4398 690 4468 (4)
721 4397 936 4468 Prolog.
963 4398 1020 4451 in
1044 4395 1219 4451 Vitam
1247 4396 1306 4451 5.
1334 4396 1637 4458 Pachomii,
1661 4395 1794 4451 ibid.
1821 4412 1877 4467 p.
1902 4396 2027 4461 115,
2054 4398 2106 4453 1.

611 4488 691 4560 (5)
739 4486 1054 4550 Revelatur,
1107 4486 1477 4557 Paphnutium
1541 4487 1833 4542 sanctitate
1878 4486 2110 4542 similem

542 4595 666 4637 esse
687 4578 1082 4653 symphoniaco
1109 4577 1348 4642 cuidam,
1376 4579 1470 4649 qui
1493 4578 1549 4632 in
1579 4579 1699 4634 vico
1722 4578 1958 4650 quodam
1979 4593 2111 4633 can—

544 4671 696 4727 tandi
731 4680 849 4727 arte
877 4674 1081 4727 victum
1111 4671 1433 4742 quaerebat.
1468 4670 1714 4727 Eundem
1742 4672 2014 4727 revelatur
2037 4672 2113 4729 si-

546 4765 725 4819 milem
756 4779 879 4821 esse
918 4764 1234 4835 praeposito
1264 4764 1369 4818 vici
1401 4764 1690 4820 cuiusdam
1732 4764 1918 4819 vicini.
1963 4762 2111 4819 Idem

546 4857 837 4912 sanctitate
860 4857 1055 4913 similis
1083 4855 1358 4912 iudicatur
1389 4857 1719 4929 negotiatori
1744 4856 2113 4912 Alexandrino

545 4948 734 5019 viginti
773 4949 1016 5006 millibus
1058 4949 1361 5006 solidorum
1399 4950 1756 5006 mercimonia
1805 4950 1984 5008 tribus
2014 4965 2117 5006 na-

544 5042 705 5099 vibus
741 5041 1011 5099 deferenti
1040 5057 1108 5098 ex
1140 5041 1437 5099 Thebaide.
1478 5042 1596 5098 VV.
1646 5042 1752 5097 PP.
1795 5042 1983 5101 Rosw.
2014 5043 2112 5099 lib.

547 5133 589 5187 11
611 5148 732 5204 cap.
759 5132 827 5188 16
855 5150 911 5206 p.
944 5134 1052 5190 475
1084 5150 1205 5206 sqq.
1232 5151 1247 5201 ;
1273 5133 1416 5190 Hist.
1446 5133 1613 5190 Laus.
1642 5134 1730 5190 ed.
1757 5133 1959 5191 Meurs.
1990 5151 2113 5205 cap.

550 5226 637 5291 44,
666 5226 758 5290 45,
792 5229 883 5283 46.
916 5228 1156 5285 Macario
1184 5244 1289 5285 vox
1324 5228 1417 5284 Dei
1458 5247 1472 5285 :
1528 5248 1547 5281 ι
1586 5229 1809 5297 Macari,
1844 5249 1864 5283 ι
1915 5231 2113 5302 inquit,

2204 3291 2435 3353 rexerit
2466 3289 2617 3371 (14),
2636 3290 2809 3371 quod
2825 3291 2893 3352 in
2918 3291 3227 3353 Tabennis
3252 3289 3615 3353 Pachomius
3644 3309 3789 3372 per-

2206 3390 2509 3469 grandem
2536 3390 2797 3453 fratrum
2829 3391 3077 3470 copiam
3095 3390 3308 3469 regula
3335 3392 3607 3452 tenuerit
3633 3391 3782 3472 (15),

2212 3494 2434 3557 civitas
2461 3500 2670 3556 autem
2698 3493 3111 3574 Oxyrynchus
3137 3495 3204 3555 in
3228 3492 3542 3555 Thebaide
3569 3510 3787 3555 mona-

2207 3594 2343 3657 chis
2361 3593 2551 3656 fuerit
2572 3593 2950 3656 intrinsecus
2971 3600 3033 3655 et
3054 3594 3441 3655 extrinsecus
3464 3591 3700 3672 repleta
3720 3599 3783 3654 et

2209 3695 2614 3770 circumdata,
2638 3696 2774 3757 eius
2802 3694 2991 3757 aedes
3010 3694 3298 3775 publicae
3327 3710 3444 3756 nec
3474 3710 3601 3755 non
3628 3700 3782 3755 tem-

2209 3798 2313 3877 pla
2322 3798 2617 3878 antiquae
2627 3796 3084 3877 superstitionis
3096 3813 3129 3857 a
3145 3794 3467 3858 monachis
3478 3794 3785 3857 inhabita-

2280 3950 2357 4022 (7)
2400 3948 2570 4003 Index
2602 3945 2880 4003 Rosweidi
2917 3962 2967 4002 s.
2997 3962 3049 4002 ν.
3081 3946 3354 4003 Arseniua.

2278 4041 2355 4111 (8)
2402 4037 2517 4095 vv.
2553 4037 2659 4093 PP.
2707 4038 2894 4094 Hosw.
2929 4039 3026 4093 lib.
3071 4036 3141 4091 v1
3168 4038 3335 4094 libell.
3368 4039 3421 4105 δ,
3460 4039 3533 4105 2;
3584 4040 3678 4095 lib.
3715 4039 3780 4095 ιιι

2205 4148 2328 4203 cap.
2364 4130 2489 4186 195.
2518 4129 2605 4186 (ιι.
2642 4129 2789 4184 infra
2820 4128 2995 4199 Caput
3028 4126 3120 4184 Vl.

2278 4225 2355 4294 (9)
2387 4222 2529 4279 Hist.
2561 4221 2729 4278 Laus.
2765 4222 2802 4275 l.
2837 4221 2875 4276 l.
2907 4236 3029 4292 cap.
3070 4222 3104 4277 8
3130 4237 3184 4293 p.
3222 4221 3351 4277 359.

2280 4318 2394 4388 (10)
2424 4316 2509 4371 Cl‘.
2543 4316 2688 4370 infra
2716 4314 2896 4385 Caput
2923 4313 2989 4368 11.

2280 4409 2392 4480 (11)
2423 4406 2539 4464 VV.
2571 4406 2680 4463 PP.
2725 4405 2908 4463 Rosw.
2961 4405 3056 4461 lib.
3091 4404 3161 4461 Ill
3190 4422 3312 4478 cap.
3350 4407 3421 4463 26
3458 4424 3513 4479 p.
3549 4409 3674 4475 501,
3711 4401 3773 4467 1;

2211 4504 2306 4559 lib.
2341 4500 2387 4556 11
2423 4517 2547 4572 cap.
2577 4500 2650 4555 22
2684 4516 2737 4571 p.
2768 4499 2894 4566 478,
2924 4499 2978 4553 1.

2282 4591 2557 4664 (12)lbid.
2586 4592 2682 4646 lib.
2718 4587 2761 4645 ιι
2789 4606 2912 4662 cap.
2944 4589 3011 4645 is
3036 4605 3089 4661 p.
3126 4589 3252 4654 476,
3274 4591 3325 4647 ι.

2283 4687 2395 4757 (15)
2431 4684 2585 4755 Sulp.
2618 4682 2745 4740 Sev.
2778 4681 2916 4737 Dial.
2944 4682 2964 4737 l
2989 4698 3111 4752 cap.
3143 4682 3344 4746 10.17,
3368 4681 3618 4738 Galland.
3644 4682 3780 4739 Bibl.

2212 4777 2317 4833 PP.
2351 4776 2415 4832 Τ.
2458 4774 2569 4831 Vill
2607 4792 2657 4832 ιι.
2694 4775 2819 4831 405.
2853 4774 2984 4843 407,
3014 4774 3194 4847 Migne
3236 4772 3444 4829 Patrol.
3485 4774 3550 4830 Τ.
3596 4772 3689 4829 XX
3730 4790 3784 4847 p.

2214 4870 2338 4928 190.
2372 4867 2496 4923 195.

2285 4961 2398 5032 (14)
2435 4957 2551 5014 VV.
2586 4956 2694 5017 PP.
2737 4959 2925 5014 Hosw.
2964 4957 3062 5013 lib.
3106 4954 3149 5010 11
3184 4971 3306 5028 cap.
3342 4957 3411 5013 18
3452 4972 3507 5027 p.
3552 4956 3679 5022 476,
3716 4955 3784 5023 1,

2216 5048 2361 5107 Hist.
2390 5048 2558 5106 Laus.
2588 5065 2710 5120 cap.
2738 5050 2801 5103 77
2827 5049 2965 5121 Opp.
2987 5049 3188 5107 Meurs.
3213 5050 3249 5104 l.
3280 5049 3317 5105 l.
3348 5066 3401 5121 p.
3422 5050 3545 5106 537.
3569 5048 3788 5105 Codici-

2217 5145 2321 5201 bus
2351 5142 2875 5201 Vindobonensibus
2922 5142 3195 5199 Historiae
3228 5143 3530 5200 Lausiacae
3558 5145 3695 5200 nihil
3725 5144 3793 5200 dc

2222 5240 2520 5311 Serapione
2557 5240 2893 5305 continetur,
2928 5240 3002 5295 cf.
3047 5239 3277 5295 Palladii
3314 5240 3612 5296 Historiam
3648 5240 3794 5295 Lau-

553 5334 573 5367 ι
605 5317 834 5372 necdum
870 5317 938 5372 ad
968 5333 1283 5375 mensuram
1310 5318 1545 5374 duarum
1584 5319 1876 5375 mulierum
1922 5335 2115 5390 perve-

548 5410 701 5475 nisti,
735 5426 875 5480 quae
904 5411 960 5465 in
994 5413 1247 5482 proxima
1286 5413 1495 5483 pariter
1532 5411 1780 5466 habitant
1808 5413 2051 5469 civitate.
2092 5432 2111 5465 ›

550 5502 681 5557 Ibid.
709 5503 805 5557 lib.
838 5501 905 5556 111
933 5517 1056 5573 cap.
1093 5503 1161 5559 97
1187 5520 1242 5574 p.
1269 5503 1395 5567 515,
1431 5504 1483 5559 1.
1528 5502 1682 5557 Talia
1716 5518 1845 5559 vero
1871 5506 2119 5576 exempla

549 5595 605 5649 in
645 5592 752 5647 VV.
791 5592 893 5647 PP.
924 5595 1094 5649 multa
1125 5596 1499 5651 inveniuntur.

620 5686 697 5758 (6)
729 5683 831 5739 VV.
874 5684 976 5739 PP.
1016 5685 1200 5743 Hosw.
1227 5688 1324 5741 lib.
1360 5687 1403 5740 ll
1430 5704 1551 5758 cap.
1582 5687 1614 5741 7
1637 5703 1691 5759 p.
1716 5688 1844 5753 461,
1874 5688 1943 5755 2;
1973 5687 2116 5744 Hist.

548 5776 711 5833 Laus.
740 5777 828 5833 ed.
861 5777 1061 5833 Heurs.
1103 5795 1225 5851 cap.
1257 5781 1346 5844 52,
1381 5783 1517 5850 Opp.
1552 5780 1777 5835 Meursii
1812 5768 1879 5839 ex
1901 5798 2112 5839 recens.

546 5870 601 5925 .l.
630 5869 785 5925 Lami
815 5868 1124 5928 Florentiae
1155 5872 1293 5927 1746
1324 5871 1386 5927 Τ.
1424 5872 1536 5928 Vlll
1563 5889 1616 5943 p.
1651 5871 1777 5929 497.

2218 5334 2419 5387 siacam
2434 5331 2503 5387 ad
2523 5332 2720 5387 codicis
2751 5331 3166 5388 Vindobonensis
3201 5333 3360 5403 ﬁdem
3388 5350 3422 5387 a
3448 5334 3599 5387 nobis
3627 5332 3796 5388 brevi-

2223 5434 2300 5477 ter
2318 5422 2659 5487 delineatam,
2684 5422 2825 5479 infra
2857 5424 2985 5480 huic
3009 5433 3231 5480 nostrae
3264 5424 3494 5480 editioni
3519 5423 3797 5480 Historiae

2220 5514 2520 5571 Lausiacae
2550 5516 2945 5587 praepositam.

2293 5608 2406 5679 (15)
2424 5606 2548 5663 Vita
2571 5608 2629 5663 S.
2654 5607 3080 5677 Pachomii,VV.
3104 5608 3209 5664 PP.
3234 5607 3416 5664 Hosw.
3446 5624 3500 5680 p.
3524 5608 3627 5661 112
3651 5624 3796 5678 sqq.;

2222 5696 2337 5752 VV.
2376 5697 2478 5754 PP.
2508 5701 2689 5755 Rosw.
2723 5701 2820 5755 lib.
2854 5699 2919 5753 111
2965 5715 3089 5770 cap.
3140 5701 3245 5767 34;
3290 5700 3431 5756 Hist.
3467 5698 3631 5754 Laus.
3672 5712 3796 5767 cap.

2223 5791 2311 5853 39,
2342 5788 2478 5860 Opp.
2514 5790 2713 5847 Meurs.
2740 5793 2777 5847 l.
2814 5794 2850 5847 1.
2879 5796 2947 5863 ’p.
2985 5792 3109 5847 454.
3150 5792 3542 5848 Monasterium
3581 5803 3805 5861 quoque

2223 5880 2501 5950 virginum
2533 5880 2589 5937 S.
2619 5881 2950 5943 Pachomius
2984 5886 3159 5943 sorori
3184 5900 3315 5941 suae
3349 5883 3642 5941 exstruxit.
3682 5879 3801 5934 Vita
