4040 6544
301 312 344 370 9
1810 344 1865 401 Vl

1977 349 2038 407 E.
3506 371 3575 426 10

298 442 370 495 ta
392 436 546 513 sint,
573 446 635 502 et
644 458 762 555 per
775 446 1157 562 totam‘illam
1179 450 1485 517 civitatem
1508 458 1706 521 multo
1719 461 1899 540 plura
1927 472 1974 529 Δ
2001 468 2264 549 ceditur,
2291 482 2355 537 et
2381 480 2868 543 extraordinaria
2898 486 3184 562 tempora
3228 502 3357 547 non
3400 492 3573 551 ττι-ιιι..

299 544 720 619 monasteria,
741 564 926 626 quam
946 548 1167 612 domus
1187 554 1554 633 exstiterint,
1567 559 1647 623 ita
1661 569 1727 623 ut
1740 564 1891 627 urbs

300 648 441 703 tota
465 661 595 706 una
616 647 879 711 ecclesia
899 667 1036 712 esse
1055 652 1392 730 videretur,
1418 665 1608 739 atque
1635 662 1888 742 episco-

302 760 429 822 pus
446 743 576 808 loci
596 747 812 826 viginti
831 752 1021 815 millia
1033 755 1341 835 virginum
1369 764 1430 821 et
1449 761 1669 825 decem
1696 766 1888 831 millia

304 845 771 911 monachorum
809 856 865 926 8
908 853 1065 917 inibi
1108 857 1387 923 habitare
1416 862 1747 929 afﬁrmaret
1776 867 1885 949 (1).

311 948 407 1008 Ex
438 948 680 1013 interno
724 958 963 1016 tantum
996 960 1277 1039 martyrii
1309 979 1519 1039 sensu,
1555 968 1665 1047 qui
1692 948 1887 1033 totam

317 1050 659 1129 Aegyptum
681 1051 1126 1133 inﬂammabat,
1152 1077 1228 1121 ex
1256 1062 1558 1142 adspectu
1584 1065 1885 1131 libidino-

318 1164 419 1208 sae
454 1166 799 1227 paucorum
832 1172 1218 1234 paganorum
1242 1161 1427 1238 vitae,
1466 1182 1545 1227 ex
1569 1166 1885 1233 desiderio

313 1255 627 1312 anteactae
661 1253 821 1316 vitae
849 1258 1161 1321 severiore
1202 1260 1530 1343 disciplina
1558 1267 1881 1346 corrigen-

308 1346 444 1423 dae,
488 1368 524 1412 e
551 1369 774 1415 senum
803 1359 1200 1422 eremitarum
1230 1367 1598 1443 constantia,
1631 1370 1881 1448 patien-

305 1447 407 1520 tia,
441 1450 793 1529 virtutibus,
826 1456 1143 1523 miraculis
1171 1462 1280 1524 Dei
1316 1480 1439 1545 ope
1470 1468 1746 1546 patratis,
1775 1468 1880 1532 in-

300 1547 498 1627 telligi
526 1559 735 1631 potest
762 1555 866 1618 ille
897 1575 1241 1625 concursus
1269 1564 1348 1626 ad
1382 1569 1762 1632 monasteria
1793 1572 1882 1633 vi-

298 1653 528 1729 taeque
573 1656 889 1733 severitas,
958 1678 1121 1740 quae
1176 1665 1367 1728 nimia
1419 1685 1878 1749 saepenumero

297 1747 573 1826 cuipiam
605 1753 885 1817 videatur
914 1774 949 1819 e
977 1761 1213 1840 vulgari
1240 1782 1417 1827 more
1446 1747 1766 1851 modoque
1787 1772 1879 1834 iu-

297 1846 554 1924 dicanti,
575 1860 762 1935 atque
783 1858 1014 1936 effecit,
1037 1870 1107 1925 ut
1130 1873 1399 1929 exeunte
1420 1875 1642 1948 quarto
1660 1839 1879 1936 saecu-
1907 1839 1949 1895 Β

296 1949 438 2012 culo
471 1957 791 2035 Aegyptus
837 1962 1078 2025 cunctis
1108 1966 1290 2028 terris
1321 1966 1645 2045 religionis
1672 1971 1877 2037 facem

294 2053 681 2128 praetulerit.
724 2058 786 2119 S.
830 2057 1254 2144 Hieronymus
1302 2084 1338 2130 e
1382 2069 1702 2147 Dalmatia,
1737 2075 1873 2137 Ru-

297 2152 458 2216 ﬁnus
495 2173 570 2218 ex
602 2159 797 2237 Italia,
847 2164 1161 2245 Sulpicius
1200 2170 1466 2234 Severus
1509 2188 1543 2233 e
1582 2175 1871 2253 Massilia,

298 2254 589 2334 Evagrius
631 2277 667 2321 e
713 2263 938 2340 Ponto,
996 2268 1307 2333 Palladius
1346 2289 1382 2334 e
1431 2274 1871 2341 Constantino-

305 2353 453 2431 poli,
493 2359 818 2423 Cassianus
864 2364 1099 2446 aliique
1145 2386 1182 2430 e
1216 2370 1586 2449 Palaestina,
1627 2376 1873 2441 nobiles

306 2454 410 2514 viri
461 2463 518 2517 et
555 2459 829 2525 feminae
870 2463 986 2545 (2)
1036 2484 1071 2529 e
1112 2470 1313 2533 Roma
1352 2476 1706 2554 Aegyptum
1752 2495 1868 2557 pe-

298 2560 455 2629 tunt,
484 2564 554 2618 ut
580 2560 885 2640 adspectu
915 2571 976 2626 et
1003 2571 1462 2634 consuetudine
1484 2590 1708 2636 senum
1733 2575 1868 2638 fru-

296 2664 430 2718 ctus
478 2661 745 2739 Spiritus
783 2666 981 2728 sancti
1029 2668 1148 2731 sibi
1198 2671 1516 2751 colligant.
1546 2676 1637 2737 Ad
1674 2678 1869 2739 Fran-

291 2774 401 2819 cos
434 2758 513 2839 (3)
542 2780 747 2843 usque
788 2769 850 2827 et
898 2768 1091 2831 Indos
1124 2767 1205 2852 (4)
1234 2772 1399 2836 fama
1445 2778 1866 2855 curationum,

290 2876 447 2938 quas
498 2880 613 2942 per
660 2883 843 2929 senes
890 2869 1054 2931 Deus
1100 2870 1430 2947 efficiebat,
1494 2879 1865 2955 penetravit.

288 2962 607 3042 Aegyptus
635 2984 833 3029 unum
864 2974 1341 3049 monasterium,
1373 2975 1551 3038 cuius
1580 2977 1745 3041 ﬁliae
1774 2996 1871 3041 es-

286 3070 428 3124 sent
468 3065 639 3145 Syria
680 3076 743 3130 et
784 3071 1131 3135 Palaestina
1163 3075 1285 3154 (5),
1333 3093 1471 3139 esse
1512 3077 1862 3141 videbatur.

1996 574 2189 637 nariis
2219 580 2459 642 normis
2479 581 2877 645 diiudicanda
2905 592 3069 647 sunt.
3095 586 3348 651 Simeon
3379 590 3569 671 Styli-

1994 680 2088 736 tes
2121 676 2201 758 (7)
2245 679 2373 756 ille,
2406 682 2516 763 qui
2556 689 2758 746 totum
2796 703 2997 765 paene
3030 688 3189 751 vitae
3228 695 3479 770 tempus
3500 692 3570 756 in

1994 774 2287 840 columna
2316 781 2537 856 stabat,
2566 788 2627 845 et
2654 784 2850 847 altero
2880 802 3047 864 genu
3075 796 3395 851 arescente
3435 807 3571 852 ver-

1992 875 2327 959 mibusque
2375 897 2412 943 e
2453 900 2722 964 corpore
2769 885 3212 950 ebullientibus
3256 890 3322 951 in
3371 889 3568 954 altero

1992 988 2147 1035 sano
2191 975 2516 1041 insistebat
2547 981 2684 1044 solo
2715 1000 2831 1063 per
2867 984 3148 1064 integros
3178 987 3409 1050 multos
3450 1006 3566 1051 an-

1990 1087 2131 1148 nos,
2181 1076 2313 1154 qui,
2354 1095 2551 1158 quum
2596 1089 2797 1145 mater
2831 1083 3165 1147 clamaret:
3196 1090 3381 1150 Pater
3423 1095 3568 1152 tuus

1988 1181 2251 1255 propter
2275 1183 2337 1241 te
2361 1180 2608 1244 tristitia
2630 1184 2954 1247 confectus
2975 1187 3264 1262 decessu,
3289 1207 3361 1253 ac
3389 1190 3567 1254 lacri—

1987 1291 2123 1337 mas
2152 1277 2567 1356 profunderet
2592 1285 3048 1361 acerbissimas,
3081 1288 3167 1350 ita
3200 1296 3272 1351 ut
3297 1295 3564 1355 testante

1986 1374 2320 1459 discipulo,
2368 1382 2479 1461 qui
2523 1384 2708 1448 vitam
2760 1387 2898 1449 eius
2943 1387 3294 1469 descripsit,
3343 1408 3564 1456 omnes

1986 1475 2097 1554 qui
2144 1477 2404 1543 aderant
2448 1481 2693 1559 ﬂerent,
2732 1485 2871 1565 ipse
2918 1487 3176 1567 quidem
3226 1512 3255 1545 ‹‹
3300 1489 3564 1553 audiens

1982 1593 2203 1640 vocem
2230 1583 2563 1659 genetricis
2593 1602 2742 1648 suae
2787 1588 2997 1666 posuit
3023 1587 3246 1651 faciem
3276 1608 3452 1652 suam
3495 1591 3562 1654 in

1981 1694 2205 1743 manus
2251 1700 2393 1746 suas
2442 1691 2503 1747 et
2539 1685 2805 1766 ploravit
2856 1706 3067 1752 amare
3111 1689 3225 1770 (8),
3258 1714 3287 1748 »
3332 1693 3443 1755 sed
3479 1694 3560 1757 de

1981 1781 2311 1858 proposito
2339 1800 2454 1846 suo
2497 1783 2824 1848 hominum
2854 1788 3018 1850 vires
3046 1790 3389 1854 excedente
3416 1809 3558 1854 mo-

1977 1879 2108 1940 veri
2133 1896 2263 1969 non
2292 1888 2539 1960 poterat
2569 1900 2584 1944 :
2616 1883 2745 1959 ille,
2774 1884 3341 1965 inquam.'Simeon
3367 1890 3557 1969 Styli-

1976 1984 2071 2041 tes
2107 1968 2260 2059 quid
2292 1998 2422 2044 non
2452 1984 2744 2064 exemplo
2775 1988 3120 2050 severitatis
3163 2006 3279 2050 suo
3309 1988 3551 2053 effecit!

1977 2086 2131 2157 quot
2170 2097 2449 2160 paganos
2484 2084 2758 2148 incultos
2800 2085 2923 2149 hoc
2974 2088 3257 2151 inaudito
3304 2098 3554 2169 specta-

1975 2178 2119 2241 culo
2150 2180 2392 2244 Christo
2422 2181 2697 2246 lucratus
2726 2184 2851 2247 estl
2888 2192 3122 2265 quanta
3158 2187 3433 2248 nominis
3457 2186 3552 2250 fa-

1973 2295 2074 2340 ma
2101 2296 2218 2358 per
2241 2286 2439 2343 totum
2460 2284 2980 2362 percrebrescens
3001 2286 3314 2348 Orientem
3337 2286 3558 2351 infide-

1977 2378 2065 2441 les
2089 2382 2405 2444 concussit
2434 2391 2496 2445 et
2517 2382 2901 2448 Christianos
2922 2386 3329 2449 inﬂammavit
3349 2386 3361 2449 l
3396 2390 3552 2450 Fru-

1973 2488 2110 2543 ctus
2137 2489 2345 2545 autem
2367 2501 2558 2563 quam
2585 2485 2814 2547 uberes
2834 2503 2869 2547 e
2894 2486 3164 2548 mirabili
3189 2487 3299 2550 illo
3329 2488 3549 2550 Orien-

1971 2582 2051 2644 tis
2089 2583 2168 2646 ad
2205 2584 2552 2663 angelicam
2604 2586 2793 2649 vitam
2843 2587 3056 2650 volatu
3100 2589 3167 2649 in
3208 2588 3552 2654 Ecclesiam

1971 2681 2422 2758 redundarint,
2483 2692 2547 2747 et
2597 2694 2970 2766 argumento
3025 2693 3173 2749 sunt
3230 2688 3433 2766 quarti
3490 2694 3553 2751 et

1971 2782 2177 2861 quinti
2206 2785 2440 2846 saeculi
2485 2789 2721 2860 Patres,
2765 2787 2876 2867 qui
2910 2795 3127 2851 sancto
3170 2790 3377 2852 studio
3416 2791 3551 2854 eius

1969 2884 2273 2963 temporis
2317 2886 2535 2948 nutriti
2581 2887 2659 2949 ad
2685 2888 3021 2950 maximam
3057 2889 3231 2951 illam
3266 2892 3552 2954 sanctita-

1968 2984 2048 3046 tis
2077 2992 2138 3047 et
2163 2986 2610 3064 magnitudinis
2636 2986 2978 3050 claritatem
3011 2988 3452 3065 evehebantur,
3488 3001 3550 3054 et

1970 3089 2311 3151 ostendunt
2359 3096 2569 3151 cetera
2627 3108 2791 3170 quae
2847 3098 3199 3171 sequuntur
3260 3095 3544 3168 saecula,

281 3159 475 3224 Tanta
517 3183 661 3228 vero
690 3168 855 3230 inter
903 3187 1125 3234 omnes
1153 3174 1500 3236 monachos
1536 3175 1865 3256 disciplina
1893 3206 1935 3263 ο
1970 3189 2199 3269 quibus
2231 3190 2602 3254 monachica
2645 3191 2769 3255 vita
2816 3193 2895 3254 ad
2928 3192 3349 3256 occidentales
3381 3212 3544 3274 quo-

278 3261 549 3339 vigebat,
580 3274 837 3349 tamque
857 3272 1014 3334 mire
1036 3275 1321 3353 quemvis
1348 3275 1630 3339 trahebat
1657 3279 1861 3342 senio-

276 3383 418 3429 rum
449 3372 828 3452 exemplum,
866 3382 935 3436 ut
963 3375 1090 3437 duo
1115 3377 1399 3454 iuvenes,
1433 3385 1687 3457 aegroto
1716 3397 1858 3443 ere-

270 3470 465 3532 mitae
509 3473 664 3536 ﬂcus
691 3474 934 3555 aliquot
961 3477 1295 3558 deportare
1320 3481 1497 3557 iussi,
1526 3502 1669 3545 cum
1698 3503 1734 3546 a
1760 3487 1859 3550 via

273 3571 691 3649 aberrassent,
734 3583 877 3655 post
903 3578 1248 3642 nonnullos
1273 3580 1407 3643 dies
1439 3582 1719 3648 defuncti
1756 3586 1855 3650 fa-

270 3690 375 3735 me
403 3673 839 3739 invenirentur
882 3679 950 3740 in
991 3679 1264 3758 deserto,
1297 3681 1548 3747 intactis
1586 3687 1854 3765 ﬁcubus,

269 3790 431 3850 quas
466 3784 724 3853 aegroto
751 3779 1038 3841 tradituri
1064 3780 1315 3844 fuerant
1338 3783 1445 3865 (6).
1466 3791 1524 3863 9
1551 3788 1680 3861 Qua
1708 3788 1858 3852 obe-

267 3874 505 3938 dientia
527 3878 831 3957 quosdam
860 3882 1118 3943 modum
1147 3885 1492 3948 severitatis
1515 3891 1855 3954 excessisse

264 3976 369 4035 vix
406 3978 620 4055 negari
646 3986 881 4058 potest;
913 3981 1024 4043 sed
1052 4001 1087 4045 e
1113 3986 1424 4047 contraria
1456 3995 1634 4069 parte
1669 3990 1854 4055 liber-

264 4075 412 4137 tatis
439 4085 627 4157 atque
657 4079 921 4142 inertiae
948 4082 1179 4145 modus
1213 4084 1411 4149 multo
1457 4090 1709 4169 saepius
1737 4108 1851 4153 ex-

259 4238 434 4297 Pach.
468 4257 594 4313 cap.
644 4243 716 4298 28
750 4262 802 4315 p.
842 4246 981 4314 121,
1017 4249 1084 4315 1;
1116 4249 1192 4305 cf.
1228 4249 1373 4308 Hist.
1407 4252 1577 4313 Laus.
1626 4275 1750 4331 cap.
1786 4263 1857 4318 40

260 4352 411 4406 sqq.,
446 4337 580 4391 ibid.
611 4354 667 4409 p.
694 4340 801 4395 457
835 4356 955 4412 sqq.

335 4426 413 4497 (1)
447 4426 562 4482 VV.
595 4428 700 4482 PP.
732 4429 918 4486 Bosw.
947 4433 1043 4489 lib.
1066 4433 1111 4487 ll
1141 4451 1264 4507 cap.
1296 4437 1365 4504 5;
1391 4438 1690 4501 Paradisus
1710 4443 1848 4517 Opp.

258 4518 486 4576 lieursii
509 4522 575 4577 Τ.
595 4522 711 4579 VIII
744 4542 798 4596 p.
824 4526 967 4593 642;
997 4528 1173 4585 Codd.
1195 4529 1472 4589 Vindobb.
1495 4533 1634 4593 Hist.
1662 4537 1848 4604 Laus.,

257 4616 330 4672 cf.
352 4617 584 4672 Palladii
620 4617 921 4674 Historiam
965 4620 1285 4677 Lausiacam
1313 4626 1383 4679 ad
1414 4629 1611 4684 codicis
1652 4631 1851 4687 Vindo-

258 4704 504 4760 bonensis
524 4706 681 4774 ﬁdem
700 4724 733 4761 a
752 4708 903 4763 nobis
934 4710 1157 4765 breviter
1186 4712 1530 4783 delineatam,
1550 4720 1693 4775 infra
1719 4723 1849 4780 huic

255 4796 488 4851 editioni
509 4796 781 4855 Historiae
794 4800 1099 4859 Lausiacae
1114 4809 1484 4875 praepositam
1512 4829 1526 4865 :
1550 4812 1696 4867 edita
1717 4832 1846 4872 vero

256 4892 594 4960 exemplaria
623 4892 897 4950 Historiae
928 4893 1232 4953 Lausiacae
1258 4900 1326 4956 de
1358 4900 1689 4976 Oxyryncho
1711 4909 1847 4963 civi-

256 4991 369 5038 tate
398 4984 538 5038 nihil
573 4997 827 5042 narrant.
852 4987 927 5045 De
959 4993 1320 5049 monasteriis
1345 4996 1587 5053 civitatis
1615 5001 1841 5059 Antinoi

255 5082 309 5132 in
331 5077 615 5135 Thebaide
638 5081 776 5137 sitae
800 5082 872 5138 cf.
900 5082 1041 5140 Hist.
1063 5084 1230 5143 Laus.
1247 5089 1335 5144 ed.
1358 5090 1564 5151 Meurs.
1581 5110 1705 5168 cap.
1724 5099 1812 5154 96.

320 5170 400 5241 (2)
438 5171 663 5228 Fabiola
684 5214 699 5237 ,
736 5175 906 5231 Paula
927 5219 940 5240 ,
970 5178 1227 5236 Marcella
1248 5224 1262 5248 ,
1294 5185 1456 5251 aliae,
1489 5204 1720 5256 quarum
1756 5194 1839 5247 vi-

252 5272 339 5319 tas
390 5264 449 5319 S.
484 5264 850 5339 Hieronymus
888 5271 1256 5338 pulcherrime
1301 5277 1552 5346 epistolis
1596 5283 1711 5337 suis
1744 5284 1840 5339 de-

250 5358 495 5427 scripsit.
538 5358 598 5413 S.
637 5359 862 5419 Hieron.
894 5360 1035 5435 Opp.
1073 5364 1159 5419 ed.
1214 5367 1393 5440 Migne
1424 5369 1489 5426 T.
1527 5371 1546 5425 1
1580 5373 1832 5445 [Patrol.

353 5447 440 5504 111.

353 5447 394 5500 ll
425 5490 440 5504 .

256 5447 418 5609 lu:5)l
442 5540 564 5596 Vita
614 5543 674 5598 S.
705 5542 1004 5600 Hilarionis
1063 5561 1183 5617 cap.
1221 5549 1304 5615 17,
1344 5550 1457 5607 VV.
1494 5554 1600 5610 PP.
1641 5557 1825 5615 Rosw.

250 5645 305 5701 p.
334 5630 427 5685 79.

1966 3308 2091 3370 que
2122 3291 2412 3370 regiones
2450 3292 2735 3354 accessit.
2782 3294 2853 3354 In
2902 3310 3058 3372 quas
3097 3311 3131 3355 e
3176 3295 3548 3359 monachica

1966 3391 2109 3465 vita,
2140 3392 2485 3472 praecipue
2513 3392 2659 3455 inde
2699 3409 2735 3455 a
2774 3398 3063 3474 tempore
3093 3396 3158 3456 S.
3196 3397 3542 3473 Benedicti,

1961 3492 2200 3556 fructus
2228 3493 2613 3555 redundasse
2642 3494 3084 3574 amplissimos,
3117 3513 3308 3559 nemo
3331 3506 3540 3577 negat.

2041 3597 2068 3669 §
2103 3593 2162 3655 4.
2202 3593 2323 3655 Sed
2369 3592 2773 3655 incommoda
2814 3610 3070 3674 quoque
3098 3612 3172 3656 ex
3202 3594 3544 3659 indiscrete

1959 3695 2353 3775 quorundam
2377 3700 2437 3756 et
2458 3694 2996 3773 superabundanti
3016 3696 3223 3758 studio
3242 3695 3324 3777 (9)
3354 3697 3547 3759 inter-

1958 3797 2107 3858 dum
2139 3813 2460 3859 emanasse
2488 3795 2810 3858 fatendum
2853 3802 2966 3858 est.
3012 3802 3116 3871 10
3142 3797 3321 3871 Quid,
3368 3797 3543 3876 quod

1955 3890 2079 3971 ipsi
2104 3891 2470 3954 fundatores
2499 3898 2561 3953 et
2604 3892 2787 3971 primi
2827 3893 2995 3955 illius
3035 3895 3196 3955 vitae
3226 3902 3537 3969 auctores,

1959 4009 2156 4071 quum
2203 3992 2429 4071 ingens
2489 3991 2819 4053 hominum
2873 3993 3209 4055 multitudo
3267 3995 3541 4058 cuiusvis

1958 4093 2176 4155 aetatis
2218 4091 2550 4171 omnisque
2583 4093 2741 4155 vitae
2783 4093 3164 4156 conditionis
3209 4101 3399 4175 atque
3427 4113 3538 4175 ge.-

2028 4260 2104 4330 (5)
2147 4258 2206 4315 S.
2238 4259 2484 4314 Hilarion
2521 4258 2600 4331 (1-
2644 4259 2805 4329 57l),
2843 4257 2899 4314 S.
2942 4260 3164 4314 Antonii
3209 4260 3535 4333 discipulus,

1957 4354 2133 4421 prima
2162 4352 2505 4409 Palaestinae
2532 4363 2588 4409 et
2621 4352 2812 4425 Syriae
2858 4354 3193 4409 monasteria
3235 4357 3535 4411 exstruxit.

1956 4444 2011 4498 In
2053 4444 2214 4500 cuius
2241 4446 2350 4499 vita
2387 4444 2521 4500 haec
2572 4444 2872 4515 leguntur:
2914 4464 2933 4497 ε
2976 4445 3227 4502 Habebat
3269 4446 3538 4503 Dominus

1949 4532 2113 4590 Jesus
2143 4536 2201 4591 in
2231 4536 2478 4608 Aegypto
2512 4552 2698 4592 senem
2726 4537 3046 4605 Antonium,
3073 4538 3311 4593 habebat
3341 4539 3396 4592 in
3430 4539 3537 4591 Pa-

1951 4629 2185 4684 laestina
2242 4628 2580 4685 Hilarionem
2647 4630 2939 4686 iuniorem.
2990 4651 3008 4683 ι
3076 4630 3201 4685 Vita
3260 4630 3531 4685 Hilarion.

1946 4738 2069 4793 cap.
2103 4722 2192 4788 10,
2228 4721 2342 4777 VV.
2376 4721 2480 4778 PP.
2511 4722 2696 4779 Rosw.
2729 4740 2782 4794 p.
2820 4724 2910 4789 78,
2955 4726 3007 4778 1.
3036 4725 3113 4781 De
3158 4727 3216 4781 S.
3252 4724 3535 4779 Hilarione

1946 4816 2020 4870 cf.
2059 4815 2280 4870 Sozom.
2306 4814 2451 4872 Hist.
2488 4814 2639 4871 Eccl.
2668 4816 2765 4872 lib.
2798 4816 2863 4870 111
2890 4833 3011 4887 cap.
3044 4819 3111 4872 14
3134 4818 3222 4874 ed.
3256 4819 3533 4874 Henricus

1950 4907 2202 4963 Valesius
2234 4924 2288 4979 p.
2324 4909 2428 4963 519
2455 4922 2605 4977 sqq.,
2642 4918 2695 4962 et
2726 4906 2861 4977 Epp.
2890 4906 2946 4961 S.
2981 4910 3209 4963 Hieron.

2015 5001 2093 5072 (6)
2136 5001 2388 5056 Cassian.
2422 5000 2514 5054 lib.
2560 4998 2607 5054 V
2641 5000 2708 5055 de
2744 5001 2882 5070 spir.
2919 5010 3092 5073 gastr.
3150 5017 3254 5071 cap
3283 5001 3373 5067 40,
3409 4997 3526 5057 γν.

1942 5093 2048 5149 PP.
2078 5093 2264 5150 Rosw.
2311 5110 2365 5164 p.
2410 5094 2537 5157 551,
2574 5093 2626 5158 1,
2673 5094 2923 5150 Cassiani
2964 5094 3104 5165 Opp.
3145 5093 3234 5150 ed.
3281 5094 3530 5151 Gazaeus

1941 5200 1996 5240 ῐ).
2042 5184 2144 5238 105
2177 5200 2286 5253 sq.,
2324 5182 2503 5253 Migne
2530 5182 2738 5238 Patrol.
2772 5182 2836 5237 Τ.
2871 5182 3038 5237 XLIX
3072 5200 3129 5254 p.
3158 5184 3264 5239 265
3291 5201 3375 5255 sq.

2014 5275 2092 5346 (7)
2131 5274 2249 5329 VV.
2280 5274 2386 5330 PP.
2422 5275 2606 5330 Rosw.
2640 5292 2693 5346 p.
2730 5275 2833 5329 l70
2860 5292 2982 5346 sqq.

2011 5366 2086 5437 (8)
2128 5366 2265 5422 Ibid.
2301 5383 2423 5455 cap.
2464 5368 2497 5421 8
2528 5384 2567 5438 p.
2620 5367 2744 5433 172,
2780 5367 2834 5421 ε.

2010 5459 2088 5527 (9)
2121 5456 2237 5514 Huc
2260 5461 2535 5529 pertinent
2558 5458 2781 5521 Valens,
2806 5456 2973 5521 Hero,
2995 5458 3523 5531 Ptolemaeus,virgo

1938 5549 2115 5621 lapsa,
2145 5548 2479 5621 Stephanus,
2510 5551 2837 5622 Eucarpius,
2873 5552 2941 5607 de
2964 5553 3167 5622 quibus
3206 5565 3393 5609 narrat
3433 5554 3521 5608 Hi-

1938 5642 2106 5696 storia
2147 5641 2413 5698 Lausiaca
2454 5643 2542 5699 ed.
2584 5642 2788 5699 Meurs.
2838 5661 2999 5716 capp.
3037 5647 3126 5701 52.
3164 5647 3252 5703 55.
3293 5648 3382 5703 54.
3418 5648 3509 5703 55.

321 5722 396 5793 (4)
434 5700 561 5778 Vita
615 5724 864 5780 Barlaam
897 5728 1156 5784 eremitae
1183 5746 1214 5785 a
1243 5730 1454 5793 Joanne
1487 5737 1824 5800 Damasceno
1934 5735 2058 5789 105.
2114 5736 2263 5791 Alios
2312 5735 2561 5791 infelices
2602 5737 2901 5794 "tonat-bos
2956 5751 3205 5795 recenset
3254 5741 3502 5796 Cassian.

250 5818 564 5889 conscripta
599 5834 721 5888 cap.
758 5819 810 5885 1,
852 5816 964 5875 VV.
1006 5818 1108 5875 PP.
1142 5821 1324 5881 Hosw.
1358 5842 1411 5897 p.
1443 5830 1566 5896 215,
1606 5834 1649 5887 ι.

1930 5828 2068 5883 Coll.
2095 5825 2158 5882 11.
2196 5842 2351 5900 capp.
2387 5829 2437 5885 5.
2472 5830 2522 5884 6.
2565 5828 2613 5883 7.
2645 5830 2701 5883 8.
