4040 6606
525 377 584 433 Η
1330 383 1431 440 SS.
1471 384 1929 442 MACARIORUM
1966 386 2289 445 AEGYPTll
2328 387 2417 443 ΕΤ
2452 387 2921 446 ALEXANDRINI
3690 390 3755 449 ﬂ

518 497 688 562 ueris
713 499 791 563 ad
815 517 924 564 eos
953 501 1321 577 conﬂueret,
1352 502 1431 564 ad
1462 502 1673 577 ﬁnem,
1705 522 1892 583 quem
1912 505 2089 567 initio
2120 514 2163 568 Α
2192 524 2339 586 gere
2365 509 2709 589 nequis,ita
2743 508 2946 589 quarti
2976 514 3035 568 et
3063 507 3265 588 quinti
3294 507 3526 571 saeculi
3544 509 3754 573 Eccle-

521 601 639 661 sitii
680 602 1180 682 proposuissent,
1236 620 1365 665 non
1400 606 1730 684 pervenire
1779 623 1846 668 se
1883 607 2087 686 questi

520 700 672 763 sint!
699 701 812 764 Illo
845 720 972 783 quo
1002 705 1063 764 S.
1088 705 1393 767 Antonius
1422 707 1805 768 moriebatur
1832 724 1999 769 anno
2022 708 2085 767 S.

520 798 834 875 Hilarion,
880 803 988 882 qui
1028 804 1095 865 in
1151 805 1365 883 Syriae
1412 805 1673 867 desertis
1710 806 2089 868 monasteria

518 898 891 977 instituerat,
924 921 1065 965 cum
1089 904 1323 981 grande
1352 904 1701 967 aediﬁcium
1733 915 1793 968 et
1813 906 2089 969 multitu-

520 998 733 1064 dinem
775 1020 987 1066 secum
1031 1004 1439 1068 habitantium
1483 1008 1823 1087 turbasque
1869 1025 2087 1070 eorum

519 1110 823 1177 cerneret,
867 1106 977 1184 qui
1004 1104 1263 1167 diversis
1292 1106 1697 1186 languoribus
1723 1115 1785 1170 et
1812 1109 2086 1171 immun-

518 1202 615 1265 dis
643 1203 961 1283 spiritibus
992 1216 1332 1286 occupatos
1352 1210 1431 1270 ad
1458 1228 1523 1272 se
1559 1210 1971 1285 deducebant,
2002 1212 2088 1273 ita

516 1310 587 1366 ut
624 1306 797 1369 omni
823 1324 1053 1387 genere
1078 1309 1406 1373 hominum
1430 1320 1556 1375 tota
1585 1313 1855 1375 solitudo
1876 1312 2084 1393 reple-

514 1411 709 1481 retur,
741 1408 1019 1487 quotidie
1050 1410 1236 1473 ﬂebat
1257 1429 1548 1475 moerens
1576 1431 1649 1476 ac
1675 1413 1930 1476 dicens:
1956 1433 2090 1477 rur-

516 1521 623 1566 sus
648 1522 716 1567 se
745 1506 821 1568 ad
852 1508 1169 1571 saeculum
1191 1527 1505 1573 reversum
1536 1528 1693 1586 esse,
1727 1512 2089 1574 monasterii

513 1606 772 1670 nomine
815 1609 892 1670 ad
929 1609 1460 1690 dispensationem
1496 1611 1755 1675 fratrum
1804 1629 1873 1675 se
1908 1612 2087 1675 villae

512 1709 948 1785 possessiones
985 1718 1045 1774 et
1082 1712 1535 1791 supellectilem
1570 1712 1845 1788 habere;
1892 1732 2087 1794 quare

2188 609 2317 672 siae
2333 608 2590 672 historia
2620 628 2762 673 cum
2780 610 2901 673 hoc
2922 627 3085 672 novo
3106 611 3406 689 martyrio
3436 608 3753 673 monachi-

2189 724 2289 782 co,
2305 725 2382 770 ex
2406 725 2534 788 quo
2554 708 2779 771 iustam
2800 709 3004 771 lucem
3026 726 3199 771 suam
3221 710 3470 789 accipit,
3486 711 3755 772 arctissi-

2187 825 2289 870 me
2300 809 2614 873 cohaeret.
2629 811 2909 873 Macariis
2924 818 3131 895 autem
3143 811 3371 872 nostris
3391 810 3451 872 id
3476 811 3755 886 debetur,

2187 907 2359 987 quod
2383 916 2527 988 post
2554 909 2888 970 Antonium
2917 909 3102 989 primi
3121 909 3252 971 fere
3272 909 3619 971 exstiterint
3639 926 3763 971 ma-

2188 1022 2346 1084 gnae
2366 1007 2537 1069 illius
2559 1008 2623 1069 in
2646 1012 2929 1088 Aegypto
2950 1009 3183 1071 saeculi
3205 1010 3409 1089 quarti
3436 1008 3759 1087 religiosae

2187 1107 2539 1170 animorum
2567 1108 3073 1171 inflammationis
3114 1118 3399 1172 auctores
3428 1117 3489 1172 et
3520 1128 3762 1189 prome-

2186 1215 2395 1271 tores:
2429 1228 2557 1290 quo
2591 1210 2848 1290 quidem
2876 1210 2943 1273 in
2970 1228 3200 1289 genere
3228 1218 3531 1292 quantum
3563 1211 3760 1274 excel-

2186 1305 2438 1382 luerint,
2471 1310 2605 1372 viva
2628 1308 2733 1370 illa
2763 1309 3033 1384 traditio,
3064 1327 3226 1390 quae
3256 1310 3503 1371 Macarii
3532 1326 3761 1371 nomen

2187 1409 2266 1472 ad
2315 1408 2692 1472 hodiernum
2747 1409 2915 1471 diem
2964 1426 3113 1489 prae
3167 1410 3391 1472 ceteris
3446 1408 3757 1485 omnibus,

2188 1511 2298 1591 qui
2322 1510 2389 1572 in
2421 1510 2556 1572 istis
2589 1510 2974 1572 vastitatibus
3010 1510 3239 1589 Libyae
3271 1509 3419 1571 olim
3450 1510 3758 1583 vixerunt,

2187 1626 2303 1690 per
2330 1608 2692 1689 quindecim
2728 1607 2975 1670 saecula
3002 1607 3141 1669 tulit
3162 1606 3268 1689 (5),
3288 1606 3641 1669 luculenter
3662 1607 3763 1669 de-

2187 1715 2509 1773 monstrat.
2555 1709 2741 1788 Signa
2767 1724 2915 1770 vero
2951 1716 3013 1769 et
3049 1707 3336 1788 prodigia
3361 1708 3441 1769 ab
3472 1706 3571 1769 his
3593 1708 3759 1770 seni-

511 1814 731 1919 postea
755 1810 941 1872 aedes
961 1810 1027 1872 in
1040 1811 1609 1893 JulianiApostatae
1623 1813 2082 1893 persecutione,
2117 1863 2160 1919 Β
2187 1813 2305 1875 bus
2349 1812 2533 1886 facta,
2583 1810 2866 1891 quamvis
2898 1827 2934 1872 a
2963 1809 3369 1889 scriptoribus
3400 1808 3566 1919 illius
3599 1816 3758 1871 tem-

510 1904 661 1966 dum
692 1906 829 1986 ipse
857 1907 1074 1983 abfuit,
1106 1909 1341 1972 dirutas
1358 1913 1687 1973 restituere
1718 1912 1942 1987 noluit,
1974 1913 2084 1975 sed
2117 1904 2159 1919 ”
2188 1914 2360 1995 poris
2391 1928 2848 1992 saepenumero
2878 1917 3127 1991 praeter
3160 1908 3762 1971 verisimilitudinem

507 2004 575 2066 in
612 2007 922 2069 vastitates
965 2010 1222 2072 secessit
1257 2010 1362 2093 (1).
1396 2012 1614 2092 Neque
1634 2012 1890 2089 inﬁtior,
1915 2015 2082 2077 indi-
2184 2019 2536 2086 narrentur,
2585 2012 2687 2072 vix
2733 2018 2945 2072 tamen
2985 2026 3235 2090 semper
3284 2008 3757 2089 psychologice,

510 2120 669 2182 gnos
699 2123 1151 2188 nonnunquam
1188 2110 1263 2171 ad
1293 2111 1669 2173 monasteria
1703 2112 2080 2191 confugisse,
2182 2124 2252 2178 ut
2281 2116 2573 2178 nonnulli
2599 2116 2908 2193 fecerunt,
2968 2123 3074 2177 aut
3101 2114 3224 2177 alio
3264 2114 3539 2195 quodam
3576 2121 3759 2176 natu-

508 2206 688 2268 cuius
714 2208 805 2269 rei
835 2210 1120 2290 exempla
1148 2211 1317 2291 apud
1346 2214 1684 2293 scriptores
1704 2214 2080 2293 invenimus,
2182 2216 2297 2278 rali
2321 2217 2512 2279 modo
2531 2218 2929 2298 interpreter.
2961 2215 3252 2295 Quisquis
3268 2215 3614 2277 Christiano
3651 2231 3761 2275 no-

506 2304 654 2369 licet
687 2308 938 2388 plurimi
975 2311 1153 2392 impii
1198 2330 1420 2375 senum
1469 2317 1948 2379 mansuetudine
1995 2318 2084 2398 pii
2181 2315 2352 2377 mine
2392 2332 2524 2377 non
2570 2314 2869 2393 indignus
2925 2321 3040 2388 est,
3085 2312 3327 2390 magnis
3373 2312 3761 2392 temporibus

506 2407 759 2470 tandem
783 2411 989 2473 effecti
1012 2412 1135 2474 sint
1155 2412 1234 2494 (2)
1251 2414 1479 2488 ;immo
1494 2415 1664 2495 ipsas
1693 2415 1982 2480 haereses
2004 2437 2083 2483 ex
2181 2430 2437 2475 manum
2469 2414 2582 2477 Dei
2612 2415 2679 2476 in
2708 2414 3070 2477 hominibus
3110 2430 3332 2491 magna
3362 2412 3585 2474 fecisse
3619 2429 3763 2491 pro-

506 2508 710 2570 caccis
747 2511 1193 2574 nonnullorum
1224 2513 1442 2576 studiis
1470 2515 1785 2578 interdum
1819 2536 2080 2597 proces-
2182 2513 2341 2575 fiteri
2388 2520 2643 2594 paratus
2687 2520 2800 2576 est.
2840 2513 3039 2592 quue
3081 2512 3289 2592 ipsum
3332 2530 3445 2574 cur
3489 2510 3591 2573 hic
3631 2528 3759 2572 non

506 2606 661 2670 sisse
689 2609 794 2690 (3).
813 2611 933 2673 Sed
957 2612 1364 2676 nihilominus
1384 2624 1668 2695 tempora
1696 2616 1802 2679 illa
1817 2617 2078 2682 salutem
2180 2621 2504 2691 statuatur,
2534 2633 2731 2696 quum
2757 2615 2924 2677 idem
2950 2615 3018 2675 in
3058 2612 3359 2694 apostolis
3391 2618 3453 2673 et
3477 2610 3762 2674 Patribus

495 2705 808 2783 Ecclesiae
852 2728 1038 2791 quam
1076 2714 1345 2776 maxime
1382 2724 1854 2795 promoverunt.
1903 2720 2079 2792 Quod
2169 2715 2486 2780 Ecclesiae
2516 2716 2775 2778 minime
2802 2715 3162 2789 inﬁtiemur,
3196 2731 3325 2776 non
3347 2714 3650 2791 intelligo.
3686 2716 3759 2775 In

505 2808 703 2873 tribus
730 2811 1044 2891 prioribus
1074 2814 1338 2877 saeculis
1374 2825 1702 2897 martyres,
1751 2819 1816 2881 id
1855 2828 2079 2901 quarto
2180 2816 2464 2880 fabulosa
2498 2825 2707 2880 autem
2749 2817 3174 2879 narrationum
3203 2816 3412 2894 forma
3443 2815 3496 2876 si
3534 2832 3757 2894 saepe-

505 2914 567 2970 et
602 2908 860 2973 ineunte
912 2913 1134 2992 quinto
1189 2915 1439 2978 saeculo
1486 2917 1923 2996 anachoretae,
1977 2923 2075 2993 11
2180 2935 2444 2981 numero
2478 2918 2839 2992 offenderis,
2875 2918 3030 2979 scito
3060 2924 3121 2977 et
3150 2933 3294 2977 cum
3326 2916 3526 2993 gentis
3552 2920 3757 2994 Aegy-

504 3008 819 3082 eremitae,
843 3009 1138 3073 monachi
1158 3012 1746 3096 Orientisgtanquam
1777 3021 1922 3081 novi
1947 3021 2083 3101 qui-
2181 3020 2351 3099 ptiae
2384 3019 2596 3082 indole
2626 3027 2687 3082 et
2725 3036 2869 3081 cum
2913 3016 3209 3096 singulari
3249 3034 3472 3077 senum
3511 3014 3755 3076 vivendi

502 3106 646 3168 dam
673 3108 989 3170 innumeri
1009 3116 1312 3190 martyres
1337 3113 1417 3193 (4)
1440 3114 1988 3181 efﬁciebant.Nam
2012 3127 2083 3182 ut
2181 3135 2413 3195 genere
2444 3126 2931 3198 temporumque
2959 3118 3219 3198 insuper
3242 3124 3462 3178 natura
3493 3132 3629 3178 eam
3655 3117 3757 3176 in-

500 3215 842 3288 martyrum
873 3212 1246 3274 cruciatibus
1276 3214 1429 3276 fides
1452 3232 1524 3278 ac
1550 3218 1673 3278 vita
1701 3219 2078 3282 Christiano-
2108 3203 2149 3260 ο
2181 3216 2332 3277 time
2374 3216 2713 3277 cohaerere
2732 3233 2747 3290 ;
2799 3216 3094 3294 quocirca
3141 3214 3264 3275 illis
3305 3213 3480 3275 libris
3526 3214 3605 3275 de
3655 3214 3761 3284 l2

501 3326 639 3370 rum
668 3309 784 3371 sibi
805 3310 1005 3373 facem
1030 3313 1430 3390 accendebat,
1468 3316 1552 3379 ita
1574 3318 1903 3381 severitate
1929 3321 2075 3383 illo-

498 3426 663 3484 rum,
714 3410 824 3490 qui
871 3414 1178 3476 mundum
1226 3433 1483 3495 prorsus
1526 3420 1926 3498 spernebant,
1968 3441 2074 3486 ce-

497 3515 779 3573 terorum
815 3513 1095 3576 ﬁdelium
1138 3516 1422 3581 voluntas
1458 3519 1931 3584 incendebatur.
1997 3525 2075 3586 Ut

498 3612 844 3685 martyrum
863 3613 1209 3675 constantia
1227 3617 1708 3694 paganismivim
1726 3619 2071 3701 frangebat,

498 3707 584 3769 ita
617 3708 1039 3773 solitariorum
1079 3715 1439 3797 exemplum
1466 3717 1686 3783 ultima
1721 3722 1956 3803 templa
1987 3725 2078 3787 di-

496 3805 641 3867 ruit.
658 3807 736 3868 Ut
758 3825 793 3870 e
816 3808 986 3872 vultu
1007 3820 1372 3894 martyrum,
1395 3834 1590 3896 quum
1619 3820 1697 3881 ad
1724 3822 2076 3885 crudelissi-

495 3924 598 3967 ma
647 3909 957 3990 supplicia
1004 3924 1370 3993 pergerent,
1426 3917 1702 3983 hilaritas
1742 3930 1803 3984 et
1841 3922 2071 3989 laetitia

496 4008 658 4069 coeli
705 4010 1064 4089 etfulgebat,
1086 4016 1173 4077 ita
1224 4017 1293 4079 in
1320 4019 1544 4082 ardore
1586 4028 1647 4082 et
1678 4023 1906 4099 studio,
1941 4042 2069 4106 quo

494 4110 795 4173 monachi
827 4114 1038 4177 omnia
1074 4116 1279 4179 carnis
1314 4119 1625 4200 supplicia
1650 4122 1772 4201 ipsi
1808 4124 1924 4187 sibi
1952 4126 2070 4187 im-

495 4212 840 4290 ponebant,
862 4215 1234 4281 christianae
1258 4220 1581 4300 religionis
1606 4223 1799 4286 virtus
1826 4226 2067 4288 revela-

493 4314 695 4377 batur.
713 4318 789 4378 Ut
810 4318 926 4381 tria
953 4321 1163 4401 priora
1189 4323 1436 4385 saecula
1465 4325 1599 4388 sine
1630 4325 1888 4389 historia
1910 4345 2071 4390 mar-

491 4417 639 4496 tyrii
668 4434 911 4495 eorum,
935 4422 1044 4502 qui
1062 4440 1130 4484 se
1159 4423 1399 4487 Christo
1421 4425 1808 4502 addixeram,
1829 4427 2062 4490 intelli-

563 4600 641 4671 (l)
670 4600 793 4657 Vita
819 4600 878 4657 S.
906 4602 1177 4659 Hilarion.
1198 4620 1321 4676 cap.
1343 4605 1415 4661 25
1443 4621 1592 4677 sqq.,
1610 4605 1725 4662 νγ.
1753 4605 1856 4662 PP.
1882 4606 2064 4664 Rosw.

490 4710 545 4763 p.
582 4694 671 4753 81.
703 4695 728 4748 1
757 4711 880 4766 sqq.

564 4786 641 4856 (ἓ)
677 4786 831 4855 Ipsos
876 4788 1119 4845 latrones
1161 4789 1229 4845 ab
1261 4790 1331 4847 iis
1361 4805 1657 4847 conversos
1688 4802 1742 4847 et
1768 4793 2067 4849 monachos

490 4878 668 4935 factos
708 4895 832 4935 esse
880 4882 1132 4951 legimus.
1172 4880 1287 4937 VV.
1337 4880 1445 4941 PP.
1492 4882 1677 4938 Rosw.
1714 4885 1809 4941 lib.
1859 4884 1903 4939 X
1941 4901 2063 4955 cap.

490 4969 595 5024 166
638 4986 693 5042 p.
736 4970 871 5034 9l2,
914 4973 976 5038 l;
1021 4971 1117 5026 lib.
1159 4970 1180 5025 l
1227 4988 1283 5043 p.
1321 4972 1410 5038 77,
1460 4974 1519 5041 1;
1571 4972 1711 5030 Hist.
1755 4974 1921 5030 Laus.
1974 4976 2063 5031 ed.

489 5059 692 5118 Meurs.
726 5079 847 5133 cap.
873 5063 961 5129 99,
989 5064 1215 5135 passim.
1250 5066 1293 5118 Α
1313 5066 1454 5121 veris
1476 5067 1777 5133 monachis,
1808 5067 2067 5122 coenobi-

488 5154 562 5209 tis
594 5156 851 5210 nimirum
882 5167 935 5211 et
958 5157 1324 5221 anachoretis,
1356 5157 1427 5213 de
1455 5159 1656 5227 quibus
1680 5159 1813 5213 solis
1834 5158 1923 5213 hic
1948 5161 2066 5230 agi-

489 5258 599 5311 tur,
623 5248 999 5319 dislinguendi
1033 5258 1163 5305 sunt
1190 5251 1278 5305 isti
1310 5251 1801 5320 pseudomonacbi,
1836 5268 1976 5323 quos
2004 5252 2059 5307 S.

489 5337 855 5411 Hieronymus
886 5339 1254 5405 Remobootli,
1282 5341 1585 5399 Cassianus
1619 5343 2062 5403 Sarabaitas.alii

488 5430 683 5483 Béczm
723 5446 817 5485 seu
853 5432 1202 5500 pabulatores
1232 5442 1519 5488 vocarunt.
1555 5434 1611 5489 S.
1651 5434 2015 5507 Hieronymus
2046 5456 2059 5491 :

495 5542 514 5573 ι
545 5521 630 5589 Hi,
662 5543 680 5575 ι
730 5523 939 5592 inquit,
976 5543 995 5576 ι
1037 5524 1150 5579 bini
1198 5526 1281 5580 vel
1329 5526 1492 5593 terni,
1523 5542 1625 5582 nec
1664 5528 1838 5581 multo
1878 5528 2063 5597 plures

489 5615 654 5669 simul
690 5615 976 5683 habitant,
1024 5632 1124 5671 suo
1169 5617 1436 5672 arbitratu
1492 5633 1557 5673 ac
1609 5618 1816 5673 ditione
1872 5620 2061 5673 viven-

489 5719 590 5770 tes,
658 5750 669 5762 .
716 5749 727 5761 .
774 5748 789 5764 .
834 5748 847 5761 .
892 5746 906 5760 .
952 5749 965 5761 .
1007 5719 1061 5763 et
1105 5709 1263 5777 quasi
1307 5724 1398 5764 ars
1432 5710 1500 5764 sit
1538 5718 1750 5771 sancta,
1787 5724 1895 5764 non
1928 5711 2059 5774 vita,

488 5800 753 5870 quidquid
798 5799 1169 5865 vendiderint,
1215 5801 1436 5855 maioris
1483 5809 1567 5856 est
1609 5802 1765 5870 pretii
1810 5842 1823 5855 .
1877 5848 1883 5859 ,
1929 5840 1943 5853 .
1987 5841 2001 5854 .
2043 5839 2058 5854 .

490 5892 641 5962 Apud
682 5895 779 5949 llOS
809 5892 1056 5950 aﬂectata
1082 5901 1209 5949 sunt
1238 5895 1421 5949 omnia
1453 5910 1465 5946 :
1496 5893 1651 5949 laxae
1684 5895 1949 5961 manicae,
1975 5909 2053 5949 ca-

2183 3315 2463 3396 patribus
2491 3315 2686 3377 eremi
2716 3315 2962 3394 scriptis
2989 3315 3213 3395 poesin
3256 3314 3568 3395 quandam
3600 3330 3760 3375 con-

2181 3415 2367 3476 tineri
2395 3415 2658 3476 dixerim
2688 3432 2724 3478 a
2747 3414 2926 3477 factis
2944 3432 3015 3477 ac
3037 3414 3339 3495 prodigiis
3365 3431 3587 3475 senum
3616 3430 3766 3494 pro-

2179 3516 2429 3588 fectam,
2473 3515 2580 3577 sed
2610 3515 2772 3578 fama
2810 3523 2872 3578 et
2912 3516 3159 3596 poetica
3189 3516 3390 3594 gentis
3428 3522 3619 3594 atque
3647 3534 3762 3579 ae-

2180 3618 2322 3679 tatis
2349 3617 2564 3680 indole
2592 3618 2751 3680 mire
2780 3617 3089 3680 excultam
3127 3624 3189 3678 et
3219 3624 3604 3680 exornatam.

2263 3723 2291 3795 §
2331 3719 2386 3780 5.
2439 3718 2562 3780 Sed
2601 3719 2757 3781 haec
2809 3718 2888 3781 de
2946 3718 3306 3798 primordiis
3342 3718 3501 3778 vitae
3538 3733 3763 3779 mona-

2181 3818 2397 3883 chicae
2416 3818 2757 3882 sufﬁciunt.
2780 3820 2916 3881 Jam
2944 3825 3304 3898 antequam,
3338 3835 3501 3897 quae
3530 3816 3606 3878 de
3637 3819 3764 3878 Ma-

2181 3919 2363 3981 cariis
2390 3918 2706 3997 leguntur,
2736 3918 3020 3996 digerere
3058 3917 3453 3997 incipiamus,
3486 3915 3564 3977 de
3608 3915 3758 3977 fon-

2177 4019 2344 4081 tibus
2388 4019 2657 4081 brevitcr
2701 4017 3087 4080 monendum
3123 4022 3235 4077 est.
3282 4020 3603 4089 Auctores,
3646 4016 3761 4094 qui

2176 4119 2586 4182 Macariorum
2611 4126 2897 4199 tempore
2927 4127 3034 4180 aut
3064 4117 3275 4198 paullo
3316 4123 3459 4196 post
3487 4124 3759 4178 mortem

2175 4237 2393 4283 eorum
2420 4220 2486 4281 in
2513 4224 2795 4299 Aegypto
2821 4218 3097 4293 fuerunt,
3121 4218 3205 4279 ita
3235 4224 3304 4278 ut
3331 4216 3426 4278 vel
3455 4218 3758 4279 Macarios

2171 4320 2294 4399 ipsi
2337 4318 2628 4394 viderint,
2674 4318 2769 4381 vel
2800 4318 2879 4379 ab
2903 4335 3121 4380 eorum
3151 4316 3518 4397 aequalibus
3545 4317 3755 4380 edocti

2172 4422 2317 4497 sint,
2362 4421 2624 4485 nomino
2668 4420 3019 4497 Evagrium,
3050 4421 3369 4494 Ruﬁnum,
3420 4422 3483 4481 S.
3523 4421 3753 4485 Hiero-

2173 4599 2313 4670 ligae
2357 4584 2686 4664 follicantes,
2737 4599 2910 4655 vestis
2942 4598 3206 4671 grossior,
3249 4599 3439 4655 crebra
3490 4599 3752 4670 suspiria,

2178 4693 2420 4747 visitatio
2463 4693 2760 4763 virginum,
2822 4692 3155 4749 detractatio
3198 4694 3549 4759 clericorum,
3595 4706 3649 4749 et
3700 4694 3754 4749 si

2172 4783 2389 4854 quando
2435 4784 2553 4839 dies
2597 4782 2771 4839 festus
2812 4786 3049 4850 venerit,
3091 4792 3413 4840 saturantur
3462 4784 3528 4839 ad
3569 4786 3756 4839 vomi-

2171 4884 2308 4928 tum.
2359 4892 2377 4925 ι
2428 4874 2529 4945 Ep.
2575 4875 2665 4938 22,
2708 4875 2767 4931 S.
2817 4875 3042 4932 Hieron.
3079 4875 3218 4947 Opp.
3255 4877 3342 4932 ed.
3388 4876 3565 4946 Migne
3606 4876 3671 4930 Τ.
3703 4875 3749 4933 l.

2174 4964 2401 5038 [PatroL
2431 4964 2493 5020 T.
2527 4965 2693 5039 XXII]
2734 4982 2789 5037 p.
2829 4968 2955 5022 419.
2986 4966 3238 5023 Cassian.
3281 4968 3421 5023 Coll.
3455 4966 3645 5031 XVlll,
3689 4968 3750 5032 7,

2171 5056 2308 5127 Opp.
2326 5057 2414 5112 ed.
2443 5056 2688 5113 Gazaeus
2719 5074 2773 5129 p.
2806 5059 2932 5122 521,
2959 5059 3135 5131 Migne
3162 5076 3213 5130 p.
3252 5059 3391 5114 “02
3421 5076 3505 5131 sq.

2242 5150 2317 5221 (5)
2342 5149 2481 5205 Hist.
2498 5150 2661 5205 Laus.
2679 5154 2766 5207 ed.
2785 5151 2982 5208 Meurs.
3000 5168 3051 5206 c.
3069 5154 3158 5208 36.
3180 5153 3255 5207 De
3272 5153 3561 5216 monacho,
3579 5154 3671 5222 qui
3691 5154 3753 5208 in

2170 5249 2373 5298 sectam
2402 5241 2798 5297 Hieracitarum
2828 5243 3179 5306 incidit,vide
3213 5243 3354 5298 intra
3381 5243 3556 5312 Caput
3586 5243 3650 5296 ll.
3675 5243 3756 5297 De

2168 5335 2451 5390 monachis
2470 5334 2872 5405 Origenismum
2902 5335 3288 5406 profitentibus
3321 5335 3393 5388 cf.
3434 5335 3585 5404 Sulp.
3616 5333 3749 5389 Sev.

2169 5428 2308 5483 Dial.
2343 5429 2360 5483 Ι
2399 5444 2521 5498 cap.
2553 5428 2609 5491 6,
2644 5426 2889 5483 Galland.
2931 5429 3067 5484 Bibl.
3102 5429 3205 5483 PP.
3236 5428 3299 5482 T.
3333 5427 3448 5483 Vlll
3471 5445 3524 5499 p.
3555 5427 3682 5491 404,
3713 5428 3755 5481 2

2171 5540 2317 5595 sqq.,
2349 5522 2528 5593 Migne
2562 5520 2766 5576 Patrol.
2798 5521 2862 5578 Τ.
2891 5522 2987 5576 XX
3014 5540 3067 5593 p.
3104 5525 3235 5580 187.

2238 5615 2314 5686 (4)
2352 5614 2651 5671 Cassianus
2694 5617 3056 5670 anachoretas
3087 5624 3141 5671 ct
3171 5615 3484 5671 coenoliitas
3536 5632 3555 5665 ‹
3584 5613 3749 5670 vivos

2168 5713 2437 5776 martyres
2464 5724 2481 5757 ι
2509 5713 2684 5760 vocat.
2711 5706 2848 5762 Coll.
2872 5704 3039 5760 XVlll
3065 5722 3185 5778 cap.
3207 5708 3234 5759 7
3261 5707 3345 5763 ed.
3370 5705 3498 5762 Gaz.
3531 5720 3584 5776 p.
3608 5704 3743 5771 522,

2169 5798 2347 5868 Mignc
2372 5814 2425 5865 p.
2454 5798 2610 5852 1106.
2935 5790 2938 5793 λ

2236 5891 2307 5961 (5,
2347 5889 2713 5947 Tischendorl’
2736 5891 2774 5948 l.
2807 5891 2843 5947 l.
2872 5907 2926 5964 ῃ.
2963 5890 3085 5948 119.
