4040 6558
338 341 362 393 1
376 341 410 392 5
1706 390 1709 391 ν
1878 343 1918 398 ν

2017 343 2105 401 1E.
3509 354 3577 410 Η

338 463 627 527 nymum,
677 449 1041 527 Palladium,
1079 454 1459 520 Cassianum.
1509 463 1807 536 Quorum,
1857 463 1909 523 si
1939 471 1983 527 Α
2010 462 2352 543 interprete
2382 463 2499 524 CLI
2527 461 2727 541 capita
2761 458 3196 539 complectitur
3219 456 3325 538 (6).
3357 459 3582 532 Altera,

335 549 638 612 Macarius
676 561 943 647 spectas,
974 554 1500 636 locupletissimus
1526 566 1713 641 atque
1735 564 1907 626 ﬁdis—

332 651 531 712 simus
562 653 739 715 testis
773 660 866 715 est
894 655 1224 731 Palladius,
1268 659 1376 738 qui
1404 662 1683 723 secundo
1711 663 1912 727 Theo-

332 751 498 813 dosii
528 754 741 831 magni
770 755 1135 835 imperantis
1172 775 1339 821 anno
1368 760 1446 822 ad
1486 769 1737 841 portum
1763 763 1907 826 Ale-

330 851 632 914 xandriae
675 854 918 933 appulit
940 854 1047 935 (1),
1078 857 1330 935 triginta
1359 877 1468 922 sex
1493 862 1814 925 mensibus
1843 863 1911 926 in

331 955 756 1029 monasteriis,
806 973 969 1036 quae
1014 958 1176 1021 circa
1229 960 1664 1024 Alexandriam
1708 973 1906 1035 erant,

332 1052 606 1129 peractis
640 1053 708 1114 in
746 1062 1025 1117 montem
1062 1057 1295 1120 Nitriae
1337 1059 1596 1123 secessit
1619 1060 1725 1142 (2),
1753 1069 1815 1125 et
1843 1063 1909 1124 in

334 1149 563 1225 Celliis,
610 1151 677 1213 in
726 1154 954 1234 quibus
1002 1171 1225 1219 novem
1273 1176 1474 1221 annos
1504 1161 1908 1239 transigebat,

332 1256 461 1313 tres
511 1270 635 1315 una
678 1272 823 1316 cum
860 1257 1123 1319 Macario
1169 1258 1589 1323 Alexandrino
1614 1262 1764 1323 vixit
1801 1261 1908 1341 (3).

331 1352 679 1433 Aegyptius
704 1373 853 1419 vero
884 1358 1185 1421 Macarius
1204 1376 1395 1432 anno,
1424 1368 1757 1443 antequam
1778 1362 1916 1425 Pal-

332 1449 538 1515 ladius
562 1454 630 1515 in
673 1454 1080 1525 solitudinem
1118 1460 1575 1539 egrediebatur,
1624 1470 1913 1527 mortuus

332 1557 467 1613 erat
511 1550 617 1630 (4).
652 1554 870 1634 Itaque
913 1554 1096 1619 facile
1134 1558 1449 1638 intelligis,
1482 1562 1912 1625 auctoritatem

330 1650 592 1714 Palladii
613 1654 866 1717 maximi
896 1654 1247 1721 faciendam
1271 1677 1432 1736 esse,
1452 1661 1645 1741 idque
1676 1679 1753 1725 eo
1784 1681 1915 1725 ma-

2010 579 2173 643 quae
2203 562 2435 642 pariter
2468 579 2540 624 ac
2568 568 2813 624 ceterae
2840 559 3007 640 apud
3046 556 3445 619 Rosweidum
3492 554 3583 616 le-

2011 662 2195 740 gitur,
2228 662 2471 724 incerto
2511 667 2722 722 vetere
2755 649 3121 740 interprete,
3154 656 3462 738 capitibus
3480 656 3591 715 XX

2010 768 2255 826 constat
2289 762 2392 843 (7).
2411 763 2616 825 Tertia
2644 761 2942 840 denique,
2977 758 3194 821 itidem
3218 758 3461 820 incerto
3490 774 3592 818 ve-

2010 869 2144 925 tere
2193 863 2567 942 interprete,
2614 863 2797 923 LVIII
2841 860 3150 940 capitibus
3196 857 3430 939 prodiit
3466 855 3587 918 hoc

2009 962 2247 1024 indice:
2276 984 2303 1017 α
2321 960 2666 1024 Heraclidis
2687 959 3011 1040 paradisus
3032 957 3177 1039 (8),»
3200 957 3310 1037 qui
3330 956 3585 1036 quidem

2010 1061 2226 1123 titulus
2256 1061 2449 1123 falsus
2475 1067 2590 1134 est,
2612 1077 2815 1139 quum
2851 1058 3186 1138 legendum
3212 1057 3289 1119 sit
3320 1080 3347 1112 «
3382 1056 3583 1117 Palla-

2012 1154 2099 1217 dii
2146 1155 2543 1236 paradisus,»
2576 1162 2645 1218 ut
2685 1162 2778 1218 est
2819 1156 2887 1218 in
2910 1155 3329 1217 vetustiSSImo
3367 1152 3587 1216 codice

2011 1257 2293 1319 eiusdem
2337 1256 2643 1320 versionis
2687 1257 2947 1318 ineunte
3004 1272 3131 1317 sec.
3196 1255 3278 1314 IX
3326 1252 3583 1332 scripto,

2011 1374 2202 1437 quem
2248 1356 2374 1419 adii
2414 1358 2654 1418 Romae
2688 1356 2757 1417 in
2796 1353 3175 1417 bibliotheca
3224 1349 3589 1414 monasterii

2020 1457 2469 1519 Yerusalemme
2512 1458 2581 1518 in
2616 1458 2806 1520 Croce
2839 1454 2944 1536 (9).
2966 1453 3309 1517 Heraclidis
3336 1452 3584 1532 paradi-

2011 1574 2118 1620 sus
2159 1557 2317 1620 alius
2363 1556 2623 1620 omnino
2661 1556 2820 1619 liber
2864 1555 3058 1617 fuisse
3102 1553 3366 1625 videtur,
3410 1550 3587 1613 cuius

2011 1658 2261 1721 codices
2283 1660 2520 1721 Romae
2548 1657 2615 1720 in
2635 1655 3016 1719 bibliotheca
3046 1653 3388 1716 Christinae
3418 1650 3586 1729 regi-

331 1748 449 1825 gis,
481 1769 677 1831 quum
707 1770 775 1815 se
803 1755 997 1820 ﬁdum
1036 1765 1457 1838 spectatorem
1491 1760 1806 1837 exhibeat,
1851 1768 1913 1825 et
1943 1778 1985 1833 Β
2012 1776 2131 1821 nae
2144 1766 2541 1822 asservantur
2564 1758 2705 1840 (10).
2726 1757 2848 1819 Sed
2868 1758 2947 1820 ad
2975 1756 3113 1819 illas
3127 1761 3255 1817 tres
3269 1752 3589 1815 versiones

330 1844 524 1928 longa
552 1868 861 1916 annorum
908 1857 1070 1920 serie
1113 1882 1143 1915 «
1186 1876 1265 1921 ex
1302 1861 1522 1923 virtute
1552 1871 1724 1940 gesta
1761 1880 1909 1925 san-

330 1956 582 2012 ctorum
628 1962 1109 2037 sanctarumque
1148 1959 1214 2021 in
1259 1961 1525 2040 Aegypti
1569 1962 1911 2025 solitudine

331 2055 397 2109 et
422 2049 489 2112 in
520 2053 712 2133 Libya
742 2062 805 2117 et
823 2056 1140 2121 Thebaide
1169 2066 1231 2122 et
1258 2062 1462 2139 Syene
1487 2068 1549 2124 et
1572 2062 1908 2139 Tabennis,

331 2149 565 2214 deinde
606 2154 673 2217 in
704 2158 1176 2238 MeSOpotamia,
1226 2162 1573 2226 Palaestina
1613 2170 1674 2227 et
1711 2166 1910 2245 Syria,

333 2258 397 2312 et
422 2252 488 2313 in
520 2255 801 2333 partibus
820 2259 1173 2323 Occidentis
1194 2270 1255 2324 et
1286 2263 1521 2326 Romae
1558 2269 1620 2326 et
1648 2265 1714 2326 in
1744 2266 1916 2327 Cam-

334 2354 522 2434 pania
550 2363 612 2418 et
632 2357 817 2433 iniis,
853 2378 1016 2439 quae
1049 2369 1196 2423 sunt
1223 2363 1389 2426 circa
1421 2381 1549 2439 eas,
1582 2366 1912 2446 partibus»

336 2454 474 2534 ipse
497 2460 958 2537 peregrinando
979 2466 1341 2542 cognoverit
1370 2465 1474 2547 (5).
1490 2466 1693 2541 Liber,
1724 2484 1914 2546 quem

330 2556 641 2621 Palladius
678 2560 757 2623 de
792 2564 1117 2630 monachis
1151 2566 1367 2641 edidit,
1416 2570 1618 2630 Lauso
1665 2568 1914 2631 cuidam

328 2658 694 2736 praeposito
733 2660 1054 2725 dedicatus
1082 2671 1199 2739 est,
1231 2665 1403 2728 unde
1437 2683 1673 2728 nomen
1702 2667 1917 2729 Histo-

325 2755 467 2816 riae
536 2757 897 2838 Lausiacae,
965 2772 1074 2827 aut
1151 2765 1519 2847 simpliciter
1576 2769 1914 2830 Lausiacae

330 2854 584 2933 (graece
634 2868 863 2943 Ἱστορία
888 2872 1026 2945 πρὸς
1058 2868 1303 2946 Λαῦσον)
1338 2868 1545 2929 traxit.
1567 2869 1754 2931 Cuius
1790 2876 1916 2931 tres

252 2998 262 3002 ρ
330 2965 581 3021 exstant
615 2960 841 3028 latinae
880 2967 1201 3029 versiones
1234 2967 1414 3031 valde
1444 2969 1609 3030 inter
1632 2986 1701 3030 se
1730 2968 1914 3030 diffe-

2016 1859 2120 1932 14
2156 1859 2464 1922 Historiae
2505 1859 2836 1921 Lausiacae
2873 1856 3111 1920 accedit
3150 1854 3355 1934 graeci
3383 1858 3591 1915 textus

2010 1959 2227 2022 itidem
2247 1960 2476 2041 triplex
2496 1960 2983 2038 editio,quarum
3005 1956 3173 2018 nulla
3197 1972 3339 2018 cum
3349 1953 3588 2015 versio-I

2012 2061 2197 2123 nibus
2224 2061 2538 2124 convenit.
2562 2060 2863 2139 Princeps
2891 2074 3111 2136 graeca
3146 2055 3337 2118 editio
3357 2053 3591 2134 prodiit

2014 2178 2091 2224 ex
2124 2161 2344 2224 codice
2376 2160 2793 2223 bibliothecae
2821 2157 3135 2220 Palatinae
3163 2173 3311 2219 cura
3337 2152 3593 2216 Meursii

2013 2263 2324 2344 capitibus
2334 2263 2459 2324 CIII
2476 2260 2522 2342 (1
2542 2261 2620 2341 1),
2638 2278 2837 2340 eaque
2849 2260 3012 2322 haud
3028 2275 3245 2340 parum
3258 2255 3591 2318 aversione

2012 2365 2286 2439 Herveti,
2299 2381 2557 2444 prorsus
2575 2370 2781 2425 autem
2801 2378 2837 2424 a
2857 2361 3081 2425 ceteris
3090 2357 3482 2421 versionibus
3503 2355 3593 2416 di-

2013 2472 2153 2528 stat.
2171 2466 2303 2538 Quo
2324 2462 2580 2543 quidem
2592 2469 2763 2524 textu
2776 2460 3124 2523 Meursiano
3138 2458 3323 2535 longe
3338 2455 3590 2536 plenio-

2014 2581 2149 2626 rem
2178 2580 2214 2625 e
2243 2561 2567 2625 codicibus
2588 2558 2802 2638 Regiis
2822 2575 2947 2620 una
2976 2574 3119 2619 cum
3133 2556 3420 2618 versione
3439 2555 3597 2614 Her-

2014 2665 2141 2727 veti
2169 2663 2481 2744 capitibus
2508 2663 2626 2722 CLI
2655 2660 2851 2723 edidit
2882 2662 3112 2721 Fronto
3134 2659 3418 2720 Ducaeus
3442 2654 3589 2736 (12).

2016 2766 2298 2845 Denique
2357 2763 2560 2843 capita
2616 2761 2921 2824 nonnulla
2966 2762 3034 2822 in
3081 2760 3198 2823 hac
3241 2757 3594 2836 ceterisque

2017 2866 2396 2930 editionibus
2445 2864 2675 2926 omissa
2721 2870 3019 2943 tanquam
3076 2878 3239 2923 nova
3289 2857 3593 2939 quaedam

2014 2968 2182 3030 illius
2218 2965 2511 3028 editionis
2562 2963 3003 3044 supplementa
3047 2960 3315 3039 vulgavit
3350 2957 3597 3021 Cotele-

330 3067 569 3123 rentes.
627 3065 718 3126 Ex
773 3068 1003 3145 quibus
1046 3086 1142 3144 ea,
1192 3086 1356 3149 quae
1407 3069 1635 3131 ceteris
1673 3069 1916 3131 duabus
1943 3123 1983 3149 ι,
2019 3065 2310 3147 rius(13).
2337 3061 3598 3139 QuibusadditamentisetDucaeietCotec

328 3162 537 3226 multo
582 3164 962 3247 locupletior
991 3175 1105 3244 est,
1154 3169 1463 3233 Gentiano
1493 3171 1769 3232 Herveto
1814 3169 1915 3240 13
1944 3160 1986 3181 “
2020 3168 2416 3231 leriiauctam
2439 3163 2780 3227 editionem
2801 3164 2923 3225 iam
2940 3162 3209 3225 babesin
3223 3160 3597 3225 collectione

404 3341 484 3414 (1)
535 3344 670 3403 Hist.
719 3347 886 3406 Laus.
945 3365 1065 3422 cap.
1113 3351 1165 3406 1.
1220 3350 1360 3423 Opp.
1420 3350 1626 3410 Meurs.
1676 3350 1742 3408 T.
1798 3350 1939 3421 VIII,

332 3449 388 3506 p.
430 3436 556 3492 548.

406 3525 484 3595 (2)
525 3525 659 3582 Ibid.
689 3544 810 3600 cap.
839 3531 871 3585 8
902 3546 957 3601 p.
992 3530 1122 3586 360.

409 3617 487 3687 (5)
528 3616 659 3674 Ibid.
701 3637 822 3691 cap.
852 3622 915 3675 21
950 3639 1003 3694 p.
1040 3623 1166 3678 596.

408 3711 488 3779 (4)
530 3713 663 3767 Ibid.
696 3730 817 3787 cap.
843 3716 915 3769 20
936 3732 987 3787 p.
1018 3716 1142 3771 596.

407 3801 484 3873 (5)
523 3803 742 3875 Prolog.
784 3807 851 3862 ad
884 3807 1028 3863 Hist.
1074 3808 1242 3866 Laus.
1279 3806 1420 3881 Opp.
1454 3807 1652 3864 Meurs.
1705 3811 1814 3869 1.Ι.
1856 3832 1909 3883 p.

335 3893 479 3961 310;
520 3894 633 3953 VV.
664 3898 768 3953 PP.
795 3898 979 3956 Rosw.
1007 3917 1060 3971 p.
1097 3901 1225 3956 706.

412 3990 491 4061 (6)
534 3988 779 4047 Primum
828 3994 1032 4063 prodiit
1089 3994 1319 4051 Parisiis
1366 3993 1528 4060 1555,
1570 3992 1674 4059 4°;
1720 4007 1915 4048 recusa

337 4091 429 4136 est
467 4082 668 4139 ibidem
699 4085 857 4152 1570,
891 4086 970 4149 4ο,
1006 4094 1171 4157 atque
1209 4102 1335 4141 cum
1378 4084 1604 4142 scholiis
1638 4083 1923 4140 Laurentii

338 4166 634 4226 Bari-ensis
674 4172 729 4227 in
761 4174 881 4229 eius
921 4174 1153 4229 hiStoria
1189 4175 1493 4230 christiana
1532 4182 1780 4230 veterum
1821 4173 1925 4229 Pa-

340 4273 488 4318 trum
528 4263 706 4321 Paris.
742 4266 882 4322 1585
916 4268 1012 4322 fol.
1053 4285 1107 4339 p.
1148 4268 1237 4333 55,
1268 4283 1371 4322 nec
1402 4284 1516 4322 non
1555 4268 1613 4322 in
1646 4267 1785 4323 Bibl.
1818 4267 1923 4322 PP.

341 4371 464 4411 cur.
498 4355 567 4411 de
592 4357 642 4410 la
673 4356 842 4428 Bigne
864 4357 1041 4413 Paris.
1073 4358 1212 4414 1589
1238 4368 1291 4414 et
1320 4358 1460 4413 1610
1483 4358 1546 4415 Τ.
1572 4357 1689 4423 VII,
1725 4360 1781 4413 in
1813 4356 1924 4413 VV.

340 4446 449 4501 PP.
487 4447 672 4501 Rosw.
722 4449 815 4503 lib.
863 4450 977 4504 Vill
1008 4466 1061 4520 p.
1107 4449 1209 4505 704
1248 4466 1398 4521 sqq.,
1428 4460 1483 4506 et
1524 4450 1581 4505 in
1612 4449 1927 4506 Meursiaua

342 4540 586 4595 editione
614 4538 889 4597 Historiae
919 4540 1223 4598 Lausiacae
1246 4540 1499 4611 Palladii,
1531 4540 1671 4613 Opp.
1703 4540 1925 4597 Meursii

342 4628 407 4683 Τ.
442 4628 553 4682 vui
592 4646 645 4699 p.
687 4631 789 4685 534
818 4647 936 4702 sqq.

419 4720 499 4789 (7)
546 4720 703 4777 Edita
732 4730 819 4777 est
854 4722 910 4776 in
941 4721 1078 4778 Vitis
1108 4720 1355 4788 Patrum,
1398 4737 1540 4792 quae
1580 4723 1780 4792 triplici
1808 4723 1929 4777 vice

344 4814 464 4868 sine
490 4814 839 4885 typographi,
862 4814 967 4869 loci
993 4822 1049 4870 et
1068 4815 1201 4869 anni
1226 4823 1356 4870 nota
1380 4822 1627 4886 tempore
1649 4818 1928 4871 nascentis

345 4906 740 4976 typograpliiae
781 4906 1124 4976 prodierunt,
1177 4906 1308 4974 101.;
1347 4922 1542 4963 recusa
1577 4907 1633 4961 in
1669 4905 1927 4963 Theodo-

348 4998 443 5052 rici
474 4998 657 5053 Loher
675 5013 706 5051 a
731 4997 934 5056 Stratis
963 5007 1252 5073 prototypo
1282 5002 1483 5058 veteris
1505 5001 1795 5067 ecclesiae,
1824 4999 1929 5057 Co-

346 5097 529 5151 loniae
558 5096 716 5163 1547,
742 5094 869 5160 101.,
897 5104 951 5152 et
979 5097 1035 5153 in
1073 5096 1187 5153 VV.
1223 5096 1329 5151 PP.
1364 5096 1553 5152 Rosw.
1577 5113 1632 5168 p.
1665 5098 1771 5153 984
1802 5115 1925 5170 sqq.

417 5188 494 5258 (8)
543 5186 676 5242 Eam
742 5189 847 5245 sub
914 5189 1123 5246 titulo:
1163 5208 1181 5241 ι
1213 5188 1520 5245 Heraclidis
1578 5191 1871 5258 paradisus
1902 5209 1921 5244 ι

346 5284 556 5351 primus
600 5282 819 5336 videtur
875 5281 1116 5338 edidisse
1169 5281 1287 5337 Jac.
1342 5281 1523 5338 Faber
1581 5281 1929 5353 Stapulensis

346 5375 520 5430 Paris.
559 5376 720 5431 1501.
751 5375 963 5431 Collata
1004 5390 1131 5430 cum
1173 5376 1365 5431 codice
1402 5391 1508 5431 ms.
1540 5374 1785 5439 Veneto,
1831 5377 1928 5446 qui

346 5482 455 5521 non
492 5465 863 5529 Heraclidem,
913 5466 1009 5523 sed
1058 5465 1364 5522 Palladium
1411 5468 1734 5539 scriptorem
1780 5477 1928 5523 recte

349 5562 659 5631 proﬁtetur,
693 5562 898 5633 prodiit
926 5564 981 5616 in
1018 5561 1161 5618 Vitis
1192 5578 1288 5633 per
1315 5563 1597 5636 Aloysium
1634 5564 1929 5634 Lipoman-

349 5668 478 5706 num
514 5650 763 5707 collectis
796 5650 857 5705 T.
903 5651 966 5706 III
1011 5652 1203 5707 Venet.
1255 5653 1415 5708 1554.
1462 5653 1704 5723 Denique
1749 5661 1930 5708 exstat

353 5742 405 5795 in
428 5740 543 5797 νγ.
562 5741 670 5795 PP.
708 5741 894 5797 Rosw.
922 5758 977 5813 p.
1006 5743 1110 5800 959
1140 5761 1263 5815 sqq.
1296 5745 1371 5801 De
1399 5746 1566 5799 variis
1589 5745 1741 5799 hisce
1764 5744 1928 5798 trium

244 5866 247 5867 ν
352 5834 668 5892 versionqu
718 5833 1051 5894 editionibus
1093 5838 1168 5894 cf.
1214 5837 1301 5896 Jo.
1346 5839 1471 5896 Alli.
1514 5836 1826 5896 Fabricium
1874 5839 1930 5894 iu

2018 3350 2355 3407 Bibliotheca
2385 3347 2619 3413 Graeca,
2654 3345 2795 3418 Opp.
2838 3344 3043 3403 Meurs.
3088 3360 3157 3401 ex
3201 3358 3313 3401 rec.
3345 3342 3593 3399 Lami'l‘.

2020 3442 2134 3497 VIII
2173 3459 2227 3514 p.
2264 3443 2390 3507 667,
2430 3440 2634 3509 1,inl‘ra
2665 3440 2720 3495 in
2760 3438 2916 3494 initio
2951 3449 3173 3496 nostrae
3213 3438 3474 3494 editionis
3504 3436 3600 3491 Hi-

2016 3532 2224 3587 storiae
2266 3530 2586 3596 Lausiacae,
2610 3537 2666 3586 et
2686 3527 2804 3586 VV.
2838 3528 2946 3585 PP.
2980 3528 3165 3586 Bosw.
3200 3527 3416 3600 Proleg.
3456 3525 3597 3594 XIV,

2018 3641 2069 3697 υ.
2109 3622 2294 3679 XLIV.

2092 3719 2167 3791 (9)
2206 3716 2382 3775 Huius
2423 3715 2797 3771 Bibliothecae
2856 3714 3050 3770 codice
3100 3711 3215 3766 XLI
3263 3710 3359 3766 l‘oI.
3398 3709 3432 3766 9
3466 3710 3601 3765 haec

2019 3810 2157 3884 legis
2186 3829 2199 3865 :
2230 3828 2250 3861 ‹
2292 3808 2487 3879 Incipit
2513 3808 2668 3872 liber,
2702 3807 2791 3877 qui
2826 3806 3127 3875 appellatur
3145 3803 3444 3873 paradysus
3473 3800 3603 3856 Pal-

2023 3905 2154 3959 ladii
2181 3903 2443 3965 monachi,
2465 3903 2554 3972 qui
2576 3901 2678 3971 fuit
2702 3899 2994 3969 discipulus
3030 3897 3262 3967 Evagrii.
3297 3895 3451 3949 Multi
3475 3896 3599 3964 qui-

2023 3995 2147 4050 dem
2180 3995 2381 4050 multos
2410 3994 2703 4063 variosque
2731 3992 2923 4059 libros,
2958 3997 3071 4045 cet.
3102 4009 3122 4042 ι
3142 3988 3348 4044 Textus
3390 3986 3601 4042 codicis

2025 4105 2054 4143 a
2083 4089 2223 4144 libro
2254 4088 2524 4157 impresso
2556 4100 2749 4157 parum
2777 4085 2938 4141 nobis
2958 4083 3275 4153 discrepare
3299 4082 3453 4137 visus
3480 4087 3589 4136 est.

2023 4180 2209 4236 Codex
2234 4178 2481 4237 Venetus
2508 4194 2730 4251 quoque
2769 4175 3074 4232 Palladium
3109 4174 3437 4245 scriptorem
3471 4187 3603 4244 prae

2025 4273 2241 4436 “(£193.
2260 4363 2319 4419 In
2360 4362 2611 4433 catalogo
2649 4360 2824 4415 latino
2864 4359 3007 4414 Bibl.
3045 4356 3357 4413 Christinae
3401 4353 3603 4408 Romae

2024 4457 2162 4529 legis
2194 4472 2209 4509 :
2243 4476 2262 4508 ι
2292 4455 2426 4510 Cod.
2462 4453 2559 4508 Nr.
2582 4452 2688 4508 452
2710 4451 3016 4507 Heraclidis
3050 4448 3341 4522 paradisus
3362 4446 3477 4500 sive
3504 4444 3598 4499 lib.

2026 4550 2095 4604 de
2131 4547 2243 4603 VV.
2278 4547 2379 4602 SS.
2424 4546 2650 4601 Patrum
2693 4546 2762 4599 ad
2808 4543 3050 4599 Lausum
3097 4538 3468 4612 praepositum
3512 4553 3603 4608 pa-

2023 4641 2162 4697 latii.
2194 4660 2213 4693 ι
2279 4639 2508 4695 Nomine
2553 4637 2836 4709 scriptoris
2875 4635 3082 4690 omisso
3120 4635 3177 4687 in
3230 4631 3478 4701 catalogo
3526 4629 3603 4682 la-

2022 4734 2140 4789 tino
2169 4732 2309 4787 Bibl.
2349 4730 2645 4786 Vaticanae
2689 4729 2888 4800 legitur
2922 4742 2936 4779 :
2980 4745 3001 4779 σ
3034 4726 3090 4780 2.
3121 4723 3438 4788 Paradisus,
3467 4723 3604 4777 liber

2023 4826 2105 4880 sic
2152 4824 2448 4895 inscriptus
2491 4823 2560 4879 de
2599 4821 2741 4877 Vitis
2785 4819 3135 4881 Sanctorum,
3181 4816 3287 4872 555
3323 4814 3422 4870 Nr.
3462 4813 3602 4880 499;

2024 4916 2206 4972 denuo
2234 4914 2339 4971 565
2365 4914 2462 4969 Nr.
2497 4914 2658 4969 1519..
2690 4931 2710 4965 ι
2753 4910 3006 4967 Graviter
3036 4908 3308 4971 dolemus,
3345 4904 3492 4976 quod
3517 4920 3605 4960 re-

2028 5010 2133 5065 bus
2166 5007 2513 5080 gravioribus
2550 5006 2716 5062 nimis
2754 5002 3004 5074 occupati
3051 5002 3154 5057 hos
3194 4999 3435 5064 codices,
3476 5011 3604 5052 cum

2026 5100 2233 5158 Romae
2259 5115 2530 5166 essemus,
2562 5097 2879 5156 examinare
2909 5109 3025 5151 nou
3044 5094 3338 5164 potuimus.

2100 5197 2212 5268 (I1)
2246 5195 2418 5267 Lugd.
2456 5194 2576 5249 Bal.
2611 5192 2769 5259 1616,
2804 5192 2881 5247 4⁸.
2910 5188 3184 5244 Meursius
3213 5193 3373 5241 notas
3398 5184 3606 5241 addidit

2025 5288 2293 5351 eruditas,
2324 5287 2592 5342 nonnulla
2611 5285 2780 5340 etiam
2815 5298 2846 5338 e
2877 5281 3067 5337 codice
3094 5278 3468 5333 Bibliothecae
3499 5274 3606 5329 Ite-

2030 5381 2152 5453 giae
2165 5378 2514 5439 Parisiensis,
2529 5392 2653 5430 cum
2685 5373 2932 5429 Lutetiae
2956 5376 3288 5431 versaretur,
3309 5366 3602 5437 supplevit.

2102 5473 2213 5544 (12)
2258 5471 2577 5527 Auctarium
2627 5467 2765 5522 Bibl.
2806 5464 2911 5519 PP.
2959 5463 3135 5518 Paris.
3164 5460 3326 5525 1634,
3378 5460 3496 5524 fol.,
3537 5459 3600 5512 'I‘.

2028 5563 2070 5617 II
2104 5579 2158 5633 p.
2193 5561 2386 5617 895-
2439 5560 2606 5625 1055;
2639 5556 2776 5611 Bibl.
2813 5554 2919 5609 PP.
2963 5553 3141 5608 Paris.
3190 5551 3329 5606 1654
3372 5550 3437 5604 Τ.
3486 5548 3605 5603 XIII

2031 5672 2080 5727 p.
2112 5649 2407 5710 895-1055.
2432 5650 2715 5706 Accedunt
2742 5647 2942 5702 Ducaei
2968 5653 3152 5700 notae.

2102 5746 2217 5816 (15)
2255 5745 2404 5801 Eccl.
2427 5744 2624 5800 Graec.
2650 5736 2799 5797 Mon.
2830 5739 2953 5794 Lut.
2984 5738 3161 5809 Paris.
3195 5735 3334 5794 1677
3365 5733 3426 5791 Τ.
3461 5732 3523 5789 III
3545 5750 3599 5805 ι).

2038 5841 2141 5898 117
2164 5840 2360 5899 -120
2388 5848 2442 5898 et
2466 5855 2518 5910 p.
2556 5837 2655 5896 158
2677 5865 2744 5879 --
2773 5834 2893 5891 170.
