4040 6564
508 337 574 391 15
1297 332 1401 390 SS.
1433 332 1896 390 MACARIORUM
1934 334 2254 393 AEGYPTII
2295 335 2384 392 ET
2423 331 2918 390 ALEXANDRINI.
3679 327 3745 385 Iﬁ

500 450 773 528 Oper-um
818 448 1068 512 Meursii
1125 467 1195 511 ex
1254 450 1622 512 recensione
1660 451 1919 512 Joannis
1960 453 2072 512 La-
2103 450 2587 514 Adedicatorias
2669 446 2988 527 epistolas,
3069 457 3230 523 quae
3259 440 3347 502 ibi
3423 435 3741 516 leguntur,

500 550 587 611 mi
621 549 726 630 (1).
751 551 951 610 Caveo
973 555 1128 610 teste
1150 549 1215 610 in
1236 549 1431 612 Isaaci
1459 549 1662 612 Vossii
1691 549 2069 612 bibliotheca

2171 553 2350 632 operi
2384 568 2499 613 suo
2531 549 2891 630 praeﬁxisse
2935 547 3036 607 vix
3083 539 3423 606 credideris
3458 557 3472 600 :
3504 538 3743 599 Vindo-

500 649 702 710 codex
719 649 1526 726 Lausiacaeinveniebatur,
1545 651 1654 730 qui
1677 650 1858 712 editis
1877 648 2069 729 duplo
2170 656 2486 718 bonenses
2521 669 2669 715 vero
2708 650 2979 721 codices,
3013 645 3222 726 priore
3266 641 3514 711 omissa,
3544 637 3748 699 statim

499 750 741 811 auctior
779 749 897 811 fuit
936 748 1042 828 (2).
1087 752 1174 810 Ex
1211 751 1502 812 omnibus
1538 767 1687 812 vero
1720 750 1876 824 istis,
1909 766 2072 830 quae

499 850 832 926 habentur,
863 851 1242 913 editionibus
1266 851 1435 913 nulla
1455 851 1538 912 ita
1567 859 1926 930 comparata
1953 857 2069 925 est,

499 959 564 1011 ut
590 950 847 1028 genuini
873 957 1079 1012 textus
1105 951 1382 1029 speciem
1412 966 1562 1029 prae
1591 967 1657 1011 se
1677 949 1854 1012 ferat.
1886 949 2074 1012 Vides

499 1049 711 1127 igitur,
752 1050 1177 1112 difﬁcultatem
1210 1052 1546 1112 maximam
1583 1050 1684 1113 hic
1732 1051 1915 1112 nobis
1954 1051 2071 1112 ob—

502 1152 674 1213 oriri.
715 1153 836 1214 Sed
875 1152 1208 1216 commode
1244 1154 1472 1228 evenit,
1500 1160 1567 1214 ut
1593 1153 1657 1214 in
1695 1150 2074 1214 bibliotheca

413 1279 416 1281 »
502 1253 794 1310 Caesarea
824 1250 1298 1312 Vindobonensi
1328 1252 1688 1329 genuinam,
1717 1251 1889 1331 quod
1920 1249 2076 1311 mihi

502 1347 759 1426 quidem
775 1349 1036 1424 videtur,
1051 1351 1385 1414 Historiam
1398 1353 1753 1413 Lausiacam
1765 1350 1968 1412 adhuc
1984 1349 2079 1410 in-

504 1447 817 1524 cognitam
841 1451 1181 1527 repererim
1195 1452 1257 1512 in
1273 1451 1519 1513 duobus
1537 1451 1879 1514 Codd.Mss.
1892 1500 1906 1524 ,
1923 1467 2078 1530 quo-

503 1565 644 1610 rum
659 1556 928 1627 utroque
940 1551 1179 1630 integra
1202 1553 1579 1624 continetur,
1595 1552 2076 1614 membranaceo

506 1657 568 1710 et
600 1657 956 1728 pervetusto
987 1670 1140 1726 uno,
1161 1652 1492 1716 chartaceo
1516 1653 1710 1715 altero
1730 1652 1838 1731 (3).
1862 1656 1946 1714 Ac
1977 1670 2080 1730 ge-

504 1750 757 1813 nuitatis
790 1750 889 1820 l5
921 1759 1130 1814 notam
1158 1751 1304 1813 huic
1338 1752 1576 1813 inedito
1603 1752 1801 1813 textui
1827 1751 2078 1812 vindico

2172 756 2251 818 ab
2277 755 2490 829 altera,
2521 770 2682 834 quae
2717 750 2940 829 incipit
2973 767 2985 808 :
3019 752 3326 821 Μακαρίζω
3363 769 3419 803 κ.
3453 766 3504 801 τ.
3540 751 3600 802 .1.
3637 738 3747 816 (7),

2174 857 2527 919 ordiuntur.
2552 857 2880 915 Praeterea
2902 849 3066 911 edita
3085 845 3395 910 Historiae
3417 841 3750 905 Lausiacae

2175 957 2555 1037 exemplaria
2611 953 2779 1017 haud
2832 952 3057 1029 exigua
3111 951 3487 1026 receperunt
3538 943 3751 1003 incre-

2175 1064 2384 1120 menta
2415 1074 2449 1118 e
2481 1073 2705 1135 graeco
2735 1061 2796 1117 et
2825 1053 3018 1115 latino
3056 1058 3230 1112 textu
3276 1048 3419 1109 libri
3446 1048 3572 1106 VV.
3604 1047 3748 1114 PP.,

2177 1161 2286 1240 qui
2322 1160 2387 1220 in
2425 1158 2798 1222 collectione
2835 1153 3142 1216 Rosweidi
3181 1151 3400 1213 ordine
3439 1146 3755 1210 secundus

2177 1268 2271 1322 est
2302 1261 2409 1340 (8).
2441 1265 2641 1339 Atque
2669 1262 2878 1338 ipsum
2907 1257 3076 1318 hunc
3107 1254 3358 1325 librum,
3391 1257 3461 1312 ut
3492 1266 3635 1310 mox
3666 1247 3758 1307 vi-

2176 1358 2492 1434 debimus,
2519 1359 2784 1421 Ruﬁnus
2807 1375 2840 1419 e
2864 1371 3089 1435 graeco
3123 1355 3189 1414 in
3219 1352 3479 1414 latinum
3505 1356 3608 1426 ιθ
3630 1364 3760 1409 ser-

2179 1475 2433 1522 monem
2481 1455 2817 1529 transtulit,
2863 1470 3052 1534 quam
3105 1451 3458 1512 versionem
3514 1448 3636 1508 iam
3690 1446 3754 1508 S.

2179 1561 2604 1638 Hieronymus
2645 1558 2809 1619 bene
2853 1553 3168 1632 cognovit.
3200 1553 3504 1611 Graecum
3547 1552 3758 1607 autem

2179 1660 2501 1739 exemplar
2539 1659 2607 1720 in
2652 1656 2948 1719 Lausiaca
2993 1649 3345 1722 scribenda,
3381 1656 3451 1709 ut
3495 1644 3758 1726 patebit,

2180 1763 2319 1841 ipse
2356 1759 2666 1821 Palladius
2708 1757 3014 1818 adhibuit.
3043 1756 3133 1815 Ex
3162 1750 3391 1832 quibus
3423 1746 3759 1825 colligitur,

506 1862 648 1908 cum
684 1859 944 1930 ΡΓοΡῖθΓ
971 1868 1199 1912 nexum
1229 1867 1461 1924 rerum.
1492 1869 1526 1912 ἃ
1559 1869 1683 1930 (Ιυᾶ
1719 1857 1894 1929 Parte
1925 1849 2082 1910 nihil
2113 1845 2154 1864 υ
2185 1880 2256 1924 ea
2279 1877 2442 1942 quae
2463 1861 2529 1922 in
2551 1859 2733 1921 editis
2755 1857 3065 1919 Historiae
3092 1852 3422 1915 Lausiacae
3441 1845 3765 1925 exempla-

504 1944 912 2024 desideratur,
927 1957 1058 2010 tum
1077 1957 1337 2029 propter
1359 1949 1822 2030 simplicitatem
1848 1950 2081 2012 dictio-

507 2047 604 2108 nis
634 2056 695 2111 et
727 2051 1111 2129 praeclaram
1159 2051 1351 2112 totius
1384 2050 1530 2112 libri
1577 2052 2079 2132 dispositionem.

507 2148 677 2210 Edita
717 2151 1096 2232 exemplaria
1135 2153 1445 2214 Historiae
1486 2154 1818 2214 Lausiacae
1854 2153 1906 2214 si
1942 2169 2085 2214 cum

507 2255 680 2312 textu
702 2251 925 2315 horum
947 2254 1235 2317 codicum
1254 2254 1526 2328 confers,
1541 2255 1696 2317 mire
1715 2254 2086 2334 interpolata

509 2357 571 2412 et
633 2352 1009 2431 babylonica
1070 2355 1338 2435 quadam
1413 2354 1789 2417 confusione
1865 2354 2089 2417 affecta

506 2463 837 2534 apparent,
865 2457 948 2519 ita
981 2464 1072 2532 ut,
1103 2476 1266 2537 quae
1294 2458 1361 2520 in
1391 2458 1600 2520 medio
1633 2457 1791 2519 libro
1822 2457 2089 2535 legenda

508 2563 674 2630 sunt,
711 2556 994 2635 legantur
1021 2560 1086 2621 in
1115 2560 1261 2633 ﬁne,
1297 2565 1381 2634 et,
1415 2577 1577 2640 quae
1605 2559 1684 2621 ad
1720 2559 1907 2621 ﬁnem
1938 2577 2088 2639 per-

507 2656 739 2732 tinent,
789 2659 1065 2721 medium
1117 2659 1327 2722 locum
1388 2667 1702 2740 occupent
1733 2659 1838 2741 (4).
1890 2661 2090 2733 Quare

510 2757 782 2835 primum
814 2759 1089 2836 genuino
1133 2759 1440 2821 Historiae
1486 2759 1818 2822 Lausiacae
1851 2760 1930 2822 de
1959 2763 2090 2822 Ma-

509 2860 692 2921 cariis
746 2867 942 2935 textu,
996 2879 1187 2941 quem
1244 2879 1322 2923 ex
1378 2861 1701 2924 codicibus
1762 2862 2089 2941 descripsi,

508 2960 669 3024 infra
709 2969 989 3036 utemur;
1023 2963 1252 3026 deinde
1293 2964 1456 3025 edita
1498 2963 1880 3044 exemplaria
1913 2981 2089 3027 com-

2184 1961 2355 2023 ribus
2380 1964 2626 2040 praeter
2644 1958 2821 2032 illud,
2837 1955 3009 2035 quod
3038 1954 3239 2017 codex
3260 1946 3769 2011 Vindobonensis

2183 2060 2632 2141 suppeditabit,
2664 2058 3079 2138 reperiantur,
3128 2070 3164 2116 e
3225 2051 3402 2114 fonte
3450 2048 3597 2110 satis
3645 2063 3766 2107 an-

2183 2163 2363 2242 tiquo
2392 2160 2673 2234 ﬂuxisse,
2703 2166 2893 2237 atque
2927 2157 3115 2220 etiam
3155 2155 3488 2216 observatu
3525 2146 3768 2224 dignis-

2185 2265 2342 2326 sima
2392 2278 2552 2323 esse.
2596 2261 2684 2322 De
2738 2258 3036 2336 singulari
3080 2272 3229 2317 vero
3279 2247 3768 2320 necessitudine,

2187 2381 2350 2444 quae
2381 2364 2549 2425 inter
2583 2362 2772 2423 istum
2812 2359 3157 2422 Heraclidis
3187 2353 3567 2437 paradisum,
3598 2349 3771 2409 hunc

2187 2465 2418 2526 librum
2488 2464 2836 2527 secundum
2890 2468 2952 2523 et
3001 2459 3339 2523 Historiam
3407 2453 3772 2516 Lausiacam

2189 2567 2447 2630 Palladii
2475 2565 2868 2628 intercedere
2895 2563 3160 2634 videtur,
3191 2558 3593 2620 disseremus.

2273 2673 2300 2744 ς
2353 2667 2411 2729 6.
2467 2666 2772 2748 Expedita
2825 2664 2942 2726 hac
2993 2661 3350 2724 difﬁcultate
3407 2657 3485 2719 ad
3545 2669 3774 2716 novam

2191 2766 2360 2830 haud
2409 2767 2621 2828 minus
2664 2762 3132 2826 incommodam
3176 2757 3555 2829 accedimus,
3584 2767 3775 2833 quam

2191 2871 2374 2932 affert
2400 2869 2687 2930 Ruﬁnus.
2717 2869 2776 2928 Is
2805 2867 2919 2928 sub
2955 2862 3228 2925 Valentis
3254 2857 3546 2938 imperio,
3577 2869 3778 2934 quum

2193 2973 2254 3032 S.
2306 2969 2636 3032 Athanasio
2673 2975 2923 3030 mortuo
2966 2965 3193 3027 Lucius
3243 2961 3369 3022 Arii
3409 2963 3681 3021 sectator
3711 2955 3779 3016 in

511 3063 890 3142 parabimus.
948 3065 1296 3126 Varietates
1333 3064 1476 3126 illae
1516 3064 1582 3124 in
1631 3065 2094 3143 exemplaribus
2195 3071 2631 3150 episcopatum
2678 3067 3085 3130 Alexandriae
3132 3083 3247 3145 per
3305 3063 3668 3133 fenestram,
3713 3063 3783 3119 ut

509 3164 658 3226 inde
688 3172 866 3227 natae
894 3183 1030 3227 esse
1059 3166 1370 3238 videntur,
1396 3166 1568 3245 quod
1597 3183 1673 3226 ex
1705 3166 1842 3227 aliis
1867 3166 1946 3228 de
1974 3167 2096 3229 vita
2121 3151 2165 3211 ο
2199 3169 2438 3243 dicunt,
2468 3186 2536 3230 se
2565 3167 2940 3240 intrusisset,
2967 3183 3090 3227 una
3123 3182 3266 3226 cum
3296 3162 3550 3224 senibus
3577 3159 3643 3220 in
3675 3157 3776 3219 deo

512 3273 762 3346 patrum
786 3267 981 3328 eremi
1008 3267 1254 3347 scriptis
1278 3267 1467 3329 modo
1498 3266 1700 3347 plura,
1724 3269 1916 3330 modo
1945 3286 2098 3348 pau-

515 3367 685 3429 ciora
713 3368 776 3428 in
808 3368 1138 3430 Historiam
1171 3369 1530 3430 Lausiacam
1557 3367 1877 3443 translata,
1906 3377 2094 3448 atque

514 3469 788 3548 antiquis
833 3469 957 3530 iam
1002 3470 1392 3549 temporibus
1435 3487 1579 3531 cum
1633 3486 1705 3531 ea
1759 3470 2096 3532 commixta

516 3571 662 3634 sint.
691 3571 737 3632 E
759 3589 886 3651 quo
909 3589 1173 3634 numero
1195 3572 1534 3652 praecipue
1555 3571 1728 3634 illum
1751 3574 2098 3637 Heraclidis

515 3674 875 3756 paradisum
894 3674 1088 3736 fuisse
1110 3673 1419 3750 existimo,
1436 3675 1543 3754 qui
1569 3675 1892 3738 dedicatus
1906 3675 2099 3739 fuisse

517 3775 763 3838 videtur
795 3776 876 3854 (5)
914 3776 1121 3839 eidem
1156 3780 1359 3839 Lauso
1397 3779 1782 3857 praeposito,
1812 3780 1915 3840 cui
1955 3779 2098 3841 Pal-

516 3876 721 3940 ladius
749 3879 1085 3941 Historiam
1125 3880 1483 3943 Lausiacam
1516 3881 1854 3960 inscripsit.
1889 3881 1987 3944 Sic
2023 3898 2102 3944 ex

516 3981 861 4060 prooemiis
916 3981 1163 4044 duobus
1209 3982 1520 4045 Historiae
1549 3984 1905 4057 Lausiacae,
1939 4002 2102 4064 quae

517 4082 870 4144 Meurs'iana
900 4082 1093 4144 editio
1122 4083 1326 4157 affert,
1356 4084 1554 4163 prius,
1587 4085 1760 4163 quod
1791 4103 1826 4146 a
1853 4085 2058 4147 verbis
2085 4103 2098 4146 :

533 4192 636 4244 Ἐν
658 4192 845 4260 ταύτῃ
875 4190 949 4259 τῇ
965 4192 1171 4259 βίὸλῳ
1190 4210 1247 4247 κ.
1270 4211 1325 4247 τ.
1347 4198 1408 4248 λ.
1431 4186 1652 4266 incipit
1675 4185 1781 4265 (6),
1806 4187 2102 4265 equidem

521 4282 834 4345 Heraclidi
880 4282 1230 4344 tribuerim.
1278 4285 1432 4345 Nam
1494 4284 1837 4347 Palladium
1886 4287 2102 4348 ambas

595 4554 671 4627 (1)
708 4554 795 4612 Jo.
852 4555 1074 4612 Meursii
1113 4555 1252 4627 Opp.
1297 4571 1365 4610 ex
1413 4571 1524 4611 rec.
1562 4554 1649 4610 J0.
1691 4555 1844 4610 Lami
1885 4556 1949 4610 T.
1987 4553 2105 4610 Vlll

519 4647 832 4705 Florentiae
867 4651 1027 4717 1746,
1056 4650 1174 4709 fol..
1207 4665 1260 4720 p.
1300 4651 1498 4705 551-
1519 4649 1644 4705 670.

595 4741 671 4808 (2)
713 4739 876 4794 Guill.
903 4741 1068 4803 Cave,
1101 4739 1327 4811 Seriptt.
1362 4741 1561 4796 eccles.
1587 4739 1725 4796 Ηίει.
1745 4740 1851 4796 litt.
1884 4740 1953 4796 de
1975 4739 2108 4794 Ραι-

521 4833 667 4886 ladio
694 4833 783 4888 ed.
832 4833 958 4889 Bas.
1002 4834 1136 4887 1741
1169 4832 1234 4888 Τ.
1272 4833 1371 4904 lp.
1407 4833 1534 4889 576.
1583 4833 1853 4889 Meursius
1890 4849 2108 4903 quoque

521 4927 749 4981 Palladii
778 4927 1051 4998 quandam
1089 4928 1341 5000 διήγησιν
1369 4927 1629 4999 περὶτῶν
1667 4929 1789 4980 κατ’
1832 4926 2108 4996 Αἴγυπτον

520 5017 941 5088 διαλαμψάντων
983 5019 1238 5087 πατέρων
1287 5018 1518 5073 invenit.
1567 5017 1744 5086 Atque
1787 5015 2104 5072 Meursius:

532 5129 549 5160 ι
582 5109 633 5162 id
667 5125 891 5180 quoque
923 5125 1063 5181 opus
1093 5131 1139 5171 ι,
1183 5109 1381 5180 inquit,
1436 5127 1456 5160 ‹
1488 5110 1534 5163 si
1574 5110 1787 5178 placere
1831 5109 1972 5162 hanc
2008 5107 2108 5162 Hi-

526 5200 728 5255 storiae
754 5199 1056 5256 Lausiacae
1091 5199 1387 5254 editionem
1422 5198 1760 5263 intellexero,
1797 5196 2108 5251 communi-

526 5291 682 5344 cabo.
717 5309 735 5342 ι
785 5289 889 5345 Sed
948 5305 1230 5360 nunquam
1270 5289 1375 5343 hoc
1419 5288 1715 5358 praestitit.
1757 5301 1935 5356 neque
1973 5286 2110 5340 satis

527 5393 680 5434 certo
715 5384 943 5443 scimus,
975 5381 1104 5450 quid
1135 5381 1228 5434 illo
1249 5379 1454 5434 inedito
1482 5379 1623 5431 libro
1652 5378 2110 5445 comprehensum

529 5472 720 5527 sit.Cl‘.
741 5472 878 5543 Opp.
915 5473 1135 5529 Meursii
1155 5473 1339 5528 T.Vll|
1369 5489 1420 5542 p.
1449 5471 1574 5527 332.
1608 5470 1732 5526 668.
1756 5469 1921 5542 [infra
1950 5469 2112 5524 initio

529 5574 755 5620 nostrae
788 5565 1046 5622 editionis
1081 5566 1354 5622 Historiae
1381 5562 1729 5634 Lausiacae].

606 5657 684 5725 (3)
721 5657 873 5712 Alter
934 5669 1019 5714 est
1061 5657 1194 5713 Cod.
1233 5675 1336 5712 ms.
1389 5659 1519 5712 hist.
1557 5671 1741 5728 graec.
1781 5654 1920 5710 Bibl.
1949 5653 2109 5710 Caes.

534 5750 766 5806 Vindob.
809 5750 904 5806 Nr.
950 5753 1039 5817 84,
1073 5752 1202 5806 olim
1248 5750 1339 5810 29.
1373 5753 1705 5811 membran._.
1739 5757 2110 5821 pervetustus,

527 5846 766 5916 optimae
795 5853 977 5914 notae,
1001 5845 1078 5911 4°,
1109 5855 1161 5902 et
1187 5854 1404 5901 constat
1433 5843 1579 5901 foliis
1609 5843 1728 5900 125.
1765 5845 1916 5900 Alter
1953 5843 2114 5898 char-

2199 3276 2368 3332 serto
2415 3269 2679 3342 vivebat,
2729 3268 3022 3346 dirasque
3077 3265 3250 3327 Lucii
3309 3261 3785 3343 persecutiones

2201 3371 2566 3434 sustinebat.
2603 3371 2756 3431 Nam
2788 3368 2938 3429 istas
2971 3368 3184 3429 turbas
3211 3364 3572 3427 describens
3601 3361 3740 3439 ipse
3768 3376 3783 3420 :

2205 3496 2234 3527 ‹‹
2270 3473 2388 3532 Per
2419 3471 2612 3544 idem,
2646 3493 2674 3525 »
2703 3467 2931 3547 inquit,
2969 3490 2996 3522 ‹‹
3029 3474 3279 3545 tempus
3313 3471 3519 3544 patres
3561 3477 3784 3522 mona-

2203 3571 2468 3635 chorum
2499 3571 2658 3632 vitae
2694 3576 2756 3632 et
2791 3569 3178 3648 antiquitatis
3211 3566 3434 3628 merito
3481 3561 3789 3625 Macarius

2206 3680 2267 3733 et
2289 3671 2562 3732 Isidorus
2580 3669 2864 3748 aliusque
2885 3668 3186 3730 Macarius
3207 3673 3395 3744 atque
3425 3659 3788 3724 Heraclides

2207 3780 2268 3835 et
2300 3772 2591 3846 Pambus,
2623 3771 2874 3831 Antonii
2921 3766 3235 3847 discipuli,
3275 3782 3389 3845 per
3432 3767 3786 3841 Aegyptum

2207 3881 2270 3936 et
2300 3874 2570 3935 maxime
2613 3872 2680 3933 in
2725 3870 2954 3932 Nitriae
2994 3868 3224 3930 deserti
3264 3865 3545 3946 partibus
3587 3862 3787 3924 habe-

2207 3978 2435 4039 bantur
2474 3974 2610 4047 viri,
2653 3971 2762 4052 qui
2811 3970 3198 4034 consortium
3237 3968 3396 4028 vitae
3437 3973 3498 4027 et
3536 3971 3790 4026 actuum

2203 4099 2334 4145 non
2357 4099 2500 4144 cum
2526 4079 2752 4142 ceteris
2776 4075 3166 4146 mortalibus,
3191 4072 3301 4134 sed
3327 4088 3471 4133 cum
3499 4067 3791 4148 supernis

2203 4183 2442 4262 angelis
2494 4181 2728 4244 habere
2782 4177 3233 4246 credebantur;
3285 4191 3439 4251 quae
3491 4187 3792 4249 praesens

2208 4285 2343 4345 vidi
2393 4283 2636 4363 loquor,
2668 4290 2725 4342 et
2779 4296 2991 4340 eorum
3037 4283 3213 4354 gesta
3263 4273 3496 4352 refero,
3528 4285 3791 4351 quorum

2205 4560 2399 4607 tacens
2427 4556 2512 4605 est
2544 4547 2683 4604 Cod.
2715 4562 2823 4603 ms.
2859 4546 2991 4602 hist.
3023 4561 3207 4616 graec.
3233 4543 3299 4599 N.
3329 4543 3383 4606 9,
3411 4543 3540 4597 olim
3570 4541 3661 4607 42,
3693 4555 3793 4595 an-

2207 4644 2415 4712 tiquus,
2459 4642 2554 4694 l'ol.
2590 4630 2817 4703 maiore,
2859 4655 2968 4709 quo
3020 4638 3283 4694 Lausiaca
3328 4638 3646 4691 continetur
3694 4635 3790 4687 fol.

2206 4735 2312 4790 165
2333 4734 2552 4790 -250.
2584 4733 2670 4787 Cl'.
2703 4732 3034 4788 Commeult.
3069 4731 3345 4786 Lamliecii
3382 4729 3611 4783 Vindob.
3657 4727 3795 4782 1782

2205 4828 2272 4883 Τ.
2319 4827 2438 4882 ἮΙΙ
2479 4843 2538 4899 ρ.
2575 4825 2702 4881 665.
2747 4825 2888 4890 840;
2937 4823 3006 4879 de
3053 4822 3246 4878 Nessel
3287 4823 3460 4878 Catal.
3513 4819 3570 4875 P.
3616 4819 3682 4876 ν.
3737 4837 3792 4892 p.

2209 4922 2332 4976 145.
2360 4921 2450 4975 51.

2279 5015 2356 5085 (Α)
2397 5011 2817 5082 Ordinem,quo
2847 5025 2939 5064 res
2985 5008 3041 5063 in
3085 5014 3238 5062 textu
3284 5006 3536 5060 codicum
3586 5003 3795 5058 Vindoo

2209 5105 2532 5161 bonensium
2575 5115 2887 5164 narrantur,
2921 5101 3054 5170 legis
3093 5101 3146 5154 in
3188 5099 3430 5153 Palladii
3463 5096 3798 5164 Helenopoli-

2213 5199 2324 5251 tani
2350 5196 2577 5264 episcopi
2610 5194 2858 5248 Historia
2883 5191 3151 5246 Lausiaca
3183 5191 3252 5244 ad
3290 5191 3485 5244 codicis
3527 5187 3798 5241 Vindobo-

2211 5291 2386 5344 nensis
2433 5287 2591 5356 ﬁdem
2637 5287 2858 5340 breviter
2899 5285 3196 5348 delineata,
3237 5283 3377 5337 infra
3407 5281 3534 5336 huic
3572 5287 3798 5336 nostrae

2210 5380 2437 5436 editioni
2479 5378 2753 5433 Historiae
2792 5375 3092 5431 Lausiacae
3123 5375 3456 5446 praeposita.

2283 5473 2360 5542 (5)
2403 5471 2476 5525 De
2507 5471 2611 5525 hac
2643 5485 2702 5524 re
2731 5469 2874 5523 infra
2907 5468 3239 5522 videbimus.

2284 5565 2360 5634 (6)
2403 5562 2541 5633 Opp.
2580 5563 2783 5618 Meurs.
2818 5562 2857 5616 l.
2890 5561 2925 5614 l.
2961 5576 3013 5630 p.
3049 5561 3176 5614 555.

2289 5656 2366 5724 (7)
2407 5656 2543 5710 Ibid.
2583 5671 2637 5724 p.
2667 5655 2791 5710 357.

2287 5751 2364 5820 (3)
2407 5748 2518 5803 VV.
2554 5747 2657 5804 PP.
2693 5748 2874 5803 Rosw.
2910 5763 2963 5818 p.
2997 5742 3265 5801 “8-485.
