4040 6554
306 342 378 401 Π
1817 344 1892 402 VI'

1992 347 2050 401 E.
3477 351 3547 408 18

290 461 359 520 in
408 457 810 539 passionibus
861 458 1063 520 socius
1117 476 1243 519 esse
1296 461 1619 538 promerui
1669 459 1777 543 (1).
1832 484 1862 518 n
1893 462 2296 525 Amultitudo
2320 460 2628 525 referebat
2653 461 2808 544 (5).»
2834 465 2962 536 Qua
2982 464 3047 524 in
3069 463 3333 543 epistola
3354 483 3548 546 quum

289 559 556 621 Ruﬁnus
583 560 646 619 S.
678 557 1011 621 Athanasio
1054 560 1390 639 superstite
1416 560 1484 621 in
1512 564 1865 640 Aegyptum

289 659 536 721 venisse
571 660 846 735 videtur;
876 660 1108 721 etenim
1144 661 1496 738 Melaniam,
1522 662 1700 724 cuius
1733 664 1865 724 Ru-

291 761 455 823 ﬁnus
508 760 576 821 in
634 760 859 824 itinere
915 778 1129 823 comes
1182 762 1322 837 fuit,
1380 764 1441 824 S.
1500 762 1869 825 Athanasius

293 861 486 923 ovina
516 861 702 941 pelle,
729 878 916 941 quam
942 862 1079 941 ipse
1099 880 1135 924 a
1161 862 1428 925 Macario
1446 863 1669 925 abbate
1698 862 1868 925 dono

296 968 650 1042 acceperat,
697 961 947 1024 donavit
995 961 1098 1043 (2).
1152 966 1355 1043 Atque
1420 964 1520 1034 17
1582 962 1867 1038 Melania,

296 1071 633 1144 postquam
657 1081 758 1125 res
783 1080 927 1126 suas
948 1063 1358 1127 Alexandriae
1376 1065 1675 1135 vendidit,
1696 1081 1874 1126 mon-

296 1171 427 1225 tem
483 1163 715 1226 Nitriae
765 1164 1047 1242 ingressa
1102 1181 1247 1226 cum
1300 1164 1533 1226 sanctis
1593 1164 1874 1244 patribus

300 1263 626 1326 dimidium
646 1263 777 1326 fere
799 1282 1032 1327 annum
1052 1264 1430 1327 versabatur.
1453 1268 1619 1339 Quos
1645 1265 1875 1328 deinde

301 1380 337 1424 a
372 1363 692 1443 praefecto
731 1362 1139 1425 Alexandriae
1194 1363 1505 1442 relegatos
1545 1365 1613 1426 in
1654 1363 1872 1426 Palae-

300 1464 502 1525 stinae
568 1463 891 1542 regionem
957 1463 1122 1526 circa
1167 1463 1641 1527 Diocaesaream
1693 1464 1877 1527 sitam

301 1572 516 1626 secuta
566 1572 691 1644 ,est,
746 1564 1003 1643 suisque
1063 1571 1126 1626 et
1183 1565 1413 1645 Opibus
1470 1573 1533 1629 et
1590 1566 1879 1629 manibus

302 1664 525 1727 sedulo
576 1664 810 1727 adiuvit
857 1663 961 1745 (3).
1012 1665 1312 1727 Ruﬁnum
1355 1683 1506 1730 vero
1552 1685 1680 1730 una
1734 1684 1879 1730 cum

302 1765 569 1829 Melania
608 1767 675 1828 in
727 1767 1133 1831 Palaestinam
1171 1767 1497 1831 advenisse
1546 1769 1609 1830 S.
1652 1768 1880 1831 Hiero-

302 1874 533 1947 nymus
568 1868 906 1944 audiverat,
936 1870 1046 1950 qui
1083 1868 1398 1932 Florentio
1442 1868 1657 1931 scribit
1687 1886 1700 1929 :
1736 1890 1765 1925 ‹‹
1803 1870 1878 1930 Et

304 1969 455 2047 quia
483 1968 676 2031 frater
700 1969 986 2043 Ruﬁnus,
1018 1970 1129 2050 qui
1173 1988 1317 2033 cum
1365 1976 1578 2033 sancta
1618 1968 1883 2031 Melania

302 2070 385 2131 ab
432 2074 716 2149 Aegypto
770 2070 1271 2157 Hierosolymam
1312 2071 1559 2132 venisse
1601 2076 1886 2132 narratur

310 2216 325 2231 .
366 2218 381 2231 .
418 2218 431 2231 .
467 2168 575 2251 (4).
599 2193 627 2229 »
649 2169 993 2250 Epistolam
1013 2168 1221 2231 eidem
1240 2169 1470 2236 Ruﬁno
1502 2167 1886 2231 reddendam

307 2271 375 2332 S.
403 2270 828 2351 Hieronymus
854 2269 1049 2332 literis
1069 2269 1147 2331 ad
1162 2269 1547 2333 Florentium
1572 2269 1883 2343 iunxerat,

310 2370 383 2432 in
418 2388 539 2451 qua
581 2370 843 2450 legimus
873 2389 887 2432 :
923 2394 951 2427 ‹‹
984 2370 1186 2433 Audio
1229 2377 1291 2433 te
1338 2369 1605 2451 Aegypti
1650 2374 1889 2432 secreta

312 2477 666 2551 penetrare,
710 2470 1168 2534 monachorum
1223 2469 1494 2532 invisere
1544 2469 1796 2543 choros,
1828 2474 1890 2531 et

309 2573 645 2636 caelestem
671 2574 739 2636 in
766 2582 930 2637 terra
951 2571 1280 2637 circumire
1298 2570 1625 2646 familiam;
1654 2594 1683 2627 υ
1714 2577 1886 2632 tum:

312 2698 341 2730 α
377 2674 675 2736 Ruﬁnum
723 2674 891 2736 enim
930 2674 1162 2736 Nitriae
1211 2688 1349 2735 esse
1374 2720 1389 2747 ,
1418 2677 1483 2734 et
1520 2672 1599 2734 ad
1638 2672 1891 2733 beatum

308 2774 668 2854 perrexisse
708 2773 1069 2850 Macarium,
1120 2774 1342 2837 crebra
1403 2772 1893 2836 commeantium

391 2984 469 3055 (1)
506 2981 647 3040 Hist.
675 2983 820 3039 Eccl.
858 2983 955 3038 lib.
985 2980 1031 3036 ll
1056 2997 1176 3053 cap.
1208 2984 1244 3037 4
1274 2983 1464 3037 Auctt.
1504 2980 1650 3036 Hist.
1681 2979 1892 3035 Eccles.

314 3075 494 3133 Basil.
516 3077 649 3132 1544
688 3093 742 3148 p.
762 3076 890 3143 249.,
922 3075 1108 3131 Ruﬁni
1136 3074 1277 3147 Opp.
1297 3076 1386 3131 ed.
1419 3072 1652 3129 Vallarsi
1682 3089 1737 3141 p.
1767 3071 1893 3136 271,

314 3169 500 3242 Migne
526 3169 729 3225 Patrol.
757 3168 821 3223 Τ.
846 3168 970 3223 XXI
1003 3185 1057 3241 p.
1092 3169 1218 3223 511.

388 3263 467 3333 (Ξ)
508 3260 713 3319 Textus
771 3259 995 3317 Meursii
1042 3275 1112 3317 eo
1165 3261 1307 3325 loco,
1341 3272 1451 3330 quo
1492 3258 1561 3316 de
1606 3259 1711 3314 hac
1753 3258 1892 3328 pelle

314 3364 595 3419 narratur,
635 3362 931 3425 corruptus
976 3362 1077 3409 est.
1122 3351 1346 3424 Legitur
1392 3351 1537 3407 enim
1573 3370 1587 3407 :
1627 3370 1646 3403 ‹
1685 3349 1893 3407 Κώδιον

317 3445 592 3521 προϐάτου
640 3446 874 3518 μεγάλου
912 3446 1140 3516 ἤνεγκεν
1171 3443 1243 3517 [ἡ
1267 3442 1465 3515 ὓαινα]
1505 3442 1583 3514 τῷ
1616 3442 1757 3515 ἁγίῳ
1801 3443 1895 3496 καὶ

318 3539 573 3612 μακαρίῳ
601 3538 893 3608 Μακαρίῳ,
913 3537 1051 3608 ὅπερ
1092 3536 1285 3589 κώδιον
1313 3529 1469 3599 οὗτος
1490 3537 1518 3589 ὁ
1537 3535 1629 3588 τοῦ
1655 3534 1893 3607 Χριστοῦ

312 3628 503 3693 δοῦλος
530 3627 917 3682 καταλέλοιπεν
947 3627 1023 3698 τῷ
1057 3626 1197 3697 ἁγίῳ
1232 3626 1327 3679 καὶ
1372 3625 1627 3699 μακαρίῳ
1671 3625 1897 3680 Ἀθανα-

315 3723 424 3794 σίῳ
469 3721 548 3792 τῷ
600 3720 843 3793 μεγάλῳ,
883 3720 958 3783 ώς
992 3719 1050 3772 δὲ
1085 3719 1255 3791 xui-Li)
1301 3718 1549 3791 μακαρία
1593 3718 1755 3790 δούλη
1798 3717 1895 3771 τοῦ

316 3813 557 3886 Χριστοῦ
586 3812 805 3883 Μελάνη
833 3828 924 3882 μοι
951 3806 1125 3874 εἶπεν,
1143 3810 1227 3863 ὅτι
1262 3809 1423 3876 παρὰ
1451 3808 1562 3864 τοῦ
1591 3810 1765 3881 ἁγίου
1796 3809 1895 3864 καὶ

318 3906 659 3975 θαυμασίου
687 3903 906 3972 ἀνδρὸς
922 3900 1230 3971 Μακαριου
1261 3900 1371 3970 ἐγὼ
1399 3900 1591 3955 ἔλαϐον
1617 3902 1679 3955 τὸ
1705 3901 1898 3955 κώδιον

319 4000 499 4053 ἐκεῖνο
546 4013 601 4051 κ.
646 4013 698 4051 τ.
750 3995 803 4051 λ.
848 3993 1012 4067 (Hist.
1062 3993 1231 4049 Laus.
1277 3992 1370 4049 ed.
1414 3993 1615 4051 Meurs.
1660 4008 1782 4065 cap.
1826 3994 1892 4049 21

320 4105 378 4161 p.
415 4087 566 4157 410.)
603 4085 706 4143 Ubi
753 4087 873 4143 sine
915 4086 1084 4141 dubio
1127 4086 1412 4157 legendum
1461 4094 1586 4142 est:
1619 4085 1773 4158 παρὰ
1803 4088 1898 4143 τοῦ

322 4183 481 4253 ἁγίου
512 4182 608 4237 καὶ
643 4180 946 4253 Θαυμασίου
976 4180 1169 4252 ἀνδρὸς
1197 4180 1495 4250 μακαρίου
1539 4181 1900 4236 Ἀθανασιου

322 4296 383 4332 κ.
405 4295 456 4331 τ.
488 4278 545 4330 λ.
565 4275 799 4332 Codices
821 4273 1279 4330 Vindobonenses
1307 4272 1578 4330 Historiae
1599 4273 1901 4329 Lausiacae

324 4377 479 4424 recte
530 4367 781 4423 scribunt
811 4383 826 4421 :
856 4367 993 4437 ὅπερ
1046 4363 1241 4419 κώδιον
1292 4365 1456 4429 αὐτὸς
1514 4363 1775 4418 κατέλιπε
1821 4363 1900 4436 τῷ

327 4463 470 4532 ἁγίῳ
529 4460 833 4531 Ἀθανασίῳ
873 4458 952 4531 τῷ
997 4457 1305 4529 ὲπισκόπῳ.
1332 4458 1442 4512 Καὶ
1485 4459 1519 4528 ἡ
1569 4457 1813 4528 μακαρία
1844 4457 1901 4512 δὲ

326 4550 551 4620 Μελάνη
587 4544 709 4602 είπέ
746 4566 837 4619 μοι
856 4563 874 4580 ⁶
896 4550 978 4601 ὅτι
1007 4546 1162 4619 παρὰ
1190 4547 1298 4601 τοῦ
1328 4548 1499 4617 ἁγίου
1540 4548 1902 4605 Ἀθανασίου

329 4646 508 4698 ἐκεῖνο
527 4643 589 4696 τὸ
617 4642 807 4697 κώδιον
827 4640 1040 4706 ἔλαϐον,
1073 4640 1247 4708 ξένιον
1266 4640 1363 4711 τῆς
1384 4640 1575 4711 ὑαίνης
1593 4641 1903 4712 λεγόμενον.

327 4739 508 4793 Aliter
538 4737 766 4791 omnino
791 4735 858 4791 de
892 4735 1054 4805 pellis
1092 4734 1392 4790 donatione
1419 4734 1592 4790 refert
1633 4734 1909 4807 fragmen-

328 4840 470 4897 tum,
502 4830 651 4900 quod
693 4838 871 4885 exstat
898 4831 954 4884 in
988 4828 1182 4885 codice
1209 4844 1316 4884 ms.
1352 4828 1519 4883 tlteol.
1552 4843 1735 4899 graec.
1765 4828 1907 4883 Bibl.

330 4923 492 4979 Caes.
519 4921 756 4978 Vindob.
776 4920 908 4977 Nro.
930 4922 1058 4987 274,
1080 4922 1210 4977 olim
1232 4920 1362 4984 238,
1386 4921 1567 4977 cbart.
1586 4920 1680 4976 fol.
1696 4922 1825 4986 247,
1848 4923 1905 4985 2.

332 5014 389 5069 in
432 5014 631 5068 barum
669 5014 1056 5084 quaestionum
1102 5012 1419 5084 Appendice
1475 5014 1659 5084 priore
1698 5016 1801 5070 sub
1846 5013 1911 5068 IV

333 5108 479 5177 typis
517 5121 803 5165 excussum.
833 5106 922 5161 ubi
972 5105 1207 5176 legimus
1234 5124 1248 5160 :
1284 5104 1513 5171 Κώδιον,
1537 5107 1674 5179 ὅπερ
1701 5108 1729 5160 ὁ
1757 5107 1912 5176 ἅγιος

330 5203 563 5274 Μάρκος
597 5199 955 5253 καταλέλοιπε
980 5197 1060 5269 τῷ
1093 5198 1232 5271 ἁγίῳ
1261 5199 1533 5271 Μακαρίῳ
1560 5197 1638 5269 τῷ
1671 5200 1910 5272 μεγάλῳ,

332 5295 425 5349 καὶ
454 5287 616 5357 οὗτος
641 5295 706 5364 τῇ
735 5290 979 5363 μακαρίᾳ
1003 5291 1219 5363 Μελάνῃ
1260 5292 1471 5363 ἀφῆκεν
1511 5291 1574 5345 τὸ
1608 5291 1781 5359 ξένιον
1814 5292 1914 5362 τῆς

332 5387 527 5458 ὑαίνης
569 5386 978 5457 ἐπιλεγόμενον.
1023 5384 1128 5439 Sed
1164 5385 1267 5440 huc
1306 5383 1670 5455 fragmentum
1708 5386 1913 5441 recenti

333 5496 503 5533 manu
544 5479 878 5549 negligenter
919 5476 1186 5547 scriptum
1226 5491 1337 5530 non
1379 5484 1560 5546 potest
1601 5478 1915 5533 auctoritati

335 5573 589 5627 codicum
611 5572 824 5624 illorum
850 5568 1129 5625 Historiae
1154 5566 1454 5623 Lausiacae
1475 5569 1702 5639 opponi.
1728 5568 1916 5638 Neque

336 5680 466 5719 vero
497 5662 739 5724 Marcus.
769 5662 865 5717 sed
904 5660 1179 5716 Macarius
1205 5659 1631 5725 Alexandrinus,
1660 5661 1854 5731 pellem
1885 5677 1917 5717 a

260 5774 269 5782 ο
342 5758 539 5811 leaena
551 5754 788 5825 accepit,
808 5769 970 5825 quam
992 5751 1294 5808 Athanasio
1317 5751 1557 5823 reliquit.
1572 5752 1911 5811 RuﬁnJiist.

341 5848 490 5905 Eccl.
519 5848 618 5906 lib.
648 5848 692 5903 ll
725 5862 849 5918 cap.
875 5846 908 5902 ι
944 5847 982 5904 l.
1012 5847 1049 5902 l.
1084 5845 1157 5902 De
1192 5845 1595 5915 permutatione
1633 5846 1918 5905 nominum

1965 582 2150 628 senes
2182 564 2447 645 Aegypti
2480 587 2507 619 α
2539 564 2936 627 confessores
2982 570 3044 626 et
3081 563 3400 628 voluntate
3428 567 3550 627 iam

1966 675 2270 747 martyres
2313 690 2341 723 »
2390 667 2697 742 nominet,
2732 673 2983 746 tempus
3022 666 3202 727 istius
3248 684 3552 746 persecu-

1966 767 2176 841 tionis,
2206 784 2394 847 quam
2443 767 2671 829 Lucius
2722 765 3015 844 agitabat,
3045 772 3261 847 aperte
3310 767 3551 846 signiﬁ-

1969 877 2144 934 catur
2176 869 2283 951 (6).
2317 870 2428 932 Ille
2467 870 2724 950 quidem
2770 870 3049 945 nuntius,
3076 870 3370 931 Ruﬁnum
3412 890 3557 933 cum

1969 970 2232 1033 Melania
2266 971 2703 1051 Hierosolyma
2732 970 3083 1043 advenisse,
3101 988 3295 1032 vanus
3316 970 3550 1045 fuerat;

1971 1090 2117 1134 nam
2148 1073 2413 1135 Ruﬁnus
2442 1073 2725 1136 nondum
2766 1089 2843 1135 eo
2884 1078 3139 1134 venerat
3180 1071 3259 1152 (7)
3294 1091 3305 1133 :
3335 1073 3560 1152 probat

1971 1179 2181 1236 tamen
2201 1173 2355 1236 haec
2373 1174 2564 1235 altera
2582 1171 2866 1252 epistola,
2883 1173 3181 1234 Ruﬁnum
3204 1179 3350 1234 tunc
3376 1189 3558 1234 senes

1974 1276 2239 1355 Aegypti
2282 1276 2388 1345 18
2429 1275 2737 1336 invisisse.
2769 1277 2970 1352 Atque
3010 1273 3111 1334 hic
3154 1273 3289 1351 ipse
3331 1273 3409 1334 de
3448 1275 3558 1334 Ni-

1973 1377 2092 1438 tria
2122 1384 2183 1438 et
2216 1376 2295 1438 de
2336 1376 2603 1438 Macario
2649 1393 2686 1437 a
2731 1390 2800 1435 se
2843 1374 3104 1434 visitatis
3143 1373 3211 1433 in
3257 1374 3560 1451 Apologia

1979 1480 2339 1557 [Invectiva]
2370 1480 2464 1539 II:
2499 1501 2528 1534 «
2564 1478 2718 1555 Ego,
2744 1499 2771 1531 »
2798 1474 3026 1554 inquit,
3052 1497 3080 1529 α
3108 1473 3217 1552 qui
3245 1490 3354 1534 sex
3380 1474 3562 1535 annis

1977 1582 2089 1645 Dei
2133 1600 2319 1646 causa
2371 1585 2795 1644 commoratus
2841 1596 3003 1651 sum,
3043 1583 3104 1639 et
3146 1577 3373 1638 iterum
3422 1584 3564 1656 post

1977 1681 2372 1745 intervallum
2403 1679 2660 1760 aliquod
2697 1679 2834 1741 aliis
2875 1678 3123 1740 duobus
3154 1676 3287 1753 [Ed.
3322 1676 3559 1737 Bened.

1911 1811 1955 1868 Β
1980 1790 2125 1863 post
2150 1781 2549 1845 intervallum
2579 1780 2816 1860 aliquot
2847 1778 2991 1839 aliis
3023 1777 3286 1853 diebus],
3317 1778 3427 1839 ubi
3470 1777 3569 1837 Di-

1985 1881 2231 1962 dymus.
2252 1930 2265 1943 .
2287 1929 2299 1942 .
2318 1929 2333 1956 ,
2351 1888 2410 1943 et
2425 1888 2494 1942 ut
2507 1880 2585 1942 ad
2606 1880 2799 1942 eremi
2810 1879 3137 1957 magistros
3149 1878 3417 1951 veniam,
3433 1878 3571 1957 qui-

1984 1988 2101 2051 bus
2132 1992 2194 2046 et
2222 1983 2515 2047 attentius
2542 1988 2603 2043 et
2632 1980 3024 2060 frequentius
3050 1978 3444 2051 vacabamus,
3462 1977 3570 2038 ubi

1982 2087 2284 2150 Macarius
2312 2082 2565 2146 Antonii
2591 2081 2957 2161 discipulus,
2978 2088 3039 2141 et
3059 2079 3216 2142 alter
3241 2078 3566 2153 Macarius,

1986 2194 2048 2251 et
2070 2187 2368 2261 Isidorus,
2390 2191 2452 2247 et
2478 2183 2821 2246 Pambus...
2846 2181 2951 2261 (8).
2977 2205 3003 2237 »
3030 2183 3151 2243 Sex
3179 2181 3283 2242 isti
3300 2180 3469 2253 anni,
3491 2179 3571 2241 de

1987 2289 2216 2369 quibus
2249 2286 2551 2367 loquitur,
2586 2285 2740 2364 quin
2782 2284 3223 2361 migrationem
3265 2281 3464 2361 ipsius
3494 2298 3573 2342 ex

1987 2388 2269 2464 Aegypto
2290 2382 2354 2444 in
2374 2381 2785 2443 Palaestinam
2813 2380 3284 2453 antecesserint,
3309 2379 3574 2440 dubium

1990 2501 2127 2549 esse
2182 2484 2427 2563 nequit.
2477 2484 2637 2544 Istos
2686 2498 2945 2561 quoque
3000 2480 3160 2542 duos
3215 2497 3417 2542 annos
3455 2478 3575 2555 [vel

1989 2586 2228 2668 aliquot
2256 2587 2434 2662 dies],
2458 2583 2604 2665 quia
2624 2581 2935 2645 Palladius
2947 2583 3267 2655 Ruﬁnum,
3291 2586 3574 2661 Aegypto

1989 2688 2227 2763 relicta,
2248 2686 2708 2766 Hierosolymis
2733 2703 2856 2747 una
2878 2702 3020 2747 cum
3047 2683 3310 2745 Melania
3332 2682 3575 2759 degisse

1991 2796 2198 2852 narrat
2238 2788 2344 2870 (9),
2372 2789 2440 2850 in
2478 2788 2736 2849 alteram
2772 2795 2878 2864 ιθ
2922 2785 3230 2863 [brevem]
3259 2783 3576 2864 quandam

1992 2993 2220 3066 Μάρκος
2247 3000 2299 3048 et
2321 2992 2613 3063 Μακάριος
2636 2990 2711 3047 cI.
2740 2991 2885 3046 infra
2916 2992 3091 3077 Caput
3121 2989 3210 3045 III.

2063 3086 2143 3157 (3)
2184 3084 2320 3139 Hist.
2356 3083 2523 3140 Laus.
2554 3084 2640 3140 ed.
2674 3084 2881 3141 Meurs.
2913 3100 3037 3155 cap.
3074 3085 3175 3138 117
3205 3081 3343 3154 Opp.
3374 3081 3573 3138 Meurs.

1996 3179 2038 3233 ι.
2395 3268 2452 3324 S.
2481 3269 2707 3325 Hieron.
2730 3268 2872 3341 Opp.
2894 3268 2984 3325 ed.
3011 3268 3190 3341 Migne
3214 3267 3282 3323 T.
3306 3270 3319 3321 I
3348 3266 3578 3340 [Patrol.

1995 3360 2060 3418 Τ.
2090 3361 2260 3434 xxn]
2291 3378 2342 3432 p.
2378 3358 2506 3416 336.

2066 3455 2142 3526 (5)
2182 3453 2281 3508 Ed.
2318 3454 2374 3517 5,
2402 3452 2536 3508 ibid.
2569 3468 2623 3522 p.
2656 3451 2782 3507 552.
2822 3451 2950 3506 555.

2064 3545 2141 3615 (6)
2185 3544 2246 3600 S.
2299 3544 2523 3600 Hieron.
2568 3542 2706 3614 Opp.
2761 3545 2853 3601 ed.
2902 3543 3082 3617 Migne
3126 3542 3192 3599 Τ.
3240 3546 3266 3600 1
3322 3542 3579 3617 [Patrol.

1996 3635 2060 3690 T.
2097 3634 2265 3708 XXII]
2298 3634 2479 3690 Praef.
2511 3650 2565 3706 p.
2598 3634 2784 3689 XLIX.

2066 3728 2143 3800 (7)
2192 3746 2210 3780 ι
2244 3726 2476 3782 Ruﬁnus
2517 3734 2696 3781 autem
2730 3726 2920 3791 frater,
2955 3735 3016 3782 ut
3056 3728 3254 3783 scribis
3286 3769 3300 3793 ,
3338 3727 3580 3785 necdum

1997 3821 2168 3877 venit.
2209 3839 2228 3873 ι
2278 3817 2338 3875 S.
2392 3818 2617 3874 Hieron.
2667 3834 2788 3889 cap.
2833 3819 2866 3873 5
2911 3817 2979 3872 ad
3027 3816 3392 3883 Florentium,
3447 3817 3580 3872 ibid.

1997 3927 2052 3984 p.
2086 3911 2212 3967 336.

2070 4004 2148 4076 (8)
2189 4003 2370 4058 Ruﬁni
2412 4003 2673 4074 Apologia
2694 4000 3017 4076 [Invectiva]
3039 4003 3093 4057 in
3115 4003 3172 4056 ὃ.
3192 4002 3583 4072 Hieronymum

1997 4093 2095 4149 lib.
2127 4092 2172 4147 ll
2198 4110 2320 4164 cap.
2362 4092 2429 4145 12
2466 4091 2608 4162 Opp.
2634 4091 2722 4146 ed.
2756 4089 2991 4147 Vallarsi
3021 4108 3073 4162 p.
3106 4090 3208 4146 367
3265 4107 3389 4145 cum
3422 4102 3549 4144 nota
3572 4134 3584 4155 ,

1999 4186 2179 4257 Migne
2212 4184 2419 4239 Patrol.
2450 4183 2512 4237 T.
2547 4181 2670 4237 XXI
2704 4200 2755 4255 p.
2791 4184 2924 4250 594;
2968 4181 3025 4239 S.
3063 4183 3291 4240 Hieron.
3323 4180 3461 4253 Opp.
3496 4181 3580 4237 ed.

1997 4277 2201 4333 Bened.
2234 4275 2299 4330 Τ.
2334 4273 2402 4328 ιν
2430 4273 2494 4331 P.
2524 4271 2591 4329 ll.
2622 4289 2676 4344 p.
2704 4272 2829 4327 424.

2071 4369 2147 4441 (9)
2184 4368 2323 4425 Hist.
2354 4365 2523 4423 Laus.
2570 4369 2659 4422 ed.
2706 4365 2910 4420 Meurs.
2936 4379 3058 4434 cap.
3085 4363 3184 4419 119
3217 4363 3354 4434 Opp.
3384 4362 3585 4416 Meurs.

2000 4459 2041 4521 l.
2071 4465 2111 4519 ι.
2144 4482 2199 4537 p.
2240 4464 2366 4520 590.
2411 4461 2693 4518 Palladius
2732 4459 2982 4524 tradidit,
3022 4456 3277 4527 Ruﬁnum
3330 4454 3588 4508 Hieroso-

2007 4559 2160 4630 lymis
2188 4557 2372 4629 viginti
2397 4564 2594 4627 septem
2621 4571 2789 4609 annos
2813 4568 2922 4606 una
2947 4568 3065 4605 cum
3090 4549 3328 4603 Melania
3355 4547 3587 4615 hospites

2006 4649 2235 4719 undique
2283 4646 2623 4701 adventantes
2676 4644 2961 4712 excepisse.
2994 4639 3151 4708 Quod
3193 4654 3302 4695 non
3356 4637 3585 4692 omnino

2006 4756 2197 4796 verum
2230 4755 2352 4796 esse
2378 4744 2577 4809 potest.
2613 4735 2750 4790 Nam
2792 4732 3025 4789 Rufinus
3071 4732 3179 4786 iam
3228 4730 3369 4785 duos
3412 4743 3595 4783 annos

2008 4832 2313 4903 Aquileiam
2367 4844 2626 4886 reversus
2678 4826 2977 4882 Anastasio
3039 4823 3219 4895 Papae
3277 4837 3423 4876 anno
3480 4820 3584 4874 30I

2011 4926 2254 4996 scripsit,
2285 4941 2340 4979 se
2366 4934 2483 4994 post
2516 4923 2734 4990 triginta
2763 4921 2871 4991 fere
2910 4936 3078 4974 annos
3119 4915 3425 4988 parentibus
3466 4919 3591 4966 red-

2010 5019 2178 5072 ditum
2207 5034 2340 5072 esse.
2370 5015 2554 5070 Ruﬁni
2592 5014 2857 5085 Apologia
2889 5013 2956 5067 ad
2987 5008 3341 5065 Anastasium
3375 5020 3498 5072 cap.
3532 5006 3586 5069 I,

2011 5110 2152 5182 Opp.
2190 5110 2276 5166 ed.
2320 5107 2556 5166 Vallarsi
2600 5124 2655 5179 p.
2696 5106 2834 5173 403,
2883 5105 3061 5174 Migne
3102 5100 3306 5156 Patrol.
3352 5096 3418 5156 Τ.
3464 5095 3586 5156 XX,

2010 5220 2067 5274 p.
2096 5202 2220 5257 69.3.
2257 5201 2315 5257 S.
2360 5200 2587 5256 Hieron.
2635 5198 2793 5269 Apol.
2840 5197 2904 5259 Il,
2951 5194 3009 5251 S.
3059 5193 3280 5248 Hieron.
3325 5188 3461 5261 Opp.
3495 5191 3584 5246 ed.

2013 5292 2214 5349 Bened.
2247 5291 2312 5345 T.
2343 5289 2412 5346 IV
2444 5307 2498 5362 p.
2533 5288 2657 5345 389.
2689 5287 2836 5342 Idam
2876 5285 2990 5340 fere
3028 5282 3258 5337 Ruﬁnus
3293 5283 3499 5352 passim
3529 5283 3589 5335 in

2014 5384 2292 5455 Apologiis
2338 5378 2673 5455 {lnvectivis}
2718 5380 2780 5433 in
2829 5377 2891 5431 8.
2948 5375 3338 5445 Hieronymum
3395 5371 3585 5427 tradit.

2017 5476 2199 5532 Ruﬁni
2229 5476 2386 5545 Apol.
2425 5471 2744 5547 [Invectiva]
2785 5471 2882 5526 lib.
2929 5470 2971 5524 II
3016 5484 3140 5538 cap.
3174 5466 3264 5531 22,
3313 5464 3453 5536 Opp.
3496 5464 3587 5520 ed.

2016 5568 2245 5624 Vallarsi
2281 5586 2335 5639 p.
2370 5569 2466 5623 33I
2490 5607 2504 5629 ,
2531 5566 2708 5636 Migne
2746 5564 2783 5619 I.
2823 5564 2861 5617 I.
2908 5579 2960 5630 p.
2993 5562 3131 5627 560;
3173 5558 3228 5614 S.
3269 5556 3587 5629 Hieronymi

2017 5662 2157 5733 Opp.
2188 5661 2277 5717 ed.
2316 5658 2516 5715 Bened.
2548 5656 2613 5715 T.
2640 5655 2707 5711 IV
2741 5672 2795 5726 p.
2826 5656 2953 5711 376.
2989 5653 3132 5725 Ergo
3182 5650 3463 5717 Ruﬁnum,
3493 5648 3588 5720 qui

2018 5758 2074 5811 in
2104 5757 2347 5826 Aegypto
2374 5768 2472 5824 per
2499 5750 2822 5807 sexennium
2854 5748 3023 5814 degit,
3048 5746 3170 5817 plus
3193 5759 3369 5799 annos
3396 5741 3589 5811 viginti

2022 5849 2164 5906 duos
2198 5846 2589 5911 Hierosolymis
2625 5844 2847 5911 vixisse,
2880 5840 3047 5899 statui
3081 5838 3290 5910 nequit.
3332 5836 3403 5894 At
3433 5849 3593 5891 error
