  <div class='ocr_page' id='page_1' title='image "/cluster/home/n/w/nwhite01/storage/ocr_20150623/34/hvd.32044019207760/021.png"; bbox 0 0 4040 6548; ppageno 0'>
   <div class='ocr_carea' id='block_1_1' title="bbox 530 288 3765 372">
    <p class='ocr_par' dir='ltr' id='par_1_1' title="bbox 530 288 3765 372">
     <span class='ocr_line' id='line_1_1' title="bbox 530 288 3765 372; baseline -0.009 0"><span class='ocrx_word' id='word_1_1' title='bbox 530 319 599 372; x_wconf 75' lang='grc'>19</span> <span class='ocrx_word' id='word_1_2' title='bbox 1346 308 1448 364; x_wconf 85' lang='lat' dir='ltr'>SS.</span> <span class='ocrx_word' id='word_1_3' title='bbox 1490 301 1948 363; x_wconf 79' lang='lat' dir='ltr'>MACARIORUM</span> <span class='ocrx_word' id='word_1_4' title='bbox 1986 297 2309 357; x_wconf 78' lang='lat' dir='ltr'>AEGYPTH</span> <span class='ocrx_word' id='word_1_5' title='bbox 2345 297 2432 353; x_wconf 87' lang='lat' dir='ltr'><strong>ET</strong></span> <span class='ocrx_word' id='word_1_6' title='bbox 2469 290 2940 352; x_wconf 77' lang='lat' dir='ltr'>ALEXANDRINI</span> <span class='ocrx_word' id='word_1_7' title='bbox 3697 288 3765 343; x_wconf 76' lang='lat'>9.0</span> 
     </span>
    </p>
   </div>
   <div class='ocr_carea' id='block_1_2' title="bbox 528 390 3763 497">
    <p class='ocr_par' dir='ltr' id='par_1_2' title="bbox 528 390 3763 497">
     <span class='ocr_line' id='line_1_2' title="bbox 528 390 3763 497; baseline -0.01 -7"><span class='ocrx_word' id='word_1_8' title='bbox 528 424 1089 491; x_wconf 82' lang='lat' dir='ltr'>commorationem</span> <span class='ocrx_word' id='word_1_9' title='bbox 1118 422 1343 485; x_wconf 84' lang='lat' dir='ltr'><strong>cadere</strong></span> <span class='ocrx_word' id='word_1_10' title='bbox 1371 419 1734 493; x_wconf 80' lang='lat' dir='ltr'>credideris,</span> <span class='ocrx_word' id='word_1_11' title='bbox 1757 433 1944 497; x_wconf 90' lang='lat' dir='ltr'>quam</span> <span class='ocrx_word' id='word_1_12' title='bbox 1974 416 2108 476; x_wconf 89' lang='lat' dir='ltr'>Ru-</span> <span class='ocrx_word' id='word_1_13' title='bbox 2140 421 2182 475; x_wconf 78' lang='grc' dir='ltr'>Α</span> <span class='ocrx_word' id='word_1_14' title='bbox 2212 410 2547 491; x_wconf 90' lang='lat' dir='ltr'>principio,</span> <span class='ocrx_word' id='word_1_15' title='bbox 2594 425 2785 488; x_wconf 88' lang='lat' dir='ltr'>quem</span> <span class='ocrx_word' id='word_1_16' title='bbox 2845 412 2907 467; x_wconf 91' lang='lat' dir='ltr'>et</span> <span class='ocrx_word' id='word_1_17' title='bbox 2950 399 3326 466; x_wconf 87' lang='lat' dir='ltr'>catholicum</span> <span class='ocrx_word' id='word_1_18' title='bbox 3387 401 3450 460; x_wconf 91' lang='lat' dir='ltr'>et</span> <span class='ocrx_word' id='word_1_19' title='bbox 3492 390 3763 464; x_wconf 87' lang='lat' dir='ltr'>sanctum</span> 
     </span>
    </p>
   </div>
   <div class='ocr_carea' id='block_1_3' title="bbox 530 515 2107 599">
    <p class='ocr_par' dir='ltr' id='par_1_3' title="bbox 530 515 2107 599">
     <span class='ocr_line' id='line_1_3' title="bbox 530 515 2107 599; baseline -0.008 -11"><span class='ocrx_word' id='word_1_20' title='bbox 530 530 692 588; x_wconf 81' lang='lat' dir='ltr'>linus</span> <span class='ocrx_word' id='word_1_21' title='bbox 721 524 1127 587; x_wconf 74' lang='lat' dir='ltr'>Alexandriae</span> <span class='ocrx_word' id='word_1_22' title='bbox 1160 524 1399 597; x_wconf 78' lang='lat' dir='ltr'>fecerit,</span> <span class='ocrx_word' id='word_1_23' title='bbox 1441 527 1776 599; x_wconf 82' lang='lat' dir='ltr'>antequam</span> <span class='ocrx_word' id='word_1_24' title='bbox 1805 517 1869 577; x_wconf 93' lang='lat' dir='ltr'>in</span> <span class='ocrx_word' id='word_1_25' title='bbox 1898 515 2107 577; x_wconf 88' lang='lat' dir='ltr'>Palae-</span> 
     </span>
    </p>
   </div>
   <div class='ocr_carea' id='block_1_4' title="bbox 532 615 2107 695">
    <p class='ocr_par' dir='ltr' id='par_1_4' title="bbox 532 615 2107 695">
     <span class='ocr_line' id='line_1_4' title="bbox 532 615 2107 695; baseline -0.011 -5"><span class='ocrx_word' id='word_1_26' title='bbox 532 630 756 690; x_wconf 89' lang='lat' dir='ltr'>stinam</span> <span class='ocrx_word' id='word_1_27' title='bbox 795 628 1014 689; x_wconf 90' lang='lat' dir='ltr'>abiret.</span> <span class='ocrx_word' id='word_1_28' title='bbox 1055 627 1229 686; x_wconf 89' lang='lat' dir='ltr'>Certe</span> <span class='ocrx_word' id='word_1_29' title='bbox 1276 624 1342 684; x_wconf 89' lang='lat' dir='ltr'>hi</span> <span class='ocrx_word' id='word_1_30' title='bbox 1371 624 1497 685; x_wconf 90' lang='lat' dir='ltr'>duo</span> <span class='ocrx_word' id='word_1_31' title='bbox 1532 620 1680 683; x_wconf 89' lang='lat' dir='ltr'>anni</span> <span class='ocrx_word' id='word_1_32' title='bbox 1717 617 1835 695; x_wconf 94' lang='lat' dir='ltr'>[vel</span> <span class='ocrx_word' id='word_1_33' title='bbox 1869 615 2107 695; x_wconf 78' lang='lat' dir='ltr'>aliquot</span> 
     </span>
    </p>
   </div>
   <div class='ocr_carea' id='block_1_5' title="bbox 535 718 2107 805">
    <p class='ocr_par' dir='ltr' id='par_1_5' title="bbox 535 718 2107 805">
     <span class='ocr_line' id='line_1_5' title="bbox 535 718 2107 805; baseline -0.008 -15"><span class='ocrx_word' id='word_1_34' title='bbox 535 730 687 804; x_wconf 77' lang='lat' dir='ltr'>dies]</span> <span class='ocrx_word' id='word_1_35' title='bbox 725 745 958 789; x_wconf 88' lang='lat' dir='ltr'>annum</span> <span class='ocrx_word' id='word_1_36' title='bbox 990 725 1125 799; x_wconf 86' lang='lat'>385,</span> <span class='ocrx_word' id='word_1_37' title='bbox 1164 743 1292 805; x_wconf 93' lang='lat' dir='ltr'>quo</span> <span class='ocrx_word' id='word_1_38' title='bbox 1334 721 1723 802; x_wconf 88' lang='lat' dir='ltr'>Theophilus</span> <span class='ocrx_word' id='word_1_39' title='bbox 1768 718 2107 799; x_wconf 89' lang='lat' dir='ltr'>episcopus</span> 
     </span>
    </p>
   </div>
   <div class='ocr_carea' id='block_1_6' title="bbox 534 818 2105 901">
    <p class='ocr_par' dir='ltr' id='par_1_6' title="bbox 534 818 2105 901">
     <span class='ocr_line' id='line_1_6' title="bbox 534 818 2105 901; baseline -0.008 -13"><span class='ocrx_word' id='word_1_40' title='bbox 534 826 943 889; x_wconf 76' lang='lat' dir='ltr'>Alexandriae</span> <span class='ocrx_word' id='word_1_41' title='bbox 981 824 1179 886; x_wconf 81' lang='lat' dir='ltr'>factus</span> <span class='ocrx_word' id='word_1_42' title='bbox 1223 830 1315 885; x_wconf 91' lang='lat' dir='ltr'>est</span> <span class='ocrx_word' id='word_1_43' title='bbox 1364 820 1470 901; x_wconf 93' lang='lat'>(1),</span> <span class='ocrx_word' id='word_1_44' title='bbox 1519 818 1918 881; x_wconf 87' lang='lat' dir='ltr'>antecedunt.</span> <span class='ocrx_word' id='word_1_45' title='bbox 1952 818 2105 877; x_wconf 86' lang='lat' dir='ltr'>Nam</span> 
     </span>
    </p>
   </div>
   <div class='ocr_carea' id='block_1_7' title="bbox 536 918 2105 1003">
    <p class='ocr_par' dir='ltr' id='par_1_7' title="bbox 536 918 2105 1003">
     <span class='ocr_line' id='line_1_7' title="bbox 536 918 2105 1003; baseline -0.006 -16"><span class='ocrx_word' id='word_1_46' title='bbox 536 930 597 987; x_wconf 89' lang='lat' dir='ltr'>S.</span> <span class='ocrx_word' id='word_1_47' title='bbox 630 928 1051 1003; x_wconf 87' lang='lat' dir='ltr'>Hieronymus</span> <span class='ocrx_word' id='word_1_48' title='bbox 1092 925 1155 985; x_wconf 94' lang='lat' dir='ltr'>in</span> <span class='ocrx_word' id='word_1_49' title='bbox 1201 922 1503 1003; x_wconf 80' lang='lat' dir='ltr'>Apologia</span> <span class='ocrx_word' id='word_1_50' title='bbox 1549 920 1777 982; x_wconf 88' lang='lat' dir='ltr'>Ruﬁno</span> <span class='ocrx_word' id='word_1_51' title='bbox 1810 936 1823 977; x_wconf 93' lang='lat'>:</span> <span class='ocrx_word' id='word_1_52' title='bbox 1858 942 1886 974; x_wconf 74' lang='grc' dir='ltr'><strong><em>α</em></strong></span> <span class='ocrx_word' id='word_1_53' title='bbox 1921 918 2035 991; x_wconf 89' lang='lat' dir='ltr'>Tu,</span> <span class='ocrx_word' id='word_1_54' title='bbox 2077 940 2105 971; x_wconf 88' lang='lat'><strong><em>»</em></strong></span> 
     </span>
    </p>
   </div>
   <div class='ocr_carea' id='block_1_8' title="bbox 536 1019 2109 1109">
    <p class='ocr_par' dir='ltr' id='par_1_8' title="bbox 536 1019 2109 1109">
     <span class='ocr_line' id='line_1_8' title="bbox 536 1019 2109 1109; baseline -0.008 -19"><span class='ocrx_word' id='word_1_55' title='bbox 536 1030 762 1109; x_wconf 80' lang='lat' dir='ltr'>inquit,</span> <span class='ocrx_word' id='word_1_56' title='bbox 785 1052 811 1083; x_wconf 87' lang='lat'><strong>«</strong></span> <span class='ocrx_word' id='word_1_57' title='bbox 838 1034 1170 1107; x_wconf 88' lang='lat' dir='ltr'>postquam</span> <span class='ocrx_word' id='word_1_58' title='bbox 1194 1025 1293 1086; x_wconf 92' lang='lat' dir='ltr'>hic</span> <span class='ocrx_word' id='word_1_59' title='bbox 1324 1022 1749 1102; x_wconf 88' lang='lat' dir='ltr'>[Theophilus]</span> <span class='ocrx_word' id='word_1_60' title='bbox 1773 1019 2109 1099; x_wconf 90' lang='lat' dir='ltr'>episcopus</span> 
     </span>
    </p>
   </div>
   <div class='ocr_carea' id='block_1_9' title="bbox 537 1119 2110 1201">
    <p class='ocr_par' dir='ltr' id='par_1_9' title="bbox 537 1119 2110 1201">
     <span class='ocr_line' id='line_1_9' title="bbox 537 1119 2110 1201; baseline -0.008 -8"><span class='ocrx_word' id='word_1_61' title='bbox 537 1131 739 1193; x_wconf 84' lang='lat' dir='ltr'>factus</span> <span class='ocrx_word' id='word_1_62' title='bbox 778 1137 893 1201; x_wconf 89' lang='lat' dir='ltr'>est,</span> <span class='ocrx_word' id='word_1_63' title='bbox 923 1127 1330 1189; x_wconf 76' lang='lat' dir='ltr'>Alexandriae</span> <span class='ocrx_word' id='word_1_64' title='bbox 1366 1141 1495 1185; x_wconf 90' lang='lat' dir='ltr'>non</span> <span class='ocrx_word' id='word_1_65' title='bbox 1538 1123 1707 1183; x_wconf 84' lang='lat' dir='ltr'>fuisti</span> <span class='ocrx_word' id='word_1_66' title='bbox 1736 1120 1842 1200; x_wconf 78' lang='lat'>(2).</span> <span class='ocrx_word' id='word_1_67' title='bbox 1878 1143 1905 1175; x_wconf 84' lang='lat'>»</span> <span class='ocrx_word' id='word_1_68' title='bbox 1949 1119 2110 1182; x_wconf 85' lang='lat' dir='ltr'>Hinc</span> 
     </span>
    </p>
   </div>
   <div class='ocr_carea' id='block_1_10' title="bbox 536 1217 2112 1308">
    <p class='ocr_par' dir='ltr' id='par_1_10' title="bbox 536 1217 2112 1308">
     <span class='ocr_line' id='line_1_10' title="bbox 536 1217 2112 1308; baseline -0.008 -17"><span class='ocrx_word' id='word_1_69' title='bbox 536 1230 727 1308; x_wconf 75' lang='lat' dir='ltr'>igitur</span> <span class='ocrx_word' id='word_1_70' title='bbox 757 1230 1051 1289; x_wconf 90' lang='lat' dir='ltr'>Ruﬁnum</span> <span class='ocrx_word' id='word_1_71' title='bbox 1080 1227 1175 1288; x_wconf 90' lang='lat' dir='ltr'>bis</span> <span class='ocrx_word' id='word_1_72' title='bbox 1203 1233 1443 1287; x_wconf 88' lang='lat' dir='ltr'>tantum</span> <span class='ocrx_word' id='word_1_73' title='bbox 1462 1220 1869 1283; x_wconf 79' lang='lat' dir='ltr'>Alexandriae</span> <span class='ocrx_word' id='word_1_74' title='bbox 1892 1225 1953 1281; x_wconf 90' lang='lat' dir='ltr'>et</span> <span class='ocrx_word' id='word_1_75' title='bbox 1976 1217 2112 1298; x_wconf 85' lang='lat' dir='ltr'>qui-</span> 
     </span>
    </p>
   </div>
   <div class='ocr_carea' id='block_1_11' title="bbox 541 1322 2113 1401">
    <p class='ocr_par' dir='ltr' id='par_1_11' title="bbox 541 1322 2113 1401">
     <span class='ocr_line' id='line_1_11' title="bbox 541 1322 2113 1401; baseline -0.008 -7"><span class='ocrx_word' id='word_1_76' title='bbox 541 1332 685 1394; x_wconf 89' lang='lat' dir='ltr'>dem</span> <span class='ocrx_word' id='word_1_77' title='bbox 717 1338 861 1393; x_wconf 85' lang='lat' dir='ltr'>ante</span> <span class='ocrx_word' id='word_1_78' title='bbox 894 1347 1130 1392; x_wconf 90' lang='lat' dir='ltr'>annum</span> <span class='ocrx_word' id='word_1_79' title='bbox 1159 1327 1272 1389; x_wconf 83' lang='lat'>385</span> <span class='ocrx_word' id='word_1_80' title='bbox 1304 1326 1522 1400; x_wconf 87' lang='lat' dir='ltr'>fuisse,</span> <span class='ocrx_word' id='word_1_81' title='bbox 1558 1324 1705 1386; x_wconf 88' lang='lat' dir='ltr'>satis</span> <span class='ocrx_word' id='word_1_82' title='bbox 1747 1322 1814 1384; x_wconf 90' lang='lat' dir='ltr'>in</span> <span class='ocrx_word' id='word_1_83' title='bbox 1856 1326 2113 1401; x_wconf 90' lang='lat' dir='ltr'>promtu</span> 
     </span>
    </p>
   </div>
   <div class='ocr_carea' id='block_1_12' title="bbox 541 1437 659 1493">
    <p class='ocr_par' dir='ltr' id='par_1_12' title="bbox 541 1437 659 1493">
     <span class='ocr_line' id='line_1_12' title="bbox 541 1437 659 1493; baseline -0.008 -1"><span class='ocrx_word' id='word_1_84' title='bbox 541 1437 659 1493; x_wconf 90' lang='lat' dir='ltr'>est.</span> 
     </span>
    </p>
   </div>
   <div class='ocr_carea' id='block_1_13' title="bbox 623 1540 2115 1628">
    <p class='ocr_par' dir='ltr' id='par_1_13' title="bbox 623 1540 2115 1628">
     <span class='ocr_line' id='line_1_13' title="bbox 623 1540 2115 1628; baseline -0.009 -14"><span class='ocrx_word' id='word_1_85' title='bbox 623 1554 929 1625; x_wconf 89' lang='lat' dir='ltr'>Quorsum</span> <span class='ocrx_word' id='word_1_86' title='bbox 963 1549 1141 1623; x_wconf 92' lang='lat' dir='ltr'>haec,</span> <span class='ocrx_word' id='word_1_87' title='bbox 1173 1564 1333 1628; x_wconf 89' lang='lat' dir='ltr'>quae</span> <span class='ocrx_word' id='word_1_88' title='bbox 1377 1545 1456 1607; x_wconf 92' lang='lat' dir='ltr'>de</span> <span class='ocrx_word' id='word_1_89' title='bbox 1500 1543 1728 1606; x_wconf 89' lang='lat' dir='ltr'>Ruﬁno</span> <span class='ocrx_word' id='word_1_90' title='bbox 1772 1540 2115 1621; x_wconf 87' lang='lat' dir='ltr'>disputavi-</span> 
     </span>
    </p>
   </div>
   <div class='ocr_carea' id='block_1_14' title="bbox 544 1643 2116 1732">
    <p class='ocr_par' dir='ltr' id='par_1_14' title="bbox 544 1643 2116 1732">
     <span class='ocr_line' id='line_1_14' title="bbox 544 1643 2116 1732; baseline -0.007 -18"><span class='ocrx_word' id='word_1_91' title='bbox 544 1671 707 1727; x_wconf 88' lang='lat' dir='ltr'>mus,</span> <span class='ocrx_word' id='word_1_92' title='bbox 740 1657 1047 1732; x_wconf 89' lang='lat' dir='ltr'>spectent,</span> <span class='ocrx_word' id='word_1_93' title='bbox 1096 1651 1242 1723; x_wconf 88' lang='lat' dir='ltr'>iam,</span> <span class='ocrx_word' id='word_1_94' title='bbox 1297 1664 1555 1727; x_wconf 88' lang='lat' dir='ltr'>quaeso,</span> <span class='ocrx_word' id='word_1_95' title='bbox 1604 1643 1950 1725; x_wconf 90' lang='lat' dir='ltr'>perpende.</span> <span class='ocrx_word' id='word_1_96' title='bbox 1998 1646 2116 1704; x_wconf 91' lang='lat' dir='ltr'>Le-</span> 
     </span>
    </p>
   </div>
   <div class='ocr_carea' id='block_1_15' title="bbox 544 1744 2192 1844">
    <p class='ocr_par' dir='ltr' id='par_1_15' title="bbox 544 1744 2192 1844">
     <span class='ocr_line' id='line_1_15' title="bbox 544 1744 2192 1844; baseline -0.004 -32"><span class='ocrx_word' id='word_1_97' title='bbox 544 1753 749 1832; x_wconf 82' lang='lat' dir='ltr'>gimus</span> <span class='ocrx_word' id='word_1_98' title='bbox 795 1754 963 1814; x_wconf 92' lang='lat' dir='ltr'>enim</span> <span class='ocrx_word' id='word_1_99' title='bbox 999 1750 1166 1831; x_wconf 89' lang='lat' dir='ltr'>apud</span> <span class='ocrx_word' id='word_1_100' title='bbox 1194 1752 1257 1812; x_wconf 89' lang='lat' dir='ltr'>S.</span> <span class='ocrx_word' id='word_1_101' title='bbox 1309 1750 1763 1827; x_wconf 83' lang='lat' dir='ltr'>Hieronymum</span> <span class='ocrx_word' id='word_1_102' title='bbox 1797 1763 1810 1805; x_wconf 90' lang='lat'>:</span> <span class='ocrx_word' id='word_1_103' title='bbox 1846 1768 1874 1801; x_wconf 86' lang='lat'><strong>«</strong></span> <span class='ocrx_word' id='word_1_104' title='bbox 1920 1744 2120 1805; x_wconf 90' lang='lat' dir='ltr'>Huius</span> <span class='ocrx_word' id='word_1_105' title='bbox 2152 1789 2192 1844; x_wconf 76' lang='grc' dir='ltr'><strong>Β</strong></span> 
     </span>
    </p>
   </div>
   <div class='ocr_carea' id='block_1_16' title="bbox 548 1843 2117 1930">
    <p class='ocr_par' dir='ltr' id='par_1_16' title="bbox 548 1843 2117 1930">
     <span class='ocr_line' id='line_1_16' title="bbox 548 1843 2117 1930; baseline -0.006 -19"><span class='ocrx_word' id='word_1_106' title='bbox 548 1852 831 1930; x_wconf 78' lang='lat' dir='ltr'>[Evagrii]</span> <span class='ocrx_word' id='word_1_107' title='bbox 862 1851 1053 1912; x_wconf 90' lang='lat' dir='ltr'>libros</span> <span class='ocrx_word' id='word_1_108' title='bbox 1074 1867 1189 1929; x_wconf 88' lang='lat' dir='ltr'>per</span> <span class='ocrx_word' id='word_1_109' title='bbox 1214 1848 1526 1910; x_wconf 87' lang='lat' dir='ltr'>Orientem</span> <span class='ocrx_word' id='word_1_110' title='bbox 1555 1860 1812 1924; x_wconf 80' lang='lat' dir='ltr'>graecos</span> <span class='ocrx_word' id='word_1_111' title='bbox 1832 1848 1894 1905; x_wconf 89' lang='lat' dir='ltr'>et</span> <span class='ocrx_word' id='word_1_112' title='bbox 1920 1843 2117 1903; x_wconf 91' lang='lat' dir='ltr'>inter-</span> 
     </span>
    </p>
   </div>
   <div class='ocr_carea' id='block_1_17' title="bbox 544 1942 2121 2033">
    <p class='ocr_par' dir='ltr' id='par_1_17' title="bbox 544 1942 2121 2033">
     <span class='ocr_line' id='line_1_17' title="bbox 544 1942 2121 2033; baseline -0.008 -19"><span class='ocrx_word' id='word_1_113' title='bbox 544 1958 829 2033; x_wconf 89' lang='lat' dir='ltr'>pretante</span> <span class='ocrx_word' id='word_1_114' title='bbox 850 1950 1157 2031; x_wconf 90' lang='lat' dir='ltr'>discipulo</span> <span class='ocrx_word' id='word_1_115' title='bbox 1186 1950 1320 2011; x_wconf 90' lang='lat' dir='ltr'>eius</span> <span class='ocrx_word' id='word_1_116' title='bbox 1338 1947 1567 2009; x_wconf 89' lang='lat' dir='ltr'>Ruﬁno</span> <span class='ocrx_word' id='word_1_117' title='bbox 1588 1945 1813 2007; x_wconf 89' lang='lat' dir='ltr'>latinos</span> <span class='ocrx_word' id='word_1_118' title='bbox 1832 1942 2121 2023; x_wconf 89' lang='lat' dir='ltr'>plerique</span> 
     </span>
    </p>
   </div>
   <div class='ocr_carea' id='block_1_18' title="bbox 544 2046 2121 2122">
    <p class='ocr_par' dir='ltr' id='par_1_18' title="bbox 544 2046 2121 2122">
     <span class='ocr_line' id='line_1_18' title="bbox 544 2046 2121 2122; baseline -0.008 -8"><span class='ocrx_word' id='word_1_119' title='bbox 544 2054 612 2114; x_wconf 91' lang='lat' dir='ltr'>in</span> <span class='ocrx_word' id='word_1_120' title='bbox 670 2052 1003 2115; x_wconf 87' lang='lat' dir='ltr'>Occidente</span> <span class='ocrx_word' id='word_1_121' title='bbox 1057 2050 1354 2112; x_wconf 92' lang='lat' dir='ltr'>lectitant.</span> <span class='ocrx_word' id='word_1_122' title='bbox 1408 2048 1523 2121; x_wconf 84' lang='lat' dir='ltr'>Qui</span> <span class='ocrx_word' id='word_1_123' title='bbox 1582 2046 1812 2106; x_wconf 92' lang='lat' dir='ltr'>librum</span> <span class='ocrx_word' id='word_1_124' title='bbox 1866 2058 2121 2122; x_wconf 90' lang='lat' dir='ltr'>quoque</span> 
     </span>
    </p>
   </div>
   <div class='ocr_carea' id='block_1_19' title="bbox 546 2144 2120 2234">
    <p class='ocr_par' dir='ltr' id='par_1_19' title="bbox 546 2144 2120 2234">
     <span class='ocr_line' id='line_1_19' title="bbox 546 2144 2120 2234; baseline -0.008 -17"><span class='ocrx_word' id='word_1_125' title='bbox 546 2155 795 2234; x_wconf 84' lang='lat' dir='ltr'>scripsit</span> <span class='ocrx_word' id='word_1_126' title='bbox 840 2155 1019 2233; x_wconf 91' lang='lat' dir='ltr'>quasi</span> <span class='ocrx_word' id='word_1_127' title='bbox 1055 2153 1133 2215; x_wconf 93' lang='lat' dir='ltr'>de</span> <span class='ocrx_word' id='word_1_128' title='bbox 1164 2149 1511 2223; x_wconf 90' lang='lat' dir='ltr'>monachis,</span> <span class='ocrx_word' id='word_1_129' title='bbox 1543 2146 1901 2225; x_wconf 90' lang='lat' dir='ltr'>multosque</span> <span class='ocrx_word' id='word_1_130' title='bbox 1936 2144 2005 2205; x_wconf 92' lang='lat' dir='ltr'>in</span> <span class='ocrx_word' id='word_1_131' title='bbox 2043 2159 2120 2204; x_wconf 91' lang='lat' dir='ltr'>eo</span> 
     </span>
    </p>
   </div>
   <div class='ocr_carea' id='block_1_20' title="bbox 549 2242 2123 2334">
    <p class='ocr_par' dir='ltr' id='par_1_20' title="bbox 549 2242 2123 2334">
     <span class='ocr_line' id='line_1_20' title="bbox 549 2242 2123 2334; baseline -0.009 -17"><span class='ocrx_word' id='word_1_132' title='bbox 549 2262 894 2328; x_wconf 89' lang='lat' dir='ltr'>enumerat,</span> <span class='ocrx_word' id='word_1_133' title='bbox 915 2254 1024 2334; x_wconf 91' lang='lat' dir='ltr'>qui</span> <span class='ocrx_word' id='word_1_134' title='bbox 1044 2270 1363 2332; x_wconf 90' lang='lat' dir='ltr'>nunquam</span> <span class='ocrx_word' id='word_1_135' title='bbox 1384 2250 1657 2321; x_wconf 89' lang='lat' dir='ltr'>fuerunt,</span> <span class='ocrx_word' id='word_1_136' title='bbox 1677 2252 1739 2309; x_wconf 91' lang='lat' dir='ltr'>et</span> <span class='ocrx_word' id='word_1_137' title='bbox 1753 2262 1913 2325; x_wconf 91' lang='lat' dir='ltr'>quos</span> <span class='ocrx_word' id='word_1_138' title='bbox 1930 2242 2123 2304; x_wconf 85' lang='lat' dir='ltr'>fuisse</span> 
     </span>
    </p>
   </div>
   <div class='ocr_carea' id='block_1_21' title="bbox 548 2343 2124 2432">
    <p class='ocr_par' dir='ltr' id='par_1_21' title="bbox 548 2343 2124 2432">
     <span class='ocr_line' id='line_1_21' title="bbox 548 2343 2124 2432; baseline -0.01 -15"><span class='ocrx_word' id='word_1_139' title='bbox 548 2355 871 2428; x_wconf 84' lang='lat' dir='ltr'>describit,</span> <span class='ocrx_word' id='word_1_140' title='bbox 901 2353 1301 2432; x_wconf 83' lang='lat' dir='ltr'>Origenistas,</span> <span class='ocrx_word' id='word_1_141' title='bbox 1331 2356 1393 2412; x_wconf 92' lang='lat' dir='ltr'>et</span> <span class='ocrx_word' id='word_1_142' title='bbox 1417 2349 1495 2412; x_wconf 93' lang='lat' dir='ltr'>ab</span> <span class='ocrx_word' id='word_1_143' title='bbox 1525 2344 1841 2427; x_wconf 81' lang='lat' dir='ltr'>epiSCOpis</span> <span class='ocrx_word' id='word_1_144' title='bbox 1869 2343 2124 2405; x_wconf 91' lang='lat' dir='ltr'>damna-</span> 
     </span>
    </p>
   </div>
   <div class='ocr_carea' id='block_1_22' title="bbox 546 2443 2121 2525">
    <p class='ocr_par' dir='ltr' id='par_1_22' title="bbox 546 2443 2121 2525">
     <span class='ocr_line' id='line_1_22' title="bbox 546 2443 2121 2525; baseline -0.009 -7"><span class='ocrx_word' id='word_1_145' title='bbox 546 2463 645 2518; x_wconf 89' lang='lat' dir='ltr'>tos</span> <span class='ocrx_word' id='word_1_146' title='bbox 675 2471 812 2518; x_wconf 91' lang='lat' dir='ltr'>esse</span> <span class='ocrx_word' id='word_1_147' title='bbox 849 2471 976 2515; x_wconf 91' lang='lat' dir='ltr'>non</span> <span class='ocrx_word' id='word_1_148' title='bbox 1017 2452 1279 2514; x_wconf 91' lang='lat' dir='ltr'>dubium</span> <span class='ocrx_word' id='word_1_149' title='bbox 1311 2457 1426 2525; x_wconf 90' lang='lat' dir='ltr'>est,</span> <span class='ocrx_word' id='word_1_150' title='bbox 1472 2447 1870 2509; x_wconf 90' lang='lat' dir='ltr'>Ammonium</span> <span class='ocrx_word' id='word_1_151' title='bbox 1900 2443 2121 2506; x_wconf 89' lang='lat' dir='ltr'>videli-</span> 
     </span>
    </p>
   </div>
   <div class='ocr_carea' id='block_1_23' title="bbox 548 2545 2123 2629">
    <p class='ocr_par' dir='ltr' id='par_1_23' title="bbox 548 2545 2123 2629">
     <span class='ocr_line' id='line_1_23' title="bbox 548 2545 2123 2629; baseline -0.009 -12"><span class='ocrx_word' id='word_1_152' title='bbox 548 2563 668 2629; x_wconf 90' lang='lat' dir='ltr'>cet,</span> <span class='ocrx_word' id='word_1_153' title='bbox 719 2562 781 2616; x_wconf 91' lang='lat' dir='ltr'>et</span> <span class='ocrx_word' id='word_1_154' title='bbox 828 2554 1187 2627; x_wconf 87' lang='lat' dir='ltr'>Eusebium,</span> <span class='ocrx_word' id='word_1_155' title='bbox 1239 2558 1300 2615; x_wconf 89' lang='lat' dir='ltr'>et</span> <span class='ocrx_word' id='word_1_156' title='bbox 1344 2547 1771 2628; x_wconf 86' lang='lat' dir='ltr'>Euthymium,</span> <span class='ocrx_word' id='word_1_157' title='bbox 1817 2550 1878 2607; x_wconf 90' lang='lat' dir='ltr'>et</span> <span class='ocrx_word' id='word_1_158' title='bbox 1912 2545 2123 2624; x_wconf 90' lang='lat' dir='ltr'>ipsum</span> 
     </span>
    </p>
   </div>
   <div class='ocr_carea' id='block_1_24' title="bbox 548 2643 2125 2733">
    <p class='ocr_par' dir='ltr' id='par_1_24' title="bbox 548 2643 2125 2733">
     <span class='ocr_line' id='line_1_24' title="bbox 548 2643 2125 2733; baseline -0.006 -18"><span class='ocrx_word' id='word_1_159' title='bbox 548 2655 897 2733; x_wconf 83' lang='lat' dir='ltr'>Evagrium,</span> <span class='ocrx_word' id='word_1_160' title='bbox 934 2654 1014 2715; x_wconf 92' lang='lat' dir='ltr'>Or</span> <span class='ocrx_word' id='word_1_161' title='bbox 1042 2669 1298 2732; x_wconf 89' lang='lat' dir='ltr'>quoque</span> <span class='ocrx_word' id='word_1_162' title='bbox 1327 2658 1389 2714; x_wconf 92' lang='lat' dir='ltr'>et</span> <span class='ocrx_word' id='word_1_163' title='bbox 1427 2650 1756 2721; x_wconf 90' lang='lat' dir='ltr'>Isidorum,</span> <span class='ocrx_word' id='word_1_164' title='bbox 1795 2652 1856 2707; x_wconf 90' lang='lat' dir='ltr'>et</span> <span class='ocrx_word' id='word_1_165' title='bbox 1892 2643 2125 2706; x_wconf 90' lang='lat' dir='ltr'>multos</span> 
     </span>
    </p>
   </div>
   <div class='ocr_carea' id='block_1_25' title="bbox 549 2745 2125 2834">
    <p class='ocr_par' dir='ltr' id='par_1_25' title="bbox 549 2745 2125 2834">
     <span class='ocr_line' id='line_1_25' title="bbox 549 2745 2125 2834; baseline -0.007 -18"><span class='ocrx_word' id='word_1_166' title='bbox 549 2754 727 2829; x_wconf 86' lang='lat' dir='ltr'>alios,</span> <span class='ocrx_word' id='word_1_167' title='bbox 767 2772 928 2834; x_wconf 92' lang='lat' dir='ltr'>quos</span> <span class='ocrx_word' id='word_1_168' title='bbox 977 2770 1344 2815; x_wconf 90' lang='lat' dir='ltr'>enumerare</span> <span class='ocrx_word' id='word_1_169' title='bbox 1377 2750 1653 2812; x_wconf 90' lang='lat' dir='ltr'>taedium</span> <span class='ocrx_word' id='word_1_170' title='bbox 1701 2753 1815 2822; x_wconf 91' lang='lat' dir='ltr'>est,</span> <span class='ocrx_word' id='word_1_171' title='bbox 1849 2752 1911 2807; x_wconf 89' lang='lat' dir='ltr'>et</span> <span class='ocrx_word' id='word_1_172' title='bbox 1956 2745 2125 2807; x_wconf 77' lang='lat' dir='ltr'>iuxta</span> 
     </span>
    </p>
   </div>
   <div class='ocr_carea' id='block_1_26' title="bbox 550 2850 1502 2932">
    <p class='ocr_par' dir='ltr' id='par_1_26' title="bbox 550 2850 1502 2932">
     <span class='ocr_line' id='line_1_26' title="bbox 550 2850 1502 2932; baseline -0.003 -18"><span class='ocrx_word' id='word_1_173' title='bbox 550 2852 706 2916; x_wconf 92' lang='lat' dir='ltr'>illud</span> <span class='ocrx_word' id='word_1_174' title='bbox 736 2854 1005 2917; x_wconf 90' lang='lat' dir='ltr'>Lucretii</span> <span class='ocrx_word' id='word_1_175' title='bbox 1036 2855 1106 2932; x_wconf 86' lang='grc' dir='ltr'>(Ι,</span> <span class='ocrx_word' id='word_1_176' title='bbox 1140 2851 1255 2913; x_wconf 87' lang='grc'>935</span> <span class='ocrx_word' id='word_1_177' title='bbox 1285 2850 1450 2931; x_wconf 90' lang='lat' dir='ltr'>sqq.)</span> <span class='ocrx_word' id='word_1_178' title='bbox 1488 2868 1502 2910; x_wconf 91' lang='lat'>:</span> 
     </span>
    </p>
   </div>
   <div class='ocr_carea' id='block_1_27' title="bbox 587 2969 1856 3045">
    <p class='ocr_par' dir='ltr' id='par_1_27' title="bbox 587 2969 1856 3045">
     <span class='ocr_line' id='line_1_27' title="bbox 587 2969 1856 3045; baseline -0.007 -14"><span class='ocrx_word' id='word_1_179' title='bbox 587 2977 666 3031; x_wconf 79' lang='lat' dir='ltr'>Ac</span> <span class='ocrx_word' id='word_1_180' title='bbox 693 2975 867 3030; x_wconf 87' lang='lat' dir='ltr'>veluti</span> <span class='ocrx_word' id='word_1_181' title='bbox 895 2976 1079 3045; x_wconf 88' lang='lat' dir='ltr'>pueris</span> <span class='ocrx_word' id='word_1_182' title='bbox 1106 2973 1379 3030; x_wconf 89' lang='lat' dir='ltr'>absinthia</span> <span class='ocrx_word' id='word_1_183' title='bbox 1412 2981 1550 3027; x_wconf 84' lang='lat' dir='ltr'>tetra</span> <span class='ocrx_word' id='word_1_184' title='bbox 1576 2969 1856 3045; x_wconf 80' lang='lat' dir='ltr'>medentes</span> 
     </span>
    </p>
   </div>
   <div class='ocr_carea' id='block_1_28' title="bbox 582 3040 2001 3113">
    <p class='ocr_par' dir='ltr' id='par_1_28' title="bbox 582 3040 2001 3113">
     <span class='ocr_line' id='line_1_28' title="bbox 582 3040 2001 3113; baseline -0.006 -13"><span class='ocrx_word' id='word_1_185' title='bbox 582 3048 719 3100; x_wconf 85' lang='lat' dir='ltr'>Cum</span> <span class='ocrx_word' id='word_1_186' title='bbox 758 3040 1203 3107; x_wconf 58' lang='lat' dir='ltr'>dare&#39;conautur,</span> <span class='ocrx_word' id='word_1_187' title='bbox 1235 3045 1388 3113; x_wconf 89' lang='lat' dir='ltr'>prius</span> <span class='ocrx_word' id='word_1_188' title='bbox 1418 3058 1542 3113; x_wconf 81' lang='lat' dir='ltr'>oras</span> <span class='ocrx_word' id='word_1_189' title='bbox 1570 3040 1765 3113; x_wconf 86' lang='lat' dir='ltr'>poeula</span> <span class='ocrx_word' id='word_1_190' title='bbox 1790 3042 2001 3095; x_wconf 85' lang='lat' dir='ltr'>circum</span> 
     </span>
    </p>
   </div>
   <div class='ocr_carea' id='block_1_29' title="bbox 588 3108 1844 3186">
    <p class='ocr_par' dir='ltr' id='par_1_29' title="bbox 588 3108 1844 3186">
     <span class='ocr_line' id='line_1_29' title="bbox 588 3108 1844 3186; baseline -0.006 -14"><span class='ocrx_word' id='word_1_191' title='bbox 588 3116 927 3186; x_wconf 78' lang='lat' dir='ltr'>Contingunt</span> <span class='ocrx_word' id='word_1_192' title='bbox 958 3116 1104 3172; x_wconf 92' lang='lat' dir='ltr'>dulci</span> <span class='ocrx_word' id='word_1_193' title='bbox 1137 3108 1311 3170; x_wconf 84' lang='lat' dir='ltr'>mellis</span> <span class='ocrx_word' id='word_1_194' title='bbox 1342 3108 1587 3171; x_wconf 72' lang='lat' dir='ltr'>llavodue</span> <span class='ocrx_word' id='word_1_195' title='bbox 1614 3112 1844 3181; x_wconf 90' lang='lat' dir='ltr'>liquore.</span> 
     </span>
    </p>
   </div>
   <div class='ocr_carea' id='block_1_30' title="bbox 553 3221 2128 3306">
    <p class='ocr_par' dir='ltr' id='par_1_30' title="bbox 553 3221 2128 3306">
     <span class='ocr_line' id='line_1_30' title="bbox 553 3221 2128 3306; baseline -0.007 -13"><span class='ocrx_word' id='word_1_196' title='bbox 553 3233 643 3293; x_wconf 89' lang='lat' dir='ltr'>Ita</span> <span class='ocrx_word' id='word_1_197' title='bbox 692 3229 795 3292; x_wconf 91' lang='lat' dir='ltr'>ille</span> <span class='ocrx_word' id='word_1_198' title='bbox 840 3246 1038 3290; x_wconf 90' lang='lat' dir='ltr'>unum</span> <span class='ocrx_word' id='word_1_199' title='bbox 1067 3230 1373 3292; x_wconf 87' lang='lat' dir='ltr'>Joannem</span> <span class='ocrx_word' id='word_1_200' title='bbox 1413 3226 1481 3288; x_wconf 93' lang='lat' dir='ltr'>in</span> <span class='ocrx_word' id='word_1_201' title='bbox 1521 3225 1720 3306; x_wconf 84' lang='lat' dir='ltr'>ipsms</span> <span class='ocrx_word' id='word_1_202' title='bbox 1746 3222 1889 3284; x_wconf 91' lang='lat' dir='ltr'>libri</span> <span class='ocrx_word' id='word_1_203' title='bbox 1920 3221 2128 3302; x_wconf 90' lang='lat' dir='ltr'>posuit</span> 
     </span>
    </p>
   </div>
   <div class='ocr_carea' id='block_1_31' title="bbox 558 3483 2129 3556">
    <p class='ocr_par' dir='ltr' id='par_1_31' title="bbox 558 3483 2129 3556">
     <span class='ocr_line' id='line_1_31' title="bbox 558 3483 2129 3556; baseline -0.003 -12"><span class='ocrx_word' id='word_1_204' title='bbox 558 3490 786 3545; x_wconf 80' lang='lat' dir='ltr'>Palladii</span> <span class='ocrx_word' id='word_1_205' title='bbox 843 3489 1103 3545; x_wconf 77' lang='lat' dir='ltr'>facillime</span> <span class='ocrx_word' id='word_1_206' title='bbox 1156 3487 1282 3543; x_wconf 90' lang='lat' dir='ltr'>inde</span> <span class='ocrx_word' id='word_1_207' title='bbox 1330 3485 1660 3556; x_wconf 83' lang='lat' dir='ltr'>explicatur,</span> <span class='ocrx_word' id='word_1_208' title='bbox 1696 3483 1843 3555; x_wconf 91' lang='lat' dir='ltr'>quod</span> <span class='ocrx_word' id='word_1_209' title='bbox 1896 3483 2129 3539; x_wconf 89' lang='lat' dir='ltr'>Ruﬁnus</span> 
     </span>
    </p>
   </div>
   <div class='ocr_carea' id='block_1_32' title="bbox 560 3574 2129 3652">
    <p class='ocr_par' dir='ltr' id='par_1_32' title="bbox 560 3574 2129 3652">
     <span class='ocr_line' id='line_1_32' title="bbox 560 3574 2129 3652; baseline -0.005 -17"><span class='ocrx_word' id='word_1_210' title='bbox 560 3581 956 3652; x_wconf 87' lang='lat' dir='ltr'>Hierosolymis</span> <span class='ocrx_word' id='word_1_211' title='bbox 995 3594 1103 3633; x_wconf 89' lang='lat' dir='ltr'>una</span> <span class='ocrx_word' id='word_1_212' title='bbox 1146 3593 1271 3632; x_wconf 91' lang='lat' dir='ltr'>cum</span> <span class='ocrx_word' id='word_1_213' title='bbox 1312 3575 1545 3631; x_wconf 80' lang='lat' dir='ltr'>Melania</span> <span class='ocrx_word' id='word_1_214' title='bbox 1586 3576 1741 3639; x_wconf 81' lang='lat' dir='ltr'>vixit,</span> <span class='ocrx_word' id='word_1_215' title='bbox 1768 3589 1908 3645; x_wconf 89' lang='lat' dir='ltr'>quae</span> <span class='ocrx_word' id='word_1_216' title='bbox 1935 3574 2129 3645; x_wconf 77' lang='lat' dir='ltr'>viginti</span> 
     </span>
    </p>
   </div>
   <div class='ocr_carea' id='block_1_33' title="bbox 560 3666 2133 3744">
    <p class='ocr_par' dir='ltr' id='par_1_33' title="bbox 560 3666 2133 3744">
     <span class='ocr_line' id='line_1_33' title="bbox 560 3666 2133 3744; baseline -0.006 -15"><span class='ocrx_word' id='word_1_217' title='bbox 560 3682 766 3744; x_wconf 83' lang='lat' dir='ltr'>septem</span> <span class='ocrx_word' id='word_1_218' title='bbox 784 3688 959 3727; x_wconf 90' lang='lat' dir='ltr'>annos</span> <span class='ocrx_word' id='word_1_219' title='bbox 978 3668 1369 3741; x_wconf 85' lang='lat' dir='ltr'>Hierosolymis</span> <span class='ocrx_word' id='word_1_220' title='bbox 1388 3668 1509 3722; x_wconf 88' lang='lat' dir='ltr'>fuit.</span> <span class='ocrx_word' id='word_1_221' title='bbox 1524 3666 1669 3722; x_wconf 85' lang='lat' dir='ltr'>Hist.</span> <span class='ocrx_word' id='word_1_222' title='bbox 1684 3666 1847 3723; x_wconf 89' lang='lat' dir='ltr'>Laus.</span> <span class='ocrx_word' id='word_1_223' title='bbox 1868 3682 1990 3737; x_wconf 90' lang='lat' dir='ltr'>cap.</span> <span class='ocrx_word' id='word_1_224' title='bbox 2008 3667 2133 3733; x_wconf 86' lang='grc'>117,</span> 
     </span>
    </p>
   </div>
   <div class='ocr_carea' id='block_1_34' title="bbox 560 3758 2133 3832">
    <p class='ocr_par' dir='ltr' id='par_1_34' title="bbox 560 3758 2133 3832">
     <span class='ocr_line' id='line_1_34' title="bbox 560 3758 2133 3832; baseline -0.005 -11"><span class='ocrx_word' id='word_1_225' title='bbox 560 3763 952 3828; x_wconf 75' lang='lat' dir='ltr'>“8.Melania,</span> <span class='ocrx_word' id='word_1_226' title='bbox 972 3761 1303 3832; x_wconf 81' lang='lat' dir='ltr'>Hieronymo</span> <span class='ocrx_word' id='word_1_227' title='bbox 1323 3768 1483 3823; x_wconf 88' lang='lat' dir='ltr'>teste,</span> <span class='ocrx_word' id='word_1_228' title='bbox 1505 3775 1667 3830; x_wconf 90' lang='lat' dir='ltr'>quem</span> <span class='ocrx_word' id='word_1_229' title='bbox 1692 3759 1760 3813; x_wconf 92' lang='lat' dir='ltr'>de</span> <span class='ocrx_word' id='word_1_230' title='bbox 1785 3759 1886 3812; x_wconf 91' lang='lat' dir='ltr'>hac</span> <span class='ocrx_word' id='word_1_231' title='bbox 1910 3774 1969 3812; x_wconf 91' lang='lat' dir='ltr'>re</span> <span class='ocrx_word' id='word_1_232' title='bbox 1994 3758 2133 3813; x_wconf 86' lang='lat' dir='ltr'>bene</span> 
     </span>
    </p>
   </div>
   <div class='ocr_carea' id='block_1_35' title="bbox 559 3847 2110 3923">
    <p class='ocr_par' dir='ltr' id='par_1_35' title="bbox 559 3847 2110 3923">
     <span class='ocr_line' id='line_1_35' title="bbox 559 3847 2110 3923; baseline -0.006 -11"><span class='ocrx_word' id='word_1_233' title='bbox 559 3856 813 3912; x_wconf 89' lang='lat' dir='ltr'>edoctum</span> <span class='ocrx_word' id='word_1_234' title='bbox 841 3870 965 3910; x_wconf 89' lang='lat' dir='ltr'>esse</span> <span class='ocrx_word' id='word_1_235' title='bbox 988 3854 1297 3923; x_wconf 84' lang='lat' dir='ltr'>oportebat,</span> <span class='ocrx_word' id='word_1_236' title='bbox 1317 3850 1697 3920; x_wconf 79' lang='lat' dir='ltr'>Hierosolyma</span> <span class='ocrx_word' id='word_1_237' title='bbox 1719 3850 1867 3906; x_wconf 88' lang='lat' dir='ltr'>venit</span> <span class='ocrx_word' id='word_1_238' title='bbox 1890 3865 2036 3903; x_wconf 87' lang='lat' dir='ltr'>anno</span> <span class='ocrx_word' id='word_1_239' title='bbox 2060 3847 2110 3903; x_wconf 81' lang='grc' dir='ltr'>Χ</span> 
     </span>
    </p>
   </div>
   <div class='ocr_carea' id='block_1_36' title="bbox 561 3941 2134 4017">
    <p class='ocr_par' dir='ltr' id='par_1_36' title="bbox 561 3941 2134 4017">
     <span class='ocr_line' id='line_1_36' title="bbox 561 3941 2134 4017; baseline -0.004 -16"><span class='ocrx_word' id='word_1_240' title='bbox 561 3947 805 4003; x_wconf 82' lang='lat' dir='ltr'>Valentis</span> <span class='ocrx_word' id='word_1_241' title='bbox 835 3946 1322 4017; x_wconf 89' lang='lat' dir='ltr'>imperatoris,i.e.</span> <span class='ocrx_word' id='word_1_242' title='bbox 1347 3960 1491 3999; x_wconf 92' lang='lat' dir='ltr'>anno</span> <span class='ocrx_word' id='word_1_243' title='bbox 1521 3944 1644 3999; x_wconf 88' lang='grc'>574.</span> <span class='ocrx_word' id='word_1_244' title='bbox 1684 3941 1935 4014; x_wconf 89' lang='lat' dir='ltr'>(Hieron.</span> <span class='ocrx_word' id='word_1_245' title='bbox 1958 3942 2134 3997; x_wconf 84' lang='lat' dir='ltr'>Chro-</span> 
     </span>
    </p>
   </div>
   <div class='ocr_carea' id='block_1_37' title="bbox 561 4032 2131 4109">
    <p class='ocr_par' dir='ltr' id='par_1_37' title="bbox 561 4032 2131 4109">
     <span class='ocr_line' id='line_1_37' title="bbox 561 4032 2131 4109; baseline -0.006 -13"><span class='ocrx_word' id='word_1_246' title='bbox 561 4036 766 4100; x_wconf 83' lang='lat' dir='ltr'>nicon.)</span> <span class='ocrx_word' id='word_1_247' title='bbox 800 4038 945 4094; x_wconf 90' lang='lat' dir='ltr'>ldem</span> <span class='ocrx_word' id='word_1_248' title='bbox 973 4037 1119 4109; x_wconf 92' lang='lat' dir='ltr'>quod</span> <span class='ocrx_word' id='word_1_249' title='bbox 1148 4036 1424 4091; x_wconf 87' lang='lat' dir='ltr'>Palladius</span> <span class='ocrx_word' id='word_1_250' title='bbox 1449 4034 1627 4107; x_wconf 88' lang='lat' dir='ltr'>(Hist.</span> <span class='ocrx_word' id='word_1_251' title='bbox 1654 4033 1821 4090; x_wconf 85' lang='lat' dir='ltr'>Laus.</span> <span class='ocrx_word' id='word_1_252' title='bbox 1845 4049 1967 4106; x_wconf 88' lang='lat' dir='ltr'>cap.</span> <span class='ocrx_word' id='word_1_253' title='bbox 1994 4032 2131 4104; x_wconf 94' lang='grc'>117)</span> 
     </span>
    </p>
   </div>
   <div class='ocr_carea' id='block_1_38' title="bbox 563 4124 2132 4198">
    <p class='ocr_par' dir='ltr' id='par_1_38' title="bbox 563 4124 2132 4198">
     <span class='ocr_line' id='line_1_38' title="bbox 563 4124 2132 4198; baseline -0.005 -11"><span class='ocrx_word' id='word_1_254' title='bbox 563 4132 788 4197; x_wconf 87' lang='lat' dir='ltr'>iudicat,</span> <span class='ocrx_word' id='word_1_255' title='bbox 811 4130 1077 4184; x_wconf 87' lang='lat' dir='ltr'>Paulinus</span> <span class='ocrx_word' id='word_1_256' title='bbox 1112 4127 1355 4183; x_wconf 84' lang='lat' dir='ltr'>Nolanus</span> <span class='ocrx_word' id='word_1_257' title='bbox 1386 4126 1547 4198; x_wconf 90' lang='lat' dir='ltr'>(Opp.</span> <span class='ocrx_word' id='word_1_258' title='bbox 1568 4126 1657 4182; x_wconf 84' lang='lat' dir='ltr'>ed.</span> <span class='ocrx_word' id='word_1_259' title='bbox 1684 4126 1905 4181; x_wconf 91' lang='lat' dir='ltr'>Lebrun</span> <span class='ocrx_word' id='word_1_260' title='bbox 1928 4141 2015 4195; x_wconf 91' lang='lat' dir='ltr'>ep.</span> <span class='ocrx_word' id='word_1_261' title='bbox 2040 4124 2132 4193; x_wconf 77' lang='grc'>29)</span> 
     </span>
    </p>
   </div>
   <div class='ocr_carea' id='block_1_39' title="bbox 562 4219 2134 4295">
    <p class='ocr_par' dir='ltr' id='par_1_39' title="bbox 562 4219 2134 4295">
     <span class='ocr_line' id='line_1_39' title="bbox 562 4219 2134 4295; baseline -0.006 -15"><span class='ocrx_word' id='word_1_262' title='bbox 562 4241 673 4280; x_wconf 90' lang='lat' dir='ltr'>non</span> <span class='ocrx_word' id='word_1_263' title='bbox 699 4230 880 4295; x_wconf 77' lang='lat' dir='ltr'>negat.</span> <span class='ocrx_word' id='word_1_264' title='bbox 906 4221 1171 4277; x_wconf 86' lang='lat' dir='ltr'>Paulinus</span> <span class='ocrx_word' id='word_1_265' title='bbox 1198 4221 1260 4288; x_wconf 78' lang='lat' dir='ltr'>(l.</span> <span class='ocrx_word' id='word_1_266' title='bbox 1288 4220 1349 4292; x_wconf 87' lang='grc' dir='ltr'>ι.)</span> <span class='ocrx_word' id='word_1_267' title='bbox 1378 4220 1666 4275; x_wconf 82' lang='lat' dir='ltr'>Melaniam</span> <span class='ocrx_word' id='word_1_268' title='bbox 1693 4237 1712 4271; x_wconf 71' lang='grc' dir='ltr'>ι</span> <span class='ocrx_word' id='word_1_269' title='bbox 1741 4228 1864 4289; x_wconf 90' lang='lat' dir='ltr'>post</span> <span class='ocrx_word' id='word_1_270' title='bbox 1890 4219 2134 4289; x_wconf 89' lang='lat' dir='ltr'>quinque</span> 
     </span>
    </p>
   </div>
   <div class='ocr_carea' id='block_1_40' title="bbox 564 4311 2130 4381">
    <p class='ocr_par' dir='ltr' id='par_1_40' title="bbox 564 4311 2130 4381">
     <span class='ocr_line' id='line_1_40' title="bbox 564 4311 2130 4381; baseline -0.007 -6"><span class='ocrx_word' id='word_1_271' title='bbox 564 4321 740 4375; x_wconf 87' lang='lat' dir='ltr'>lustra</span> <span class='ocrx_word' id='word_1_272' title='bbox 773 4338 793 4372; x_wconf 73' lang='grc' dir='ltr'><strong><em>ι</em></strong></span> <span class='ocrx_word' id='word_1_273' title='bbox 831 4319 1058 4372; x_wconf 80' lang='lat' dir='ltr'>Romam</span> <span class='ocrx_word' id='word_1_274' title='bbox 1090 4331 1368 4372; x_wconf 89' lang='lat' dir='ltr'>remeasse</span> <span class='ocrx_word' id='word_1_275' title='bbox 1402 4316 1498 4381; x_wconf 89' lang='lat' dir='ltr'>ait,</span> <span class='ocrx_word' id='word_1_276' title='bbox 1533 4328 1765 4369; x_wconf 89' lang='lat' dir='ltr'>numero</span> <span class='ocrx_word' id='word_1_277' title='bbox 1793 4328 1927 4368; x_wconf 91' lang='lat' dir='ltr'>usus</span> <span class='ocrx_word' id='word_1_278' title='bbox 1952 4311 2130 4381; x_wconf 89' lang='lat' dir='ltr'>pleno,</span> 
     </span>
    </p>
   </div>
   <div class='ocr_carea' id='block_1_41' title="bbox 562 4403 2135 4484">
    <p class='ocr_par' dir='ltr' id='par_1_41' title="bbox 562 4403 2135 4484">
     <span class='ocr_line' id='line_1_41' title="bbox 562 4403 2135 4484; baseline -0.008 -14"><span class='ocrx_word' id='word_1_279' title='bbox 562 4416 656 4484; x_wconf 90' lang='lat' dir='ltr'>qui</span> <span class='ocrx_word' id='word_1_280' title='bbox 701 4429 813 4468; x_wconf 92' lang='lat' dir='ltr'>non</span> <span class='ocrx_word' id='word_1_281' title='bbox 865 4408 1166 4481; x_wconf 80' lang='lat' dir='ltr'>urgendus,</span> <span class='ocrx_word' id='word_1_282' title='bbox 1196 4410 1291 4463; x_wconf 87' lang='lat' dir='ltr'>sed</span> <span class='ocrx_word' id='word_1_283' title='bbox 1337 4407 1406 4462; x_wconf 88' lang='lat' dir='ltr'>ad</span> <span class='ocrx_word' id='word_1_284' title='bbox 1452 4406 1854 4462; x_wconf 90' lang='lat' dir='ltr'>accuratiorem</span> <span class='ocrx_word' id='word_1_285' title='bbox 1902 4403 2135 4458; x_wconf 88' lang='lat' dir='ltr'>Palladii</span> 
     </span>
    </p>
   </div>
   <div class='ocr_carea' id='block_1_42' title="bbox 564 4495 2136 4572">
    <p class='ocr_par' dir='ltr' id='par_1_42' title="bbox 564 4495 2136 4572">
     <span class='ocr_line' id='line_1_42' title="bbox 564 4495 2136 4572; baseline -0.006 -12"><span class='ocrx_word' id='word_1_286' title='bbox 564 4519 833 4561; x_wconf 80' lang='lat' dir='ltr'>Summam</span> <span class='ocrx_word' id='word_1_287' title='bbox 868 4501 1225 4572; x_wconf 75' lang='lat' dir='ltr'>explicandus</span> <span class='ocrx_word' id='word_1_288' title='bbox 1258 4511 1362 4554; x_wconf 88' lang='lat' dir='ltr'>est.</span> <span class='ocrx_word' id='word_1_289' title='bbox 1410 4499 1541 4554; x_wconf 91' lang='lat' dir='ltr'>Inde</span> <span class='ocrx_word' id='word_1_290' title='bbox 1591 4512 1743 4563; x_wconf 88' lang='lat' dir='ltr'>vero,</span> <span class='ocrx_word' id='word_1_291' title='bbox 1771 4495 1917 4567; x_wconf 90' lang='lat' dir='ltr'>quod</span> <span class='ocrx_word' id='word_1_292' title='bbox 1955 4496 2136 4551; x_wconf 86' lang='lat' dir='ltr'>editus</span> 
     </span>
    </p>
   </div>
   <div class='ocr_carea' id='block_1_43' title="bbox 562 4592 2135 4667">
    <p class='ocr_par' dir='ltr' id='par_1_43' title="bbox 562 4592 2135 4667">
     <span class='ocr_line' id='line_1_43' title="bbox 562 4592 2135 4667; baseline -0.004 -16"><span class='ocrx_word' id='word_1_293' title='bbox 562 4596 792 4651; x_wconf 85' lang='lat' dir='ltr'>Palladii</span> <span class='ocrx_word' id='word_1_294' title='bbox 821 4604 1006 4652; x_wconf 81' lang='lat' dir='ltr'>textus</span> <span class='ocrx_word' id='word_1_295' title='bbox 1032 4598 1176 4667; x_wconf 89' lang='lat' dir='ltr'>(cap.</span> <span class='ocrx_word' id='word_1_296' title='bbox 1213 4596 1338 4664; x_wconf 87' lang='grc'>119)</span> <span class='ocrx_word' id='word_1_297' title='bbox 1371 4596 1564 4659; x_wconf 87' lang='lat' dir='ltr'>habet,</span> <span class='ocrx_word' id='word_1_298' title='bbox 1596 4592 1882 4648; x_wconf 85' lang='lat' dir='ltr'>Melaniam</span> <span class='ocrx_word' id='word_1_299' title='bbox 1910 4592 2135 4662; x_wconf 78' lang='lat' dir='ltr'>triginta</span> 
     </span>
    </p>
   </div>
   <div class='ocr_carea' id='block_1_44' title="bbox 564 4687 2133 4758">
    <p class='ocr_par' dir='ltr' id='par_1_44' title="bbox 564 4687 2133 4758">
     <span class='ocr_line' id='line_1_44' title="bbox 564 4687 2133 4758; baseline -0.005 -14"><span class='ocrx_word' id='word_1_300' title='bbox 564 4698 769 4758; x_wconf 88' lang='lat' dir='ltr'>septem</span> <span class='ocrx_word' id='word_1_301' title='bbox 803 4702 977 4744; x_wconf 90' lang='lat' dir='ltr'>annos</span> <span class='ocrx_word' id='word_1_302' title='bbox 1012 4688 1255 4757; x_wconf 85' lang='lat' dir='ltr'>hospites</span> <span class='ocrx_word' id='word_1_303' title='bbox 1286 4687 1592 4757; x_wconf 81' lang='lat' dir='ltr'>excepisse,</span> <span class='ocrx_word' id='word_1_304' title='bbox 1625 4698 1973 4755; x_wconf 84' lang='lat' dir='ltr'>nequaquam</span> <span class='ocrx_word' id='word_1_305' title='bbox 2007 4698 2133 4737; x_wconf 88' lang='lat' dir='ltr'>cum</span> 
     </span>
    </p>
   </div>
   <div class='ocr_carea' id='block_1_45' title="bbox 562 4777 2138 4848">
    <p class='ocr_par' dir='ltr' id='par_1_45' title="bbox 562 4777 2138 4848">
     <span class='ocr_line' id='line_1_45' title="bbox 562 4777 2138 4848; baseline -0.004 -11"><span class='ocrx_word' id='word_1_306' title='bbox 562 4782 909 4837; x_wconf 87' lang='lat' dir='ltr'>Tillemoutio</span> <span class='ocrx_word' id='word_1_307' title='bbox 947 4787 1176 4846; x_wconf 79' lang='lat' dir='ltr'>statuas,</span> <span class='ocrx_word' id='word_1_308' title='bbox 1204 4793 1323 4835; x_wconf 84' lang='lat' dir='ltr'>eam</span> <span class='ocrx_word' id='word_1_309' title='bbox 1370 4779 1559 4833; x_wconf 89' lang='lat' dir='ltr'>decem</span> <span class='ocrx_word' id='word_1_310' title='bbox 1604 4792 1779 4834; x_wconf 88' lang='lat' dir='ltr'>annos</span> <span class='ocrx_word' id='word_1_311' title='bbox 1809 4778 1865 4832; x_wconf 91' lang='lat' dir='ltr'>in</span> <span class='ocrx_word' id='word_1_312' title='bbox 1892 4777 2138 4848; x_wconf 79' lang='lat' dir='ltr'>Aegypto</span> 
     </span>
    </p>
   </div>
   <div class='ocr_carea' id='block_1_46' title="bbox 565 4870 2137 4945">
    <p class='ocr_par' dir='ltr' id='par_1_46' title="bbox 565 4870 2137 4945">
     <span class='ocr_line' id='line_1_46' title="bbox 565 4870 2137 4945; baseline -0.003 -17"><span class='ocrx_word' id='word_1_313' title='bbox 565 4890 783 4945; x_wconf 86' lang='lat' dir='ltr'>quoque</span> <span class='ocrx_word' id='word_1_314' title='bbox 810 4874 1098 4937; x_wconf 78' lang='lat' dir='ltr'>mansisse,</span> <span class='ocrx_word' id='word_1_315' title='bbox 1119 4888 1285 4943; x_wconf 90' lang='lat' dir='ltr'>quum</span> <span class='ocrx_word' id='word_1_316' title='bbox 1309 4880 1558 4944; x_wconf 80' lang='lat' dir='ltr'>apertum</span> <span class='ocrx_word' id='word_1_317' title='bbox 1582 4885 1824 4925; x_wconf 89' lang='lat' dir='ltr'>errorem</span> <span class='ocrx_word' id='word_1_318' title='bbox 1849 4870 2137 4938; x_wconf 88' lang='lat' dir='ltr'>scriptoris</span> 
     </span>
    </p>
   </div>
   <div class='ocr_carea' id='block_1_47' title="bbox 566 4962 2137 5034">
    <p class='ocr_par' dir='ltr' id='par_1_47' title="bbox 566 4962 2137 5034">
     <span class='ocr_line' id='line_1_47' title="bbox 566 4962 2137 5034; baseline -0.004 -14"><span class='ocrx_word' id='word_1_319' title='bbox 566 4967 655 5020; x_wconf 88' lang='lat' dir='ltr'>hic</span> <span class='ocrx_word' id='word_1_320' title='bbox 681 4963 1176 5034; x_wconf 89' lang='lat' dir='ltr'>deprehendamus,</span> <span class='ocrx_word' id='word_1_321' title='bbox 1204 4964 1299 5033; x_wconf 89' lang='lat' dir='ltr'>qui</span> <span class='ocrx_word' id='word_1_322' title='bbox 1332 4979 1432 5034; x_wconf 89' lang='lat' dir='ltr'>pro</span> <span class='ocrx_word' id='word_1_323' title='bbox 1456 4963 1685 5034; x_wconf 71' lang='lat' dir='ltr'>xq&#39;,i.e.</span> <span class='ocrx_word' id='word_1_324' title='bbox 1715 4962 1903 5031; x_wconf 81' lang='lat' dir='ltr'>viginti</span> <span class='ocrx_word' id='word_1_325' title='bbox 1930 4967 2137 5031; x_wconf 88' lang='lat' dir='ltr'>septem</span> 
     </span>
    </p>
   </div>
   <div class='ocr_carea' id='block_1_48' title="bbox 566 5048 2137 5128">
    <p class='ocr_par' dir='ltr' id='par_1_48' title="bbox 566 5048 2137 5128">
     <span class='ocr_line' id='line_1_48' title="bbox 566 5048 2137 5128; baseline -0.003 -18"><span class='ocrx_word' id='word_1_326' title='bbox 566 5048 929 5128; x_wconf 57' lang='lat' dir='ltr'>posueritkq&#39;,</span> <span class='ocrx_word' id='word_1_327' title='bbox 953 5056 989 5111; x_wconf 93' lang='lat' dir='ltr'>i.</span> <span class='ocrx_word' id='word_1_328' title='bbox 1019 5071 1071 5110; x_wconf 89' lang='lat' dir='ltr'>e.</span> <span class='ocrx_word' id='word_1_329' title='bbox 1109 5055 1331 5124; x_wconf 80' lang='lat' dir='ltr'>triginta</span> <span class='ocrx_word' id='word_1_330' title='bbox 1365 5063 1590 5125; x_wconf 88' lang='lat' dir='ltr'>septem.</span> <span class='ocrx_word' id='word_1_331' title='bbox 1627 5052 1773 5109; x_wconf 87' lang='lat' dir='ltr'>Haec</span> <span class='ocrx_word' id='word_1_332' title='bbox 1800 5054 1869 5109; x_wconf 94' lang='lat' dir='ltr'>de</span> <span class='ocrx_word' id='word_1_333' title='bbox 1907 5051 2137 5107; x_wconf 83' lang='lat' dir='ltr'>Melania</span> 
     </span>
    </p>
   </div>
   <div class='ocr_carea' id='block_1_49' title="bbox 564 5146 2135 5218">
    <p class='ocr_par' dir='ltr' id='par_1_49' title="bbox 564 5146 2135 5218">
     <span class='ocr_line' id='line_1_49' title="bbox 564 5146 2135 5218; baseline -0.001 -16"><span class='ocrx_word' id='word_1_334' title='bbox 564 5150 967 5210; x_wconf 87' lang='lat' dir='ltr'>annotavimus.</span> <span class='ocrx_word' id='word_1_335' title='bbox 986 5149 1115 5218; x_wconf 89' lang='lat' dir='ltr'>quia</span> <span class='ocrx_word' id='word_1_336' title='bbox 1142 5148 1198 5201; x_wconf 92' lang='lat' dir='ltr'>in</span> <span class='ocrx_word' id='word_1_337' title='bbox 1226 5148 1330 5202; x_wconf 87' lang='lat' dir='ltr'>hoc</span> <span class='ocrx_word' id='word_1_338' title='bbox 1356 5149 1536 5217; x_wconf 90' lang='lat' dir='ltr'>capite</span> <span class='ocrx_word' id='word_1_339' title='bbox 1561 5147 1971 5203; x_wconf 83' lang='lat' dir='ltr'>&#39;l‘illemontium</span> <span class='ocrx_word' id='word_1_340' title='bbox 2001 5146 2135 5217; x_wconf 78' lang='grc' dir='ltr'>(Μέ-</span> 
     </span>
    </p>
   </div>
   <div class='ocr_carea' id='block_1_50' title="bbox 565 5238 2133 5311">
    <p class='ocr_par' dir='ltr' id='par_1_50' title="bbox 565 5238 2133 5311">
     <span class='ocr_line' id='line_1_50' title="bbox 565 5238 2133 5311; baseline -0.001 -15"><span class='ocrx_word' id='word_1_341' title='bbox 565 5242 769 5296; x_wconf 90' lang='lat' dir='ltr'>moires</span> <span class='ocrx_word' id='word_1_342' title='bbox 813 5240 900 5295; x_wconf 91' lang='lat' dir='ltr'>ed.</span> <span class='ocrx_word' id='word_1_343' title='bbox 953 5241 1127 5295; x_wconf 89' lang='lat' dir='ltr'>Paris.</span> <span class='ocrx_word' id='word_1_344' title='bbox 1173 5239 1237 5295; x_wconf 89' lang='lat' dir='ltr'>T.</span> <span class='ocrx_word' id='word_1_345' title='bbox 1285 5239 1331 5293; x_wconf 77' lang='grc' dir='ltr'><strong>Χ</strong></span> <span class='ocrx_word' id='word_1_346' title='bbox 1376 5256 1431 5310; x_wconf 92' lang='lat' dir='ltr'>p.</span> <span class='ocrx_word' id='word_1_347' title='bbox 1482 5240 1609 5295; x_wconf 88' lang='grc'>596.</span> <span class='ocrx_word' id='word_1_348' title='bbox 1650 5257 1771 5311; x_wconf 88' lang='lat' dir='ltr'>sqq.</span> <span class='ocrx_word' id='word_1_349' title='bbox 1819 5240 1917 5296; x_wconf 73' lang='grc'>821</span> <span class='ocrx_word' id='word_1_350' title='bbox 1962 5238 2133 5311; x_wconf 87' lang='lat' dir='ltr'>sqq.),</span> 
     </span>
    </p>
   </div>
   <div class='ocr_carea' id='block_1_51' title="bbox 566 5330 2131 5403">
    <p class='ocr_par' dir='ltr' id='par_1_51' title="bbox 566 5330 2131 5403">
     <span class='ocr_line' id='line_1_51' title="bbox 566 5330 2131 5403; baseline -0.003 -16"><span class='ocrx_word' id='word_1_351' title='bbox 566 5332 909 5389; x_wconf 85' lang='lat' dir='ltr'>Rosvveidum</span> <span class='ocrx_word' id='word_1_352' title='bbox 928 5332 1129 5403; x_wconf 87' lang='lat' dir='ltr'>(Ruﬁni</span> <span class='ocrx_word' id='word_1_353' title='bbox 1158 5342 1211 5387; x_wconf 92' lang='lat' dir='ltr'>et</span> <span class='ocrx_word' id='word_1_354' title='bbox 1238 5332 1498 5388; x_wconf 83' lang='lat' dir='ltr'>Melaniae</span> <span class='ocrx_word' id='word_1_355' title='bbox 1524 5334 1887 5403; x_wconf 82' lang='lat' dir='ltr'>peregrinatio</span> <span class='ocrx_word' id='word_1_356' title='bbox 1903 5330 2131 5387; x_wconf 86' lang='lat' dir='ltr'>VV.PP.</span> 
     </span>
    </p>
   </div>
   <div class='ocr_carea' id='block_1_52' title="bbox 566 5423 2133 5496">
    <p class='ocr_par' dir='ltr' id='par_1_52' title="bbox 566 5423 2133 5496">
     <span class='ocr_line' id='line_1_52' title="bbox 566 5423 2133 5496; baseline 0.001 -19"><span class='ocrx_word' id='word_1_357' title='bbox 566 5442 618 5496; x_wconf 79' lang='grc' dir='ltr'>ρ.</span> <span class='ocrx_word' id='word_1_358' title='bbox 655 5426 760 5477; x_wconf 73' lang='lat'>49.3</span> <span class='ocrx_word' id='word_1_359' title='bbox 795 5428 942 5495; x_wconf 71' lang='lat' dir='ltr'>sqq.)</span> <span class='ocrx_word' id='word_1_360' title='bbox 976 5432 1032 5479; x_wconf 87' lang='lat' dir='ltr'>et</span> <span class='ocrx_word' id='word_1_361' title='bbox 1077 5425 1417 5495; x_wconf 81' lang='lat' dir='ltr'>Stillingium</span> <span class='ocrx_word' id='word_1_362' title='bbox 1454 5423 1598 5481; x_wconf 80' lang='lat' dir='ltr'>(Vita</span> <span class='ocrx_word' id='word_1_363' title='bbox 1640 5424 1696 5479; x_wconf 88' lang='lat' dir='ltr'>S.</span> <span class='ocrx_word' id='word_1_364' title='bbox 1737 5425 1984 5490; x_wconf 82' lang='lat' dir='ltr'>Hieron.,</span> <span class='ocrx_word' id='word_1_365' title='bbox 2019 5424 2133 5479; x_wconf 82' lang='lat' dir='ltr'>AA.</span> 
     </span>
    </p>
   </div>
   <div class='ocr_carea' id='block_1_53' title="bbox 565 5514 2138 5587">
    <p class='ocr_par' dir='ltr' id='par_1_53' title="bbox 565 5514 2138 5587">
     <span class='ocr_line' id='line_1_53' title="bbox 565 5514 2138 5587; baseline 0.001 -18"><span class='ocrx_word' id='word_1_366' title='bbox 565 5516 667 5569; x_wconf 77' lang='lat' dir='ltr'>SS.</span> <span class='ocrx_word' id='word_1_367' title='bbox 696 5516 830 5569; x_wconf 87' lang='lat' dir='ltr'>Boll.</span> <span class='ocrx_word' id='word_1_368' title='bbox 865 5514 1016 5585; x_wconf 84' lang='lat' dir='ltr'>Sept.</span> <span class='ocrx_word' id='word_1_369' title='bbox 1048 5515 1114 5571; x_wconf 95' lang='grc' dir='ltr'>Τ.</span> <span class='ocrx_word' id='word_1_370' title='bbox 1144 5514 1259 5570; x_wconf 77' lang='lat' dir='ltr'>Vill</span> <span class='ocrx_word' id='word_1_371' title='bbox 1295 5533 1347 5587; x_wconf 90' lang='lat' dir='ltr'>p.</span> <span class='ocrx_word' id='word_1_372' title='bbox 1381 5516 1486 5570; x_wconf 69' lang='lat'>552</span> <span class='ocrx_word' id='word_1_373' title='bbox 1512 5515 1681 5587; x_wconf 66' lang='lat' dir='ltr'>sqq),</span> <span class='ocrx_word' id='word_1_374' title='bbox 1707 5517 1835 5572; x_wconf 79' lang='lat' dir='ltr'>licet</span> <span class='ocrx_word' id='word_1_375' title='bbox 1862 5517 1963 5587; x_wconf 88' lang='lat' dir='ltr'>ipsi</span> <span class='ocrx_word' id='word_1_376' title='bbox 1995 5517 2138 5571; x_wconf 90' lang='lat' dir='ltr'>inter</span> 
     </span>
    </p>
   </div>
   <div class='ocr_carea' id='block_1_54' title="bbox 566 5607 2133 5678">
    <p class='ocr_par' dir='ltr' id='par_1_54' title="bbox 566 5607 2133 5678">
     <span class='ocr_line' id='line_1_54' title="bbox 566 5607 2133 5678; baseline -0.001 -14"><span class='ocrx_word' id='word_1_377' title='bbox 566 5626 623 5664; x_wconf 81' lang='lat' dir='ltr'>se</span> <span class='ocrx_word' id='word_1_378' title='bbox 656 5609 883 5662; x_wconf 89' lang='lat' dir='ltr'>multum</span> <span class='ocrx_word' id='word_1_379' title='bbox 923 5607 1255 5677; x_wconf 77' lang='lat' dir='ltr'>discrepent,</span> <span class='ocrx_word' id='word_1_380' title='bbox 1289 5609 1525 5678; x_wconf 78' lang='lat' dir='ltr'>graviter</span> <span class='ocrx_word' id='word_1_381' title='bbox 1554 5624 1769 5664; x_wconf 87' lang='lat' dir='ltr'>errasse</span> <span class='ocrx_word' id='word_1_382' title='bbox 1806 5609 2133 5663; x_wconf 90' lang='lat' dir='ltr'>invenimus.</span> 
     </span>
    </p>
   </div>
   <div class='ocr_carea' id='block_1_55' title="bbox 567 5700 2137 5772">
    <p class='ocr_par' dir='ltr' id='par_1_55' title="bbox 567 5700 2137 5772">
     <span class='ocr_line' id='line_1_55' title="bbox 567 5700 2137 5772; baseline 0.001 -18"><span class='ocrx_word' id='word_1_383' title='bbox 567 5701 851 5770; x_wconf 72' lang='lat' dir='ltr'>Superest,</span> <span class='ocrx_word' id='word_1_384' title='bbox 898 5708 959 5754; x_wconf 94' lang='lat' dir='ltr'>ut</span> <span class='ocrx_word' id='word_1_385' title='bbox 1007 5709 1358 5764; x_wconf 82' lang='lat' dir='ltr'>annotemus,</span> <span class='ocrx_word' id='word_1_386' title='bbox 1404 5700 1663 5754; x_wconf 85' lang='lat' dir='ltr'>Ruﬁnum</span> <span class='ocrx_word' id='word_1_387' title='bbox 1713 5717 1871 5756; x_wconf 77' lang='lat' dir='ltr'>senes</span> <span class='ocrx_word' id='word_1_388' title='bbox 1920 5716 2137 5772; x_wconf 90' lang='lat' dir='ltr'>quoque</span> 
     </span>
    </p>
   </div>
   <div class='ocr_carea' id='block_1_56' title="bbox 569 5792 2137 5865">
    <p class='ocr_par' dir='ltr' id='par_1_56' title="bbox 569 5792 2137 5865">
     <span class='ocr_line' id='line_1_56' title="bbox 569 5792 2137 5865; baseline -0.003 -14"><span class='ocrx_word' id='word_1_389' title='bbox 569 5793 989 5865; x_wconf 73' lang='lat' dir='ltr'>Mesopotamiae</span> <span class='ocrx_word' id='word_1_390' title='bbox 1011 5811 1028 5844; x_wconf 73' lang='grc' dir='ltr'>ε</span> <span class='ocrx_word' id='word_1_391' title='bbox 1056 5792 1197 5863; x_wconf 86' lang='lat' dir='ltr'>apud</span> <span class='ocrx_word' id='word_1_392' title='bbox 1232 5792 1491 5850; x_wconf 80' lang='lat' dir='ltr'>Edessam</span> <span class='ocrx_word' id='word_1_393' title='bbox 1523 5802 1577 5849; x_wconf 90' lang='lat' dir='ltr'>ct</span> <span class='ocrx_word' id='word_1_394' title='bbox 1604 5793 1657 5847; x_wconf 92' lang='lat' dir='ltr'>in</span> <span class='ocrx_word' id='word_1_395' title='bbox 1688 5792 1978 5849; x_wconf 83' lang='lat' dir='ltr'>Carrarum</span> <span class='ocrx_word' id='word_1_396' title='bbox 2010 5807 2137 5864; x_wconf 88' lang='lat' dir='ltr'>par-</span> 
     </span>
    </p>
   </div>
   <div class='ocr_carea' id='block_1_57' title="bbox 2205 494 3764 579">
    <p class='ocr_par' dir='ltr' id='par_1_57' title="bbox 2205 494 3764 579">
     <span class='ocr_line' id='line_1_57' title="bbox 2205 494 3764 579; baseline -0.012 -8"><span class='ocrx_word' id='word_1_397' title='bbox 2205 509 2397 571; x_wconf 80' lang='lat' dir='ltr'>fuisse</span> <span class='ocrx_word' id='word_1_398' title='bbox 2428 525 2557 570; x_wconf 90' lang='lat' dir='ltr'>non</span> <span class='ocrx_word' id='word_1_399' title='bbox 2587 505 2847 567; x_wconf 89' lang='lat' dir='ltr'>dubium</span> <span class='ocrx_word' id='word_1_400' title='bbox 2884 506 2997 573; x_wconf 89' lang='lat' dir='ltr'>est,</span> <span class='ocrx_word' id='word_1_401' title='bbox 3032 505 3101 560; x_wconf 91' lang='lat' dir='ltr'>ut</span> <span class='ocrx_word' id='word_1_402' title='bbox 3138 514 3249 579; x_wconf 89' lang='lat' dir='ltr'>per</span> <span class='ocrx_word' id='word_1_403' title='bbox 3289 494 3454 556; x_wconf 88' lang='lat' dir='ltr'>illius</span> <span class='ocrx_word' id='word_1_404' title='bbox 3493 494 3764 556; x_wconf 88' lang='lat' dir='ltr'>occasio-</span> 
     </span>
    </p>
   </div>
   <div class='ocr_carea' id='block_1_58' title="bbox 2207 590 3760 685">
    <p class='ocr_par' dir='ltr' id='par_1_58' title="bbox 2207 590 3760 685">
     <span class='ocr_line' id='line_1_58' title="bbox 2207 590 3760 685; baseline -0.013 -14"><span class='ocrx_word' id='word_1_405' title='bbox 2207 626 2353 671; x_wconf 91' lang='lat' dir='ltr'>nem</span> <span class='ocrx_word' id='word_1_406' title='bbox 2384 616 2649 681; x_wconf 90' lang='lat' dir='ltr'>ceteros,</span> <span class='ocrx_word' id='word_1_407' title='bbox 2673 620 2832 685; x_wconf 92' lang='lat' dir='ltr'>quos</span> <span class='ocrx_word' id='word_1_408' title='bbox 2860 605 3177 682; x_wconf 89' lang='lat' dir='ltr'>posuerat,</span> <span class='ocrx_word' id='word_1_409' title='bbox 3202 593 3547 657; x_wconf 87' lang='lat' dir='ltr'>haereticos</span> <span class='ocrx_word' id='word_1_410' title='bbox 3578 590 3760 652; x_wconf 89' lang='lat' dir='ltr'>eccle-</span> 
     </span>
    </p>
   </div>
   <div class='ocr_carea' id='block_1_59' title="bbox 2207 691 3768 783">
    <p class='ocr_par' dir='ltr' id='par_1_59' title="bbox 2207 691 3768 783">
     <span class='ocr_line' id='line_1_59' title="bbox 2207 691 3768 783; baseline -0.013 -12"><span class='ocrx_word' id='word_1_411' title='bbox 2207 710 2335 771; x_wconf 91' lang='lat' dir='ltr'>siae</span> <span class='ocrx_word' id='word_1_412' title='bbox 2378 706 2806 769; x_wconf 89' lang='lat' dir='ltr'>introduceret</span> <span class='ocrx_word' id='word_1_413' title='bbox 2853 701 2959 783; x_wconf 88' lang='lat'>(3).</span> <span class='ocrx_word' id='word_1_414' title='bbox 2996 722 3024 756; x_wconf 83' lang='grc'>»</span> <span class='ocrx_word' id='word_1_415' title='bbox 3071 697 3257 759; x_wconf 90' lang='lat' dir='ltr'>Hisce</span> <span class='ocrx_word' id='word_1_416' title='bbox 3303 696 3364 755; x_wconf 91' lang='lat' dir='ltr'>S.</span> <span class='ocrx_word' id='word_1_417' title='bbox 3414 691 3768 769; x_wconf 82' lang='lat' dir='ltr'>Hieronymi</span> 
     </span>
    </p>
   </div>
   <div class='ocr_carea' id='block_1_60' title="bbox 2206 790 3768 887">
    <p class='ocr_par' dir='ltr' id='par_1_60' title="bbox 2206 790 3768 887">
     <span class='ocr_line' id='line_1_60' title="bbox 2206 790 3768 887; baseline -0.012 -16"><span class='ocrx_word' id='word_1_418' title='bbox 2206 809 2413 871; x_wconf 89' lang='lat' dir='ltr'>verbis</span> <span class='ocrx_word' id='word_1_419' title='bbox 2454 807 2606 887; x_wconf 92' lang='lat' dir='ltr'>quin</span> <span class='ocrx_word' id='word_1_420' title='bbox 2630 805 2783 870; x_wconf 89' lang='lat' dir='ltr'>liber</span> <span class='ocrx_word' id='word_1_421' title='bbox 2810 801 3141 872; x_wconf 87' lang='lat' dir='ltr'>indicetur,</span> <span class='ocrx_word' id='word_1_422' title='bbox 3180 811 3369 876; x_wconf 92' lang='lat' dir='ltr'>quem</span> <span class='ocrx_word' id='word_1_423' title='bbox 3418 790 3768 859; x_wconf 79' lang='lat' dir='ltr'>Rosweidus</span> 
     </span>
    </p>
   </div>
   <div class='ocr_carea' id='block_1_61' title="bbox 2212 888 3769 972">
    <p class='ocr_par' dir='ltr' id='par_1_61' title="bbox 2212 888 3769 972">
     <span class='ocr_line' id='line_1_61' title="bbox 2212 888 3769 972; baseline -0.009 -6"><span class='ocrx_word' id='word_1_424' title='bbox 2212 933 2241 966; x_wconf 88' lang='grc'>‹‹</span> <span class='ocrx_word' id='word_1_425' title='bbox 2269 907 2617 972; x_wconf 90' lang='lat' dir='ltr'>secundum</span> <span class='ocrx_word' id='word_1_426' title='bbox 2643 904 2871 964; x_wconf 90' lang='lat' dir='ltr'>librum</span> <span class='ocrx_word' id='word_1_427' title='bbox 2899 900 3025 961; x_wconf 86' lang='lat' dir='ltr'>VV.</span> <span class='ocrx_word' id='word_1_428' title='bbox 3054 899 3211 959; x_wconf 85' lang='lat' dir='ltr'>PP.»</span> <span class='ocrx_word' id='word_1_429' title='bbox 3244 891 3558 972; x_wconf 89' lang='lat' dir='ltr'>inscripsit</span> <span class='ocrx_word' id='word_1_430' title='bbox 3589 888 3692 971; x_wconf 83' lang='grc'>(4),</span> <span class='ocrx_word' id='word_1_431' title='bbox 3712 891 3769 952; x_wconf 89' lang='lat' dir='ltr'>in</span> 
     </span>
    </p>
   </div>
   <div class='ocr_carea' id='block_1_62' title="bbox 2212 994 3767 1092">
    <p class='ocr_par' dir='ltr' id='par_1_62' title="bbox 2212 994 3767 1092">
     <span class='ocr_line' id='line_1_62' title="bbox 2212 994 3767 1092; baseline -0.015 -17"><span class='ocrx_word' id='word_1_432' title='bbox 2212 1028 2339 1092; x_wconf 90' lang='lat' dir='ltr'>quo</span> <span class='ocrx_word' id='word_1_433' title='bbox 2365 1011 2444 1073; x_wconf 89' lang='lat' dir='ltr'>de</span> <span class='ocrx_word' id='word_1_434' title='bbox 2471 1011 2712 1072; x_wconf 86' lang='lat' dir='ltr'>Joanne</span> <span class='ocrx_word' id='word_1_435' title='bbox 2742 1004 2946 1085; x_wconf 92' lang='lat' dir='ltr'>primo</span> <span class='ocrx_word' id='word_1_436' title='bbox 2975 1001 3143 1074; x_wconf 92' lang='lat' dir='ltr'>loco,</span> <span class='ocrx_word' id='word_1_437' title='bbox 3177 995 3406 1060; x_wconf 90' lang='lat' dir='ltr'>deinde</span> <span class='ocrx_word' id='word_1_438' title='bbox 3436 994 3515 1055; x_wconf 92' lang='lat' dir='ltr'>de</span> <span class='ocrx_word' id='word_1_439' title='bbox 3538 996 3767 1053; x_wconf 86' lang='lat' dir='ltr'>Ammo-</span> 
     </span>
    </p>
   </div>
   <div class='ocr_carea' id='block_1_63' title="bbox 2212 1091 3768 1188">
    <p class='ocr_par' dir='ltr' id='par_1_63' title="bbox 2212 1091 3768 1188">
     <span class='ocr_line' id='line_1_63' title="bbox 2212 1091 3768 1188; baseline -0.015 -13"><span class='ocrx_word' id='word_1_440' title='bbox 2212 1091 2342 1183; x_wconf 75' lang='lat' dir='ltr'>iiio,</span> <span class='ocrx_word' id='word_1_441' title='bbox 2373 1109 2660 1188; x_wconf 78' lang='lat' dir='ltr'>Evagrio,</span> <span class='ocrx_word' id='word_1_442' title='bbox 2706 1107 2808 1180; x_wconf 90' lang='lat' dir='ltr'>Or,</span> <span class='ocrx_word' id='word_1_443' title='bbox 2840 1102 3103 1175; x_wconf 75' lang='lat' dir='ltr'>Isidoro,</span> <span class='ocrx_word' id='word_1_444' title='bbox 3154 1100 3261 1168; x_wconf 84' lang='lat'><strong>20</strong></span> <span class='ocrx_word' id='word_1_445' title='bbox 3303 1096 3440 1159; x_wconf 90' lang='lat' dir='ltr'>aliis</span> <span class='ocrx_word' id='word_1_446' title='bbox 3468 1091 3659 1154; x_wconf 90' lang='lat' dir='ltr'>multa</span> <span class='ocrx_word' id='word_1_447' title='bbox 3693 1091 3768 1154; x_wconf 86' lang='lat' dir='ltr'>le-</span> 
     </span>
    </p>
   </div>
   <div class='ocr_carea' id='block_1_64' title="bbox 2215 1193 3776 1289">
    <p class='ocr_par' dir='ltr' id='par_1_64' title="bbox 2215 1193 3776 1289">
     <span class='ocr_line' id='line_1_64' title="bbox 2215 1193 3776 1289; baseline -0.012 -16"><span class='ocrx_word' id='word_1_448' title='bbox 2215 1218 2467 1289; x_wconf 83' lang='lat' dir='ltr'>guntur,</span> <span class='ocrx_word' id='word_1_449' title='bbox 2513 1205 2779 1270; x_wconf 90' lang='lat' dir='ltr'>dubitari</span> <span class='ocrx_word' id='word_1_450' title='bbox 2825 1203 3062 1283; x_wconf 90' lang='lat' dir='ltr'>nequit.</span> <span class='ocrx_word' id='word_1_451' title='bbox 3105 1202 3348 1271; x_wconf 90' lang='lat' dir='ltr'>Fateor,</span> <span class='ocrx_word' id='word_1_452' title='bbox 3395 1195 3475 1257; x_wconf 91' lang='lat' dir='ltr'>de</span> <span class='ocrx_word' id='word_1_453' title='bbox 3518 1193 3776 1257; x_wconf 88' lang='lat' dir='ltr'>Eusebio</span> 
     </span>
    </p>
   </div>
   <div class='ocr_carea' id='block_1_65' title="bbox 2215 1294 3775 1391">
    <p class='ocr_par' dir='ltr' id='par_1_65' title="bbox 2215 1294 3775 1391">
     <span class='ocr_line' id='line_1_65' title="bbox 2215 1294 3775 1391; baseline -0.01 -17"><span class='ocrx_word' id='word_1_454' title='bbox 2215 1311 2470 1391; x_wconf 90' lang='lat' dir='ltr'>quidem</span> <span class='ocrx_word' id='word_1_455' title='bbox 2505 1315 2566 1371; x_wconf 89' lang='lat' dir='ltr'>et</span> <span class='ocrx_word' id='word_1_456' title='bbox 2613 1307 2693 1369; x_wconf 90' lang='lat' dir='ltr'>de</span> <span class='ocrx_word' id='word_1_457' title='bbox 2731 1303 3067 1384; x_wconf 89' lang='lat' dir='ltr'>Euthymio</span> <span class='ocrx_word' id='word_1_458' title='bbox 3115 1300 3269 1362; x_wconf 91' lang='lat' dir='ltr'>nihil</span> <span class='ocrx_word' id='word_1_459' title='bbox 3306 1296 3527 1360; x_wconf 92' lang='lat' dir='ltr'>haberi</span> <span class='ocrx_word' id='word_1_460' title='bbox 3571 1295 3637 1356; x_wconf 90' lang='lat' dir='ltr'>in</span> <span class='ocrx_word' id='word_1_461' title='bbox 3676 1294 3775 1358; x_wconf 92' lang='lat' dir='ltr'>illo</span> 
     </span>
    </p>
   </div>
   <div class='ocr_carea' id='block_1_66' title="bbox 2217 1395 3787 1474">
    <p class='ocr_par' dir='ltr' id='par_1_66' title="bbox 2217 1395 3787 1474">
     <span class='ocr_line' id='line_1_66' title="bbox 2217 1395 3787 1474; baseline -0.008 0"><span class='ocrx_word' id='word_1_462' title='bbox 2217 1409 2683 1474; x_wconf 84' lang='lat' dir='ltr'>Rosweidianae</span> <span class='ocrx_word' id='word_1_463' title='bbox 2726 1403 3115 1470; x_wconf 87' lang='lat' dir='ltr'>collectionis</span> <span class='ocrx_word' id='word_1_464' title='bbox 3151 1401 3310 1463; x_wconf 93' lang='lat' dir='ltr'>libro</span> <span class='ocrx_word' id='word_1_465' title='bbox 3362 1395 3640 1461; x_wconf 90' lang='lat' dir='ltr'>secundo</span> <span class='ocrx_word' id='word_1_466' title='bbox 3683 1406 3787 1461; x_wconf 88' lang='lat' dir='ltr'>:at</span> 
     </span>
    </p>
   </div>
   <div class='ocr_carea' id='block_1_67' title="bbox 2218 1497 3787 1589">
    <p class='ocr_par' dir='ltr' id='par_1_67' title="bbox 2218 1497 3787 1589">
     <span class='ocr_line' id='line_1_67' title="bbox 2218 1497 3787 1589; baseline -0.009 -15"><span class='ocrx_word' id='word_1_467' title='bbox 2218 1513 2279 1573; x_wconf 92' lang='lat' dir='ltr'>S.</span> <span class='ocrx_word' id='word_1_468' title='bbox 2312 1512 2766 1589; x_wconf 85' lang='lat' dir='ltr'>Hieronymum</span> <span class='ocrx_word' id='word_1_469' title='bbox 2817 1524 2890 1569; x_wconf 89' lang='lat' dir='ltr'>ea</span> <span class='ocrx_word' id='word_1_470' title='bbox 2935 1504 3194 1567; x_wconf 91' lang='lat' dir='ltr'>nomina</span> <span class='ocrx_word' id='word_1_471' title='bbox 3236 1518 3380 1564; x_wconf 92' lang='lat' dir='ltr'>cum</span> <span class='ocrx_word' id='word_1_472' title='bbox 3427 1497 3687 1575; x_wconf 80' lang='lat' dir='ltr'>Eulogio</span> <span class='ocrx_word' id='word_1_473' title='bbox 3728 1504 3787 1560; x_wconf 92' lang='lat' dir='ltr'>et</span> 
     </span>
    </p>
   </div>
   <div class='ocr_carea' id='block_1_68' title="bbox 2218 1597 3787 1694">
    <p class='ocr_par' dir='ltr' id='par_1_68' title="bbox 2218 1597 3787 1694">
     <span class='ocr_line' id='line_1_68' title="bbox 2218 1597 3787 1694; baseline -0.011 -18"><span class='ocrx_word' id='word_1_474' title='bbox 2218 1614 2509 1694; x_wconf 89' lang='lat' dir='ltr'>Didymo,</span> <span class='ocrx_word' id='word_1_475' title='bbox 2534 1612 2644 1693; x_wconf 90' lang='lat' dir='ltr'>qui</span> <span class='ocrx_word' id='word_1_476' title='bbox 2664 1611 2730 1671; x_wconf 92' lang='lat' dir='ltr'>in</span> <span class='ocrx_word' id='word_1_477' title='bbox 2749 1609 2911 1671; x_wconf 91' lang='lat' dir='ltr'>libro</span> <span class='ocrx_word' id='word_1_478' title='bbox 2931 1606 3226 1683; x_wconf 82' lang='lat' dir='ltr'>leguntur</span> <span class='ocrx_word' id='word_1_479' title='bbox 3250 1601 3356 1683; x_wconf 84' lang='lat'>(5),</span> <span class='ocrx_word' id='word_1_480' title='bbox 3380 1597 3787 1667; x_wconf 83' lang='lat' dir='ltr'>confundere,</span> 
     </span>
    </p>
   </div>
   <div class='ocr_carea' id='block_1_69' title="bbox 2220 1697 3788 1791">
    <p class='ocr_par' dir='ltr' id='par_1_69' title="bbox 2220 1697 3788 1791">
     <span class='ocr_line' id='line_1_69' title="bbox 2220 1697 3788 1791; baseline -0.013 -13"><span class='ocrx_word' id='word_1_481' title='bbox 2220 1724 2327 1778; x_wconf 90' lang='lat' dir='ltr'>aut</span> <span class='ocrx_word' id='word_1_482' title='bbox 2372 1711 2842 1791; x_wconf 90' lang='lat' dir='ltr'>corruptionem</span> <span class='ocrx_word' id='word_1_483' title='bbox 2890 1707 3076 1783; x_wconf 79' lang='lat' dir='ltr'>longa</span> <span class='ocrx_word' id='word_1_484' title='bbox 3122 1713 3479 1782; x_wconf 89' lang='lat' dir='ltr'>temporum</span> <span class='ocrx_word' id='word_1_485' title='bbox 3527 1698 3686 1761; x_wconf 91' lang='lat' dir='ltr'>serie</span> <span class='ocrx_word' id='word_1_486' title='bbox 3726 1697 3788 1759; x_wconf 92' lang='lat' dir='ltr'>in</span> 
     </span>
    </p>
   </div>
   <div class='ocr_carea' id='block_1_70' title="bbox 2220 1799 3781 1897">
    <p class='ocr_par' dir='ltr' id='par_1_70' title="bbox 2220 1799 3781 1897">
     <span class='ocr_line' id='line_1_70' title="bbox 2220 1799 3781 1897; baseline -0.013 -18"><span class='ocrx_word' id='word_1_487' title='bbox 2220 1818 2394 1897; x_wconf 90' lang='lat' dir='ltr'>ipsos</span> <span class='ocrx_word' id='word_1_488' title='bbox 2427 1813 2676 1877; x_wconf 85' lang='lat' dir='ltr'>codices</span> <span class='ocrx_word' id='word_1_489' title='bbox 2717 1816 2825 1873; x_wconf 87' lang='lat' dir='ltr'>aut</span> <span class='ocrx_word' id='word_1_490' title='bbox 2866 1808 3011 1870; x_wconf 90' lang='lat' dir='ltr'>libri</span> <span class='ocrx_word' id='word_1_491' title='bbox 3038 1812 3143 1869; x_wconf 90' lang='lat' dir='ltr'>aut</span> <span class='ocrx_word' id='word_1_492' title='bbox 3170 1806 3231 1865; x_wconf 94' lang='lat' dir='ltr'>S.</span> <span class='ocrx_word' id='word_1_493' title='bbox 3262 1800 3632 1880; x_wconf 82' lang='lat' dir='ltr'>Hieronymi</span> <span class='ocrx_word' id='word_1_494' title='bbox 3658 1799 3781 1881; x_wconf 88' lang='lat' dir='ltr'>epi-</span> 
     </span>
    </p>
   </div>
   <div class='ocr_carea' id='block_1_71' title="bbox 2220 1911 3477 1994">
    <p class='ocr_par' dir='ltr' id='par_1_71' title="bbox 2220 1911 3477 1994">
     <span class='ocr_line' id='line_1_71' title="bbox 2220 1911 3477 1994; baseline -0.013 -14"><span class='ocrx_word' id='word_1_495' title='bbox 2220 1917 2415 1980; x_wconf 91' lang='lat' dir='ltr'>stolae</span> <span class='ocrx_word' id='word_1_496' title='bbox 2444 1913 2794 1994; x_wconf 90' lang='lat' dir='ltr'>irrepsisse,</span> <span class='ocrx_word' id='word_1_497' title='bbox 2831 1914 3328 1972; x_wconf 90' lang='lat' dir='ltr'>consentaneum</span> <span class='ocrx_word' id='word_1_498' title='bbox 3363 1911 3477 1966; x_wconf 92' lang='lat' dir='ltr'>est.</span> 
     </span>
    </p>
   </div>
   <div class='ocr_carea' id='block_1_72' title="bbox 2297 2000 3785 2096">
    <p class='ocr_par' dir='ltr' id='par_1_72' title="bbox 2297 2000 3785 2096">
     <span class='ocr_line' id='line_1_72' title="bbox 2297 2000 3785 2096; baseline -0.012 -18"><span class='ocrx_word' id='word_1_499' title='bbox 2297 2020 2515 2096; x_wconf 90' lang='lat' dir='ltr'>Itaque</span> <span class='ocrx_word' id='word_1_500' title='bbox 2539 2012 2745 2075; x_wconf 90' lang='lat' dir='ltr'>verbis</span> <span class='ocrx_word' id='word_1_501' title='bbox 2788 2009 2911 2071; x_wconf 92' lang='lat' dir='ltr'>illis</span> <span class='ocrx_word' id='word_1_502' title='bbox 2954 2009 3015 2069; x_wconf 93' lang='lat' dir='ltr'>S.</span> <span class='ocrx_word' id='word_1_503' title='bbox 3048 2006 3472 2083; x_wconf 88' lang='lat' dir='ltr'>Hieronymus</span> <span class='ocrx_word' id='word_1_504' title='bbox 3502 2000 3785 2062; x_wconf 90' lang='lat' dir='ltr'>Ruﬁnum</span> 
     </span>
    </p>
   </div>
   <div class='ocr_carea' id='block_1_73' title="bbox 2221 2103 3792 2191">
    <p class='ocr_par' dir='ltr' id='par_1_73' title="bbox 2221 2103 3792 2191">
     <span class='ocr_line' id='line_1_73' title="bbox 2221 2103 3792 2191; baseline -0.011 -12"><span class='ocrx_word' id='word_1_505' title='bbox 2221 2117 2365 2179; x_wconf 90' lang='lat' dir='ltr'>libri</span> <span class='ocrx_word' id='word_1_506' title='bbox 2377 2117 2555 2178; x_wconf 88' lang='lat' dir='ltr'>istius</span> <span class='ocrx_word' id='word_1_507' title='bbox 2567 2112 2873 2191; x_wconf 81' lang='lat' dir='ltr'>signiﬁcat</span> <span class='ocrx_word' id='word_1_508' title='bbox 2889 2109 3257 2189; x_wconf 87' lang='lat' dir='ltr'>scriptorem</span> <span class='ocrx_word' id='word_1_509' title='bbox 3268 2154 3282 2180; x_wconf 95' lang='lat'>,</span> <span class='ocrx_word' id='word_1_510' title='bbox 3303 2122 3433 2167; x_wconf 91' lang='lat' dir='ltr'>non</span> <span class='ocrx_word' id='word_1_511' title='bbox 3447 2103 3765 2181; x_wconf 81' lang='lat' dir='ltr'>Evagrium</span> <span class='ocrx_word' id='word_1_512' title='bbox 3777 2147 3792 2173; x_wconf 92' lang='lat'>,</span> 
     </span>
    </p>
   </div>
   <div class='ocr_carea' id='block_1_74' title="bbox 2221 2202 3787 2295">
    <p class='ocr_par' dir='ltr' id='par_1_74' title="bbox 2221 2202 3787 2295">
     <span class='ocr_line' id='line_1_74' title="bbox 2221 2202 3787 2295; baseline -0.01 -14"><span class='ocrx_word' id='word_1_513' title='bbox 2221 2219 2315 2282; x_wconf 90' lang='lat' dir='ltr'>uti</span> <span class='ocrx_word' id='word_1_514' title='bbox 2361 2215 2647 2279; x_wconf 92' lang='lat' dir='ltr'>nonnulli</span> <span class='ocrx_word' id='word_1_515' title='bbox 2683 2212 2763 2295; x_wconf 87' lang='lat'>(6)</span> <span class='ocrx_word' id='word_1_516' title='bbox 2799 2209 3284 2283; x_wconf 90' lang='lat' dir='ltr'>contenderunt,</span> <span class='ocrx_word' id='word_1_517' title='bbox 3321 2206 3515 2287; x_wconf 93' lang='lat' dir='ltr'>quod,</span> <span class='ocrx_word' id='word_1_518' title='bbox 3565 2204 3673 2284; x_wconf 90' lang='lat' dir='ltr'>qui</span> <span class='ocrx_word' id='word_1_519' title='bbox 3701 2202 3787 2265; x_wconf 91' lang='lat' dir='ltr'>lo-</span> 
     </span>
    </p>
   </div>
   <div class='ocr_carea' id='block_1_75' title="bbox 2224 2301 3789 2393">
    <p class='ocr_par' dir='ltr' id='par_1_75' title="bbox 2224 2301 3789 2393">
     <span class='ocr_line' id='line_1_75' title="bbox 2224 2301 3789 2393; baseline -0.012 -11"><span class='ocrx_word' id='word_1_520' title='bbox 2224 2337 2368 2382; x_wconf 92' lang='lat' dir='ltr'>cum</span> <span class='ocrx_word' id='word_1_521' title='bbox 2401 2321 2462 2380; x_wconf 91' lang='lat' dir='ltr'>S.</span> <span class='ocrx_word' id='word_1_522' title='bbox 2502 2313 2874 2393; x_wconf 89' lang='lat' dir='ltr'>Hieronymi</span> <span class='ocrx_word' id='word_1_523' title='bbox 2903 2318 3137 2373; x_wconf 90' lang='lat' dir='ltr'>attente</span> <span class='ocrx_word' id='word_1_524' title='bbox 3182 2307 3424 2385; x_wconf 82' lang='lat' dir='ltr'>legerit,</span> <span class='ocrx_word' id='word_1_525' title='bbox 3458 2304 3580 2367; x_wconf 91' lang='lat' dir='ltr'>sibi</span> <span class='ocrx_word' id='word_1_526' title='bbox 3622 2301 3789 2365; x_wconf 79' lang='lat' dir='ltr'>facile</span> 
     </span>
    </p>
   </div>
   <div class='ocr_carea' id='block_1_76' title="bbox 2224 2403 3792 2500">
    <p class='ocr_par' dir='ltr' id='par_1_76' title="bbox 2224 2403 3792 2500">
     <span class='ocr_line' id='line_1_76' title="bbox 2224 2403 3792 2500; baseline -0.012 -19"><span class='ocrx_word' id='word_1_527' title='bbox 2224 2416 2625 2500; x_wconf 87' lang='lat' dir='ltr'>persuadebit</span> <span class='ocrx_word' id='word_1_528' title='bbox 2650 2414 2757 2495; x_wconf 86' lang='lat'>(7).</span> <span class='ocrx_word' id='word_1_529' title='bbox 2781 2410 3058 2486; x_wconf 91' lang='lat' dir='ltr'>Accedit,</span> <span class='ocrx_word' id='word_1_530' title='bbox 3082 2414 3151 2471; x_wconf 89' lang='lat' dir='ltr'>ut</span> <span class='ocrx_word' id='word_1_531' title='bbox 3172 2405 3532 2487; x_wconf 90' lang='lat' dir='ltr'>complures</span> <span class='ocrx_word' id='word_1_532' title='bbox 3553 2403 3792 2467; x_wconf 84' lang='lat' dir='ltr'>codices</span> 
     </span>
    </p>
   </div>
   <div class='ocr_carea' id='block_1_77' title="bbox 2225 2512 3791 2596">
    <p class='ocr_par' dir='ltr' id='par_1_77' title="bbox 2225 2512 3791 2596">
     <span class='ocr_line' id='line_1_77' title="bbox 2225 2512 3791 2596; baseline -0.013 -14"><span class='ocrx_word' id='word_1_533' title='bbox 2225 2537 2415 2581; x_wconf 92' lang='lat' dir='ltr'>manu</span> <span class='ocrx_word' id='word_1_534' title='bbox 2442 2515 2679 2596; x_wconf 89' lang='lat' dir='ltr'>scripti,</span> <span class='ocrx_word' id='word_1_535' title='bbox 2713 2514 2877 2576; x_wconf 90' lang='lat' dir='ltr'>inter</span> <span class='ocrx_word' id='word_1_536' title='bbox 2903 2527 3064 2593; x_wconf 91' lang='lat' dir='ltr'>quos</span> <span class='ocrx_word' id='word_1_537' title='bbox 3089 2526 3253 2571; x_wconf 90' lang='lat' dir='ltr'>unus</span> <span class='ocrx_word' id='word_1_538' title='bbox 3280 2512 3583 2580; x_wconf 91' lang='lat' dir='ltr'>vetustus,</span> <span class='ocrx_word' id='word_1_539' title='bbox 3615 2520 3791 2583; x_wconf 90' lang='lat' dir='ltr'>quem</span> 
     </span>
    </p>
   </div>
   <div class='ocr_carea' id='block_1_78' title="bbox 2225 2595 3795 2680">
    <p class='ocr_par' dir='ltr' id='par_1_78' title="bbox 2225 2595 3795 2680">
     <span class='ocr_line' id='line_1_78' title="bbox 2225 2595 3795 2680; baseline -0.015 1"><span class='ocrx_word' id='word_1_540' title='bbox 2225 2595 2588 2680; x_wconf 84' lang='lat' dir='ltr'>Rosweidus</span> <span class='ocrx_word' id='word_1_541' title='bbox 2632 2613 2701 2675; x_wconf 91' lang='lat' dir='ltr'>in</span> <span class='ocrx_word' id='word_1_542' title='bbox 2737 2609 2998 2673; x_wconf 78' lang='lat' dir='ltr'>edendis</span> <span class='ocrx_word' id='word_1_543' title='bbox 3042 2605 3184 2667; x_wconf 91' lang='lat' dir='ltr'>vitis</span> <span class='ocrx_word' id='word_1_544' title='bbox 3229 2601 3543 2677; x_wconf 88' lang='lat' dir='ltr'>adhibuit,</span> <span class='ocrx_word' id='word_1_545' title='bbox 3594 2595 3795 2661; x_wconf 90' lang='lat' dir='ltr'>Ruﬁni</span> 
     </span>
    </p>
   </div>
   <div class='ocr_carea' id='block_1_79' title="bbox 2227 2703 3289 2796">
    <p class='ocr_par' dir='ltr' id='par_1_79' title="bbox 2227 2703 3289 2796">
     <span class='ocr_line' id='line_1_79' title="bbox 2227 2703 3289 2796; baseline -0.017 -15"><span class='ocrx_word' id='word_1_546' title='bbox 2227 2734 2460 2781; x_wconf 91' lang='lat' dir='ltr'>nomen</span> <span class='ocrx_word' id='word_1_547' title='bbox 2488 2720 2704 2796; x_wconf 88' lang='lat' dir='ltr'>aperte</span> <span class='ocrx_word' id='word_1_548' title='bbox 2741 2711 3154 2793; x_wconf 90' lang='lat' dir='ltr'>proﬁteantur</span> <span class='ocrx_word' id='word_1_549' title='bbox 3182 2703 3289 2785; x_wconf 92' lang='lat'>(8).</span> 
     </span>
    </p>
   </div>
   <div class='ocr_carea' id='block_1_80' title="bbox 2304 2800 3797 2883">
    <p class='ocr_par' dir='ltr' id='par_1_80' title="bbox 2304 2800 3797 2883">
     <span class='ocr_line' id='line_1_80' title="bbox 2304 2800 3797 2883; baseline -0.015 -2"><span class='ocrx_word' id='word_1_550' title='bbox 2304 2818 2482 2880; x_wconf 91' lang='lat' dir='ltr'>Unde</span> <span class='ocrx_word' id='word_1_551' title='bbox 2500 2817 2624 2878; x_wconf 90' lang='lat' dir='ltr'>iam</span> <span class='ocrx_word' id='word_1_552' title='bbox 2646 2811 2975 2877; x_wconf 73' lang='lat' dir='ltr'>difﬁcultas</span> <span class='ocrx_word' id='word_1_553' title='bbox 2997 2807 3145 2871; x_wconf 91' lang='lat' dir='ltr'>satis</span> <span class='ocrx_word' id='word_1_554' title='bbox 3166 2821 3389 2883; x_wconf 80' lang='lat' dir='ltr'>magna</span> <span class='ocrx_word' id='word_1_555' title='bbox 3414 2800 3631 2864; x_wconf 90' lang='lat' dir='ltr'>oritur.</span> <span class='ocrx_word' id='word_1_556' title='bbox 3652 2800 3797 2859; x_wconf 89' lang='lat' dir='ltr'>Nam</span> 
     </span>
    </p>
   </div>
   <div class='ocr_carea' id='block_1_81' title="bbox 2227 2899 3797 2982">
    <p class='ocr_par' dir='ltr' id='par_1_81' title="bbox 2227 2899 3797 2982">
     <span class='ocr_line' id='line_1_81' title="bbox 2227 2899 3797 2982; baseline -0.015 0"><span class='ocrx_word' id='word_1_557' title='bbox 2227 2920 2280 2982; x_wconf 92' lang='lat' dir='ltr'>si</span> <span class='ocrx_word' id='word_1_558' title='bbox 2324 2920 2391 2981; x_wconf 91' lang='lat' dir='ltr'>in</span> <span class='ocrx_word' id='word_1_559' title='bbox 2436 2917 2665 2981; x_wconf 90' lang='lat' dir='ltr'>librum</span> <span class='ocrx_word' id='word_1_560' title='bbox 2713 2910 3062 2976; x_wconf 86' lang='lat' dir='ltr'>secundum</span> <span class='ocrx_word' id='word_1_561' title='bbox 3113 2904 3461 2969; x_wconf 89' lang='lat' dir='ltr'>accuratius</span> <span class='ocrx_word' id='word_1_562' title='bbox 3506 2899 3797 2980; x_wconf 90' lang='lat' dir='ltr'>inquiris,</span> 
     </span>
    </p>
   </div>
   <div class='ocr_carea' id='block_1_82' title="bbox 2226 3009 3799 3096">
    <p class='ocr_par' dir='ltr' id='par_1_82' title="bbox 2226 3009 3799 3096">
     <span class='ocr_line' id='line_1_82' title="bbox 2226 3009 3799 3096; baseline -0.011 -17"><span class='ocrx_word' id='word_1_563' title='bbox 2226 3019 2368 3082; x_wconf 91' lang='lat' dir='ltr'>luce</span> <span class='ocrx_word' id='word_1_564' title='bbox 2398 3017 2625 3080; x_wconf 90' lang='lat' dir='ltr'>clarius</span> <span class='ocrx_word' id='word_1_565' title='bbox 2651 3019 2935 3096; x_wconf 88' lang='lat' dir='ltr'>apparet,</span> <span class='ocrx_word' id='word_1_566' title='bbox 2967 3009 3268 3074; x_wconf 89' lang='lat' dir='ltr'>Ruﬁnum</span> <span class='ocrx_word' id='word_1_567' title='bbox 3297 3022 3433 3068; x_wconf 91' lang='lat' dir='ltr'>esse</span> <span class='ocrx_word' id='word_1_568' title='bbox 3461 3020 3594 3066; x_wconf 90' lang='lat' dir='ltr'>non</span> <span class='ocrx_word' id='word_1_569' title='bbox 3624 3014 3799 3083; x_wconf 87' lang='lat' dir='ltr'>posse</span> 
     </span>
    </p>
   </div>
   <div class='ocr_carea' id='block_1_83' title="bbox 2153 3121 2572 3183">
    <p class='ocr_par' dir='ltr' id='par_1_83' title="bbox 2153 3121 2572 3183">
     <span class='ocr_line' id='line_1_83' title="bbox 2153 3121 2572 3183; baseline -0.012 0"><span class='ocrx_word' id='word_1_570' title='bbox 2153 3121 2201 3183; x_wconf 91' lang='lat' dir='ltr'>C</span> <span class='ocrx_word' id='word_1_571' title='bbox 2232 3127 2572 3183; x_wconf 90' lang='lat' dir='ltr'>auctorem.</span> 
     </span>
    </p>
   </div>
   <div class='ocr_carea' id='block_1_84' title="bbox 2312 3200 3800 3281">
    <p class='ocr_par' dir='ltr' id='par_1_84' title="bbox 2312 3200 3800 3281">
     <span class='ocr_line' id='line_1_84' title="bbox 2312 3200 3800 3281; baseline -0.015 -1"><span class='ocrx_word' id='word_1_572' title='bbox 2312 3218 2590 3281; x_wconf 90' lang='lat' dir='ltr'>Primum</span> <span class='ocrx_word' id='word_1_573' title='bbox 2612 3212 2780 3276; x_wconf 89' lang='lat' dir='ltr'>enim</span> <span class='ocrx_word' id='word_1_574' title='bbox 2804 3215 3025 3274; x_wconf 89' lang='lat' dir='ltr'>auctor</span> <span class='ocrx_word' id='word_1_575' title='bbox 3046 3205 3190 3269; x_wconf 90' lang='lat' dir='ltr'>libri</span> <span class='ocrx_word' id='word_1_576' title='bbox 3216 3200 3480 3267; x_wconf 91' lang='lat' dir='ltr'>secundi</span> <span class='ocrx_word' id='word_1_577' title='bbox 3502 3217 3632 3263; x_wconf 94' lang='lat' dir='ltr'>non</span> <span class='ocrx_word' id='word_1_578' title='bbox 3658 3205 3800 3259; x_wconf 78' lang='lat' dir='ltr'>tem-</span> 
     </span>
    </p>
   </div>
   <div class='ocr_carea' id='block_1_85' title="bbox 2229 3468 3799 3552">
    <p class='ocr_par' dir='ltr' id='par_1_85' title="bbox 2229 3468 3799 3552">
     <span class='ocr_line' id='line_1_85' title="bbox 2229 3468 3799 3552; baseline -0.011 -12"><span class='ocrx_word' id='word_1_579' title='bbox 2229 3486 2377 3541; x_wconf 88' lang='lat' dir='ltr'>tibus</span> <span class='ocrx_word' id='word_1_580' title='bbox 2407 3503 2425 3536; x_wconf 70' lang='grc' dir='ltr'><strong>ι</strong></span> <span class='ocrx_word' id='word_1_581' title='bbox 2463 3483 2668 3539; x_wconf 79' lang='lat' dir='ltr'>vidisse</span> <span class='ocrx_word' id='word_1_582' title='bbox 2698 3480 2907 3552; x_wconf 87' lang='lat' dir='ltr'>(Ruﬁn.</span> <span class='ocrx_word' id='word_1_583' title='bbox 2949 3479 3093 3535; x_wconf 83' lang='lat' dir='ltr'>Hist.</span> <span class='ocrx_word' id='word_1_584' title='bbox 3134 3476 3283 3533; x_wconf 87' lang='lat' dir='ltr'>Eccl.</span> <span class='ocrx_word' id='word_1_585' title='bbox 3321 3476 3417 3532; x_wconf 89' lang='lat' dir='ltr'>lib.</span> <span class='ocrx_word' id='word_1_586' title='bbox 3446 3472 3491 3528; x_wconf 90' lang='lat' dir='ltr'>ll</span> <span class='ocrx_word' id='word_1_587' title='bbox 3520 3488 3574 3528; x_wconf 92' lang='lat' dir='ltr'>e.</span> <span class='ocrx_word' id='word_1_588' title='bbox 3605 3470 3638 3526; x_wconf 92' lang='lat'>8</span> <span class='ocrx_word' id='word_1_589' title='bbox 3669 3468 3799 3539; x_wconf 88' lang='lat' dir='ltr'>Opp.</span> 
     </span>
    </p>
   </div>
   <div class='ocr_carea' id='block_1_86' title="bbox 2228 3562 3801 3646">
    <p class='ocr_par' dir='ltr' id='par_1_86' title="bbox 2228 3562 3801 3646">
     <span class='ocr_line' id='line_1_86' title="bbox 2228 3562 3801 3646; baseline -0.011 -13"><span class='ocrx_word' id='word_1_590' title='bbox 2228 3577 2316 3633; x_wconf 85' lang='lat' dir='ltr'>ed.</span> <span class='ocrx_word' id='word_1_591' title='bbox 2348 3574 2579 3630; x_wconf 80' lang='lat' dir='ltr'>Vallarsi</span> <span class='ocrx_word' id='word_1_592' title='bbox 2612 3591 2665 3646; x_wconf 89' lang='lat' dir='ltr'>p.</span> <span class='ocrx_word' id='word_1_593' title='bbox 2707 3575 2843 3639; x_wconf 75' lang='lat'>279,</span> <span class='ocrx_word' id='word_1_594' title='bbox 2878 3572 3059 3644; x_wconf 80' lang='lat' dir='ltr'>Migne</span> <span class='ocrx_word' id='word_1_595' title='bbox 3101 3570 3305 3625; x_wconf 90' lang='lat' dir='ltr'>Patrol.</span> <span class='ocrx_word' id='word_1_596' title='bbox 3330 3567 3395 3622; x_wconf 90' lang='grc' dir='ltr'><strong>Τ.</strong></span> <span class='ocrx_word' id='word_1_597' title='bbox 3420 3564 3539 3620; x_wconf 78' lang='lat' dir='ltr'>XXI</span> <span class='ocrx_word' id='word_1_598' title='bbox 3577 3580 3630 3636; x_wconf 92' lang='lat' dir='ltr'>p.</span> <span class='ocrx_word' id='word_1_599' title='bbox 3662 3562 3801 3626; x_wconf 80' lang='grc'>517),</span> 
     </span>
    </p>
   </div>
   <div class='ocr_carea' id='block_1_87' title="bbox 2229 3655 3804 3739">
    <p class='ocr_par' dir='ltr' id='par_1_87' title="bbox 2229 3655 3804 3739">
     <span class='ocr_line' id='line_1_87' title="bbox 2229 3655 3804 3739; baseline -0.01 -16"><span class='ocrx_word' id='word_1_600' title='bbox 2229 3668 2377 3739; x_wconf 91' lang='lat' dir='ltr'>quod</span> <span class='ocrx_word' id='word_1_601' title='bbox 2412 3669 2540 3732; x_wconf 89' lang='lat' dir='ltr'>iter,</span> <span class='ocrx_word' id='word_1_602' title='bbox 2570 3674 2868 3739; x_wconf 89' lang='lat' dir='ltr'>postquam</span> <span class='ocrx_word' id='word_1_603' title='bbox 2898 3663 3279 3736; x_wconf 86' lang='lat' dir='ltr'>Hierosolyma</span> <span class='ocrx_word' id='word_1_604' title='bbox 3306 3660 3478 3724; x_wconf 86' lang='lat' dir='ltr'>venit,</span> <span class='ocrx_word' id='word_1_605' title='bbox 3507 3655 3804 3714; x_wconf 83' lang='lat' dir='ltr'>instituisse</span> 
     </span>
    </p>
   </div>
   <div class='ocr_carea' id='block_1_88' title="bbox 2230 3760 2470 3816">
    <p class='ocr_par' dir='ltr' id='par_1_88' title="bbox 2230 3760 2470 3816">
     <span class='ocr_line' id='line_1_88' title="bbox 2230 3760 2470 3816; baseline -0.017 0"><span class='ocrx_word' id='word_1_606' title='bbox 2230 3760 2470 3816; x_wconf 87' lang='lat' dir='ltr'>videtur.</span> 
     </span>
    </p>
   </div>
   <div class='ocr_carea' id='block_1_89' title="bbox 2304 3837 3800 3924">
    <p class='ocr_par' dir='ltr' id='par_1_89' title="bbox 2304 3837 3800 3924">
     <span class='ocr_line' id='line_1_89' title="bbox 2304 3837 3800 3924; baseline -0.012 -17"><span class='ocrx_word' id='word_1_607' title='bbox 2304 3853 2382 3924; x_wconf 94' lang='grc'>(1)</span> <span class='ocrx_word' id='word_1_608' title='bbox 2426 3849 2584 3906; x_wconf 88' lang='lat' dir='ltr'>Socr.</span> <span class='ocrx_word' id='word_1_609' title='bbox 2613 3848 2755 3904; x_wconf 87' lang='lat' dir='ltr'>Hist.</span> <span class='ocrx_word' id='word_1_610' title='bbox 2783 3846 2935 3903; x_wconf 84' lang='lat' dir='ltr'>Eccl.</span> <span class='ocrx_word' id='word_1_611' title='bbox 2960 3848 3057 3902; x_wconf 90' lang='lat' dir='ltr'>lib.</span> <span class='ocrx_word' id='word_1_612' title='bbox 3083 3845 3125 3900; x_wconf 74' lang='grc' dir='ltr'><strong>ν</strong></span> <span class='ocrx_word' id='word_1_613' title='bbox 3153 3860 3276 3916; x_wconf 88' lang='lat' dir='ltr'>cap.</span> <span class='ocrx_word' id='word_1_614' title='bbox 3302 3844 3388 3899; x_wconf 72' lang='lat' dir='ltr'>l2.</span> <span class='ocrx_word' id='word_1_615' title='bbox 3417 3841 3638 3898; x_wconf 88' lang='lat' dir='ltr'>Sozom.</span> <span class='ocrx_word' id='word_1_616' title='bbox 3668 3837 3800 3892; x_wconf 88' lang='lat' dir='ltr'>Hist.</span> 
     </span>
    </p>
   </div>
   <div class='ocr_carea' id='block_1_90' title="bbox 2230 3935 3805 4013">
    <p class='ocr_par' dir='ltr' id='par_1_90' title="bbox 2230 3935 3805 4013">
     <span class='ocr_line' id='line_1_90' title="bbox 2230 3935 3805 4013; baseline -0.01 -14"><span class='ocrx_word' id='word_1_617' title='bbox 2230 3944 2380 4000; x_wconf 90' lang='lat' dir='ltr'>Eccl.</span> <span class='ocrx_word' id='word_1_618' title='bbox 2426 3944 2523 3998; x_wconf 92' lang='lat' dir='ltr'>lib.</span> <span class='ocrx_word' id='word_1_619' title='bbox 2567 3939 2661 3997; x_wconf 68' lang='grc' dir='ltr'>γη</span> <span class='ocrx_word' id='word_1_620' title='bbox 2694 3958 2816 4013; x_wconf 90' lang='lat' dir='ltr'>cap.</span> <span class='ocrx_word' id='word_1_621' title='bbox 2856 3942 2945 3996; x_wconf 85' lang='grc'>14.</span> <span class='ocrx_word' id='word_1_622' title='bbox 2990 3939 3290 3995; x_wconf 86' lang='lat' dir='ltr'>Tillemont</span> <span class='ocrx_word' id='word_1_623' title='bbox 3343 3935 3631 3991; x_wconf 81' lang='lat' dir='ltr'>Mémoires</span> <span class='ocrx_word' id='word_1_624' title='bbox 3675 3943 3805 4001; x_wconf 84' lang='lat' dir='ltr'>pour</span> 
     </span>
    </p>
   </div>
   <div class='ocr_carea' id='block_1_91' title="bbox 2248 4018 3803 4100">
    <p class='ocr_par' dir='ltr' id='par_1_91' title="bbox 2248 4018 3803 4100">
     <span class='ocr_line' id='line_1_91' title="bbox 2248 4018 3803 4100; baseline -0.014 -8"><span class='ocrx_word' id='word_1_625' title='bbox 2248 4035 2425 4092; x_wconf 90' lang='lat' dir='ltr'>servir</span> <span class='ocrx_word' id='word_1_626' title='bbox 2457 4034 2490 4089; x_wconf 75' lang='lat' dir='ltr'>ii</span> <span class='ocrx_word' id='word_1_627' title='bbox 2521 4035 2787 4091; x_wconf 81' lang='lat' dir='ltr'>l’liistoire</span> <span class='ocrx_word' id='word_1_628' title='bbox 2814 4027 3437 4100; x_wconf 85' lang='lat' dir='ltr'>ecclésiastique,Paris.</span> <span class='ocrx_word' id='word_1_629' title='bbox 3474 4025 3609 4080; x_wconf 87' lang='grc'>1707</span> <span class='ocrx_word' id='word_1_630' title='bbox 3647 4021 3710 4076; x_wconf 92' lang='lat' dir='ltr'>T.</span> <span class='ocrx_word' id='word_1_631' title='bbox 3739 4018 3803 4072; x_wconf 74' lang='lat' dir='ltr'>lx</span> 
     </span>
    </p>
   </div>
   <div class='ocr_carea' id='block_1_92' title="bbox 2232 4114 3802 4200">
    <p class='ocr_par' dir='ltr' id='par_1_92' title="bbox 2232 4114 3802 4200">
     <span class='ocr_line' id='line_1_92' title="bbox 2232 4114 3802 4200; baseline -0.012 -15"><span class='ocrx_word' id='word_1_632' title='bbox 2232 4146 2288 4200; x_wconf 91' lang='lat' dir='ltr'>p.</span> <span class='ocrx_word' id='word_1_633' title='bbox 2319 4130 2444 4185; x_wconf 82' lang='lat'>594.</span> <span class='ocrx_word' id='word_1_634' title='bbox 2474 4129 2569 4183; x_wconf 77' lang='grc' dir='ltr'>ΧΗ</span> <span class='ocrx_word' id='word_1_635' title='bbox 2601 4144 2656 4199; x_wconf 92' lang='lat' dir='ltr'>p.</span> <span class='ocrx_word' id='word_1_636' title='bbox 2690 4128 2817 4191; x_wconf 90' lang='lat'><strong>447,</strong></span> <span class='ocrx_word' id='word_1_637' title='bbox 2853 4126 2909 4181; x_wconf 73' lang='grc'><strong>2.</strong></span> <span class='ocrx_word' id='word_1_638' title='bbox 2949 4124 3147 4194; x_wconf 78' lang='lat' dir='ltr'>Fleury</span> <span class='ocrx_word' id='word_1_639' title='bbox 3183 4121 3324 4176; x_wconf 87' lang='lat' dir='ltr'>Hist.</span> <span class='ocrx_word' id='word_1_640' title='bbox 3357 4118 3505 4175; x_wconf 87' lang='lat' dir='ltr'>Eccl.</span> <span class='ocrx_word' id='word_1_641' title='bbox 3541 4117 3641 4173; x_wconf 90' lang='lat' dir='ltr'>Ed.</span> <span class='ocrx_word' id='word_1_642' title='bbox 3669 4114 3802 4184; x_wconf 81' lang='lat' dir='ltr'>Aug.</span> 
     </span>
    </p>
   </div>
   <div class='ocr_carea' id='block_1_93' title="bbox 2233 4212 3354 4289">
    <p class='ocr_par' dir='ltr' id='par_1_93' title="bbox 2233 4212 3354 4289">
     <span class='ocr_line' id='line_1_93' title="bbox 2233 4212 3354 4289; baseline -0.004 -16"><span class='ocrx_word' id='word_1_643' title='bbox 2233 4220 2396 4275; x_wconf 80' lang='lat' dir='ltr'>Vind.</span> <span class='ocrx_word' id='word_1_644' title='bbox 2430 4234 2494 4274; x_wconf 86' lang='lat' dir='ltr'>ac</span> <span class='ocrx_word' id='word_1_645' title='bbox 2527 4219 2740 4289; x_wconf 88' lang='lat' dir='ltr'>Oenop.</span> <span class='ocrx_word' id='word_1_646' title='bbox 2776 4217 2914 4272; x_wconf 87' lang='grc'>1768</span> <span class='ocrx_word' id='word_1_647' title='bbox 2945 4215 3009 4269; x_wconf 94' lang='grc' dir='ltr'><strong>Τ.</strong></span> <span class='ocrx_word' id='word_1_648' title='bbox 3041 4213 3109 4268; x_wconf 70' lang='grc' dir='ltr'>ιγ</span> <span class='ocrx_word' id='word_1_649' title='bbox 3142 4230 3193 4283; x_wconf 94' lang='lat' dir='ltr'>p.</span> <span class='ocrx_word' id='word_1_650' title='bbox 3230 4212 3354 4268; x_wconf 81' lang='grc'>755.</span> 
     </span>
    </p>
   </div>
   <div class='ocr_carea' id='block_1_94' title="bbox 2301 4292 3802 4386">
    <p class='ocr_par' dir='ltr' id='par_1_94' title="bbox 2301 4292 3802 4386">
     <span class='ocr_line' id='line_1_94' title="bbox 2301 4292 3802 4386; baseline -0.014 -17"><span class='ocrx_word' id='word_1_651' title='bbox 2301 4315 2378 4386; x_wconf 75' lang='lat'>(2)</span> <span class='ocrx_word' id='word_1_652' title='bbox 2418 4313 2577 4386; x_wconf 84' lang='lat' dir='ltr'>Apol.</span> <span class='ocrx_word' id='word_1_653' title='bbox 2610 4310 2697 4377; x_wconf 86' lang='lat' dir='ltr'>Ill,</span> <span class='ocrx_word' id='word_1_654' title='bbox 2741 4309 2800 4365; x_wconf 90' lang='lat' dir='ltr'>S.</span> <span class='ocrx_word' id='word_1_655' title='bbox 2851 4308 3077 4364; x_wconf 90' lang='lat' dir='ltr'>Hieron.</span> <span class='ocrx_word' id='word_1_656' title='bbox 3115 4308 3252 4377; x_wconf 92' lang='lat' dir='ltr'>Opp.</span> <span class='ocrx_word' id='word_1_657' title='bbox 3293 4304 3379 4360; x_wconf 90' lang='lat' dir='ltr'>ed.</span> <span class='ocrx_word' id='word_1_658' title='bbox 3412 4300 3615 4358; x_wconf 86' lang='lat' dir='ltr'>Bencd.</span> <span class='ocrx_word' id='word_1_659' title='bbox 3646 4300 3710 4353; x_wconf 88' lang='grc' dir='ltr'><strong>Τ.</strong></span> <span class='ocrx_word' id='word_1_660' title='bbox 3741 4292 3802 4349; x_wconf 78' lang='lat' dir='ltr'>IV</span> 
     </span>
    </p>
   </div>
   <div class='ocr_carea' id='block_1_95' title="bbox 2232 4410 2445 4483">
    <p class='ocr_par' dir='ltr' id='par_1_95' title="bbox 2232 4410 2445 4483">
     <span class='ocr_line' id='line_1_95' title="bbox 2232 4410 2445 4483; baseline -0.019 -16"><span class='ocrx_word' id='word_1_661' title='bbox 2232 4427 2286 4483; x_wconf 92' lang='lat' dir='ltr'>p.</span> <span class='ocrx_word' id='word_1_662' title='bbox 2319 4410 2445 4464; x_wconf 84' lang='lat'>455.</span> 
     </span>
    </p>
   </div>
   <div class='ocr_carea' id='block_1_96' title="bbox 2300 4478 3802 4569">
    <p class='ocr_par' dir='ltr' id='par_1_96' title="bbox 2300 4478 3802 4569">
     <span class='ocr_line' id='line_1_96' title="bbox 2300 4478 3802 4569; baseline -0.016 -14"><span class='ocrx_word' id='word_1_663' title='bbox 2300 4499 2378 4569; x_wconf 88' lang='grc'>(5)</span> <span class='ocrx_word' id='word_1_664' title='bbox 2419 4498 2519 4568; x_wconf 88' lang='lat' dir='ltr'>Ep.</span> <span class='ocrx_word' id='word_1_665' title='bbox 2556 4497 2659 4551; x_wconf 79' lang='grc'>155</span> <span class='ocrx_word' id='word_1_666' title='bbox 2707 4495 2775 4549; x_wconf 89' lang='lat' dir='ltr'>ad</span> <span class='ocrx_word' id='word_1_667' title='bbox 2825 4491 3100 4562; x_wconf 89' lang='lat' dir='ltr'>Ctesiph.,</span> <span class='ocrx_word' id='word_1_668' title='bbox 3155 4487 3214 4545; x_wconf 91' lang='lat' dir='ltr'>S.</span> <span class='ocrx_word' id='word_1_669' title='bbox 3266 4488 3489 4544; x_wconf 86' lang='lat' dir='ltr'>Hieron.</span> <span class='ocrx_word' id='word_1_670' title='bbox 3537 4484 3675 4556; x_wconf 87' lang='lat' dir='ltr'>Opp.</span> <span class='ocrx_word' id='word_1_671' title='bbox 3719 4478 3802 4535; x_wconf 91' lang='lat' dir='ltr'>ed.</span> 
     </span>
    </p>
   </div>
   <div class='ocr_carea' id='block_1_97' title="bbox 2234 4580 3411 4662">
    <p class='ocr_par' dir='ltr' id='par_1_97' title="bbox 2234 4580 3411 4662">
     <span class='ocr_line' id='line_1_97' title="bbox 2234 4580 3411 4662; baseline -0.012 -14"><span class='ocrx_word' id='word_1_672' title='bbox 2234 4591 2412 4662; x_wconf 80' lang='lat' dir='ltr'>Migne</span> <span class='ocrx_word' id='word_1_673' title='bbox 2438 4589 2502 4645; x_wconf 88' lang='lat' dir='ltr'>T.</span> <span class='ocrx_word' id='word_1_674' title='bbox 2538 4588 2558 4641; x_wconf 90' lang='grc' dir='ltr'>ι</span> <span class='ocrx_word' id='word_1_675' title='bbox 2589 4586 2819 4659; x_wconf 87' lang='lat' dir='ltr'>[Patrol.</span> <span class='ocrx_word' id='word_1_676' title='bbox 2855 4584 2920 4641; x_wconf 85' lang='lat'>&#39;1‘.</span> <span class='ocrx_word' id='word_1_677' title='bbox 2952 4582 3119 4655; x_wconf 78' lang='lat' dir='ltr'>XXII]</span> <span class='ocrx_word' id='word_1_678' title='bbox 3160 4598 3213 4653; x_wconf 93' lang='lat' dir='ltr'>p.</span> <span class='ocrx_word' id='word_1_679' title='bbox 3251 4580 3411 4636; x_wconf 89' lang='grc'>1151.</span> 
     </span>
    </p>
   </div>
   <div class='ocr_carea' id='block_1_98' title="bbox 2304 4678 3257 4755">
    <p class='ocr_par' dir='ltr' id='par_1_98' title="bbox 2304 4678 3257 4755">
     <span class='ocr_line' id='line_1_98' title="bbox 2304 4678 3257 4755; baseline -0.007 -17"><span class='ocrx_word' id='word_1_680' title='bbox 2304 4683 2380 4755; x_wconf 84' lang='grc'>(4)</span> <span class='ocrx_word' id='word_1_681' title='bbox 2416 4681 2528 4737; x_wconf 83' lang='lat' dir='ltr'>VV.</span> <span class='ocrx_word' id='word_1_682' title='bbox 2557 4680 2661 4735; x_wconf 89' lang='lat' dir='ltr'>PP.</span> <span class='ocrx_word' id='word_1_683' title='bbox 2693 4680 2875 4734; x_wconf 87' lang='lat' dir='ltr'>Rosw.</span> <span class='ocrx_word' id='word_1_684' title='bbox 2909 4695 2961 4750; x_wconf 93' lang='lat' dir='ltr'>p.</span> <span class='ocrx_word' id='word_1_685' title='bbox 2998 4678 3102 4732; x_wconf 81' lang='grc'>448</span> <span class='ocrx_word' id='word_1_686' title='bbox 3134 4692 3257 4746; x_wconf 89' lang='lat' dir='ltr'>sqq.</span> 
     </span>
    </p>
   </div>
   <div class='ocr_carea' id='block_1_99' title="bbox 2307 4767 3410 4849">
    <p class='ocr_par' dir='ltr' id='par_1_99' title="bbox 2307 4767 3410 4849">
     <span class='ocr_line' id='line_1_99' title="bbox 2307 4767 3410 4849; baseline -0.009 -17"><span class='ocrx_word' id='word_1_687' title='bbox 2307 4777 2384 4849; x_wconf 85' lang='lat'>(5)</span> <span class='ocrx_word' id='word_1_688' title='bbox 2409 4775 2581 4847; x_wconf 86' lang='lat' dir='ltr'>Capp.</span> <span class='ocrx_word' id='word_1_689' title='bbox 2610 4774 2678 4829; x_wconf 90' lang='grc'>14</span> <span class='ocrx_word' id='word_1_690' title='bbox 2704 4781 2759 4829; x_wconf 89' lang='lat' dir='ltr'>et</span> <span class='ocrx_word' id='word_1_691' title='bbox 2782 4772 2855 4827; x_wconf 73' lang='lat'><strong>24</strong></span> <span class='ocrx_word' id='word_1_692' title='bbox 2881 4788 2935 4844; x_wconf 93' lang='lat' dir='ltr'>p.</span> <span class='ocrx_word' id='word_1_693' title='bbox 2967 4771 3094 4839; x_wconf 73' lang='lat'><strong>472,</strong></span> <span class='ocrx_word' id='word_1_694' title='bbox 3120 4769 3193 4836; x_wconf 79' lang='lat'><strong>2;</strong></span> <span class='ocrx_word' id='word_1_695' title='bbox 3224 4768 3352 4835; x_wconf 84' lang='lat'><strong>479,</strong></span> <span class='ocrx_word' id='word_1_696' title='bbox 3384 4767 3410 4822; x_wconf 89' lang='grc'>1</span> 
     </span>
    </p>
   </div>
   <div class='ocr_carea' id='block_1_100' title="bbox 2309 4866 2861 4939">
    <p class='ocr_par' dir='ltr' id='par_1_100' title="bbox 2309 4866 2861 4939">
     <span class='ocr_line' id='line_1_100' title="bbox 2309 4866 2861 4939; baseline -0.004 -18"><span class='ocrx_word' id='word_1_697' title='bbox 2309 4871 2386 4939; x_wconf 82' lang='lat'>(6)</span> <span class='ocrx_word' id='word_1_698' title='bbox 2421 4868 2711 4932; x_wconf 89' lang='lat' dir='ltr'>Baronius,</span> <span class='ocrx_word' id='word_1_699' title='bbox 2742 4866 2861 4920; x_wconf 90' lang='lat' dir='ltr'>alii.</span> 
     </span>
    </p>
   </div>
   <div class='ocr_carea' id='block_1_101' title="bbox 2309 4954 3805 5033">
    <p class='ocr_par' dir='ltr' id='par_1_101' title="bbox 2309 4954 3805 5033">
     <span class='ocr_line' id='line_1_101' title="bbox 2309 4954 3805 5033; baseline -0.008 -18"><span class='ocrx_word' id='word_1_700' title='bbox 2309 4963 2386 5033; x_wconf 92' lang='lat'>(7)</span> <span class='ocrx_word' id='word_1_701' title='bbox 2416 4961 2641 5017; x_wconf 90' lang='lat' dir='ltr'>Librum</span> <span class='ocrx_word' id='word_1_702' title='bbox 2668 4959 2825 5031; x_wconf 83' lang='lat' dir='ltr'>Xysti</span> <span class='ocrx_word' id='word_1_703' title='bbox 2857 4955 3220 5029; x_wconf 81' lang='lat' dir='ltr'>Pythagoraei</span> <span class='ocrx_word' id='word_1_704' title='bbox 3253 4954 3319 5009; x_wconf 82' lang='lat' dir='ltr'>ab</span> <span class='ocrx_word' id='word_1_705' title='bbox 3353 4955 3533 5011; x_wconf 84' lang='lat' dir='ltr'>eodem</span> <span class='ocrx_word' id='word_1_706' title='bbox 3557 4954 3805 5021; x_wconf 73' lang='lat' dir='ltr'>scriptore</span> 
     </span>
    </p>
   </div>
   <div class='ocr_carea' id='block_1_102' title="bbox 2240 5043 3803 5122">
    <p class='ocr_par' dir='ltr' id='par_1_102' title="bbox 2240 5043 3803 5122">
     <span class='ocr_line' id='line_1_102' title="bbox 2240 5043 3803 5122; baseline -0.01 -12"><span class='ocrx_word' id='word_1_707' title='bbox 2240 5056 2345 5111; x_wconf 87' lang='lat' dir='ltr'>sub</span> <span class='ocrx_word' id='word_1_708' title='bbox 2371 5055 2590 5109; x_wconf 89' lang='lat' dir='ltr'>nomine</span> <span class='ocrx_word' id='word_1_709' title='bbox 2620 5052 2761 5107; x_wconf 83' lang='lat' dir='ltr'>Sixti</span> <span class='ocrx_word' id='word_1_710' title='bbox 2789 5051 2971 5120; x_wconf 86' lang='lat' dir='ltr'>Papae</span> <span class='ocrx_word' id='word_1_711' title='bbox 2993 5057 3048 5104; x_wconf 90' lang='lat' dir='ltr'>et</span> <span class='ocrx_word' id='word_1_712' title='bbox 3079 5049 3358 5122; x_wconf 83' lang='lat' dir='ltr'>martyris,</span> <span class='ocrx_word' id='word_1_713' title='bbox 3390 5060 3443 5105; x_wconf 91' lang='lat' dir='ltr'>et</span> <span class='ocrx_word' id='word_1_714' title='bbox 3472 5050 3667 5104; x_wconf 89' lang='lat' dir='ltr'>librum</span> <span class='ocrx_word' id='word_1_715' title='bbox 3699 5043 3803 5097; x_wconf 83' lang='lat' dir='ltr'>Eu-</span> 
     </span>
    </p>
   </div>
   <div class='ocr_carea' id='block_1_103' title="bbox 2239 5134 3804 5215">
    <p class='ocr_par' dir='ltr' id='par_1_103' title="bbox 2239 5134 3804 5215">
     <span class='ocr_line' id='line_1_103' title="bbox 2239 5134 3804 5215; baseline -0.013 -8"><span class='ocrx_word' id='word_1_716' title='bbox 2239 5149 2374 5208; x_wconf 85' lang='lat' dir='ltr'>sebii</span> <span class='ocrx_word' id='word_1_717' title='bbox 2412 5145 2791 5203; x_wconf 85' lang='lat' dir='ltr'>Caesariensis</span> <span class='ocrx_word' id='word_1_718' title='bbox 2828 5144 2932 5198; x_wconf 90' lang='lat' dir='ltr'>sub</span> <span class='ocrx_word' id='word_1_719' title='bbox 2965 5144 3188 5198; x_wconf 90' lang='lat' dir='ltr'>nomine</span> <span class='ocrx_word' id='word_1_720' title='bbox 3236 5142 3508 5215; x_wconf 86' lang='lat' dir='ltr'>Pamphili</span> <span class='ocrx_word' id='word_1_721' title='bbox 3552 5134 3804 5208; x_wconf 81' lang='lat' dir='ltr'>martyris</span> 
     </span>
    </p>
   </div>
   <div class='ocr_carea' id='block_1_104' title="bbox 2239 5230 3805 5308">
    <p class='ocr_par' dir='ltr' id='par_1_104' title="bbox 2239 5230 3805 5308">
     <span class='ocr_line' id='line_1_104' title="bbox 2239 5230 3805 5308; baseline -0.012 -10"><span class='ocrx_word' id='word_1_722' title='bbox 2239 5242 2416 5298; x_wconf 91' lang='lat' dir='ltr'>editos</span> <span class='ocrx_word' id='word_1_723' title='bbox 2442 5255 2591 5303; x_wconf 89' lang='lat' dir='ltr'>esse,</span> <span class='ocrx_word' id='word_1_724' title='bbox 2623 5239 2718 5293; x_wconf 86' lang='lat' dir='ltr'>illa</span> <span class='ocrx_word' id='word_1_725' title='bbox 2740 5236 2974 5308; x_wconf 84' lang='lat' dir='ltr'>epistola</span> <span class='ocrx_word' id='word_1_726' title='bbox 3012 5233 3070 5289; x_wconf 90' lang='lat' dir='ltr'>S.</span> <span class='ocrx_word' id='word_1_727' title='bbox 3100 5234 3419 5306; x_wconf 87' lang='lat' dir='ltr'>Hieronymi</span> <span class='ocrx_word' id='word_1_728' title='bbox 3441 5235 3620 5298; x_wconf 88' lang='lat' dir='ltr'>docet,</span> <span class='ocrx_word' id='word_1_729' title='bbox 3650 5230 3805 5286; x_wconf 78' lang='lat' dir='ltr'>cuius</span> 
     </span>
    </p>
   </div>
   <div class='ocr_carea' id='block_1_105' title="bbox 2239 5320 3801 5405">
    <p class='ocr_par' dir='ltr' id='par_1_105' title="bbox 2239 5320 3801 5405">
     <span class='ocr_line' id='line_1_105' title="bbox 2239 5320 3801 5405; baseline -0.012 -16"><span class='ocrx_word' id='word_1_730' title='bbox 2239 5334 2490 5405; x_wconf 78' lang='lat' dir='ltr'>apologia</span> <span class='ocrx_word' id='word_1_731' title='bbox 2531 5332 2760 5387; x_wconf 90' lang='lat' dir='ltr'>eandem</span> <span class='ocrx_word' id='word_1_732' title='bbox 2810 5329 2953 5385; x_wconf 83' lang='lat' dir='ltr'>lianc</span> <span class='ocrx_word' id='word_1_733' title='bbox 2998 5329 3244 5384; x_wconf 79' lang='lat' dir='ltr'>fraudem</span> <span class='ocrx_word' id='word_1_734' title='bbox 3287 5328 3480 5395; x_wconf 84' lang='lat' dir='ltr'>Ruﬁno</span> <span class='ocrx_word' id='word_1_735' title='bbox 3508 5324 3717 5383; x_wconf 92' lang='lat' dir='ltr'>tribuit.</span> <span class='ocrx_word' id='word_1_736' title='bbox 3745 5320 3801 5371; x_wconf 92' lang='lat' dir='ltr'>S.</span> 
     </span>
    </p>
   </div>
   <div class='ocr_carea' id='block_1_106' title="bbox 2241 5408 3800 5495">
    <p class='ocr_par' dir='ltr' id='par_1_106' title="bbox 2241 5408 3800 5495">
     <span class='ocr_line' id='line_1_106' title="bbox 2241 5408 3800 5495; baseline -0.01 -14"><span class='ocrx_word' id='word_1_737' title='bbox 2241 5426 2466 5481; x_wconf 87' lang='lat' dir='ltr'>Hieron.</span> <span class='ocrx_word' id='word_1_738' title='bbox 2505 5424 2601 5495; x_wconf 85' lang='lat' dir='ltr'>Ep.</span> <span class='ocrx_word' id='word_1_739' title='bbox 2644 5424 2747 5478; x_wconf 87' lang='grc'>155</span> <span class='ocrx_word' id='word_1_740' title='bbox 2790 5423 2827 5477; x_wconf 92' lang='grc'>1.</span> <span class='ocrx_word' id='word_1_741' title='bbox 2879 5421 2917 5476; x_wconf 88' lang='grc' dir='ltr'>ι.</span> <span class='ocrx_word' id='word_1_742' title='bbox 2948 5422 3110 5494; x_wconf 85' lang='lat' dir='ltr'>Apol.</span> <span class='ocrx_word' id='word_1_743' title='bbox 3164 5420 3289 5475; x_wconf 90' lang='lat' dir='ltr'>adv.</span> <span class='ocrx_word' id='word_1_744' title='bbox 3330 5419 3453 5473; x_wconf 82' lang='lat' dir='ltr'>Ruf.</span> <span class='ocrx_word' id='word_1_745' title='bbox 3502 5420 3596 5473; x_wconf 91' lang='lat' dir='ltr'>lib.</span> <span class='ocrx_word' id='word_1_746' title='bbox 3644 5416 3687 5470; x_wconf 83' lang='lat' dir='ltr'>ll</span> <span class='ocrx_word' id='word_1_747' title='bbox 3715 5408 3800 5466; x_wconf 80' lang='lat' dir='ltr'>&#39;ed.</span> 
     </span>
    </p>
   </div>
   <div class='ocr_carea' id='block_1_107' title="bbox 2243 5496 3793 5586">
    <p class='ocr_par' dir='ltr' id='par_1_107' title="bbox 2243 5496 3793 5586">
     <span class='ocr_line' id='line_1_107' title="bbox 2243 5496 3793 5586; baseline -0.012 -14"><span class='ocrx_word' id='word_1_748' title='bbox 2243 5517 2445 5572; x_wconf 88' lang='lat' dir='ltr'>Bened.</span> <span class='ocrx_word' id='word_1_749' title='bbox 2476 5515 2541 5571; x_wconf 88' lang='lat' dir='ltr'>T.</span> <span class='ocrx_word' id='word_1_750' title='bbox 2574 5514 2641 5570; x_wconf 84' lang='lat' dir='ltr'>IV</span> <span class='ocrx_word' id='word_1_751' title='bbox 2681 5530 2736 5586; x_wconf 90' lang='lat' dir='ltr'>p.</span> <span class='ocrx_word' id='word_1_752' title='bbox 2772 5515 2914 5579; x_wconf 67' lang='lat'><strong>419;</strong></span> <span class='ocrx_word' id='word_1_753' title='bbox 2950 5514 3044 5568; x_wconf 88' lang='lat' dir='ltr'>lib.</span> <span class='ocrx_word' id='word_1_754' title='bbox 3080 5512 3147 5567; x_wconf 92' lang='lat' dir='ltr'>Ill</span> <span class='ocrx_word' id='word_1_755' title='bbox 3177 5512 3307 5566; x_wconf 86' lang='lat' dir='ltr'>ibid.</span> <span class='ocrx_word' id='word_1_756' title='bbox 3356 5527 3409 5582; x_wconf 86' lang='lat' dir='ltr'>p.</span> <span class='ocrx_word' id='word_1_757' title='bbox 3432 5510 3556 5566; x_wconf 80' lang='grc'>449.</span> <span class='ocrx_word' id='word_1_758' title='bbox 3588 5506 3673 5565; x_wconf 82' lang='lat' dir='ltr'>Cf.</span> <span class='ocrx_word' id='word_1_759' title='bbox 3695 5496 3793 5554; x_wconf 81' lang='lat' dir='ltr'>Til.</span> 
     </span>
    </p>
   </div>
   <div class='ocr_carea' id='block_1_108' title="bbox 2242 5605 3332 5675">
    <p class='ocr_par' dir='ltr' id='par_1_108' title="bbox 2242 5605 3332 5675">
     <span class='ocr_line' id='line_1_108' title="bbox 2242 5605 3332 5675; baseline -0.006 -9"><span class='ocrx_word' id='word_1_760' title='bbox 2242 5612 2446 5666; x_wconf 90' lang='lat' dir='ltr'>lemont</span> <span class='ocrx_word' id='word_1_761' title='bbox 2476 5609 2762 5665; x_wconf 81' lang='lat' dir='ltr'>Mémoires</span> <span class='ocrx_word' id='word_1_762' title='bbox 2787 5607 2853 5663; x_wconf 85' lang='lat' dir='ltr'>T.</span> <span class='ocrx_word' id='word_1_763' title='bbox 2892 5605 3009 5660; x_wconf 86' lang='lat' dir='ltr'>XVI</span> <span class='ocrx_word' id='word_1_764' title='bbox 3044 5621 3094 5675; x_wconf 93' lang='lat' dir='ltr'>p.</span> <span class='ocrx_word' id='word_1_765' title='bbox 3123 5605 3245 5665; x_wconf 83' lang='grc'>657,</span> <span class='ocrx_word' id='word_1_766' title='bbox 3282 5606 3332 5659; x_wconf 89' lang='grc'>1.</span> 
     </span>
    </p>
   </div>
   <div class='ocr_carea' id='block_1_109' title="bbox 2315 5690 3608 5775">
    <p class='ocr_par' dir='ltr' id='par_1_109' title="bbox 2315 5690 3608 5775">
     <span class='ocr_line' id='line_1_109' title="bbox 2315 5690 3608 5775; baseline -0.01 -16"><span class='ocrx_word' id='word_1_767' title='bbox 2315 5703 2391 5775; x_wconf 83' lang='lat'>(8)</span> <span class='ocrx_word' id='word_1_768' title='bbox 2433 5694 2544 5758; x_wconf 74' lang='lat' dir='ltr'>VV.</span> <span class='ocrx_word' id='word_1_769' title='bbox 2577 5701 2681 5756; x_wconf 79' lang='lat' dir='ltr'>PP.</span> <span class='ocrx_word' id='word_1_770' title='bbox 2713 5700 2900 5758; x_wconf 82' lang='lat' dir='ltr'>Rosw.</span> <span class='ocrx_word' id='word_1_771' title='bbox 2932 5698 3145 5770; x_wconf 74' lang='lat' dir='ltr'>I’roleg.</span> <span class='ocrx_word' id='word_1_772' title='bbox 3178 5697 3205 5769; x_wconf 60' lang='grc' dir='ltr'>ᾗ</span> <span class='ocrx_word' id='word_1_773' title='bbox 3236 5696 3274 5750; x_wconf 79' lang='grc' dir='ltr'>Χ</span> <span class='ocrx_word' id='word_1_774' title='bbox 3309 5711 3363 5767; x_wconf 92' lang='lat' dir='ltr'>p.</span> <span class='ocrx_word' id='word_1_775' title='bbox 3395 5690 3608 5749; x_wconf 75' lang='lat' dir='ltr'>XXVII.</span> 
     </span>
    </p>
   </div>
  </div>
