4040 6526
352 318 419 376 21
1870 322 2101 380 ἮΤΑΕ.
3518 320 3592 377 ⁸22

352 450 515 516 pore
531 430 806 497 Valentis
824 434 1217 516 imperatoris
1239 438 1450 518 paullo
1478 448 1621 521 post
1650 445 1711 506 S.
1743 444 1926 506 Atha-
1953 449 2000 504 A
2025 448 2293 505 exeunte
2323 460 2490 506 anno
2522 442 2657 517 394,
2694 448 2755 505 et
2782 444 3123 507 Palladium
3158 444 3293 509 eius
3326 443 3591 519 itineris,

351 536 510 597 nasii
537 543 805 599 mortem
839 536 1023 619 (373),
1060 547 1167 599 aut
1193 546 1337 601 ante
1367 558 1601 603 annum
1639 544 1752 605 385
1784 562 1923 607 mo-

348 637 619 699 nasteria
654 640 919 718 Aegypti
962 638 1261 714 lustravit,
1296 658 1424 720 quo
1454 650 1741 723 tempore
1788 648 1922 708 Ru-

348 737 547 799 ﬁnum
598 739 664 799 in
709 739 901 800 Nitria
940 747 1251 801 versatum
1296 758 1433 803 esse
1481 745 1921 822 cognovimus,

348 839 462 900 sed
500 838 695 900 multo
732 846 876 918 post
923 847 1190 902 exeunte
1232 858 1399 903 anno
1443 843 1556 904 394
1590 848 1704 907 sub
1736 848 1924 909 ﬁnem

345 938 597 1017 imperii
626 938 963 1001 Theodosii
1005 943 1231 1019 Magni,
1260 944 1371 1023 qui
1407 944 1562 1006 obiit
1607 964 1773 1009 anno
1809 948 1923 1009 395

349 1037 414 1098 d.
446 1040 577 1099 XVI
603 1040 850 1101 Calend.
876 1043 1193 1104 Februarii
1226 1041 1346 1124 (1);
1378 1047 1621 1107 socium
1649 1064 1797 1109 vero
1828 1049 1925 1110 iti-

347 1141 520 1202 neris
549 1141 891 1204 Palladium
918 1142 1156 1219 habuit,
1187 1146 1296 1225 qui
1318 1147 1651 1211 Historiam
1680 1153 1925 1214 Lausia-

346 1255 484 1301 cam
529 1241 797 1320 scripsit.
837 1245 1003 1315 Quae
1043 1245 1301 1324 quidem
1348 1263 1425 1308 ex
1453 1247 1613 1311 libro
1644 1253 1921 1316 secundo

342 1336 485 1416 ipso
517 1338 788 1402 dilucide
829 1341 1226 1421 colliguntur.
1276 1347 1430 1407 Nam
1472 1355 1691 1411 auctor
1736 1349 1923 1413 huius

340 1435 488 1499 libri
517 1441 721 1501 statim
750 1442 827 1504 ab
855 1442 1033 1507 initio
1064 1445 1218 1509 haec
1248 1455 1459 1510 narrat
1504 1466 1517 1509 :
1554 1450 1768 1513 Fuisse
1824 1469 1923 1515 se-

342 1546 540 1618 ptem,
559 1558 627 1603 se
648 1543 941 1606 nimirum
966 1564 1107 1608 cum
1130 1565 1239 1609 sex
1261 1551 1469 1626 sociis,
1491 1552 1599 1631 qui
1617 1554 1922 1616 Joannem

343 1642 669 1704 eremitam
713 1662 914 1724 prope
952 1649 1189 1726 Lycum
1235 1650 1547 1713 civitatem
1588 1653 1919 1715 convenis-

2027 544 2197 623 quod
2225 562 2260 605 e
2288 545 2481 606 Nitria
2508 546 2587 607 ad
2610 548 2916 608 Joannem
2944 547 3010 607 in
3030 548 3196 627 Lyco
3217 545 3471 620 fecerat,
3496 562 3597 608 so-

2024 646 2190 708 cium
2224 645 2536 709 habuisse.

2101 747 2379 809 Alterum
2424 748 2710 826 quidem,
2756 747 3096 809 Palladium
3146 744 3383 808 scilicet
3435 746 3593 807 scri-

2024 847 2221 926 ptoris
2251 847 2393 908 libri
2422 848 2681 910 secundi
2727 847 2967 909 socium
3006 847 3072 907 in
3116 845 3339 906 itinere
3377 844 3593 919 fuisse,

2022 946 2181 1008 alius
2201 963 2457 1027 quoque
2490 947 2673 1009 huius
2699 947 2840 1007 libri
2870 946 3044 1007 locus
3074 946 3461 1024 comprobat.
3487 946 3599 1005 Le-

2024 1048 2228 1124 gimus
2276 1049 2467 1121 enim,
2520 1047 2917 1127 Apollonium
2949 1046 3273 1108 monachis
3302 1045 3430 1106 suis
3469 1052 3596 1105 tres

2022 1146 2180 1221 dies,
2210 1154 2545 1227 antequam
2574 1148 2843 1227 scriptor
2874 1148 3009 1208 libri
3041 1146 3300 1209 secundi
3328 1163 3471 1207 cum
3498 1162 3597 1207 so-

2023 1248 2135 1311 ciis
2164 1266 2307 1310 eum
2342 1249 2725 1323 convenerit,
2757 1248 3139 1328 praedixisse
3173 1266 3185 1307 :
3227 1268 3258 1304 α
3299 1254 3442 1325 post
3480 1244 3595 1306 tri-

2023 1351 2217 1412 duum
2248 1350 2572 1413 adfuturos
2606 1356 2733 1412 tres
2762 1350 2982 1411 fratres
3026 1349 3103 1410 de
3143 1346 3597 1425 Hierosolymis

2020 1450 2344 1512 venientes
2377 1447 2483 1531 (5).
2522 1473 2549 1505 »
2600 1450 2722 1511 Sed
2769 1449 2938 1510 idem
2984 1445 3293 1510 Palladius
3338 1463 3595 1525 quoque

2021 1552 2229 1613 triduo
2263 1558 2408 1613 ante
2444 1569 2628 1613 suum
2656 1552 2761 1620 22
2793 1548 3126 1612 adventum
3155 1550 3233 1610 ab
3262 1546 3595 1628 Apollonio

2021 1653 2412 1733 praedictum
2450 1669 2588 1715 esse
2628 1652 2695 1712 in
2737 1651 3005 1712 Historia
3041 1650 3334 1710 Lausiaca
3373 1648 3596 1709 iisdem

341 1749 505 1848 sent.
538 1746 845 1806 Joannem
882 1747 1058 1826 ipsis,
1091 1766 1285 1828 quum
1317 1751 1420 1820 21
1465 1751 1543 1812 ab
1583 1768 1660 1814 eo
1701 1753 1917 1832 profe-
1948 1791 1993 1848 Β
2021 1754 2209 1833 plane
2227 1754 2433 1816 verbis
2458 1759 2664 1816 narrat
2684 1752 2927 1832 (6).Ubi
2949 1768 3029 1814 ne
3046 1751 3405 1824 oﬂ‘endaris,
3425 1749 3597 1829 quod

342 1844 510 1905 cturi
534 1854 763 1920 essent,
796 1848 1337 1927 praedixisse,hac
1358 1851 1494 1931 ipsa
1515 1852 1615 1913 die
1632 1853 1920 1916 victorias
1948 1844 1980 1848 7
2018 1854 2331 1917 Palladius
2378 1854 2604 1916 dicitur
2644 1854 2888 1915 venisse
2935 1851 3408 1931 Hierosolymis.
3442 1852 3596 1912 Nam

338 1942 620 2021 religiosi
666 1946 969 2027 principis
1003 1948 1341 2011 Theodosii
1376 1950 1455 2011 de
1506 1952 1786 2028 Eugenio
1816 1958 1918 2031 ty-

336 2060 539 2105 ranno
577 2051 919 2125 reportatas
964 2046 1372 2110 Alexandriae
1418 2050 1727 2112 nuntiatas
1757 2068 1914 2125 esse,

333 2143 676 2225 ipsumque
722 2146 1148 2209 Theodosium
1195 2165 1325 2210 non
1368 2148 1566 2211 multo
1596 2157 1739 2229 post
1762 2168 1916 2229 pro-

336 2248 481 2324 pria
533 2255 728 2309 morte
779 2250 973 2309 vitam
1017 2250 1363 2328 ﬁniturum.
1428 2251 1660 2314 Triduo
1709 2258 1917 2313 autem

342 2354 482 2425 post
517 2347 863 2410 discessum
901 2367 1083 2410 suum
1122 2349 1201 2412 de
1236 2356 1439 2412 morte
1468 2350 1724 2411 Joannis
1757 2368 1823 2412 se
1850 2351 1917 2412 in

339 2448 559 2511 itinere
608 2451 907 2513 certiores
954 2469 1091 2513 esse
1139 2451 1337 2515 factos
1388 2452 1493 2534 (2).
1533 2453 1654 2514 Sed
1695 2453 1916 2515 eadem

335 2548 527 2625 haec,
576 2568 738 2630 quae
782 2552 848 2613 in
903 2551 1065 2614 libro
1116 2552 1396 2615 secundo
1446 2553 1917 2616 Rosweidianae

333 2650 726 2714 collectionis
770 2651 964 2714 latino
1008 2669 1300 2714 sermone
1346 2653 1661 2731 leguntur,
1694 2671 1916 2731 graece

332 2769 632 2832 expressa
660 2753 791 2815 fere
826 2754 904 2815 ad
937 2755 1199 2816 verbum
1228 2754 1296 2815 in
1322 2755 1593 2817 Historia
1622 2756 1917 2818 Lausiaca

328 2851 591 2914 Palladii
630 2860 894 2927 exstant,
944 2852 1067 2915 hoc
1113 2871 1246 2916 uno
1294 2854 1677 2928 discrimine,
1718 2856 1912 2934 quod,

333 2972 504 3034 quae
536 2962 748 3017 noster
774 2956 910 3036 ipse
938 2963 1236 3036 expertus
1266 2962 1381 3031 est,
1410 2956 1721 3018 Palladius
1746 2974 1780 3019 a
1808 2975 1913 3020 so-

332 3058 449 3119 ciis
485 3064 723 3122 narrata
766 3075 902 3121 esse
940 3058 1153 3121 refert.
1195 3061 1445 3139 Septem
1476 3058 1698 3121 fratres
1726 3077 1913 3139 pere-

329 3159 549 3237 grinos
596 3178 815 3225 omnes
844 3160 1038 3223 fuisse
1069 3161 1136 3223 in
1182 3160 1518 3224 solitudine
1550 3160 1805 3236 Nitriae,
1843 3179 1911 3223 se

329 3262 613 3342 quidem,
645 3281 763 3325 nec
794 3280 923 3325 non
955 3263 1209 3323 beatum
1236 3263 1591 3341 Evagrium,
1622 3260 1914 3323 Albinum

331 3373 397 3429 et
416 3368 838 3427 Ammonium.
858 3364 1027 3427 Scire
1048 3380 1115 3425 se
1135 3380 1357 3425 omnes
1377 3363 1713 3436 studuisse,
1730 3379 1918 3442 quae-

331 3483 479 3527 nam
522 3464 781 3526 Joannis
812 3463 1002 3525 virtus
1044 3468 1227 3536 esset,
1259 3462 1369 3523 sed
1401 3462 1715 3524 dubitasse
1756 3463 1915 3523 Eva-

330 3564 558 3642 grium,
608 3579 689 3624 an
736 3561 995 3623 omnino
1050 3578 1193 3622 eum
1241 3561 1579 3623 convenire
1631 3567 1912 3641 possent.

328 3663 533 3735 Quare
577 3666 835 3740 postero
883 3659 1016 3733 die,
1049 3658 1299 3721 occlusa
1333 3659 1522 3734 cella,
1563 3659 1767 3721 solum
1812 3677 1913 3735 se,

328 3759 561 3822 nesciis
592 3759 801 3833 sociis,
832 3759 909 3820 ad
937 3761 1243 3821 Joannem
1265 3759 1331 3819 in
1359 3759 1742 3822 Thebaidem
1772 3778 1917 3840 pro-

328 3862 564 3923 fectum
596 3877 755 3922 esse.
787 3862 988 3933 Quum
1019 3877 1167 3922 vero
1198 3861 1276 3923 ab
1306 3878 1383 3922 eo
1413 3878 1698 3923 reversus
1730 3862 1916 3924 sociis

327 3978 465 4022 rem
505 3965 838 4031 narrasset,
870 3964 1015 4038 post
1043 3958 1203 4020 duos
1228 3975 1480 4020 menses
1510 3957 1627 4020 hos
1656 3976 1913 4039 quoque

326 4079 515 4125 senes
560 4061 639 4124 ad
683 4062 991 4123 Joannem
1023 4060 1291 4134 venisse,
1345 4060 1464 4121 sibi
1509 4067 1719 4121 autem
1766 4077 1913 4121 nar-

327 4180 523 4226 rasse.
572 4164 932 4242 Sequuntur
963 4160 1097 4222 fere
1129 4159 1205 4222 ad
1236 4160 1519 4233 verbum,
1563 4167 1632 4221 ut
1658 4160 1912 4222 monui-

326 4284 492 4340 mus,
530 4265 657 4339 illa,
691 4282 853 4344 quae
893 4264 1085 4325 modo
1125 4278 1202 4324 ex
1238 4260 1398 4323 libro
1429 4261 1709 4324 secundo
1737 4268 1911 4325 retu-

329 4364 515 4427 limus
557 4363 663 4445 (3).
703 4363 1055 4441 Eugenium
1081 4378 1230 4423 vero
1259 4366 1596 4440 tyrannum
1625 4360 1913 4423 Theodo-

327 4467 459 4529 sius
523 4465 693 4547 apud
748 4465 935 4545 Alpes
985 4462 1212 4525 devicit
1267 4479 1435 4524 anno
1500 4460 1613 4523 394
1661 4461 1723 4523 d.
1774 4462 1912 4523 VIII

324 4569 475 4630 Idus
495 4566 880 4647 Septembris
906 4564 1013 4645 (4).
1033 4565 1081 4625 E
1104 4563 1334 4643 quibus
1377 4563 1714 4641 colligitur,
1763 4563 1913 4625 scri-

324 4676 578 4751 ptorem
624 4666 767 4729 libri
804 4664 1067 4728 secundi
1102 4681 1288 4726 senes
1316 4664 1582 4744 Aegypti
1625 4663 1910 4726 invisisse

401 4922 478 4991 (ι)
514 4920 671 4975 Socr.
706 4918 851 4974 Hist.
882 4917 1033 4974 Eccl.
1063 4917 1159 4973 lib.
1185 4917 1231 4973 v
1256 4932 1377 4988 cap.
1400 4917 1493 4973 25.

399 5014 477 5081 (2)
511 5012 626 5068 νγ.
677 5010 783 5067 ΡΡ.
836 5010 1024 5067 Rosw.
1075 5009 1171 5065 lib.
1221 5008 1265 5065 ll
1306 5025 1431 5081 cap.
1473 5010 1525 5065 1.
1570 5026 1623 5081 p.
1668 5011 1797 5079 45!,
1853 5016 1905 5068 1.

322 5108 451 5167 457.
498 5107 550 5160 1.

396 5201 475 5269 (5»
512 5198 650 5255 Hist.
686 5196 855 5253 Laus.
889 5212 1013 5268 cap.
1045 5196 1117 5250 44
1145 5193 1284 5268 Opp.
1320 5194 1521 5252 Meurs.
1552 5196 1592 5250 l.
1618 5195 1656 5250 Ι.
1700 5212 1755 5266 p.
1779 5195 1905 5251 468.

319 5294 452 5348 472.
480 5291 606 5347 488.

398 5387 474 5456 (4)
517 5385 674 5438 Socr.
706 5380 850 5437 Hist.
883 5380 1034 5435 Eccl.
1065 5379 1159 5435 lib.
1203 5377 1244 5432 V
1274 5395 1395 5450 cap.
1425 5379 1517 5434 24.
1567 5378 1654 5434 Cf.
1687 5379 1903 5435 Baronii

319 5476 524 5532 Annal.
564 5490 616 5527 a.
650 5472 757 5528 394
786 5490 938 5528 num.
976 5471 1020 5521 V
1064 5488 1186 5541 sqq.
1215 5471 1302 5526 ed.
1343 5471 1472 5527 Luc.
1504 5470 1567 5527 T.
1594 5471 1664 5526 Vl
1692 5489 1744 5544 p.
1780 5475 1911 5537 445.

319 5568 523 5636 Fleury
556 5564 700 5618 Hist.
737 5563 885 5617 Eccl.
926 5561 987 5615 T.
1020 5558 1091 5615 IV
1127 5576 1181 5630 p.
1216 5559 1375 5615 1034.

394 5660 472 5728 (5)
516 5653 633 5709 vv.
670 5653 775 5707 PP.
808 5652 991 5708 Rosw.
1022 5652 1117 5705 lib.
1150 5651 1188 5704 ιι
1225 5665 1343 5720 cap.
1381 5652 1413 5705 7
1440 5668 1491 5723 p.
1528 5653 1654 5714 464.
1695 5654 1746 5707 1.

393 5751 474 5821 (6)
517 5748 657 5804 Hist.
683 5748 847 5803 Laus.
882 5762 1005 5817 cap.
1034 5745 1104 5801 55
1132 5742 1273 5814 Opp.
1303 5744 1502 5800 Meurs.
1537 5748 1571 5799 Ι.
1603 5748 1639 5800 Ι.
1666 5764 1717 5816 p.
1747 5746 1875 5802 505.

395 5844 477 5915 (7)
520 5841 621 5916 Ep.
667 5842 757 5898 51.
821 5839 879 5897 S.
926 5837 1145 5896 Hieron.
1220 5834 1358 5908 Opp.
1416 5837 1504 5896 ed.
1560 5837 1738 5910 Migne
1785 5838 1848 5895 Τ.
1886 5838 1903 5894 Ι

2018 1956 2352 2030 Palladius,
2379 1956 2493 2017 etsi
2516 1972 2742 2016 novem
2763 1971 2963 2016 annos
2984 1952 3360 2015 ordinariam
3382 1949 3596 2012 sedem

2015 2056 2082 2118 in
2110 2056 2312 2118 Celliis
2333 2057 2572 2129 fixerat,
2596 2055 2719 2117 hoc
2740 2061 2951 2116 tamen
2972 2054 3112 2133 ipso
3134 2059 3418 2131 tempore
3440 2068 3600 2111 non-

2018 2176 2341 2237 nunquam
2378 2158 2809 2238 peregrinatus
2841 2165 2955 2218 est.
2999 2156 3171 2217 Circa
3214 2172 3451 2216 annum
3482 2150 3597 2213 394

2015 2258 2470 2338 Hierosolymis
2509 2258 2726 2321 adfuit.
2781 2257 2956 2331 Quod
3006 2255 3267 2336 epistola
3330 2253 3593 2327 indicat,

2017 2374 2205 2436 quam
2236 2357 2447 2436 paullo
2477 2364 2619 2419 ante
2640 2356 2714 2418 ad
2744 2357 3110 2436 episcOpum
3131 2352 3601 2431 Hierosolymo-

2016 2472 2155 2516 rum
2173 2473 2207 2515 a
2221 2455 2282 2515 S.
2296 2454 2650 2535 Epiphanio
2672 2456 2964 2535 scriptam
2984 2472 3150 2517 anno
3176 2453 3287 2516 394
3304 2455 3365 2513 S.
3383 2453 3601 2515 Hiero-

2017 2574 2245 2636 nymus
2262 2556 2451 2617 latine
2476 2556 2764 2618 reddidit.
2789 2556 2972 2618 Cuius
2997 2557 3063 2617 in
3092 2556 3215 2616 fine
3241 2552 3596 2633 S.Epipha-

2015 2656 2157 2717 nius
2181 2673 2195 2718 :
2224 2680 2251 2711 α
2275 2655 2618 2717 Palladium
2638 2673 2808 2727 vero,
2829 2678 2856 2711 ››
2878 2654 3103 2733 inquit,
3120 2678 3148 2709 α
3174 2652 3471 2725 Galatam,
3489 2652 3599 2731 qui

2016 2756 2339 2836 quondam
2368 2758 2552 2819 nobis
2580 2774 2760 2819 carus
2779 2755 2915 2824 fuit,
2942 2764 3004 2815 et
3029 2772 3198 2815 nunc
3236 2754 3596 2815 misericor-

2018 2858 2119 2919 dia
2151 2860 2262 2921 Dei
2302 2858 2563 2936 indiget,
2597 2874 2768 2931 cave,
2803 2857 2947 2936 quia
2978 2855 3258 2932 Origenis
3287 2854 3597 2915 haeresim

2017 2958 2336 3036 praedicat
2365 2965 2427 3019 et
2456 2957 2662 3030 docet,
2693 2974 2772 3018 ne
2794 2955 2953 3018 forte
2973 2954 3217 3034 aliquos
3247 2954 3324 3015 de
3358 2952 3597 3033 populo

2018 3054 2129 3115 tibi
2158 3055 2395 3117 credito
2433 3054 2512 3116 ad
2543 3054 3010 3133 perversitatem
3047 3052 3143 3114 sui
3189 3052 3447 3113 inducat
3491 3070 3594 3113 er-

2017 3153 2177 3215 roris
2223 3154 2331 3234 (7).
2383 3177 2413 3211 »
2461 3155 2745 3215 Exeunte
2787 3170 2954 3215 anno
3002 3151 3118 3213 394
3166 3150 3246 3231 (8)
3281 3151 3597 3213 Palladius

2016 3256 2323 3317 Joannem
2360 3254 2427 3315 in
2470 3257 2638 3333 Lyco
2682 3253 2913 3328 invisit,
2951 3259 3140 3332 atque
3174 3269 3284 3313 sex
3316 3250 3402 3312 illi
3442 3250 3598 3314 socii

2018 3374 2084 3418 se
2112 3355 2567 3435 Hierosolymis
2600 3356 2847 3417 venisse
2876 3361 3091 3434 aperte
3119 3353 3421 3427 fatentur;
3451 3369 3598 3414 nam

2013 3454 2239 3515 Joanni
2284 3453 2455 3516 :Pro
2510 3452 2819 3526 utilitate,
2868 3453 3193 3532 inquiunt,
3246 3455 3599 3513 animarum

2014 3563 2372 3614 nostrarum
2412 3553 2494 3614 ad
2541 3562 2598 3613 te
2642 3543 2923 3615 venimus
2960 3553 3037 3614 ab
3083 3553 3450 3627 Jerusalem,
3500 3561 3595 3625 ut,

2014 3654 2182 3734 quod
2229 3653 2548 3715 auditione
2597 3671 3051 3732 acceperamus,
3099 3653 3167 3713 id
3213 3671 3598 3713 cerneremus

2016 3749 2210 3811 oculis
2240 3750 2347 3828 (9).
2387 3751 2477 3811 Ex
2526 3750 2779 3830 quibus,
2814 3749 3069 3829 quando
3101 3750 3410 3811 Palladius
3444 3750 3595 3810 Hie-

2014 3851 2348 3931 rosolymis
2374 3850 2583 3925 fuerit,
2621 3859 2678 3912 et
2708 3850 2962 3931 quando
2994 3850 3140 3911 inde
3171 3850 3365 3911 redux
3398 3849 3598 3911 factus

2015 3955 2115 4028 sit,
2146 3961 2428 4033 apparet.
2461 3956 2532 4013 In
2581 3952 2807 4014 eodem
2852 3970 3002 4014 vero
3047 3951 3251 4012 reditu
3291 3952 3595 4014 Hieroso-

2011 4055 2197 4135 lymis
2220 4053 2529 4116 Palladius
2552 4072 2697 4116 cum
2718 4054 2965 4116 duobus
2988 4053 3174 4115 sociis
3194 4052 3595 4132 Apollonium

2014 4175 2272 4239 quoque
2318 4155 2599 4219 inviserit
2641 4172 2901 4218 necesse
2950 4161 3063 4216 est.
3113 4155 3267 4214 Nam
3306 4152 3501 4214 altero
3529 4152 3596 4215 in

2012 4260 2425 4323 Palaestinam
2474 4258 2701 4319 itinere
2744 4255 3115 4319 valetudinis
3160 4254 3353 4332 gratia
3398 4254 3596 4315 tribus

2013 4362 2194 4424 annis
2223 4367 2389 4442 post,
2427 4377 2615 4439 quam
2658 4361 2965 4422 Joannem
2992 4357 3059 4417 in
3082 4358 3247 4435 Lyco
3277 4354 3592 4427 inviserat,

2013 4468 2307 4543 suscepto
2337 4479 2466 4523 non
2486 4461 2549 4521 in
2568 4465 2920 4540 Aegyptum
2942 4456 3144 4531 rediit,
3163 4455 3271 4517 sed
3288 4455 3351 4515 in
3372 4454 3591 4534 Bithy-

2015 4566 2180 4628 niam
2202 4564 2394 4637 venit,
2412 4563 2521 4624 ubi
2543 4562 2880 4643 episcopus
2905 4558 3226 4622 ordinatus
3249 4562 3341 4617 est
3365 4554 3511 4633 (10).

2090 4663 2195 4733 23
2225 4664 2475 4724 Constat
2510 4677 2683 4739 ergo,
2730 4659 3100 4738 scriptorem
3138 4654 3282 4716 libri
3329 4652 3594 4716 secundi

2015 4914 2244 4988 [PatroL
2277 4911 2342 4967 T.
2383 4910 2551 4985 XXII]
2589 4927 2641 4981 p.
2672 4909 2797 4965 527.

2085 5008 2162 5078 (8)
2213 5007 2434 5061 Duobus
2492 5004 2702 5060 scilicet
2748 5003 3031 5058 mensibus
3079 5007 3206 5053 ante
3248 4994 3535 5051 victoriam
3567 5034 3588 5062 ,

2012 5115 2176 5171 quam
2208 5097 2559 5153 Theodosius
2592 5096 2649 5151 d.
2682 5094 2799 5150 Vlll
2868 5095 2948 5150 ld.
2995 5091 3334 5162 Septembris
3374 5090 3442 5146 de
3478 5088 3590 5144 Eu-

2012 5192 2173 5263 genio
2202 5191 2519 5261 reportavit,
2552 5187 2916 5244 Alexandriae
2941 5185 3268 5240 nuntiatam.

2080 5284 2157 5354 (9)
2204 5283 2342 5339 Hist.
2385 5282 2546 5341 Laus.
2598 5298 2721 5352 cap.
2773 5282 2843 5336 44
2914 5278 3054 5348 Opp.
3104 5276 3311 5334 Meurs.
3350 5276 3391 5332 ι.
3440 5276 3479 5331 ι.
3526 5292 3581 5349 p.

2006 5380 2149 5440 475;
2180 5378 2292 5433 VV.
2324 5378 2427 5433 PP.
2464 5378 2648 5433 Rosw.
2684 5377 2779 5430 lib.
2808 5374 2852 5428 ll
2888 5392 2939 5445 p.
2970 5374 3098 5437 451,
3131 5372 3181 5427 Ι.

2079 5472 2191 5543 (10)
2239 5471 2380 5526 Hist.
2431 5471 2595 5525 Laus.
2649 5484 2771 5539 cap.
2805 5468 2876 5522 44
2922 5466 3059 5535 Opp.
3101 5463 3304 5520 Meurs.
3346 5464 3385 5519 l.
3438 5462 3476 5519 ι.
3523 5479 3581 5534 p.

2007 5566 2129 5621 472.
2162 5564 2541 5620 Tillemontius
2568 5562 2883 5634 (Mémoires
2910 5559 2973 5614 Τ.
3008 5558 3106 5613 Xll
3133 5574 3186 5628 p.
3219 5557 3347 5623 656,
3380 5556 3438 5625 2)
3484 5572 3587 5611 au-

2007 5663 2200 5718 tumat,
2231 5656 2550 5724 scriptorem
2579 5653 2705 5707 libri
2745 5650 2972 5708 secundi
3008 5648 3357 5719 Apollonium
3394 5661 3578 5701 senem

2006 5754 2131 5801 ante
2165 5761 2370 5800 annum
2415 5746 2521 5800 385
2567 5746 2859 5813 invisisse;
2896 5743 2992 5801 sed
3047 5744 3223 5806 locus,
3273 5756 3383 5811 quo
3414 5738 3579 5798 Tille-

2005 5839 2247 5898 montius
2290 5840 2566 5907 innititur,
2614 5854 2643 5894 a
2683 5840 2856 5900 latino
2903 5839 3028 5897 libri
3060 5838 3357 5909 interprete
3384 5848 3578 5906 perpe-
