4040 6560
502 312 593 368 '25
1330 318 1431 376 SS.
1474 319 1935 379 MACARIOBUM
1969 322 2294 379 AEGYPTII
2321 322 2412 379 ET
2474 321 2961 383 ALEXANDRINI.
3701 324 3775 381 ﬂ

511 438 578 492 et
608 447 751 494 cum
782 430 1055 496 Palladio
1103 442 1371 499 exeunte
1421 453 1590 499 anno
1642 437 1757 499 394
1786 438 2087 501 Hieroso-
2117 441 2165 500 Δ
2191 438 2710 502 monuimus.Sed
2722 438 2891 501 unde
2909 437 3046 501 talis
3059 438 3455 502 necessitudo
3468 438 3772 501 librorum

512 528 700 609 Iymis
744 532 810 594 in
846 537 1198 615 Aegyptum
1243 536 1519 611 venisse,
1560 537 2091 618 Apolloniumque

514 650 639 695 una
667 650 808 695 cum
842 652 918 696 eo
949 636 1254 711 invisisse,
1289 646 1350 699 et
1385 656 1419 699 e
1449 656 1715 701 numero
1741 657 1850 701 sex
1877 640 2089 702 socio-

512 750 654 794 rum
687 734 943 796 Palladii
974 736 1189 812 fuisse,
1218 738 1326 817 qui
1354 741 1657 801 Joannem
1692 739 1759 799 in
1790 741 1956 817 Lyco
1987 757 2089 801 se-

515 849 660 893 nem
690 834 999 897 adierunt.
1037 838 1157 897 Sed
1191 845 1260 898 ut
1298 838 1412 900 ista
1448 841 1899 916 argumentatio
1926 841 2090 902 iusto

512 932 919 998 fundamento
950 938 1199 1011 nitatur,
1234 955 1333 1000 res
1364 940 1563 1017 gravis
1590 940 1956 1019 explicanda
1989 959 2093 1003 su-

514 1042 745 1113 perest.
778 1036 964 1097 Multa
996 1038 1163 1099 enim
1196 1039 1398 1119 capita
1433 1039 1576 1100 libri
1615 1041 1899 1116 secundi,
1929 1042 2095 1104 inter

514 1152 677 1213 quae
706 1142 904 1197 totum
934 1137 1087 1199 illud
1118 1138 1196 1200 de
1232 1139 1590 1218 Apollonio,
1626 1158 1827 1220 paene
1854 1141 1933 1203 ad
1964 1159 2096 1203 ver-

515 1232 665 1295 bum
721 1234 787 1295 in
850 1237 1123 1299 Historia
1183 1240 1479 1303 Lausiaca
1528 1240 1860 1303 habentur.
1914 1242 2093 1306 Unde

500 1332 699 1411 igitur
728 1332 882 1397 haec
909 1335 1347 1399 necessitudo?

593 1438 809 1511 Quam,
838 1439 889 1499 si
916 1446 1252 1519 utrumque
1280 1439 1508 1502 librum
1538 1447 1827 1504 accurate
1856 1441 2097 1504 exami-

514 1539 778 1613 naveris,
795 1540 1127 1602 maximam
1148 1558 1285 1602 esse
1305 1542 1608 1603 invenies.
1624 1545 1778 1604 Nam
1791 1562 1952 1623 quae
1967 1544 2095 1606 illic

498 1638 593 1700 (de
623 1640 879 1702 senibus
905 1641 1238 1703 Thebaidis
1269 1648 1329 1703 et
1354 1643 1854 1706 circumiacentis
1880 1645 2094 1724 regio-

512 1741 612 1801 nis
640 1740 957 1819 leguntur,
981 1742 1158 1804 cuius
1181 1743 1436 1822 quidem
1466 1744 1714 1822 generis
1737 1752 1904 1818 sunt,
1931 1763 2093 1825 quae
2128 1783 2169 1842 Β

498 1840 591 1902 de
616 1842 857 1904 Joanne
883 1842 949 1903 in
978 1846 1168 1921 Lyco,
1206 1844 1429 1906 abbate
1454 1847 1609 1920 Ben,
1645 1846 1891 1909 civitate
1920 1848 2089 1927 Oxy-

510 1943 778 2022 ryncho,
815 1944 1095 2019 Theone,
1134 1945 1492 2025 Apollonio,
1533 1948 1821 2028 C0prete,
1861 1965 1938 2011 ex
1982 1964 2093 2010 ore

495 2045 792 2124 '-COpretis
834 2045 913 2107 de
949 2047 1331 2110 Patermutio
1355 2096 1371 2123 ,
1420 2048 1647 2111 abbate
1688 2050 1847 2129 Syro
1873 2097 1888 2123 ,
1936 2050 2093 2112 Isaia

508 2150 577 2208 et
612 2146 825 2220 Paulo,
867 2147 946 2209 de
984 2146 1379 2227 Pithyrione,
1411 2149 1699 2229 Eulogio,
1741 2151 1982 2231 Apelle,
2015 2169 2095 2215 ex

512 2266 624 2310 ore
655 2248 887 2329 Apellis
931 2249 1011 2311 de
1052 2252 1296 2313 Joanne
1341 2253 1638 2331 quodam,
1688 2253 1963 2333 denique
2012 2253 2094 2315 de

496 2350 868 2431 ,Paphnutio
898 2350 1276 2427 referuntur,
1310 2370 1384 2415 ea
1415 2354 1625 2416 omnia
1654 2360 1779 2417 tam
1806 2362 2094 2419 accurate

512 2452 782 2513 Historia
824 2452 1117 2515 Lausiaca
1172 2453 1598 2528 continentur,
1637 2461 1709 2516 ut
1748 2454 1882 2517 fere
1922 2455 2096 2517 nulla

513 2552 633 2613 nisi
656 2552 828 2613 latini
849 2560 912 2615 et
941 2553 1149 2632 graeci
1181 2554 1496 2617 idiomatis
1525 2555 1880 2618 differentia
1907 2574 2096 2637 appa-

514 2664 669 2715 reat.
703 2653 954 2734 Reliqui
980 2661 1189 2716 autem
1223 2662 1351 2717 tres
1375 2672 1559 2719 senes
1594 2674 1629 2719 e
1651 2657 1910 2736 regione
1937 2656 2097 2719 The-

511 2753 737 2828 baidis,
763 2772 1033 2834 quorum
1060 2754 1223 2817 liber
1249 2756 1566 2818 secundus
1597 2757 1982 2819 mentionem
2004 2756 2096 2818 fa-

511 2852 619 2927 cit,
653 2853 779 2915 duo
815 2858 1153 2917 Ammones
1184 2854 1443 2929 scilicet,
1476 2853 1555 2916 de
1598 2855 1830 2934 quibus
1870 2855 2094 2935 capiti-

512 2949 632 3013 bus
676 2953 752 3015 IV
783 2961 845 3015 et
873 2955 1011 3015 VIII
1054 2961 1361 3028 narratur,
1394 2959 1456 3017 et
1481 2954 1666 3029 Elias,
1706 2953 1773 3015 in
1801 2954 2096 3019 Lausiaca

511 3051 698 3132 plane
726 3054 1115 3117 omittuntur.
1146 3054 1257 3117 IIIa
1286 3072 1434 3117 vero
1467 3072 1630 3134 quae
1662 3054 1740 3117 de
1774 3055 1965 3117 Nitria
2000 3055 2093 3118 ei-

509 3172 639 3233 que
668 3155 1044 3231 conﬁnibus,
1076 3173 1347 3235 quorum
1388 3172 1422 3216 e
1451 3172 1719 3217 numero
1763 3164 1909 3218 sunt
1947 3175 2094 3219 nar-
2123 3134 2165 3191 c

512 3256 671 3318 ratio
697 3256 777 3319 de
806 3258 1163 3332 Ammonio,
1190 3258 1475 3335 Evagrio,
1508 3258 1758 3332 Cronio,
1790 3257 1869 3319 de
1902 3259 2101 3322 Maca-

512 3355 644 3431 riis,
675 3356 755 3419 de
784 3361 1089 3421 Ammone
1127 3360 1333 3440 primo
1372 3359 1604 3422 Nitriae
1647 3358 1985 3433 monacho,
2018 3359 2098 3422 de

512 3458 707 3521 Paulo
723 3459 1043 3540 Simplice,
1073 3462 1213 3541 ipsa
1239 3478 1499 3541 quoque
1539 3460 1817 3539 regionis
1865 3460 2100 3523 descri-

514 3560 672 3640 ptio,
707 3578 899 3641 porro
930 3578 1093 3641 quae
1125 3560 1205 3623 de
1234 3561 1490 3624 senibus
1514 3559 1943 3634 Alexandriae,
1968 3576 2097 3639 quo

516 3662 788 3742 pertinet
831 3662 1051 3725 relatio
1101 3662 1181 3725 de
1222 3662 1464 3724 Isidoro
1513 3669 1575 3723 et
1603 3661 1681 3724 de
1710 3660 1999 3741 Didymo,
2030 3660 2098 3724 in

516 3764 676 3827 libro
693 3766 973 3828 secundo
991 3772 1256 3840 exstant,
1276 3782 1349 3829 ea
1365 3765 1533 3845 apud
1549 3763 1891 3827 Palladium
1910 3763 2099 3843 longe

518 3865 699 3928 aliter
726 3872 787 3929 et
814 3867 1009 3929 multo
1042 3866 1298 3929 uberius
1326 3866 1788 3930 describuntur.
1818 3864 1991 3926 Idem
2021 3865 2097 3927 de

516 3968 861 4047 Serapione
908 3968 1185 4047 regionis
1231 3968 1577 4031 Arsenoitis
1616 3967 1807 4040 valet;
1837 3967 1915 4029 de
1953 3967 2098 4029 Ori-

517 4087 677 4147 gene
699 4087 847 4133 vero
880 4078 942 4132 et
966 4073 1331 4133 Piammone
1359 4069 1670 4133 Palladius
1703 4067 1861 4130 nihil
1889 4067 2097 4129 tradit.

516 4168 604 4230 De
634 4169 855 4231 abbate
874 4172 955 4231 Or
976 4172 1298 4251 quomodo
1327 4177 1617 4234 auctores
1643 4170 1809 4232 inter
1829 4186 1898 4231 se
1926 4168 2104 4230 diffe-

516 4276 679 4344 rant,
712 4269 873 4332 infra
902 4279 1275 4351 exponetur.
1304 4273 1606 4353 Epilogus
1638 4271 1937 4351 denique,
1972 4286 2101 4349 quo

517 4367 679 4432 liber
709 4373 1024 4435 secundus
1057 4374 1248 4437 ﬁnem
1282 4374 1528 4436 itineris
1559 4371 1925 4453 Aegyptiaci
1952 4388 2101 4434 nar-

2189 538 2479 615 istorum,
2522 540 2633 619 qui
2664 540 2742 601 de
2771 539 2880 612 24
2908 539 3164 602 senibus
3194 540 3527 603 Thebaidis
3555 540 3775 603 eadem

2191 640 2419 702 eodem
2453 640 2639 720 plane
2670 641 2860 702 modo
2895 647 3170 715 narrant,
3204 647 3341 702 nata
3368 638 3499 703 est?

2274 742 2398 801 Res
2419 757 2570 802 sane
2591 740 2829 821 duplici
2848 746 3088 802 tantum
3113 739 3303 801 modo
3332 739 3631 818 explicari
3652 758 3775 821 po-

2192 845 2335 901 test.
2368 844 2491 903 Aut
2518 841 2689 903 enim
2717 840 2875 902 alter
2908 840 3176 920 scriptor
3201 839 3337 919 ipse
3367 839 3596 901 librum
3625 839 3779 902 alte-

2194 943 2324 1007 rius
2343 961 2378 1005 e
2397 944 2705 1024 capitibus
2732 942 2856 1004 illis
2879 942 2957 1004 de
2979 942 3237 1004 senibus
3254 941 3586 1004 Thebaidis
3606 959 3777 1005 com-

2193 1040 2431 1120 pilavit,
2462 1047 2569 1103 aut
2612 1041 2832 1103 tertius
2861 1039 3115 1121 quidam
3148 1040 3361 1119 spuria
3395 1038 3501 1100 illa
3541 1040 3770 1101 intulit.

2194 1140 2513 1203 Posterius
2568 1140 2754 1202 statui
2799 1138 3041 1218 nequit.
3092 1140 3245 1199 Nam
3293 1137 3566 1200 Historia
3610 1139 3773 1200 Lau-

2194 1242 2360 1304 siaca
2390 1241 2679 1305 codicum
2703 1238 3289 1301 Vindobonensium
3310 1237 3395 1299 ita
3418 1244 3775 1318 comparata

2195 1347 2310 1415 est,
2341 1348 2411 1403 ut
2440 1341 2518 1403 de
2550 1347 2643 1402 tot
2677 1340 2985 1420 capitibus
3016 1338 3247 1419 spuriis
3283 1338 3558 1416 cogitare
3586 1356 3773 1418 pror-

2194 1459 2303 1505 sus
2346 1459 2656 1522 nequeas;
2688 1441 2787 1503 sin
2826 1440 3031 1520 capita
3079 1440 3197 1501 ista
3233 1456 3268 1500 e
3312 1438 3582 1500 Historia
3611 1440 3775 1501 Lau-

2195 1543 2361 1605 siaca
2403 1550 2703 1622 tanquam
2754 1542 2967 1621 spuria
3013 1540 3299 1614 tolleres,
3347 1547 3587 1620 partem
3635 1539 3777 1602 libri

2193 1642 2503 1721 integram
2535 1642 2946 1705 desiderares.
2978 1641 3161 1703 Liber
3196 1657 3346 1702 vero
3382 1640 3696 1703 secundus
3724 1640 3778 1702 si

2198 1746 2400 1825 capita
2427 1745 2544 1806 ista
2566 1743 2645 1806 de
2665 1743 2920 1806 senibus
2939 1741 3274 1803 Thebaidis
3302 1748 3597 1821 tanquam
3621 1760 3778 1823 spu-

2198 1845 2289 1907 ria
2324 1844 2639 1920 tollantur,
2670 1843 2772 1905 vix
2808 1842 2951 1904 libri
2981 1859 3215 1904 nomen
3247 1842 3496 1903 retinet.

2273 1945 2717 2008 Difﬁcillimum
2758 1944 2947 2024 igitur
2980 1950 3074 2005 est
3115 1943 3193 2005 ad
3229 1943 3637 2018 credendum,
3673 1942 3781 2005 illa

2197 2046 2399 2128 capita
2429 2047 2496 2108 in
2535 2045 2836 2108 alterutro
2866 2044 3050 2118 libro,
3082 2049 3190 2105 aut
3214 2043 3281 2105 in
3308 2050 3600 2125 utroque,
3623 2063 3778 2125 spu-

2196 2148 2287 2211 ria
2312 2165 2471 2210 esse.
2495 2149 2728 2209 Verum
2757 2146 2993 2208 multae
3021 2146 3297 2208 rationes
3322 2146 3687 2220 admonent,
3710 2152 3783 2207 ut

2195 2249 2539 2312 Palladium
2565 2248 2774 2329 ipsum
2792 2265 2829 2309 e
2847 2247 3009 2310 libro
3030 2248 3310 2311 secundo
3333 2266 3406 2311 ea
3425 2258 3780 2311 mutuatum

2196 2365 2336 2411 esse
2360 2354 2422 2410 et
2440 2348 2751 2411 Historiae
2773 2347 3106 2410 Lausiacae
3126 2365 3277 2410 suae
3299 2348 3642 2412 intexuisse
3664 2356 3784 2412 sta-

2195 2456 2469 2512 tuamus.

2275 2548 2556 2609 Primum
2598 2547 2767 2611 enim
2805 2546 3117 2609 Palladius
3146 2548 3483 2612 Historiam
3521 2549 3780 2611 Lausia-

2196 2665 2334 2711 cam
2376 2648 2575 2711 multo
2609 2654 2773 2727 post,
2805 2665 2995 2727 quam
3026 2647 3185 2710 liber
3230 2648 3547 2710 secundus
3580 2650 3785 2712 editus

2197 2756 2315 2824 est,
2344 2748 2638 2828 vulgavit.
2678 2751 2834 2812 Nam
2872 2749 3145 2811 Historia
3182 2752 3475 2812 Lausiaca
3512 2752 3782 2831 prodiit,

2197 2868 2394 2930 quum
2424 2850 2736 2913 Palladius
2767 2874 2797 2909 ‹‹
2839 2851 3223 2913 tricesimum
3260 2852 3514 2913 tertium
3541 2871 3784 2915 annum

2196 2958 2409 3031 ageret
2436 2953 2503 3015 in
2532 2953 3008 3015 conversatione
3046 2970 3190 3014 cum
3221 2952 3514 3016 fratribus
3559 2961 3621 3017 et
3663 2956 3785 3019 vita

2199 3052 2494 3128 solitaria,
2516 3053 2882 3115 vicesimum
2912 3062 3122 3116 autem
3145 3054 3567 3136 episcopatus,
3589 3059 3786 3120 totius

2199 3158 2410 3212 autem
2448 3152 2608 3214 vitae
2656 3153 3250 3233 quinquagesimum
3291 3156 3543 3219 tertium
3599 3156 3707 3238 (1).
3751 3183 3781 3216 ι

2199 3256 2285 3314 Ac
2326 3251 2638 3315 Palladius
2677 3253 2756 3315 ad
2793 3252 3016 3316 fratres
3056 3254 3226 3315 venit
3264 3277 3291 3311 «
3324 3256 3541 3334 viginti
3582 3275 3787 3321 annos

2200 3362 2383 3415 natus
2405 3352 2765 3417 Theodosio
2796 3356 3020 3432 Magno
3047 3356 3273 3418 iterum
3303 3357 3587 3435 consule,
3611 3359 3698 3421 »1.
3723 3378 3782 3423 e.

2198 3474 2367 3519 anno
2397 3455 2620 3518 Christi
2651 3454 2763 3516 388
2799 3456 2903 3539 (2).
2935 3459 3135 3529 Quare
3165 3460 3460 3523 Lausiaca
3493 3467 3639 3523 ante
3666 3480 3786 3525 an-

2199 3576 2353 3620 num
2392 3557 2499 3620 421
2546 3575 2676 3621 non
2709 3557 2874 3621 edita
2904 3564 3017 3621 est.
3050 3560 3112 3620 S.
3156 3562 3580 3643 Hieronymus
3609 3581 3785 3639 vero,

2200 3660 2311 3739 qui
2336 3659 2565 3723 librum
2593 3659 2941 3722 secundum
2970 3662 3163 3738 novit,
3187 3672 3474 3726 mortuus
3500 3672 3593 3727 est
3615 3683 3787 3728 anno

2202 3760 2338 3835 420,
2372 3768 2435 3823 et
2464 3762 2751 3835 Rufinus,
2783 3778 2972 3841 quem
3002 3761 3145 3824 libri
3176 3765 3437 3827 secundi
3466 3765 3786 3846 interpre-

2198 3870 2327 3925 tem
2355 3882 2493 3927 esse
2528 3864 2958 3945 probabimus,
2991 3864 3115 3927 iam
3147 3884 3315 3928 anno
3348 3866 3459 3927 410
3491 3867 3647 3929 obiit
3673 3867 3783 3946 (3).

2200 3961 2379 4024 Unde
2418 3961 2647 4024 librum
2676 3962 3025 4025 secundum
3056 3964 3327 4026 Historia
3354 3965 3647 4028 Lausiaca
3674 3983 3786 4028 ae-

2201 4070 2327 4126 tate
2359 4064 2556 4126 multo
2600 4064 2877 4144 priorem
2912 4082 3049 4128 esse
3081 4066 3388 4145 sequitur.

2281 4165 2460 4238 Quod
2487 4166 2539 4227 si
2569 4171 2835 4240 constat,
2858 4165 3153 4228 facillime
3180 4166 3569 4245 intelligitur,
3592 4166 3790 4229 Palla-

2204 4265 2377 4328 dium
2406 4266 2625 4329 saltem
2652 4266 2795 4328 libri
2826 4267 3088 4328 secundi
3121 4273 3311 4346 caput
3338 4267 3415 4329 de
3443 4269 3687 4329 Joanne
3717 4268 3785 4329 in

2204 4368 2371 4445 Lyco
2404 4367 2801 4447 compilasse.
2840 4370 3065 4431 Totum
3102 4368 3273 4429 enim
3308 4367 3452 4429 libri
3480 4375 3668 4447 caput
3707 4369 3788 4431 de

519 4479 635 4547 rat,
656 4491 785 4536 non
814 4475 1021 4537 minus
1052 4476 1118 4538 in
1148 4476 1418 4539 Historia
1441 4475 1738 4538 Lausiaca
1766 4472 2099 4554 reperitur.
2133 4507 2177 4562 υ
2203 4469 2446 4531 Joanne
2490 4468 2557 4529 in
2607 4471 2776 4547 Lyco
2831 4470 3015 4532 etiam
3062 4469 3129 4530 in
3175 4468 3443 4530 Historia
3490 4470 3788 4532 Lausiaca

597 4576 690 4636 En
738 4576 1290 4651 necessitudinem,
1324 4593 1487 4657 quae
1530 4576 1693 4638 inter
1733 4573 1964 4638 librum
1997 4590 2099 4637 se-

518 4676 796 4739 cundum
820 4686 879 4739 et
892 4679 1223 4741 Historiam
1234 4678 1619 4753 Lausiacam,
1642 4694 1832 4758 quam
1852 4676 2103 4739 codices

522 4774 1043 4840 Vindobonenses
1072 4778 1391 4851 exhibent,
1416 4775 1768 4839 intercedit.
1790 4775 1902 4837 His
1932 4774 2100 4836 enim

519 4878 865 4957 genuinum
908 4878 1238 4941 Lausiacae
1278 4885 1518 4940 textum
1556 4875 1870 4939 contineri
1913 4890 2103 4954 supra

518 5120 635 5159 ram
662 5105 911 5161 redditus
938 5114 1045 5169 est,
1074 5105 1243 5176 quod,
1269 5105 1315 5161 si
1350 5104 1648 5160 Historiam
1674 5101 1999 5157 Lausiacam
2031 5100 2098 5155 de

517 5199 708 5254 eodem
754 5215 885 5254 sene
936 5198 1263 5266 contuleris,
1319 5197 1481 5253 facile
1528 5198 1823 5267 intelliges.
1870 5196 2099 5251 Ceterae

520 5300 703 5349 autem
740 5292 1110 5357 difﬁcultates,
1149 5308 1292 5364 quae
1318 5290 1674 5346 Tillemontio
1707 5289 1855 5343 aliud
1880 5296 2099 5358 tempus

520 5382 736 5437 itineris
782 5383 1100 5455 Aegyptiaci
1156 5384 1403 5440 indicare
1451 5382 1604 5439 visae
1647 5390 1797 5450 sunt,
1840 5380 2099 5436 facillime

520 5473 890 5542 explicantur.

593 5563 671 5634 (I)
722 5564 861 5620 Hist.
899 5564 1067 5620 Laus.
1120 5568 1333 5637 prolog.
1362 5607 1377 5632 ,
1423 5567 1563 5640 Opp.
1614 5565 1817 5623 Mcurs.
1877 5566 1917 5622 I.
1956 5565 1992 5620 ι.
2041 5580 2096 5636 p.

524 5655 658 5721 διο,
686 5655 802 5711 vv.
834 5656 916 5710 PP
966 5658 1151 5714 Rosw.
1185 5677 1237 5731 p.
1274 5659 1398 5714 706.

596 5748 673 5819 (2)
715 5746 854 5806 Hist.
882 5749 1044 5805 Laus.
1101 5767 1221 5824 cap.
1262 5753 1283 5808 I
1312 5792 1327 5820 ,
1357 5752 1495 5823 Opp.
1530 5751 1733 5809 Meurs.
1758 5752 1795 5806 I.
1833 5751 1869 5805 1.
1914 5766 1965 5820 p.
1996 5748 2102 5804 548

524 5858 653 5898 cum
677 5849 807 5899 nota
838 5842 1081 5899 Meursii.

2208 4585 2411 4647 paene
2438 4569 2545 4640 25
2571 4569 2650 4631 ad
2680 4569 2938 4633 verbum
2970 4575 3165 4632 exstat
3196 4568 3303 4651 (4).
3329 4569 3449 4630 Sed
3471 4589 3668 4632 unum
3696 4570 3792 4632 Io-

2208 4657 2535 4749 cum,’quo
2568 4668 2728 4731 liber
2770 4669 3085 4733 secundus
3140 4675 3614 4744 commemorat,
3682 4688 3784 4733 se-

2208 4777 2383 4849 ptem
2429 4769 2614 4831 simul
2663 4769 2883 4833 fratres
2930 4770 3009 4832 ad
3053 4771 3359 4833 Joannem
3396 4771 3641 4833 venisse
3664 4770 3783 4853 (5),

2208 4872 2478 4953 scriptor
2520 4873 2708 4935 huius
2737 4873 2957 4954 capitis
3000 4873 3334 4935 Lausiacae
3364 4874 3633 4936 correxit
3667 4892 3681 4934 :
3721 4894 3786 4936 se

2274 5097 2350 5170 (ὅ)
2387 5098 2684 5154 Tillemont
2711 5097 3005 5154 Mémoires
3052 5097 3118 5151 Τ.
3146 5096 3241 5152 XII
3266 5114 3319 5167 p.
3345 5098 3470 5153 503.
3498 5099 3622 5154 515.
3655 5099 3788 5170 Epi-

2202 5190 2400 5243 stolam
2429 5190 2494 5243 ad
2526 5190 2937 5260 Ctesiphontem
2992 5189 3050 5243 S.
3090 5187 3456 5261 Hieronymus
3499 5205 3644 5244 anno
3678 5192 3786 5245 415

2204 5283 2495 5353 scripsisse
2523 5283 2763 5337 videtur.
2798 5282 2856 5336 ὃ.
2890 5281 3117 5338 Hieron.
3154 5281 3291 5352 Opp.
3331 5283 3418 5337 ed.
3450 5281 3627 5353 Migne
3654 5284 3718 5337 Τ.
3763 5283 3785 5337 I

2207 5375 2435 5447 [PatroL
2466 5374 2530 5431 T.
2562 5374 2730 5447 XXII]
2760 5374 2941 5430 Praef.
2978 5391 3032 5445 p.
3060 5373 3348 5429 LXXXIX.

2274 5468 2353 5535 (4)
2395 5466 2508 5522 VV.
2552 5466 2658 5521 PP.
2701 5465 2886 5522 Rosw.
2922 5468 3020 5522 lib.
3066 5467 3105 5520 II
3151 5482 3277 5536 cap.
3316 5468 3340 5521 1
3378 5482 3430 5535 p.
3463 5464 3615 5519 H9-
3643 5462 3781 5530 457;

2200 5559 2342 5615 Hist.
2369 5559 2533 5616 Laus.
2563 5576 2685 5631 cap.
2718 5561 2809 5616 44.
2836 5560 2926 5615 45.
2958 5560 3049 5615 46.
3077 5560 3168 5614 47.
3187 5558 3327 5630 Opp.
3360 5559 3563 5616 Meurs.
3594 5558 3633 5614 I.
3661 5557 3699 5614 I.
3721 5572 3775 5623 μ-

2203 5650 2274 5706 46
2286 5649 2471 5705 1-485.

2279 5742 2355 5812 (5)
2400 5739 2511 5796 νγ.
2544 5741 2648 5802 ΡΡ.
2678 5742 2865 5801 Rosw.
2898 5742 2935 5800 I.
2975 5742 3012 5797 I.
3046 5756 3099 5813 p.
3130 5740 3255 5808 HI,
3301 5740 3341 5794 I.
