4040 6568
294 365 373 423 28
1802 366 2026 423 VITAE.
3481 369 3571 428 εδ.

286 484 585 566 primum,
617 496 728 542 sea:
747 489 971 561 postea
1003 482 1310 543 Joannem
1339 480 1595 557 adiisse,
1641 502 1715 545 ac
1751 484 1876 546 sibi
1904 490 1948 545 Α
1978 484 2240 548 deamus
2269 502 2438 548 nunc
2473 498 2555 549 ad
2595 484 3015 563 gravissimam
3054 500 3211 559 rem,
3242 504 3557 567 quaeren-

292 581 371 644 de
398 590 565 643 sorte
595 600 711 643 sua
738 583 961 660 futura
992 602 1031 641 a
1056 584 1299 643 Joanne
1335 584 1517 644 varia
1546 584 1879 663 praedicta

292 701 420 743 esse
466 679 572 763 (1).
624 684 794 756 Quae
827 681 1148 762 praedicta
1195 682 1275 745 de
1321 682 1598 746 Palladio
1644 683 1876 747 valent.

290 782 474 846 Unde
501 791 789 864 apertum
821 790 936 859 est,
969 783 1316 847 Palladium
1342 785 1553 865 ipsum
1578 785 1733 849 illud
1768 804 1875 850 ca-

290 893 407 967 put
446 885 591 947 libri
619 885 883 948 secundi
918 891 1271 948 mutuatum
1300 903 1462 962 esse,
1498 904 1534 948 e
1574 886 1703 949 suis
1726 905 1876 951 vero

287 988 417 1061 illa,
475 1005 636 1068 quae
678 987 1100 1051 visitationem
1135 988 1393 1050 Joannis
1428 988 1775 1051 accuratius
1806 1007 1879 1053 ac

287 1090 551 1152 uberius
579 1088 917 1169 explicent,
960 1090 1299 1153 addidisse.
1329 1091 1485 1152 Nam
1523 1089 1709 1151 etiam
1737 1087 1880 1151 libri

289 1190 557 1254 secundi
598 1197 788 1271 caput
835 1191 915 1253 de
953 1193 1197 1254 Joanne
1234 1191 1302 1252 in
1336 1193 1504 1271 Lyco
1534 1190 1880 1269 genuinum

291 1309 430 1354 esse
466 1293 528 1354 S.
561 1291 985 1369 Hieronymus
1012 1297 1276 1353 testatur
1303 1288 1411 1371 (2).

370 1393 481 1453 Sin
521 1399 727 1454 autem
771 1392 1085 1454 Palladius
1124 1410 1325 1454 unum
1362 1398 1552 1473 caput
1591 1391 1735 1453 libri
1774 1408 1879 1453 se-

291 1490 487 1551 cundi
529 1490 676 1551 satis
722 1490 983 1568 longum
1029 1491 1097 1552 in
1140 1491 1476 1553 Historiam
1518 1489 1880 1552 Lausiacam

290 1609 473 1653 suam
502 1592 832 1668 transtulit,
857 1593 1010 1673 quid
1032 1594 1257 1669 obstat,
1288 1592 1442 1672 quin
1465 1598 1527 1654 et
1545 1598 1750 1655 cetera
1771 1611 1878 1655 ca-

290 1692 448 1773 pita,
482 1706 645 1772 quae
689 1693 942 1774 utrique
974 1693 1139 1756 libro
1185 1693 1545 1756 communia
1590 1700 1759 1768 sunt,
1799 1693 1879 1756 ab

293 1793 524 1855 eodem
552 1794 865 1857 Historiae
906 1795 1237 1857 Lausiacae
1266 1795 1503 1856 intexta
1537 1811 1674 1856 esse
1702 1794 1877 1857 dica-
1910 1836 1951 1891 Β

291 1913 459 1971 mus,
498 1895 864 1976 praecipue,
899 1914 1096 1976 quum
1131 1895 1464 1971 Palladius,
1495 1903 1565 1957 ut
1593 1896 1811 1957 saltem
1843 1913 1879 1958 e

291 1998 499 2078 capite
528 1997 607 2060 de
631 1999 875 2059 Joanne
905 1995 1068 2058 haud
1098 1996 1288 2058 dubie
1321 2001 1587 2071 constat,
1618 1996 1881 2076 scripto-

292 2099 379 2161 ris
420 2098 567 2160 libri
594 2098 858 2161 secundi
890 2098 957 2159 in
983 2097 1210 2159 itinere
1248 2098 1457 2159 socius
1475 2097 1685 2173 fuerit,
1724 2114 1882 2178 quo-

292 2219 438 2263 cum
468 2219 598 2263 una
620 2199 1077 2279 Hierosolymis
1102 2205 1379 2260 venerat.

373 2298 536 2378 Ergo
566 2297 892 2381 probabile
922 2304 1038 2371 est,
1059 2296 1429 2371 Palladium,
1455 2313 1649 2375 quum
1674 2295 1882 2358 Histo-

300 2400 454 2463 riam
488 2400 846 2462 Lausiacam
877 2398 1199 2473 scriberet,
1233 2397 1436 2478 capita
1464 2396 1569 2459 illa
1596 2397 1675 2459 de
1705 2396 1878 2457 seni-

298 2502 418 2563 bus
444 2499 777 2562 Thebaidis
812 2516 848 2561 e
883 2498 1046 2561 libro
1078 2498 1359 2561 secundo
1398 2498 1466 2559 in
1506 2514 1647 2559 eam
1672 2503 1879 2559 trans-

294 2602 535 2664 tulisse.
586 2604 715 2663 Iam
776 2617 926 2663 vero
979 2600 1165 2662 istam
1216 2598 1778 2674 necessitudinem,
1829 2598 1883 2660 si

294 2702 520 2763 tertius
554 2701 812 2781 quidam
848 2700 1120 2780 capitum
1152 2698 1526 2780 compilator
1553 2704 1878 2775 statuatur,

292 2800 461 2861 iuste
532 2798 832 2879 explicari
894 2816 1027 2861 non
1083 2816 1304 2880 posse,
1351 2817 1543 2881 supra
1590 2799 1879 2862 vidimus.

295 2902 500 2974 Quare
538 2901 744 2963 solum
781 2906 995 2977 restat,
1022 2907 1094 2963 ut
1122 2909 1488 2977 statuamus,
1523 2902 1643 2963 ista
1680 2903 1884 2982 capita

298 3000 382 3061 ab
426 3000 565 3079 ipso
611 2999 885 3063 Palladio
934 3000 1270 3062 Lausiacae
1315 3000 1552 3063 intexta
1599 3016 1760 3062 esse.
1810 2999 1883 3061 Id

298 3116 453 3161 vero
504 3100 731 3163 rectius
779 3100 1081 3180 explicari
1132 3100 1374 3181 nequit,
1425 3118 1615 3181 quam
1664 3117 1763 3175 eo,
1815 3106 1885 3163 ut

1978 591 2097 660 tes,
2130 604 2282 648 num
2325 585 2428 649 hic
2471 587 2680 649 socius
2718 586 2977 648 Palladii
3024 592 3086 648 et
3127 584 3270 648 libri
3299 590 3571 653 secundi

1979 687 2250 768 scriptor
2275 688 2541 750 Ruﬁnus
2565 688 2775 762 fuerit,
2808 704 2927 750 nec
2958 703 3061 750 ne.
3094 689 3269 761 Quod
3304 690 3561 771 quidem

1980 787 2173 850 fuisse
2196 789 2436 870 nequit.
2465 791 2621 851 Nam
2650 807 2838 869 supra
2872 789 2951 870 (3)
2989 790 3400 866 ostendimus,
3426 793 3561 853 Ru-

1980 889 2179 951 ﬁnum
2218 896 2362 969 post
2393 906 2628 951 annum
2662 889 2776 951 385
2821 890 2888 951 in
2932 893 3214 970 Aegypto
3258 907 3386 952 non
3424 909 3561 952 am-

1982 986 2147 1066 plius
2176 987 2472 1050 adfuisse.
2506 989 2727 1067 Neque
2770 987 2837 1047 in
2880 988 3091 1049 Ruﬁni
3120 988 3315 1063 libris,
3353 1006 3564 1069 neque

1980 1087 2047 1149 in
2081 1087 2184 1148 illa
2216 1088 2632 1161 dissensione,
2671 1105 2833 1167 quae
2862 1089 3091 1151 Ruﬁno
3127 1107 3269 1151 cum
3315 1091 3376 1150 S.
3410 1091 3562 1152 Hie-

1982 1205 2251 1267 ronymo
2279 1188 2418 1263 fuit,
2459 1188 2539 1250 de
2572 1188 2823 1266 itinere,
2864 1190 3032 1270 quod
3079 1196 3348 1253 exeunte
3395 1208 3564 1254 anno

1982 1284 2097 1347 394
2118 1294 2227 1348 aut
2254 1287 2514 1349 omnino
2544 1294 2688 1367 post
2718 1305 2951 1349 annum
2980 1288 3092 1348 385
3116 1289 3181 1386 in
3210 1294 3564 1370 Aegyptum

1980 1388 2350 1468 susceperit,
2386 1389 2730 1468 quidquam
2759 1388 3091 1450 invenitur.
3124 1390 3430 1452 Palladius
3460 1390 3567 1453 de-

1981 1492 2199 1570 nique,
2228 1490 2281 1552 si
2308 1491 2574 1552 Ruﬁnus
2600 1491 2844 1552 itineris
2873 1492 3081 1553 socius
3110 1491 3351 1565 fuisset,
3376 1493 3454 1555 de
3485 1511 3579 1555 eo-

1980 1591 2044 1652 in
2072 1592 2346 1654 Historia
2378 1591 2674 1655 Lausiaca
2696 1592 2878 1655 aliter
2906 1610 3056 1655 sane
3087 1594 3457 1673 scripsisset,
3488 1612 3561 1658 ac

1980 1694 2231 1774 scripsit
2267 1694 2374 1775 (4).

2056 1793 2220 1856 Hinc
2247 1793 2439 1872 igitur
2479 1793 2626 1857 satis
2670 1794 3077 1875 perspicuum
3120 1794 3383 1867 videtur,
3429 1797 3563 1858 Ru-

1979 1892 2178 1971 ﬁnum
2224 1892 2402 1956 illum
2453 1894 2711 1957 Palladii
2741 1895 2983 1956 socium
3020 1901 3082 1956 et
3117 1894 3259 1957 libri
3302 1896 3565 1958 secundi

1979 1993 2354 2073 scriptorem
2378 2011 2509 2056 non
2542 2010 2702 2056 esse.
2736 1993 2915 2067 Quod
2943 1993 3065 2056 alio
3096 1994 3449 2055 ﬁrmissimo
3473 2013 3582 2056 ar-~

1981 2097 2281 2170 gumento
2312 2093 2637 2172 probatur.
2661 2091 2952 2170 Legimus
2973 2092 3039 2151 in
3060 2090 3219 2153 libro
3241 2092 3520 2153 secundo
3545 2109 3560 2152 :

1982 2216 2011 2249 ‹‹
2038 2193 2387 2255 Narrabant
2408 2200 2617 2254 autem
2647 2192 2831 2254 nobis
2857 2191 3113 2271 quidam
3142 2208 3220 2252 ex
3258 2193 3580 2271 patribus,.

1981 2294 2091 2374 qui
2128 2295 2213 2356 ibi
2257 2294 2347 2371 [in
2383 2294 2609 2371 Celliis]
2658 2301 2864 2369 erant,
2911 2296 3083 2375 quod
3128 2295 3192 2356 in
3229 2294 3385 2357 locis
3431 2295 3569 2358 istis

1981 2394 2109 2458 duo
2155 2396 2408 2459 Macarii
2436 2396 2616 2477 quasi
2653 2396 2781 2459 duo
2820 2396 2975 2458 caeli
3017 2396 3254 2459 lumina
3292 2397 3572 2460 refulsis-

1982 2503 2123 2559 sent
2159 2495 2271 2579 (5).
2303 2520 2333 2555 »
2364 2499 2530 2577 Ergo
2569 2498 2839 2578 scriptor
2876 2498 3018 2560 libri
3055 2499 3377 2573 Macarios,
3420 2500 3566 2581 qui-

1980 2596 2247 2660 buscum
2274 2615 2343 2661 se
2368 2598 2437 2661 in
2464 2599 2659 2661 Nitria
2680 2607 2993 2661 versatum
3020 2616 3158 2662 esse
3187 2601 3451 2663 Ruﬁnus
3470 2619 3577 2662 su-

1982 2716 2095 2778 pra
2113 2699 2252 2779 ipse
2273 2718 2389 2763 nos
2414 2700 2648 2776 docuit,
2674 2700 2811 2781 ipse
2831 2716 2960 2763 non
2987 2702 3297 2780 cognovit.
3322 2704 3455 2775 Quo
3478 2702 3568 2777 ﬁt,

1980 2804 2051 2859 ut
2071 2800 2332 2861 Ruﬁnus
2357 2799 2502 2860 libri
2530 2801 2795 2862 secundi
2817 2801 3086 2881 scriptor
3106 2818 3243 2863 esse
3274 2819 3400 2863 non
3427 2820 3575 2883 pos-

1984 2899 2080 2961 sit.
2112 2902 2333 2980 Neque
2361 2901 2692 2979 Evagrium
2719 2902 2855 2963 eius
2877 2901 3021 2963 libri
3042 2903 3412 2983 scriptorem
3445 2904 3581 2965 exi-

1984 3002 2236 3065 stimare
2266 3003 2438 3077 licet,
2461 3003 2632 3082 quod
2667 3003 2981 3083 quispiam
3008 3004 3273 3067 fortasse
3302 3023 3336 3067 e
3365 3007 3572 3070 verbis

1986 3105 2047 3165 S.
2070 3103 2439 3182 Hieronymi
2460 3120 2651 3183 supra
2671 3102 2871 3167 allatis
2891 3105 3206 3168 conﬁcere
3220 3106 3389 3168 velit.
3416 3110 3570 3171 Nam

298 3200 640 3263 Palladium
699 3218 831 3263 non
864 3179 1081 3263 (solum
1137 3179 1467 3263 Joannem‘
1490 3201 1558 3262 in
1604 3203 1774 3281 Lyco
1821 3208 1884 3263 et
1910 3179 1952 3238 θ
1983 3204 2281 3283 Evagrius
2304 3179 2622 3266 itidem—se
2645 3221 2789 3266 cum
2817 3205 3100 3268 Macariis
3136 3216 3582 3272 conversatum.

299 3302 724 3383 Apollonium,
758 3302 836 3365 de
866 3302 1094 3382 quibus
1120 3301 1245 3364 iam
1274 3309 1446 3364 certo
1473 3308 1740 3377 constat,
1771 3302 1883 3365 sed

298 3412 547 3468 ceteros
580 3421 837 3484 quoque
883 3419 1107 3465 omnes
1150 3402 1485 3465 Thebaidis
1528 3420 1715 3465 senes
1758 3421 1884 3466 una

298 3523 445 3568 cum
474 3506 780 3586 scriptore
810 3504 953 3566 libri
984 3504 1246 3567 secundi
1281 3503 1590 3579 invisisse,
1627 3504 1883 3569 eadem-

302 3625 430 3688 que
448 3608 563 3669 ista
587 3626 708 3670 una
730 3625 876 3670 cum
898 3624 975 3670 eo
1006 3611 1337 3687 expertum
1364 3624 1503 3669 esse
1525 3606 1882 3687 cpinemur.

298 3712 697 3791 QuaprOpter
742 3718 986 3790 postea,
1019 3725 1182 3790 quae
1226 3708 1437 3771 socius
1477 3709 1642 3771 bene
1680 3726 1883 3790 expo-

299 3817 535 3885 suerat,
561 3811 629 3873 in
650 3811 881 3874 librum
900 3827 1085 3873 suum
1103 3810 1375 3891 recepit;
1401 3827 1562 3891 quae
1582 3827 1732 3873 vero
1751 3810 1889 3875 lon-

301 3911 480 3989 giore
502 3910 889 3974 habitatione
915 3910 1053 3991 ipse
1081 3908 1308 3971 melius
1327 3925 1517 3989 quam
1546 3907 1755 3971 socius
1783 3926 1889 3972 co-

301 4019 629 4092 gnoverat,
660 4012 900 4076 scilicet
923 4028 1085 4092 quae
1113 4011 1193 4075 ad
1226 4028 1411 4074 senes
1436 4011 1600 4074 circa
1628 4012 1889 4075 Alexan-

300 4114 505 4176 driam
526 4120 588 4175 et
616 4114 684 4176 in
714 4114 908 4175 Nitria
936 4113 1123 4193 eique
1150 4111 1507 4174 conﬁnibus
1535 4111 1887 4175 habitantes

300 4219 625 4293 spectant,
671 4229 787 4276 suo
831 4214 1025 4274 Marte
1068 4212 1421 4292 descripsit.
1471 4212 1581 4284 26
1611 4213 1788 4286 Quod
1835 4214 1887 4277 si

301 4315 770 4391 contendimus,
801 4312 1207 4377 necessitudo
1246 4314 1366 4377 ista
1399 4319 1463 4376 te
1488 4313 1757 4394 amplius
1787 4313 1886 4378 of-

300 4415 567 4478 fendere
589 4417 831 4496 nequit.

1987 3323 2125 3370 esse
2161 3306 2298 3386 ipse
2333 3311 2600 3367 testatur
2628 3304 2734 3389 (6).

2063 3412 2358 3490 Apparet,
2405 3406 2494 3469 uti
2543 3408 2969 3488 probavimus,
3001 3408 3296 3470 Ruﬁnum
3342 3409 3585 3474 librum.

1986 3511 2335 3573 secundum
2382 3526 2513 3571 non
2547 3509 3004 3589 composuisse.
3057 3510 3179 3571 Sed
3227 3527 3403 3586 eum,
3454 3512 3583 3574 nisi.

1986 3614 2049 3674 S.
2079 3613 2503 3691 Hieronymus
2534 3616 2596 3672 et
2624 3609 2879 3673 codices
2903 3610 3147 3692 antiqui
3180 3613 3440 3675 omnino
3469 3630 3573 3675 er-

1986 3713 2279 3787 raverint,
2304 3711 2520 3775 saltem
2545 3711 2956 3791 interpretem
2979 3710 3119 3773 libri
3148 3729 3285 3774 esse
3314 3730 3587 3776 necesse

1987 3820 2102 3877 est.
2136 3814 2242 3885 27
2263 3818 2463 3899 Atque
2487 3812 2717 3875 librum
2737 3811 2948 3887 istum,
2984 3811 3089 3892 qui
3111 3812 3176 3874 in
3199 3812 3579 3877 collectione

1986 3913 2299 3978 Rosweidi
2364 3912 2662 3975 idiomate
2725 3910 2920 3973 latino
2990 3918 3222 3987 exstat,
3284 3912 3585 3992 primitus

1988 4034 2212 4097 graece
2254 4016 2556 4096 scriptum
2594 4013 2815 4088 fuisse,
2850 4012 2903 4074 si
2933 4020 3141 4075 textus
3169 4014 3376 4092 graeci
3404 4013 3573 4094 frag-

1987 4123 2199 4179 menta
2238 4133 2274 4178 a
2314 4113 2622 4176 Cotelerio
2652 4112 2901 4191 vulgata
2945 4114 3029 4193 (7)
3064 4119 3170 4175 aut
3201 4113 3578 4192 fragmenta,

1989 4234 2152 4297 quae
2174 4217 2239 4278 in
2257 4215 2528 4278 Historia
2548 4214 2841 4277 Lausiaca
2863 4214 3250 4276 Meursianae
3280 4214 3582 4277 editionis

1989 4324 2229 4381 servata
2258 4323 2404 4380 sunt
2437 4316 2545 4399 (8),
2576 4316 2945 4391 contuleris,
2977 4315 3158 4379 facile
3180 4316 3291 4378 tibi
3318 4335 3577 4397 persua-

1990 4418 2191 4481 debis.
2214 4420 2433 4499 Itaque
2462 4417 2586 4480 iam
2617 4418 2696 4480 de
2722 4419 3092 4498 interprete,
3126 4435 3278 4480 num
3307 4418 3583 4481 Ruﬁnus

380 4520 601 4599 Itaque
647 4514 1135 4590 necessitudine,
1182 4530 1348 4596 quae
1394 4514 1556 4578 libro
1605 4514 1884 4578 secundo
1918 4522 1961 4579 D
1989 4518 2068 4579 sit
2094 4535 2212 4580 nec
2250 4534 2356 4592 ne,
2390 4524 2679 4580 accurate
2711 4517 3054 4580 videamus.

301 4617 777 4681 Rosweidianae
802 4615 1193 4680 collectionis
1219 4616 1552 4678 intercedit
1580 4634 1726 4678 cum
1780 4616 1889 4677 Hi-

305 4721 496 4783 storia
529 4718 828 4781 Lausiaca
868 4717 1151 4792 Palladii,
1180 4717 1340 4779 iuste
1370 4716 1698 4797 explicata,
1729 4733 1889 4780 con-

305 4821 533 4894 clusio,
581 4820 919 4901 scriptores
966 4819 1196 4882 horum
1251 4818 1554 4881 librorum
1619 4824 1891 4881 exeunte

303 4940 475 4987 anno
521 4922 637 4985 394
683 4924 890 4987 socios
919 4923 1162 4986 itineris
1196 4923 1265 4985 in
1311 4920 1628 4984 Thebaide
1669 4921 1886 4995 fuisse,

304 5041 434 5088 non
454 5023 772 5101 evertitur,
790 5023 901 5086 sed
917 5039 1301 5104 magnopere
1318 5021 1745 5085 conﬁrmatur.
1768 5023 1889 5084 Re-

378 5231 457 5303 (1)
496 5230 635 5288 Hist.
686 5228 851 5286 Laus.
892 5229 929 5283 1.
974 5228 1015 5283 1.
1055 5228 1197 5301 Opp.
1238 5227 1443 5286 Meurs.
1502 5229 1539 5283 1.
1580 5228 1616 5282 1.
1653 5244 1706 5299 p.
1749 5225 1884 5282 468-

307 5325 435 5380 472.

378 5415 459 5488 (2)
502 5414 601 5485 Ep.
644 5415 748 5470 153
782 5413 849 5469 ad
878 5413 1131 5485 Ctesipli.

378 5511 459 5582 (δ)
495 5510 660 5564 Initio
689 5508 854 5563 huius
888 5507 938 5579 ς.

376 5604 455 5677 (ὁ)
495 5602 642 5657 Hist.
672 5600 837 5655 Laus.
867 5616 991 5671 cap.
1022 5600 1145 5655 118.
1183 5598 1302 5653 119.

377 5696 457 5767 (5)
494 5694 613 5750 νγ.
642 5693 746 5751 PP.
783 5692 968 5750 Rosw.
1003 5694 1098 5747 lib.
1130 5690 1172 5746 11
1203 5707 1325 5763 cap.
1360 5691 1430 5747 28
1457 5708 1509 5764 p.
1543 5692 1670 5757 479,
1697 5694 1752 5749 2.

375 5788 451 5859 (6)
488 5787 686 5860 Capita
718 5788 959 5857 practica
1012 5785 1080 5840 ad
1132 5785 1444 5841 Anatolium
1485 5786 1577 5841 95.
1617 5787 1705 5845 94.
1759 5786 1887 5844 Gal-

315 5879 457 5936 land.
488 5879 638 5936 Bibl.
669 5877 777 5936 PP.
808 5878 873 5935 Τ.
902 5877 992 5932 vn
1028 5894 1082 5949 p.
1117 5876 1240 5933 565.

2066 4621 2153 4680 Ac
2189 4618 2465 4698 primum
2506 4617 2787 4698 quidem,
2820 4617 2967 4698 quia
3006 4616 3072 4678 in
3100 4616 3261 4680 libro
3291 4616 3582 4679 secundo.

1988 4718 2292 4781 Macarius
2335 4717 2815 4793 Alexandrinus,
2848 4717 2959 4797 qui
3002 4716 3277 4779 Palladio
3323 4716 3575 4779 oculato

1988 4827 2147 4883 teste
2174 4821 2241 4882 in
2281 4819 2487 4883 Celliis
2506 4819 2656 4881 vixit
2681 4818 2789 4902 (9),
2832 4819 2898 4881 in
2927 4820 3105 4881 Scete
3133 4818 3443 4881 habitasse
3473 4818 3575 4879 di-

1989 4922 2150 4985 citur
2167 4920 2313 5000 (10),
2336 4938 2525 4984 nemo
2544 4921 2899 4994 inducatur,
2919 4926 2988 4981 ut
3006 4926 3250 4994 statuat,
3272 4920 3575 4980 Ruﬁnum

1990 5020 2402 5100 interpretem
2445 5036 2575 5082 non
2614 5036 2776 5096 esse,
2803 5019 3042 5100 quippe
3070 5017 3198 5098 qui,
3233 5016 3285 5077 si
3326 5016 3576 5092 fuisset,

2062 5226 2138 5299 (7)
2176 5226 2410 5283 Coteler.
2450 5226 2599 5283 Eccl.
2651 5227 2848 5282 Graec.
2902 5224 3046 5281 Mon.
3090 5224 3154 5281 T.
3216 5225 3292 5281 111
3330 5243 3383 5298 p.
3443 5226 3578 5283 171-

1991 5320 2115 5375 184.
2145 5317 2285 5390 Opp.
2316 5319 2519 5375 Meurs.
2550 5320 2587 5375 l.
2624 5320 2661 5374 l.
2698 5336 2752 5391 p.
2784 5318 2890 5374 659
2917 5334 3035 5390 sqq.

2061 5412 2141 5484 (8)
2180 5412 2346 5467 Multa
2382 5413 2528 5467 enim
2566 5412 2693 5467 libri
2722 5412 2885 5466 istius
2920 5412 3097 5481 capita
3126 5424 3321 5481 graece
3384 5411 3437 5466 in
3476 5410 3575 5467 lli-

1991 5506 2166 5561 storia
2195 5504 2467 5560 Lausiaca
2501 5504 2627 5574 legi,
2668 5518 2833 5573 supra
2863 5504 2940 5574 (pi.
2968 5502 3062 5574 23)
3093 5503 3460 5559 ostendimus.

2064 5597 2139 5669 (9)
2180 5595 2324 5653 Hist.
2355 5596 2520 5652 Laus.
2560 5596 2650 5652 ed.
2686 5595 2887 5652 Meurs.
2924 5611 3049 5667 cap.
3088 5595 3151 5649 2|
3203 5593 3341 5667 Opp.
3371 5594 3581 5651 Meum.

1988 5690 2029 5745 1.
2054 5688 2093 5745 1.
2129 5706 2182 5761 p.
2210 5689 2335 5744 596.
2360 5687 2445 5743 Cf.
2470 5688 2616 5743 infra
2643 5690 2817 5758 Caput
2846 5688 2933 5744 111.

2065 5785 2174 5857 (10)
2204 5782 2316 5838 νγ.
2344 5780 2449 5839 PP.
2469 5780 2652 5839 Rosw.
2685 5781 2779 5837 lib.
2818 5779 2857 5835 11
2882 5796 3002 5853 cap.
3042 5779 3102 5835 9|
3134 5795 3192 5852 p.
3226 5779 3353 5846 181,
3381 5778 3433 5837 1.
