4040 6558
489 380 561 436 27
1307 378 1406 434 SS.
1452 375 1910 433 MACARIORUM
1950 372 2274 432 AEGYPTII
2314 372 2402 429 ET
2430 370 2905 429 ALEXANDRINI
3669 365 3739 423 28

408 465 421 479 ⁸
492 489 683 557 talem
713 507 1014 564 errorem,
1044 489 1190 569 quia
1220 506 1363 550 cum
1394 487 1674 550 Macariis
1704 487 1841 567 ipse
1871 504 2075 549 versa-
2102 489 2151 545 Δ
2251 486 2429 560 Quod
2446 486 2523 549 de
2552 485 2692 548 libri
2712 485 2891 549 istius
2907 484 3249 565 interprete
3271 480 3743 564 disputavimus,

493 594 595 650 tus
636 593 750 661 est,
798 586 1192 649 correxisset.
1238 587 1391 647 Nam
1430 601 1608 646 error
1650 583 1743 644 illi
1786 582 2073 645 relationi

494 701 627 747 non
646 685 831 759 inest,
846 702 1041 765 quum
1060 683 1358 745 Macarius
1380 682 1832 746 Alexandrinus
1852 683 2075 745 eodem

496 786 771 848 Palladio
800 793 958 847 teste
992 802 1121 847 non
1146 785 1213 846 in
1239 784 1443 846 Celliis
1478 783 1706 858 solum,
1739 783 1851 845 sed
1876 784 2072 844 inter-

499 886 649 947 dum
698 886 762 946 in
814 887 991 946 Scete
1040 901 1296 964 quoque
1344 882 1655 957 habitarit,
1696 882 1807 943 ubi
1854 881 2075 944 cellam

499 984 719 1046 habuit
757 983 861 1062 (1).
905 983 1142 1045 Deinde
1170 984 1458 1056 Ruﬁnus,
1490 982 1637 1044 licet
1664 982 1730 1042 in
1762 981 2075 1060 interpre-

500 1083 705 1144 tandis
746 1082 921 1145 libris
957 1099 1199 1144 summa
1243 1100 1388 1144 cum
1439 1079 1726 1143 libertate
1771 1086 2074 1154 versetur,

499 1184 600 1245 vix
628 1202 906 1263 unquam
922 1190 1127 1245 tamen
1148 1190 1345 1245 artem
1366 1183 1643 1245 criticam
1665 1182 1753 1243 sic
1773 1180 2073 1253 exercuit,

498 1292 569 1346 ut
614 1263 983 1363 scriptorem
1027 1270 1392 1345 emendarit.
1436 1284 1658 1355 Quare,
1718 1280 1771 1342 si
1812 1280 2079 1360 scriptor

503 1390 790 1457 errasset,
828 1383 894 1446 id
938 1401 973 1445 a
1007 1384 1237 1445 Ruﬁno
1278 1392 1630 1445 correctum
1674 1397 1812 1443 esse
1848 1381 1948 1441 vix
1972 1398 2080 1441 ex-

501 1485 771 1564 spectari
793 1484 1317 1564 posset.Denique
1337 1500 1488 1544 num
1505 1481 1766 1544 omnino
1787 1483 2073 1556 Ruﬁnus,

502 1587 613 1665 qui
637 1587 703 1647 in
725 1602 967 1646 summa
995 1583 1101 1646 illa
1121 1600 1330 1645 rerum
1360 1582 1850 1663 perturbatione,
1882 1600 2078 1662 quum

500 1689 727 1749 Lucius
765 1686 1109 1748 monachos
1156 1684 1351 1745 eremi
1389 1684 1748 1759 exagitaret,
1778 1684 2078 1745 Macarios

499 1789 568 1850 in
599 1789 790 1850 Nitria
816 1786 1108 1849 convenit
1130 1784 1237 1867 (2),
1274 1783 1353 1845 de
1381 1783 1763 1846 habitatione
1792 1784 2075 1862 singulo-

501 1909 639 1954 rum
687 1897 814 1953 tam
862 1894 1148 1952 accurate
1194 1887 1453 1949 edoctus
1486 1886 1694 1961 fuerit,
1739 1887 2078 1949 admodum

501 1998 711 2073 potest
738 1989 1028 2052 dubitari.
1058 1988 1248 2049 Istinc
1280 1987 1473 2065 igitur
1492 1986 1646 2048 nihil
1672 1986 1895 2062 obstat,
1926 2005 2082 2067 quo-

502 2094 711 2153 minus
730 2090 1026 2152 Ruﬁnum
1054 2088 1198 2150 libri
1225 2086 1492 2149 secundi
1508 2087 1918 2167 interpretem
1942 2106 2079 2149 esse

504 2196 807 2257 dicamus.

581 2297 710 2356 Iam
738 2309 950 2373 porro,
977 2289 1147 2372 quod
1174 2290 1473 2353 Ruﬁnum
1500 2290 1913 2369 interpretem
1943 2305 2080 2350 esse

504 2394 877 2474 comprobet
904 2400 1150 2473 praeter
1178 2393 1241 2453 S.
1271 2390 1640 2470 Hieronymi
1663 2390 1852 2451 verba
1878 2395 1940 2451 et
1968 2407 2080 2451 co—

504 2494 712 2555 dicum
730 2492 1110 2566 testimonia,
1124 2490 1292 2558 audi.
1305 2492 1376 2551 In
1401 2489 1559 2551 libro
1581 2489 1751 2551 enim
1771 2487 2079 2563 secundo,

502 2587 570 2649 in
605 2588 729 2650 ﬁne
758 2588 1183 2650 narrationum
1212 2587 1290 2648 de
1334 2587 1613 2648 Macariis
1647 2585 1859 2648 locum
1899 2585 2079 2665 legis,

506 2690 617 2769 qui
644 2708 678 2752 a
709 2690 963 2752 nemine
992 2689 1111 2751 nisi
1148 2706 1184 2751 a
1225 2689 1456 2751 Ruﬁno
1484 2688 1755 2768 scriptus
1784 2704 1923 2750 esse
1959 2706 2080 2769 po-

501 2795 642 2852 test.
675 2794 876 2854 Lccus
900 2790 1000 2853 hic
1023 2792 1133 2860 28
1152 2794 1244 2852 est
1274 2807 1287 2849 :
1326 2813 1355 2845 «
1389 2788 1509 2849 Sed
1549 2795 1611 2850 et
1652 2788 1869 2862 multa,
1892 2794 1962 2849 ut
1982 2788 2080 2849 di-

502 2893 729 2965 ximus,
753 2892 871 2954 alia
898 2892 976 2953 de
1006 2890 1305 2971 cperibus
1336 2890 1533 2953 sancti
1551 2889 1801 2952 Macarii
1820 2888 2083 2951 Alexan-

503 2992 667 3053 drini
700 2991 1003 3053 mirabilia
1047 2991 1356 3066 feruntur,
1389 3009 1469 3053 ex
1516 2990 1748 3071 quibus
1777 2989 2082 3053 nonnulla

501 3093 569 3154 in
609 3095 690 3154 XI
736 3094 898 3155 libro
944 3092 1418 3156 Ecclesiasticae
1470 3093 1783 3155 Historiae
1823 3094 2078 3169 inserta,

2175 585 2479 665 praefatio
2527 603 2785 666 quoque
2814 585 2956 648 libri
2987 584 3065 665 (5)
3101 584 3318 646 saltem
3358 582 3745 662 aliquatenus

2176 685 2590 763 comprobare
2608 684 2873 746 videtur.
2899 685 3065 757 Quae
3093 698 3314 762 graece
3342 682 3438 743 bis
3458 680 3742 757 habetur,

2177 787 2240 841 et
2261 781 2326 841 in
2359 804 2387 837 α
2420 782 2737 856 Paradiso,
2773 804 2801 838 »
2825 781 3003 843 cuius
3034 780 3379 859 fragmenta
3408 778 3747 841 Cotelerius

2179 882 2371 944 edidit
2404 882 2507 963 (6),
2549 890 2612 945 et
2650 883 2715 945 in
2759 883 2971 963 priore
3006 883 3335 963 prooemio
3366 882 3748 944 Meursianae

2179 981 2468 1043 editionis
2496 982 2809 1045 Historiae
2835 981 3167 1044 Lausiacae
3200 980 3307 1061 (7).
3349 983 3549 1061 Atque
3586 980 3748 1042 edita

2177 1082 2451 1144 Paradisi
2471 1082 2841 1161 fragmenta,
2855 1082 3019 1143 inter
3038 1098 3199 1161 quae
3220 1082 3405 1142 etiam
3420 1079 3745 1161 praefatio,

2178 1182 2326 1243 satis
2357 1190 2644 1245 accurate
2665 1202 2808 1247 cum
2837 1184 2998 1248 libro
3025 1186 3304 1248 secundo
3341 1186 3745 1248 conveniunt.

2178 1283 2404 1345 Contra
2430 1300 2465 1344 a
2496 1285 2823 1364 prooemio
2865 1286 2985 1348 isto
3029 1287 3418 1348 Meursianae
3459 1286 3750 1348 editionis

2178 1381 2482 1461 praefatio
2511 1383 2784 1445 Paradisi
2806 1391 2866 1445 et
2886 1383 3029 1445 libri
3057 1386 3319 1447 secundi
3345 1386 3518 1448 hisce
3548 1385 3749 1465 gravi-

2178 1482 2296 1544 bus
2323 1484 2631 1564 capitibus
2652 1484 2880 1547 diﬁert.
2899 1486 3017 1547 Ubi
3047 1486 3213 1547 enim
3234 1486 3501 1567 scriptor
3529 1503 3751 1567 prooe-

2178 1585 2288 1645 mii
2309 1602 2375 1646 se
2397 1592 2618 1663 rogatu
2636 1587 2818 1648 Lausi
2837 1587 3177 1667 praepositi
3194 1586 3517 1665 scripsisse
3537 1586 3747 1661 ait,ibi

2179 1684 2481 1764 praefatio
2509 1686 2613 1747 illa
2639 1687 3009 1768 scriptorem
3042 1712 3070 1745 «
3101 1689 3167 1749 in
3201 1688 3461 1767 gratiam
3489 1686 3748 1750 fratrum

2178 1785 2245 1846 in
2290 1792 2507 1848 monte
2551 1786 2769 1849 Oliveti
2806 1789 3341 1850 commanentium
3395 1811 3424 1845 »
3478 1788 3750 1850 scribere

2108 1849 2150 1903 Β
2178 1878 2487 1957 perhibet.
2520 1881 2759 1941 Rursus
2800 1881 3111 1959 prooemii
3142 1881 3410 1961 scriptor
3446 1849 3753 1956 addit,

2180 1985 2241 2040 et
2263 1978 2342 2040 de
2372 1978 2739 2041 mulieribus
2767 1980 3106 2055 dicturum,
3137 1981 3309 2061 quod
3339 1987 3548 2043 autem
3581 1998 3760 2062 prae-

2178 2076 2327 2139 fatio
2359 2079 2600 2152 omisit;
2639 2097 2845 2159 neque
2879 2080 3037 2143 libro
3059 2081 3338 2143 secundo
3365 2081 3444 2143 de
3472 2082 3756 2143 mulieri-

2179 2177 2299 2238 bus
2344 2179 2689 2259 quidquam
2746 2180 3125 2243 continetur.
3185 2183 3473 2244 Ceterum
3508 2183 3757 2262 praefa-

2180 2277 2417 2340 tionem
2445 2279 2608 2341 inter
2629 2287 2691 2341 et
2717 2282 3115 2360 prooemium
3143 2282 3309 2344 istud
3337 2283 3621 2346 intimam
3647 2300 3761 2345 ne-

2183 2382 2627 2444 cessitudinem
2681 2390 2792 2461 29
2844 2401 2981 2447 esse
3009 2433 3024 2459 ,
3065 2385 3133 2446 in
3188 2392 3407 2466 aperto
3455 2393 3570 2448 est.
3603 2386 3761 2460 Quid

2180 2482 2417 2562 igitur?
2454 2486 2616 2546 Num
2660 2486 3057 2565 prooemium
3086 2486 3275 2559 istud,
3316 2505 3395 2549 an
3440 2488 3546 2549 illa
3583 2506 3764 2568 prae-

2181 2586 2332 2649 fatio
2348 2585 2446 2650 vel
2471 2586 2749 2650 Paradisi
2777 2587 2875 2650 vel
2903 2587 3046 2650 libri
3074 2589 3336 2652 secundi
3364 2590 3541 2672 prius
3567 2591 3760 2653 exsti-

2180 2688 2253 2749 tit
2272 2686 2303 2748 7

2260 2792 2429 2864 Quae
2488 2808 2612 2868 res,
2661 2791 2784 2853 nisi
2834 2790 2997 2854 forte
3045 2791 3369 2855 codicibus
3424 2792 3763 2874 aliquando

2182 2891 2575 2967 decernatur,
2627 2894 2705 2955 ad
2756 2882 3068 2973 liquidum
3108 2893 3211 2954 vix
3266 2894 3669 2974 perducetur.
3699 2896 3765 2958 Si

2180 3010 2330 3056 vero
2369 2994 2747 3057 coniecturis
2779 2995 2873 3057 uti
2912 2994 3080 3071 licet,
3116 2995 3510 3075 prooemium
3560 3003 3765 3059 aetate

2182 3094 2356 3172 prius
2402 3112 2539 3157 esse
2587 3094 2839 3157 dixeris.
2874 3096 2990 3156 Vix
3037 3096 3205 3157 enim
3246 3096 3580 3177 quisquam
3621 3098 3766 3162 loco

504 3196 615 3274 qui
645 3194 926 3274 requirit,
957 3194 1233 3256 inveniet
1264 3194 1371 3277 (3).
1400 3218 1428 3250 »
1470 3196 1564 3255 En
1604 3200 1883 3274 apertam
1926 3194 2080 3256 alle-
2109 3200 2152 3259 (ι
2184 3191 2515 3253 verborum
2550 3208 2564 3252 :
2595 3191 2825 3253 librum
2850 3194 2919 3255 in
2936 3195 3211 3272 gratiam
3236 3197 3679 3258 monachorum
3699 3199 3769 3259 in

504 3297 819 3375 gationem
844 3296 1338 3358 Continuationis
1378 3295 1686 3357 Historiae
1706 3295 2088 3358 Ecclesiasti—

504 3411 616 3457 cae
648 3388 933 3468 Eusebii,
958 3411 1147 3474 quam
1185 3394 1517 3474 scripserat
1544 3392 1833 3455 Ruﬁnus.
1867 3394 2087 3474 Neque

501 3512 653 3558 vero
691 3494 828 3557 talis
850 3494 1243 3574 parenthesis
1270 3512 1305 3556 a
1331 3495 1562 3556 Ruﬁno
1583 3493 1927 3574 interprete
1952 3500 2088 3555 tex-

500 3595 595 3657 tui
614 3594 855 3657 adiecta
873 3593 1171 3667 offendat,
1186 3610 1383 3674 quum
1400 3591 1668 3653 Ruﬁnus
1688 3591 1751 3653 in
1767 3592 2084 3672 interpre-

501 3696 709 3759 tandis
729 3695 903 3758 libris
935 3696 1204 3757 maxima
1231 3713 1377 3758 cum
1403 3694 1687 3756 libertate
1715 3693 1947 3756 versari
1974 3710 2080 3755 so-

502 3794 650 3857 leat.
666 3795 753 3856 Ad
768 3796 1309 3858 Continuationem
1327 3802 1537 3859 autem
1556 3797 1738 3858 istam
1759 3802 2083 3876 provocat,

499 3896 567 3959 in
591 3913 712 3976 qua
736 3897 1158 3977 scripseratde
1175 3900 1442 3960 Macario
1462 3897 1747 3976 haecque
1768 3895 1955 3957 verba
1970 3894 2084 3957 ad-

503 3994 745 4057 diderat
778 4013 791 4055 :
828 4018 854 4051 ι(
890 3996 1123 4057 Verum
1168 3995 1221 4057 si
1259 3995 1653 4074 singulorum
1700 3992 2084 4056 mirabilium

502 4099 677 4171 gesta
731 4095 788 4169 [a
828 4093 1097 4155 Macario
1142 4093 1400 4170 scilicet]
1445 4094 1747 4175 prosequi
1792 4092 2081 4166 velimus,

503 4191 896 4254 excludimur
942 4210 977 4254 a
1042 4195 1367 4273 prOposita
1420 4195 1721 4257 brevitate
1749 4242 1764 4269 ,
1814 4192 2085 4255 maxime

500 4308 648 4355 cum
685 4291 841 4355 haec
884 4294 1302 4356 narrationem
1333 4295 1575 4375 pr0prii
1612 4294 1846 4357 habere
1873 4294 2086 4373 operis

503 4400 863 4455 mereantur
895 4392 1000 4475 (4).
1030 4417 1059 4451 »
1092 4395 1183 4457 Ad
1213 4413 1285 4457 ea
1321 4396 1509 4475 igitur
1533 4398 1744 4469 verba,
1779 4395 1933 4475 quin
1978 4395 2085 4457 ille

2184 3303 2389 3355 monte
2436 3293 2664 3357 Oliveti
2706 3296 3224 3356 commanentium
3266 3298 3571 3377 scriptum
3613 3318 3765 3375 esse,

2186 3394 2643 3457 dedicationem
2664 3395 2740 3456 ad
2763 3396 3033 3457 Lausum
3054 3401 3270 3475 ponet,
3296 3404 3402 3459 aut
3428 3397 3655 3461 librum
3689 3400 3769 3462 de

2185 3493 2552 3556 mulieribus
2582 3511 2839 3575 quoque
2868 3501 3264 3557 narraturum
3295 3514 3434 3559 esse
3460 3497 3618 3561 falso
3664 3498 3774 3561 ad-

2186 3593 2313 3667 det,
2352 3593 2474 3656 nisi
2509 3600 2578 3655 ut
2620 3594 2708 3657 sic
2746 3613 2909 3657 nova
2950 3596 3256 3676 praefatio
3297 3598 3586 3678 prodeat,
3645 3618 3771 3679 qua

2184 3694 2290 3757 alii
2319 3695 2590 3777 cuipiam
2610 3694 2772 3759 libro
2807 3698 3145 3778 praefetur.
3164 3702 3294 3762 Iam
3314 3716 3463 3763 vero
3495 3702 3772 3765 Historia

2184 3797 2481 3859 Lausiaca
2544 3799 2889 3875 genuinum
2944 3801 3367 3880 prooemium,
3427 3819 3555 3881 quo
3610 3802 3774 3865 liber

2184 3896 2387 3959 Lauso
2412 3896 2756 3974 dedicatur,
2788 3898 3000 3962 habet.
3033 3902 3231 3973 Quare
3266 3916 3477 3976 nemo,
3505 3908 3576 3963 ut
3609 3901 3770 3964 alte-

2186 4014 2326 4058 rum
2351 4015 2493 4059 cum
2515 3998 2706 4060 altera
2735 3998 2815 4061 ad
2843 4003 3111 4061 Lausum
3145 3999 3542 4063 dedicatione
3568 4000 3773 4064 fabri-

2186 4104 2357 4160 caret
2386 4105 2447 4161 et
2477 4099 2758 4175 adderet,
2801 4100 3099 4180 compelli
3127 4100 3351 4181 potuit.
3374 4102 3592 4181 Neque
3611 4101 3774 4164 alius

2186 4196 2366 4272 liber,
2398 4199 2657 4261 cuilibri
2685 4202 2946 4263 secundi
2971 4201 3275 4281 praefatio
3305 4201 3395 4264 sic
3435 4202 3774 4283 depravata

2185 4297 2447 4376 praeﬁgi
2475 4298 2769 4378 potuerit,
2795 4298 3218 4376 cognoscitur.
3242 4298 3420 4360 Unde
3437 4297 3777 4378 praefatio-

2187 4415 2333 4459 nem
2363 4399 2542 4460 istam
2569 4399 2677 4461 illo
2715 4398 3047 4479 prooemio
3078 4405 3281 4462 aetate
3319 4399 3597 4479 priorem
3627 4414 3772 4461 esse

503 4494 683 4558 locus
718 4495 861 4559 libri
897 4498 1158 4560 secundi
1193 4500 1506 4580 respiciat,
1537 4500 1808 4563 dubitari
1834 4499 2078 4578 nequit.
2112 4546 2157 4601 Β
2189 4515 2411 4578 parum
2436 4497 2771 4571 verisimile
2799 4504 2915 4559 est.

502 4598 747 4676 Neque,
781 4615 976 4678 quum
1006 4599 1324 4680 scripserit
1358 4618 1371 4661 :
1408 4624 1437 4657 «
1475 4606 1545 4662 ut
1572 4600 1864 4673 diximus,
1894 4622 1923 4655 »
1962 4599 2077 4660 du-

503 4696 789 4759 bitationi
816 4698 993 4761 locus
1020 4698 1416 4779 relinquitur,
1440 4700 1736 4762 Ruﬁnum
1768 4706 1835 4761 ut
1864 4697 2076 4761 Conti-

503 4798 843 4874 nuationis,
876 4799 959 4861 ita
1006 4807 1067 4861 et
1105 4800 1271 4862 illius
1316 4800 1440 4863 loci
1477 4801 1620 4863 libri
1649 4800 1910 4863 secundi
1941 4818 2077 4863 esse

503 4898 900 4977 scriptorem,
929 4900 1127 4979 ipsius
1158 4909 1366 4963 autem
1398 4901 1537 4962 libri
1565 4901 1829 4964 secundi
1869 4900 1922 4963 si
1946 4918 2078 4962 non

503 4998 897 5078 scriptorem,
922 5008 1128 5062 tamen
1161 5001 1589 5081 interpretem.

574 5227 651 5296 (l)
682 5225 820 5281 Hist.
847 5225 1013 5281 Laus.
1041 5225 1078 5279 l.
1103 5223 1143 5277 1.
1171 5240 1224 5295 p.
1250 5224 1376 5281 408.

574 5319 651 5387 (2)
678 5317 856 5373 Ruﬁni
892 5318 1030 5374 Hist.
1066 5318 1217 5375 Eccl.
1244 5319 1342 5373 lib.
1375 5316 1419 5371 li
1457 5332 1579 5388 cap.
1604 5317 1639 5372 4
1679 5317 1765 5373 ed.
1810 5316 1981 5374 Basil.
2039 5319 2078 5374 l.

504 5426 556 5481 p.
581 5410 706 5471 242,
737 5410 825 5465 ed.
850 5409 1085 5466 Vallarsi
1112 5410 1290 5490 p127,
1311 5409 1491 5481 Migne
1513 5411 1551 5464 l.
1586 5411 1625 5465 l.
1654 5426 1709 5480 p.
1734 5410 1865 5466 5H.

574 5504 651 5573 (3)
689 5501 802 5557 vv.
835 5501 939 5557 PP.
968 5502 1154 5561 Rosw.
1181 5504 1276 5557 lib.
1303 5502 1347 5558 ιι
1373 5518 1493 5574 cap.
1526 5501 1598 5558 29
1622 5518 1675 5574 p.
1712 5502 1839 5569 482,
1871 5503 1927 5558 2.

576 5594 653 5663 (ιι)
679 5594 859 5648 Ruﬁn.
901 5593 1041 5648 Hist.
1076 5596 1222 5649 Eccl.
1256 5596 1350 5649 lib.
1377 5595 1421 5649 ιι
1455 5610 1575 5666 cap.
1607 5594 1788 5660 4.1.1.

574 5688 653 5759 (5)
677 5687 785 5742 νγ.
809 5687 913 5755 PP.
948 5688 1130 5744 Rosw.
1162 5704 1214 5758 p.
1250 5689 1373 5744 548.

575 5781 651 5851 (6)
694 5779 840 5835 Eccl.
883 5796 1066 5852 graec.
1120 5779 1264 5835 Mon.
1307 5781 1342 5836 ι.
1405 5780 1478 5845 1.;
1542 5778 1682 5851 Opp.
1721 5778 1922 5835 Meurs.
1968 5779 2005 5832 l.
2040 5779 2077 5832 l.

506 5891 564 5945 ρ.
590 5873 693 5928 659
724 5889 843 5943 sqq.

2265 4600 2658 4679 QuaprOpter
2706 4598 2863 4661 haec
2918 4598 3320 4662 coniecerim.
3370 4600 3522 4660 Cum
3570 4597 3775 4660 multa

2186 4698 2562 4776 signiﬁcent,
2583 4700 2785 4761 Lauso
2817 4698 3173 4761 dedicatum
3205 4704 3265 4760 et
3299 4698 3648 4761 Heraclidis
3686 4698 3771 4759 li-

2184 4801 2368 4862 brum
2415 4799 2609 4862 fuisse
2661 4799 2771 4880 (8),
2821 4800 3006 4879 quid,
3051 4800 3104 4861 si
3140 4799 3536 4879 prooemium
3571 4799 3769 4872 istud,

2186 4903 2359 4983 quod
2402 4903 2478 4966 ad
2525 4902 2859 4965 Historiam
2888 4904 3247 4966 Lausiacam
3280 4921 3409 4965 non
3450 4903 3773 4983 pertinere

2186 5022 2375 5085 supra
2424 5004 2814 5067 ostendimus
2843 5052 2858 5079 ,
2922 5021 3145 5085 reapse
3216 5003 3358 5071 libri
3414 5003 3768 5067 Heraclidis

2258 5225 2336 5293 (7)
2378 5224 2515 5296 Opp.
2538 5224 2739 5279 Meurs.
2769 5222 2806 5278 l.
2836 5222 2873 5277 Ι.
2900 5239 2955 5293 p.
2985 5224 3092 5278 555
3124 5239 3248 5294 sqq.

2256 5318 2334 5389 (8)
2375 5315 2713 5371 Heraclidem
2767 5314 2967 5370 librum
3017 5314 3085 5371 de
3140 5317 3269 5372 vitis
3321 5323 3536 5386 patrum
3584 5315 3775 5372 Lauso

2183 5408 2495 5464 dedicatum
2519 5406 2809 5476 scripsisse
2830 5421 2953 5460 cum
2982 5406 3269 5463 codicibus
3296 5406 3589 5469 Vaticanis.
3624 5426 3773 5480 quos

2182 5516 2347 5571 supra
2374 5484 2774 5560 recensuimus.
2806 5506 2922 5553 tum
2957 5514 3022 5554 eo
3054 5500 3343 5568 probatur,
3371 5501 3517 5571 quod
3564 5502 3619 5555 in
3658 5502 3774 5558 ﬁne

2185 5604 2239 5651 et
2263 5595 2387 5650 libri
2413 5610 2443 5649 a
2476 5593 2765 5648 Rosweido
2787 5591 2891 5648 sub
2920 5591 3224 5648 Heraclidis
3270 5594 3492 5649 nomine
3538 5594 3670 5649 editi
3715 5605 3775 5651 et

2190 5687 2463 5742 Historiae
2508 5685 2807 5740 Lausiacae
2859 5698 2889 5738 a
2937 5683 3177 5739 Meursio
3204 5686 3383 5740 editae
3428 5685 3662 5757 epilogus
3696 5687 3771 5740 ad

2188 5777 2423 5832 Lausum
2494 5782 2713 5839 exstat,
2764 5775 2855 5845 qui
2915 5774 3197 5831 codicibus
3248 5774 3772 5833 Vindobonensibus

2191 5868 2418 5924 testibus
2448 5866 2513 5921 ad
2546 5865 2837 5920 Historiam
2871 5864 3194 5921 Lausiacam
3231 5882 3337 5923 non
3387 5868 3644 5939 pertinet.
3670 5868 3765 5925 (Sf.
