  <div class='ocr_page' id='page_1' title='image "/cluster/home/n/w/nwhite01/storage/ocr_20150623/34/hvd.32044019207760/026.png"; bbox 0 0 4040 6550; ppageno 0'>
   <div class='ocr_carea' id='block_1_1' title="bbox 274 338 3546 412">
    <p class='ocr_par' dir='ltr' id='par_1_1' title="bbox 274 338 3546 412">
     <span class='ocr_line' id='line_1_1' title="bbox 274 338 3546 412; baseline 0.002 -20"><span class='ocrx_word' id='word_1_1' title='bbox 274 338 347 392; x_wconf 74' lang='lat'>29</span> <span class='ocrx_word' id='word_1_2' title='bbox 1809 338 2041 399; x_wconf 79' lang='lat' dir='ltr'>VITAE.</span> <span class='ocrx_word' id='word_1_3' title='bbox 3473 352 3546 412; x_wconf 76' lang='lat'>&#39;50</span> 
     </span>
    </p>
   </div>
   <div class='ocr_carea' id='block_1_2' title="bbox 277 445 3542 550">
    <p class='ocr_par' dir='ltr' id='par_1_2' title="bbox 277 445 3542 550">
     <span class='ocr_line' id='line_1_2' title="bbox 277 445 3542 550; baseline 0.008 -42"><span class='ocrx_word' id='word_1_4' title='bbox 277 445 702 550; x_wconf 82' lang='lat' dir='ltr'>prooemium,</span> <span class='ocrx_word' id='word_1_5' title='bbox 724 447 1071 512; x_wconf 81' lang='lat' dir='ltr'>Heraclidis</span> <span class='ocrx_word' id='word_1_6' title='bbox 1102 466 1251 512; x_wconf 90' lang='lat' dir='ltr'>vero</span> <span class='ocrx_word' id='word_1_7' title='bbox 1286 450 1464 514; x_wconf 92' lang='lat' dir='ltr'>illum</span> <span class='ocrx_word' id='word_1_8' title='bbox 1494 451 1854 517; x_wconf 86' lang='lat' dir='ltr'>habendum</span> <span class='ocrx_word' id='word_1_9' title='bbox 1885 464 1930 517; x_wconf 79' lang='grc' dir='ltr'><strong>Δ</strong></span> <span class='ocrx_word' id='word_1_10' title='bbox 1958 460 2381 524; x_wconf 81' lang='lat' dir='ltr'>venerabilem</span> <span class='ocrx_word' id='word_1_11' title='bbox 2416 463 2616 526; x_wconf 90' lang='lat' dir='ltr'>virum</span> <span class='ocrx_word' id='word_1_12' title='bbox 2664 466 2794 528; x_wconf 87' lang='lat' dir='ltr'>Hor</span> <span class='ocrx_word' id='word_1_13' title='bbox 2840 464 3099 528; x_wconf 88' lang='lat' dir='ltr'>nomine</span> <span class='ocrx_word' id='word_1_14' title='bbox 3123 466 3226 550; x_wconf 81' lang='grc'>(4).</span> <span class='ocrx_word' id='word_1_15' title='bbox 3260 491 3289 526; x_wconf 73' lang='lat' dir='ltr'>n</span> <span class='ocrx_word' id='word_1_16' title='bbox 3318 470 3542 546; x_wconf 83' lang='lat' dir='ltr'>Itaque</span> 
     </span>
    </p>
   </div>
   <div class='ocr_carea' id='block_1_3' title="bbox 274 547 1859 633">
    <p class='ocr_par' dir='ltr' id='par_1_3' title="bbox 274 547 1859 633">
     <span class='ocr_line' id='line_1_3' title="bbox 274 547 1859 633; baseline 0.007 -23"><span class='ocrx_word' id='word_1_17' title='bbox 274 564 413 611; x_wconf 80' lang='lat' dir='ltr'>esse</span> <span class='ocrx_word' id='word_1_18' title='bbox 443 547 674 612; x_wconf 89' lang='lat' dir='ltr'>librum</span> <span class='ocrx_word' id='word_1_19' title='bbox 706 551 1016 627; x_wconf 81' lang='lat' dir='ltr'>dicamus,</span> <span class='ocrx_word' id='word_1_20' title='bbox 1061 570 1190 633; x_wconf 91' lang='lat' dir='ltr'>quo</span> <span class='ocrx_word' id='word_1_21' title='bbox 1243 553 1406 617; x_wconf 89' lang='lat' dir='ltr'>liber</span> <span class='ocrx_word' id='word_1_22' title='bbox 1448 557 1764 620; x_wconf 88' lang='lat' dir='ltr'>secundus</span> <span class='ocrx_word' id='word_1_23' title='bbox 1798 566 1859 622; x_wconf 90' lang='lat' dir='ltr'>et</span> 
     </span>
    </p>
   </div>
   <div class='ocr_carea' id='block_1_4' title="bbox 268 652 1302 717">
    <p class='ocr_par' dir='ltr' id='par_1_4' title="bbox 268 652 1302 717">
     <span class='ocr_line' id='line_1_4' title="bbox 268 652 1302 717; baseline 0.004 -4"><span class='ocrx_word' id='word_1_24' title='bbox 268 652 543 713; x_wconf 83' lang='lat' dir='ltr'>Historia</span> <span class='ocrx_word' id='word_1_25' title='bbox 577 654 873 716; x_wconf 89' lang='lat' dir='ltr'>Lausiaca</span> <span class='ocrx_word' id='word_1_26' title='bbox 893 654 1257 716; x_wconf 72' lang='lat' dir='ltr'>innituntur</span> <span class='ocrx_word' id='word_1_27' title='bbox 1270 652 1302 717; x_wconf 81' lang='lat'><strong>?</strong></span> 
     </span>
    </p>
   </div>
   <div class='ocr_carea' id='block_1_5' title="bbox 347 751 1857 828">
    <p class='ocr_par' dir='ltr' id='par_1_5' title="bbox 347 751 1857 828">
     <span class='ocr_line' id='line_1_5' title="bbox 347 751 1857 828; baseline 0.007 -16"><span class='ocrx_word' id='word_1_28' title='bbox 347 755 456 826; x_wconf 85' lang='lat'><strong>30</strong></span> <span class='ocrx_word' id='word_1_29' title='bbox 481 751 659 823; x_wconf 87' lang='lat' dir='ltr'>Quod</span> <span class='ocrx_word' id='word_1_30' title='bbox 680 752 730 813; x_wconf 90' lang='lat' dir='ltr'>si</span> <span class='ocrx_word' id='word_1_31' title='bbox 753 753 992 828; x_wconf 83' lang='lat' dir='ltr'>statuis,</span> <span class='ocrx_word' id='word_1_32' title='bbox 1014 753 1241 817; x_wconf 81' lang='lat' dir='ltr'>difﬁcul</span> <span class='ocrx_word' id='word_1_33' title='bbox 1252 760 1404 817; x_wconf 91' lang='lat' dir='ltr'>tates</span> <span class='ocrx_word' id='word_1_34' title='bbox 1424 772 1646 820; x_wconf 90' lang='lat' dir='ltr'>omnes</span> <span class='ocrx_word' id='word_1_35' title='bbox 1674 757 1857 822; x_wconf 84' lang='lat' dir='ltr'>facile</span> 
     </span>
    </p>
   </div>
   <div class='ocr_carea' id='block_1_6' title="bbox 267 851 1856 933">
    <p class='ocr_par' dir='ltr' id='par_1_6' title="bbox 267 851 1856 933">
     <span class='ocr_line' id='line_1_6' title="bbox 267 851 1856 933; baseline 0.008 -22"><span class='ocrx_word' id='word_1_36' title='bbox 267 851 683 930; x_wconf 83' lang='lat' dir='ltr'>explicantur.</span> <span class='ocrx_word' id='word_1_37' title='bbox 761 853 1124 917; x_wconf 87' lang='lat' dir='ltr'>Heraclides</span> <span class='ocrx_word' id='word_1_38' title='bbox 1196 855 1365 921; x_wconf 91' lang='lat' dir='ltr'>enim</span> <span class='ocrx_word' id='word_1_39' title='bbox 1392 904 1407 933; x_wconf 92' lang='lat'>,</span> <span class='ocrx_word' id='word_1_40' title='bbox 1469 858 1736 921; x_wconf 91' lang='lat' dir='ltr'>Ruﬁnus</span> <span class='ocrx_word' id='word_1_41' title='bbox 1795 867 1856 923; x_wconf 83' lang='lat' dir='ltr'>et</span> 
     </span>
    </p>
   </div>
   <div class='ocr_carea' id='block_1_7' title="bbox 263 946 1850 1035">
    <p class='ocr_par' dir='ltr' id='par_1_7' title="bbox 263 946 1850 1035">
     <span class='ocr_line' id='line_1_7' title="bbox 263 946 1850 1035; baseline 0.009 -25"><span class='ocrx_word' id='word_1_42' title='bbox 263 950 578 1014; x_wconf 89' lang='lat' dir='ltr'>Palladius</span> <span class='ocrx_word' id='word_1_43' title='bbox 608 954 793 1017; x_wconf 88' lang='lat' dir='ltr'>amici</span> <span class='ocrx_word' id='word_1_44' title='bbox 841 964 905 1017; x_wconf 89' lang='lat' dir='ltr'>et</span> <span class='ocrx_word' id='word_1_45' title='bbox 954 946 1444 1035; x_wconf 87' lang='lat' dir='ltr'>Origenistarum</span> <span class='ocrx_word' id='word_1_46' title='bbox 1479 961 1672 1023; x_wconf 90' lang='lat' dir='ltr'>duces</span> <span class='ocrx_word' id='word_1_47' title='bbox 1709 961 1850 1025; x_wconf 88' lang='lat' dir='ltr'>fue-</span> 
     </span>
    </p>
   </div>
   <div class='ocr_carea' id='block_1_8' title="bbox 264 1051 1853 1132">
    <p class='ocr_par' dir='ltr' id='par_1_8' title="bbox 264 1051 1853 1132">
     <span class='ocr_line' id='line_1_8' title="bbox 264 1051 1853 1132; baseline 0.009 -21"><span class='ocrx_word' id='word_1_48' title='bbox 264 1058 412 1113; x_wconf 89' lang='lat' dir='ltr'>runt</span> <span class='ocrx_word' id='word_1_49' title='bbox 468 1051 573 1132; x_wconf 92' lang='lat'>(1).</span> <span class='ocrx_word' id='word_1_50' title='bbox 641 1055 907 1118; x_wconf 90' lang='lat' dir='ltr'>Ruﬁnus</span> <span class='ocrx_word' id='word_1_51' title='bbox 962 1056 1030 1118; x_wconf 92' lang='lat' dir='ltr'>in</span> <span class='ocrx_word' id='word_1_52' title='bbox 1083 1066 1298 1121; x_wconf 91' lang='lat' dir='ltr'>monte</span> <span class='ocrx_word' id='word_1_53' title='bbox 1356 1060 1575 1122; x_wconf 89' lang='lat' dir='ltr'>Oliveti</span> <span class='ocrx_word' id='word_1_54' title='bbox 1630 1061 1853 1125; x_wconf 89' lang='lat' dir='ltr'>cellam</span> 
     </span>
    </p>
   </div>
   <div class='ocr_carea' id='block_1_9' title="bbox 262 1150 1851 1245">
    <p class='ocr_par' dir='ltr' id='par_1_9' title="bbox 262 1150 1851 1245">
     <span class='ocr_line' id='line_1_9' title="bbox 262 1150 1851 1245; baseline 0.01 -33"><span class='ocrx_word' id='word_1_55' title='bbox 262 1150 524 1228; x_wconf 85' lang='lat' dir='ltr'>habens,</span> <span class='ocrx_word' id='word_1_56' title='bbox 562 1160 632 1217; x_wconf 89' lang='lat' dir='ltr'>ut</span> <span class='ocrx_word' id='word_1_57' title='bbox 672 1157 936 1221; x_wconf 88' lang='lat' dir='ltr'>Melania</span> <span class='ocrx_word' id='word_1_58' title='bbox 969 1160 1179 1222; x_wconf 87' lang='lat' dir='ltr'>coetui</span> <span class='ocrx_word' id='word_1_59' title='bbox 1225 1161 1560 1241; x_wconf 82' lang='lat' dir='ltr'>virginum,</span> <span class='ocrx_word' id='word_1_60' title='bbox 1597 1162 1685 1227; x_wconf 90' lang='lat' dir='ltr'>ita</span> <span class='ocrx_word' id='word_1_61' title='bbox 1713 1164 1851 1245; x_wconf 91' lang='lat' dir='ltr'>ipse</span> 
     </span>
    </p>
   </div>
   <div class='ocr_carea' id='block_1_10' title="bbox 263 1256 1847 1346">
    <p class='ocr_par' dir='ltr' id='par_1_10' title="bbox 263 1256 1847 1346">
     <span class='ocr_line' id='line_1_10' title="bbox 263 1256 1847 1346; baseline 0.009 -33"><span class='ocrx_word' id='word_1_62' title='bbox 263 1256 742 1332; x_wconf 83' lang='lat' dir='ltr'>congregationi</span> <span class='ocrx_word' id='word_1_63' title='bbox 814 1259 1273 1323; x_wconf 85' lang='lat' dir='ltr'>monachorum</span> <span class='ocrx_word' id='word_1_64' title='bbox 1352 1262 1625 1342; x_wconf 85' lang='lat' dir='ltr'>praefuit</span> <span class='ocrx_word' id='word_1_65' title='bbox 1705 1264 1847 1346; x_wconf 75' lang='lat'>(2).</span> 
     </span>
    </p>
   </div>
   <div class='ocr_carea' id='block_1_11' title="bbox 259 1354 1849 1443">
    <p class='ocr_par' dir='ltr' id='par_1_11' title="bbox 259 1354 1849 1443">
     <span class='ocr_line' id='line_1_11' title="bbox 259 1354 1849 1443; baseline 0.009 -31"><span class='ocrx_word' id='word_1_66' title='bbox 259 1354 310 1411; x_wconf 82' lang='lat' dir='ltr'><strong>A</strong></span> <span class='ocrx_word' id='word_1_67' title='bbox 355 1354 585 1432; x_wconf 87' lang='lat' dir='ltr'>quibus</span> <span class='ocrx_word' id='word_1_68' title='bbox 636 1363 706 1418; x_wconf 92' lang='lat' dir='ltr'>ut</span> <span class='ocrx_word' id='word_1_69' title='bbox 736 1356 964 1421; x_wconf 89' lang='lat' dir='ltr'>librum</span> <span class='ocrx_word' id='word_1_70' title='bbox 1007 1359 1086 1421; x_wconf 93' lang='lat' dir='ltr'>de</span> <span class='ocrx_word' id='word_1_71' title='bbox 1122 1362 1381 1424; x_wconf 86' lang='lat' dir='ltr'>senibus</span> <span class='ocrx_word' id='word_1_72' title='bbox 1437 1374 1849 1443; x_wconf 88' lang='lat' dir='ltr'>componeret</span> 
     </span>
    </p>
   </div>
   <div class='ocr_carea' id='block_1_12' title="bbox 259 1454 1849 1539">
    <p class='ocr_par' dir='ltr' id='par_1_12' title="bbox 259 1454 1849 1539">
     <span class='ocr_line' id='line_1_12' title="bbox 259 1454 1849 1539; baseline 0.008 -30"><span class='ocrx_word' id='word_1_73' title='bbox 259 1456 538 1526; x_wconf 90' lang='lat' dir='ltr'>rogatus,</span> <span class='ocrx_word' id='word_1_74' title='bbox 581 1468 660 1513; x_wconf 90' lang='lat' dir='ltr'>ex</span> <span class='ocrx_word' id='word_1_75' title='bbox 691 1454 1038 1517; x_wconf 88' lang='lat' dir='ltr'>Heraclidis</span> <span class='ocrx_word' id='word_1_76' title='bbox 1086 1457 1270 1519; x_wconf 88' lang='lat' dir='ltr'>amici</span> <span class='ocrx_word' id='word_1_77' title='bbox 1312 1457 1474 1520; x_wconf 89' lang='lat' dir='ltr'>libro</span> <span class='ocrx_word' id='word_1_78' title='bbox 1532 1477 1694 1539; x_wconf 90' lang='lat' dir='ltr'>quae</span> <span class='ocrx_word' id='word_1_79' title='bbox 1728 1460 1849 1522; x_wconf 87' lang='lat' dir='ltr'>sibi</span> 
     </span>
    </p>
   </div>
   <div class='ocr_carea' id='block_1_13' title="bbox 1960 560 3543 645">
    <p class='ocr_par' dir='ltr' id='par_1_13' title="bbox 1960 560 3543 645">
     <span class='ocr_line' id='line_1_13' title="bbox 1960 560 3543 645; baseline 0.008 -24"><span class='ocrx_word' id='word_1_80' title='bbox 1960 560 2233 641; x_wconf 86' lang='lat' dir='ltr'>scriptor</span> <span class='ocrx_word' id='word_1_81' title='bbox 2270 562 2457 626; x_wconf 87' lang='lat' dir='ltr'>huius</span> <span class='ocrx_word' id='word_1_82' title='bbox 2505 565 2730 645; x_wconf 91' lang='lat' dir='ltr'>capitis</span> <span class='ocrx_word' id='word_1_83' title='bbox 2774 564 2917 629; x_wconf 90' lang='lat' dir='ltr'>libri</span> <span class='ocrx_word' id='word_1_84' title='bbox 2948 568 3207 631; x_wconf 91' lang='lat' dir='ltr'>secundi</span> <span class='ocrx_word' id='word_1_85' title='bbox 3252 569 3543 633; x_wconf 84' lang='lat' dir='ltr'>abbatem</span> 
     </span>
    </p>
   </div>
   <div class='ocr_carea' id='block_1_14' title="bbox 1959 661 3537 750">
    <p class='ocr_par' dir='ltr' id='par_1_14' title="bbox 1959 661 3537 750">
     <span class='ocr_line' id='line_1_14' title="bbox 1959 661 3537 750; baseline 0.006 -28"><span class='ocrx_word' id='word_1_86' title='bbox 1959 661 2131 738; x_wconf 90' lang='lat' dir='ltr'>vidit,</span> <span class='ocrx_word' id='word_1_87' title='bbox 2184 681 2377 744; x_wconf 89' lang='lat' dir='ltr'>quem</span> <span class='ocrx_word' id='word_1_88' title='bbox 2438 667 2750 730; x_wconf 92' lang='lat' dir='ltr'>Palladius</span> <span class='ocrx_word' id='word_1_89' title='bbox 2826 686 2957 731; x_wconf 91' lang='lat' dir='ltr'>non</span> <span class='ocrx_word' id='word_1_90' title='bbox 3029 670 3298 750; x_wconf 87' lang='lat' dir='ltr'>amplius</span> <span class='ocrx_word' id='word_1_91' title='bbox 3362 672 3537 733; x_wconf 90' lang='lat' dir='ltr'>vidit.</span> 
     </span>
    </p>
   </div>
   <div class='ocr_carea' id='block_1_15' title="bbox 1944 767 3542 851">
    <p class='ocr_par' dir='ltr' id='par_1_15' title="bbox 1944 767 3542 851">
     <span class='ocr_line' id='line_1_15' title="bbox 1944 767 3542 851; baseline 0.004 -23"><span class='ocrx_word' id='word_1_92' title='bbox 1944 767 2326 847; x_wconf 74' lang='lat' dir='ltr'>Quanquam</span> <span class='ocrx_word' id='word_1_93' title='bbox 2355 787 2499 832; x_wconf 92' lang='lat' dir='ltr'>eum</span> <span class='ocrx_word' id='word_1_94' title='bbox 2525 787 2651 831; x_wconf 92' lang='lat' dir='ltr'>una</span> <span class='ocrx_word' id='word_1_95' title='bbox 2682 787 2825 832; x_wconf 92' lang='lat' dir='ltr'>cum</span> <span class='ocrx_word' id='word_1_96' title='bbox 2866 770 3171 851; x_wconf 89' lang='lat' dir='ltr'>scriptore</span> <span class='ocrx_word' id='word_1_97' title='bbox 3208 771 3329 833; x_wconf 89' lang='lat' dir='ltr'>isto</span> <span class='ocrx_word' id='word_1_98' title='bbox 3356 789 3542 834; x_wconf 89' lang='lat' dir='ltr'>senes</span> 
     </span>
    </p>
   </div>
   <div class='ocr_carea' id='block_1_16' title="bbox 1957 866 3543 951">
    <p class='ocr_par' dir='ltr' id='par_1_16' title="bbox 1957 866 3543 951">
     <span class='ocr_line' id='line_1_16' title="bbox 1957 866 3543 951; baseline 0.005 -24"><span class='ocrx_word' id='word_1_99' title='bbox 1957 866 2294 931; x_wconf 89' lang='lat' dir='ltr'>Thebaidis</span> <span class='ocrx_word' id='word_1_100' title='bbox 2330 869 2616 932; x_wconf 88' lang='lat' dir='ltr'>invisisse</span> <span class='ocrx_word' id='word_1_101' title='bbox 2646 888 2835 951; x_wconf 89' lang='lat' dir='ltr'>supra</span> <span class='ocrx_word' id='word_1_102' title='bbox 2873 872 3284 934; x_wconf 89' lang='lat' dir='ltr'>ostendimus.</span> <span class='ocrx_word' id='word_1_103' title='bbox 3317 875 3543 935; x_wconf 89' lang='lat' dir='ltr'>Fateor</span> 
     </span>
    </p>
   </div>
   <div class='ocr_carea' id='block_1_17' title="bbox 1955 968 3540 1052">
    <p class='ocr_par' dir='ltr' id='par_1_17' title="bbox 1955 968 3540 1052">
     <span class='ocr_line' id='line_1_17' title="bbox 1955 968 3540 1052; baseline 0.004 -22"><span class='ocrx_word' id='word_1_104' title='bbox 1955 968 2143 1032; x_wconf 91' lang='lat' dir='ltr'>huius</span> <span class='ocrx_word' id='word_1_105' title='bbox 2191 970 2451 1051; x_wconf 90' lang='lat' dir='ltr'>quidem</span> <span class='ocrx_word' id='word_1_106' title='bbox 2484 970 2863 1033; x_wconf 78' lang='lat' dir='ltr'>difﬁcultatis</span> <span class='ocrx_word' id='word_1_107' title='bbox 2911 971 3320 1052; x_wconf 80' lang='lat' dir='ltr'>explicandae</span> <span class='ocrx_word' id='word_1_108' title='bbox 3371 973 3540 1037; x_wconf 89' lang='lat' dir='ltr'>varia</span> 
     </span>
    </p>
   </div>
   <div class='ocr_carea' id='block_1_18' title="bbox 1954 1073 3540 1153">
    <p class='ocr_par' dir='ltr' id='par_1_18' title="bbox 1954 1073 3540 1153">
     <span class='ocr_line' id='line_1_18' title="bbox 1954 1073 3540 1153; baseline 0.004 -22"><span class='ocrx_word' id='word_1_109' title='bbox 1954 1087 2103 1132; x_wconf 92' lang='lat' dir='ltr'>sane</span> <span class='ocrx_word' id='word_1_110' title='bbox 2125 1087 2357 1149; x_wconf 87' lang='lat' dir='ltr'>genera</span> <span class='ocrx_word' id='word_1_111' title='bbox 2378 1073 2714 1150; x_wconf 72' lang='lat' dir='ltr'>excogitari</span> <span class='ocrx_word' id='word_1_112' title='bbox 2739 1077 2840 1147; x_wconf 87' lang='lat'><strong>31</strong></span> <span class='ocrx_word' id='word_1_113' title='bbox 2865 1090 3074 1153; x_wconf 89' lang='lat' dir='ltr'>posse.</span> <span class='ocrx_word' id='word_1_114' title='bbox 3100 1073 3221 1134; x_wconf 90' lang='lat' dir='ltr'>Sed</span> <span class='ocrx_word' id='word_1_115' title='bbox 3244 1074 3390 1152; x_wconf 89' lang='lat' dir='ltr'>quia</span> <span class='ocrx_word' id='word_1_116' title='bbox 3416 1077 3540 1137; x_wconf 90' lang='lat' dir='ltr'>Me-</span> 
     </span>
    </p>
   </div>
   <div class='ocr_carea' id='block_1_19' title="bbox 1953 1167 3537 1250">
    <p class='ocr_par' dir='ltr' id='par_1_19' title="bbox 1953 1167 3537 1250">
     <span class='ocr_line' id='line_1_19' title="bbox 1953 1167 3537 1250; baseline 0.004 -22"><span class='ocrx_word' id='word_1_117' title='bbox 1953 1167 2118 1231; x_wconf 90' lang='lat' dir='ltr'>lania</span> <span class='ocrx_word' id='word_1_118' title='bbox 2141 1170 2221 1230; x_wconf 91' lang='lat' dir='ltr'>Or</span> <span class='ocrx_word' id='word_1_119' title='bbox 2245 1170 2535 1232; x_wconf 85' lang='lat' dir='ltr'>abbatem</span> <span class='ocrx_word' id='word_1_120' title='bbox 2565 1170 2737 1246; x_wconf 92' lang='lat' dir='ltr'>adiit,</span> <span class='ocrx_word' id='word_1_121' title='bbox 2766 1170 2844 1232; x_wconf 92' lang='lat' dir='ltr'>de</span> <span class='ocrx_word' id='word_1_122' title='bbox 2860 1188 2987 1250; x_wconf 92' lang='lat' dir='ltr'>quo</span> <span class='ocrx_word' id='word_1_123' title='bbox 3011 1171 3237 1233; x_wconf 89' lang='lat' dir='ltr'>eximia</span> <span class='ocrx_word' id='word_1_124' title='bbox 3257 1172 3537 1235; x_wconf 89' lang='lat' dir='ltr'>Palladio</span> 
     </span>
    </p>
   </div>
   <div class='ocr_carea' id='block_1_20' title="bbox 1952 1265 3537 1347">
    <p class='ocr_par' dir='ltr' id='par_1_20' title="bbox 1952 1265 3537 1347">
     <span class='ocr_line' id='line_1_20' title="bbox 1952 1265 3537 1347; baseline 0.004 -22"><span class='ocrx_word' id='word_1_125' title='bbox 1952 1265 2244 1341; x_wconf 85' lang='lat' dir='ltr'>narravit,</span> <span class='ocrx_word' id='word_1_126' title='bbox 2296 1266 2749 1330; x_wconf 90' lang='lat' dir='ltr'>verisimillima</span> <span class='ocrx_word' id='word_1_127' title='bbox 2798 1267 3132 1347; x_wconf 80' lang='lat' dir='ltr'>explicatio</span> <span class='ocrx_word' id='word_1_128' title='bbox 3177 1267 3337 1330; x_wconf 88' lang='lat' dir='ltr'>haec</span> <span class='ocrx_word' id='word_1_129' title='bbox 3396 1287 3537 1332; x_wconf 87' lang='lat' dir='ltr'>esse</span> 
     </span>
    </p>
   </div>
   <div class='ocr_carea' id='block_1_21' title="bbox 1949 1361 3533 1437">
    <p class='ocr_par' dir='ltr' id='par_1_21' title="bbox 1949 1361 3533 1437">
     <span class='ocr_line' id='line_1_21' title="bbox 1949 1361 3533 1437; baseline 0.003 -15"><span class='ocrx_word' id='word_1_130' title='bbox 1949 1361 2215 1437; x_wconf 88' lang='lat' dir='ltr'>videtur,</span> <span class='ocrx_word' id='word_1_131' title='bbox 2247 1364 2547 1426; x_wconf 89' lang='lat' dir='ltr'>Ruﬁnum</span> <span class='ocrx_word' id='word_1_132' title='bbox 2584 1380 2711 1424; x_wconf 90' lang='lat' dir='ltr'>una</span> <span class='ocrx_word' id='word_1_133' title='bbox 2742 1381 2884 1426; x_wconf 89' lang='lat' dir='ltr'>cum</span> <span class='ocrx_word' id='word_1_134' title='bbox 2934 1363 3198 1425; x_wconf 89' lang='lat' dir='ltr'>Melania</span> <span class='ocrx_word' id='word_1_135' title='bbox 3235 1364 3311 1425; x_wconf 89' lang='lat' dir='ltr'>ad</span> <span class='ocrx_word' id='word_1_136' title='bbox 3339 1365 3533 1427; x_wconf 90' lang='lat' dir='ltr'>abba-</span> 
     </span>
    </p>
   </div>
   <div class='ocr_carea' id='block_1_22' title="bbox 1948 1458 3533 1539">
    <p class='ocr_par' dir='ltr' id='par_1_22' title="bbox 1948 1458 3533 1539">
     <span class='ocr_line' id='line_1_22' title="bbox 1948 1458 3533 1539; baseline 0.003 -20"><span class='ocrx_word' id='word_1_137' title='bbox 1948 1467 2076 1520; x_wconf 90' lang='lat' dir='ltr'>tem</span> <span class='ocrx_word' id='word_1_138' title='bbox 2104 1461 2185 1520; x_wconf 93' lang='lat' dir='ltr'>Or</span> <span class='ocrx_word' id='word_1_139' title='bbox 2205 1476 2341 1521; x_wconf 90' lang='lat' dir='ltr'>esse</span> <span class='ocrx_word' id='word_1_140' title='bbox 2363 1459 2741 1539; x_wconf 85' lang='lat' dir='ltr'>profectum,</span> <span class='ocrx_word' id='word_1_141' title='bbox 2763 1466 2951 1539; x_wconf 85' lang='lat' dir='ltr'>atque</span> <span class='ocrx_word' id='word_1_142' title='bbox 2979 1458 3043 1519; x_wconf 92' lang='lat' dir='ltr'>in</span> <span class='ocrx_word' id='word_1_143' title='bbox 3081 1461 3533 1539; x_wconf 87' lang='lat' dir='ltr'>componendo</span> 
     </span>
    </p>
   </div>
   <div class='ocr_carea' id='block_1_23' title="bbox 256 1547 3532 1637">
    <p class='ocr_par' dir='ltr' id='par_1_23' title="bbox 256 1547 3532 1637">
     <span class='ocr_line' id='line_1_23' title="bbox 256 1547 3532 1637; baseline 0.004 -31"><span class='ocrx_word' id='word_1_144' title='bbox 256 1547 402 1607; x_wconf 89' lang='lat' dir='ltr'>usui</span> <span class='ocrx_word' id='word_1_145' title='bbox 436 1554 613 1610; x_wconf 91' lang='lat' dir='ltr'>erant</span> <span class='ocrx_word' id='word_1_146' title='bbox 640 1552 953 1629; x_wconf 85' lang='lat' dir='ltr'>congessit</span> <span class='ocrx_word' id='word_1_147' title='bbox 969 1558 1029 1613; x_wconf 90' lang='lat' dir='ltr'>et</span> <span class='ocrx_word' id='word_1_148' title='bbox 1051 1569 1160 1615; x_wconf 90' lang='lat' dir='ltr'>ore</span> <span class='ocrx_word' id='word_1_149' title='bbox 1190 1553 1385 1616; x_wconf 89' lang='lat' dir='ltr'>latino</span> <span class='ocrx_word' id='word_1_150' title='bbox 1410 1555 1843 1637; x_wconf 88' lang='lat' dir='ltr'>edidit.0pus-</span> <span class='ocrx_word' id='word_1_151' title='bbox 1947 1554 2109 1618; x_wconf 89' lang='lat' dir='ltr'>libro</span> <span class='ocrx_word' id='word_1_152' title='bbox 2133 1556 2412 1619; x_wconf 90' lang='lat' dir='ltr'>secundo</span> <span class='ocrx_word' id='word_1_153' title='bbox 2432 1556 2537 1619; x_wconf 91' lang='lat' dir='ltr'>illa</span> <span class='ocrx_word' id='word_1_154' title='bbox 2558 1556 2636 1618; x_wconf 92' lang='lat' dir='ltr'>de</span> <span class='ocrx_word' id='word_1_155' title='bbox 2660 1556 2782 1618; x_wconf 91' lang='lat' dir='ltr'>hoc</span> <span class='ocrx_word' id='word_1_156' title='bbox 2811 1573 2963 1617; x_wconf 89' lang='lat' dir='ltr'>sene</span> <span class='ocrx_word' id='word_1_157' title='bbox 2994 1574 3108 1617; x_wconf 89' lang='lat' dir='ltr'>suo</span> <span class='ocrx_word' id='word_1_158' title='bbox 3129 1559 3322 1619; x_wconf 85' lang='lat' dir='ltr'>Marte</span> <span class='ocrx_word' id='word_1_159' title='bbox 3351 1558 3532 1620; x_wconf 90' lang='lat' dir='ltr'>addi-</span> 
     </span>
    </p>
   </div>
   <div class='ocr_carea' id='block_1_24' title="bbox 254 1645 3529 1731">
    <p class='ocr_par' dir='ltr' id='par_1_24' title="bbox 254 1645 3529 1731">
     <span class='ocr_line' id='line_1_24' title="bbox 254 1645 3529 1731; baseline 0.004 -25"><span class='ocrx_word' id='word_1_160' title='bbox 254 1645 494 1722; x_wconf 89' lang='lat' dir='ltr'>culum,</span> <span class='ocrx_word' id='word_1_161' title='bbox 520 1648 691 1727; x_wconf 93' lang='lat' dir='ltr'>quod</span> <span class='ocrx_word' id='word_1_162' title='bbox 725 1649 815 1711; x_wconf 91' lang='lat' dir='ltr'>sic</span> <span class='ocrx_word' id='word_1_163' title='bbox 843 1652 1236 1727; x_wconf 89' lang='lat' dir='ltr'>nascebatur,</span> <span class='ocrx_word' id='word_1_164' title='bbox 1267 1654 1595 1717; x_wconf 89' lang='lat' dir='ltr'>monachis</span> <span class='ocrx_word' id='word_1_165' title='bbox 1626 1655 1845 1717; x_wconf 90' lang='lat' dir='ltr'>Oliveti</span> <span class='ocrx_word' id='word_1_166' title='bbox 1947 1654 2135 1717; x_wconf 87' lang='lat' dir='ltr'>disse.</span> <span class='ocrx_word' id='word_1_167' title='bbox 2192 1657 2321 1717; x_wconf 91' lang='lat' dir='ltr'>Iam</span> <span class='ocrx_word' id='word_1_168' title='bbox 2360 1672 2509 1717; x_wconf 92' lang='lat' dir='ltr'>vero</span> <span class='ocrx_word' id='word_1_169' title='bbox 2540 1654 2761 1717; x_wconf 92' lang='lat' dir='ltr'>eadem</span> <span class='ocrx_word' id='word_1_170' title='bbox 2822 1653 2901 1715; x_wconf 91' lang='lat' dir='ltr'>de</span> <span class='ocrx_word' id='word_1_171' title='bbox 2958 1654 3183 1716; x_wconf 86' lang='lat' dir='ltr'>abbate</span> <span class='ocrx_word' id='word_1_172' title='bbox 3231 1656 3529 1731; x_wconf 89' lang='lat' dir='ltr'>narratio,</span> 
     </span>
    </p>
   </div>
   <div class='ocr_carea' id='block_1_25' title="bbox 251 1740 3533 1862">
    <p class='ocr_par' dir='ltr' id='par_1_25' title="bbox 251 1740 3533 1862">
     <span class='ocr_line' id='line_1_25' title="bbox 251 1740 3533 1862; baseline 0.005 -61"><span class='ocrx_word' id='word_1_173' title='bbox 251 1740 593 1823; x_wconf 84' lang='lat' dir='ltr'>inscripsit,</span> <span class='ocrx_word' id='word_1_174' title='bbox 619 1752 830 1825; x_wconf 90' lang='lat' dir='ltr'>atque,</span> <span class='ocrx_word' id='word_1_175' title='bbox 857 1748 1003 1826; x_wconf 88' lang='lat' dir='ltr'>quia</span> <span class='ocrx_word' id='word_1_176' title='bbox 1026 1748 1322 1811; x_wconf 89' lang='lat' dir='ltr'>monachi</span> <span class='ocrx_word' id='word_1_177' title='bbox 1352 1749 1679 1813; x_wconf 91' lang='lat' dir='ltr'>muliebria</span> <span class='ocrx_word' id='word_1_178' title='bbox 1710 1769 1839 1814; x_wconf 88' lang='lat' dir='ltr'>non</span> <span class='ocrx_word' id='word_1_179' title='bbox 1870 1807 1914 1862; x_wconf 75' lang='grc' dir='ltr'><strong>Β</strong></span> <span class='ocrx_word' id='word_1_180' title='bbox 1947 1773 2110 1835; x_wconf 90' lang='lat' dir='ltr'>quae</span> <span class='ocrx_word' id='word_1_181' title='bbox 2161 1756 2353 1818; x_wconf 90' lang='lat' dir='ltr'>latine</span> <span class='ocrx_word' id='word_1_182' title='bbox 2400 1755 2470 1817; x_wconf 91' lang='lat' dir='ltr'>in</span> <span class='ocrx_word' id='word_1_183' title='bbox 2505 1755 2667 1817; x_wconf 92' lang='lat' dir='ltr'>libro</span> <span class='ocrx_word' id='word_1_184' title='bbox 2719 1754 2999 1817; x_wconf 89' lang='lat' dir='ltr'>secundo</span> <span class='ocrx_word' id='word_1_185' title='bbox 3042 1760 3259 1829; x_wconf 84' lang='lat' dir='ltr'>exstat,</span> <span class='ocrx_word' id='word_1_186' title='bbox 3309 1773 3533 1833; x_wconf 83' lang='lat' dir='ltr'>graece</span> 
     </span>
    </p>
   </div>
   <div class='ocr_carea' id='block_1_26' title="bbox 249 1842 3531 1932">
    <p class='ocr_par' dir='ltr' id='par_1_26' title="bbox 249 1842 3531 1932">
     <span class='ocr_line' id='line_1_26' title="bbox 249 1842 3531 1932; baseline 0.004 -31"><span class='ocrx_word' id='word_1_187' title='bbox 249 1848 497 1915; x_wconf 88' lang='lat' dir='ltr'>curant,</span> <span class='ocrx_word' id='word_1_188' title='bbox 536 1859 695 1921; x_wconf 84' lang='lat' dir='ltr'>quae</span> <span class='ocrx_word' id='word_1_189' title='bbox 738 1842 1102 1906; x_wconf 88' lang='lat' dir='ltr'>Heraclides</span> <span class='ocrx_word' id='word_1_190' title='bbox 1132 1844 1211 1906; x_wconf 91' lang='lat' dir='ltr'>de</span> <span class='ocrx_word' id='word_1_191' title='bbox 1241 1844 1613 1915; x_wconf 87' lang='lat' dir='ltr'>mulieribus</span> <span class='ocrx_word' id='word_1_192' title='bbox 1651 1846 1841 1910; x_wconf 86' lang='lat' dir='ltr'>habe—</span> <span class='ocrx_word' id='word_1_193' title='bbox 1870 1842 1914 1862; x_wconf 79' lang='lat'><strong><em>&quot;</em></strong></span> <span class='ocrx_word' id='word_1_194' title='bbox 1943 1869 2201 1932; x_wconf 90' lang='lat' dir='ltr'>quoque</span> <span class='ocrx_word' id='word_1_195' title='bbox 2229 1858 2468 1914; x_wconf 90' lang='lat' dir='ltr'>servata</span> <span class='ocrx_word' id='word_1_196' title='bbox 2507 1858 2601 1914; x_wconf 93' lang='lat' dir='ltr'>est</span> <span class='ocrx_word' id='word_1_197' title='bbox 2628 1852 2793 1913; x_wconf 90' lang='lat' dir='ltr'>inter</span> <span class='ocrx_word' id='word_1_198' title='bbox 2826 1852 3132 1931; x_wconf 90' lang='lat' dir='ltr'>quaedam</span> <span class='ocrx_word' id='word_1_199' title='bbox 3183 1852 3531 1930; x_wconf 88' lang='lat' dir='ltr'>fragmenta</span> 
     </span>
    </p>
   </div>
   <div class='ocr_carea' id='block_1_27' title="bbox 249 1936 3527 2021">
    <p class='ocr_par' dir='ltr' id='par_1_27' title="bbox 249 1936 3527 2021">
     <span class='ocr_line' id='line_1_27' title="bbox 249 1936 3527 2021; baseline 0.005 -25"><span class='ocrx_word' id='word_1_200' title='bbox 249 1936 383 2010; x_wconf 88' lang='lat' dir='ltr'>bat,</span> <span class='ocrx_word' id='word_1_201' title='bbox 417 1938 646 1999; x_wconf 91' lang='lat' dir='ltr'>omisit.</span> <span class='ocrx_word' id='word_1_202' title='bbox 686 1940 732 1999; x_wconf 92' lang='lat' dir='ltr'><strong>E</strong></span> <span class='ocrx_word' id='word_1_203' title='bbox 779 1940 1039 2002; x_wconf 89' lang='lat' dir='ltr'>senibus</span> <span class='ocrx_word' id='word_1_204' title='bbox 1072 1942 1415 2021; x_wconf 89' lang='lat' dir='ltr'>praecipue</span> <span class='ocrx_word' id='word_1_205' title='bbox 1462 1943 1840 2021; x_wconf 90' lang='lat' dir='ltr'>Origenistas</span> <span class='ocrx_word' id='word_1_206' title='bbox 1940 1948 2300 2012; x_wconf 91' lang='lat' dir='ltr'>aCotelerio</span> <span class='ocrx_word' id='word_1_207' title='bbox 2323 1948 2486 2010; x_wconf 89' lang='lat' dir='ltr'>edita</span> <span class='ocrx_word' id='word_1_208' title='bbox 2513 1953 2575 2009; x_wconf 91' lang='lat' dir='ltr'>et</span> <span class='ocrx_word' id='word_1_209' title='bbox 2602 1947 2667 2009; x_wconf 90' lang='lat' dir='ltr'>in</span> <span class='ocrx_word' id='word_1_210' title='bbox 2699 1949 3047 2010; x_wconf 86' lang='lat' dir='ltr'>Meursiana</span> <span class='ocrx_word' id='word_1_211' title='bbox 3065 1949 3341 2011; x_wconf 91' lang='lat' dir='ltr'>editione</span> <span class='ocrx_word' id='word_1_212' title='bbox 3366 1952 3527 2012; x_wconf 85' lang='lat' dir='ltr'>Lau-</span> 
     </span>
    </p>
   </div>
   <div class='ocr_carea' id='block_1_28' title="bbox 248 2032 3528 2125">
    <p class='ocr_par' dir='ltr' id='par_1_28' title="bbox 248 2032 3528 2125">
     <span class='ocr_line' id='line_1_28' title="bbox 248 2032 3528 2125; baseline 0.004 -31"><span class='ocrx_word' id='word_1_213' title='bbox 248 2032 482 2109; x_wconf 90' lang='lat' dir='ltr'>attulit,</span> <span class='ocrx_word' id='word_1_214' title='bbox 522 2042 909 2115; x_wconf 81' lang='lat' dir='ltr'>quaprOpter</span> <span class='ocrx_word' id='word_1_215' title='bbox 943 2036 1011 2097; x_wconf 90' lang='lat' dir='ltr'>in</span> <span class='ocrx_word' id='word_1_216' title='bbox 1056 2038 1118 2097; x_wconf 92' lang='lat' dir='ltr'>S.</span> <span class='ocrx_word' id='word_1_217' title='bbox 1165 2038 1536 2119; x_wconf 84' lang='lat' dir='ltr'>Hieronymi</span> <span class='ocrx_word' id='word_1_218' title='bbox 1577 2056 1836 2103; x_wconf 89' lang='lat' dir='ltr'>accusa-</span> <span class='ocrx_word' id='word_1_219' title='bbox 1940 2044 2143 2107; x_wconf 89' lang='lat' dir='ltr'>siacae</span> <span class='ocrx_word' id='word_1_220' title='bbox 2170 2044 2278 2125; x_wconf 89' lang='lat'>(5).</span> <span class='ocrx_word' id='word_1_221' title='bbox 2310 2045 2512 2119; x_wconf 90' lang='lat' dir='ltr'>Unde,</span> <span class='ocrx_word' id='word_1_222' title='bbox 2553 2062 2697 2106; x_wconf 93' lang='lat' dir='ltr'>cum</span> <span class='ocrx_word' id='word_1_223' title='bbox 2737 2050 2799 2106; x_wconf 92' lang='lat' dir='ltr'>et</span> <span class='ocrx_word' id='word_1_224' title='bbox 2839 2043 2957 2106; x_wconf 89' lang='lat' dir='ltr'>alia</span> <span class='ocrx_word' id='word_1_225' title='bbox 2989 2062 3209 2123; x_wconf 87' lang='lat' dir='ltr'>graeca</span> <span class='ocrx_word' id='word_1_226' title='bbox 3239 2044 3379 2107; x_wconf 88' lang='lat' dir='ltr'>libri</span> <span class='ocrx_word' id='word_1_227' title='bbox 3423 2064 3528 2108; x_wconf 89' lang='lat' dir='ltr'>se-</span> 
     </span>
    </p>
   </div>
   <div class='ocr_carea' id='block_1_29' title="bbox 246 2129 1838 2217">
    <p class='ocr_par' dir='ltr' id='par_1_29' title="bbox 246 2129 1838 2217">
     <span class='ocr_line' id='line_1_29' title="bbox 246 2129 1838 2217; baseline 0.006 -27"><span class='ocrx_word' id='word_1_228' title='bbox 246 2129 491 2191; x_wconf 90' lang='lat' dir='ltr'>tionem</span> <span class='ocrx_word' id='word_1_229' title='bbox 542 2131 828 2207; x_wconf 90' lang='lat' dir='ltr'>incurrit,</span> <span class='ocrx_word' id='word_1_230' title='bbox 862 2132 974 2212; x_wconf 89' lang='lat' dir='ltr'>qui</span> <span class='ocrx_word' id='word_1_231' title='bbox 1028 2132 1352 2210; x_wconf 91' lang='lat' dir='ltr'>Ruﬁnum,</span> <span class='ocrx_word' id='word_1_232' title='bbox 1405 2153 1602 2215; x_wconf 92' lang='lat' dir='ltr'>quum</span> <span class='ocrx_word' id='word_1_233' title='bbox 1657 2137 1838 2217; x_wconf 90' lang='lat' dir='ltr'>quasi</span> 
     </span>
    </p>
   </div>
   <div class='ocr_carea' id='block_1_30' title="bbox 250 2230 1835 2311">
    <p class='ocr_par' dir='ltr' id='par_1_30' title="bbox 250 2230 1835 2311">
     <span class='ocr_line' id='line_1_30' title="bbox 250 2230 1835 2311; baseline 0.006 -21"><span class='ocrx_word' id='word_1_234' title='bbox 250 2247 452 2292; x_wconf 88' lang='lat' dir='ltr'>novus</span> <span class='ocrx_word' id='word_1_235' title='bbox 487 2230 647 2293; x_wconf 91' lang='lat' dir='ltr'>liber</span> <span class='ocrx_word' id='word_1_236' title='bbox 673 2231 755 2293; x_wconf 91' lang='lat' dir='ltr'>ita</span> <span class='ocrx_word' id='word_1_237' title='bbox 782 2232 1087 2311; x_wconf 88' lang='lat' dir='ltr'>prodiret,</span> <span class='ocrx_word' id='word_1_238' title='bbox 1109 2240 1433 2296; x_wconf 90' lang='lat' dir='ltr'>auctorem</span> <span class='ocrx_word' id='word_1_239' title='bbox 1464 2233 1672 2297; x_wconf 91' lang='lat' dir='ltr'>dicere</span> <span class='ocrx_word' id='word_1_240' title='bbox 1698 2236 1835 2299; x_wconf 88' lang='lat' dir='ltr'>iure</span> 
     </span>
    </p>
   </div>
   <div class='ocr_carea' id='block_1_31' title="bbox 250 2328 1838 2414">
    <p class='ocr_par' dir='ltr' id='par_1_31' title="bbox 250 2328 1838 2414">
     <span class='ocr_line' id='line_1_31' title="bbox 250 2328 1838 2414; baseline 0.003 -23"><span class='ocrx_word' id='word_1_241' title='bbox 250 2328 463 2410; x_wconf 80' lang='lat' dir='ltr'>aliquo</span> <span class='ocrx_word' id='word_1_242' title='bbox 494 2331 717 2410; x_wconf 90' lang='lat' dir='ltr'>potuit.</span> <span class='ocrx_word' id='word_1_243' title='bbox 741 2333 870 2394; x_wconf 90' lang='lat' dir='ltr'>Nec</span> <span class='ocrx_word' id='word_1_244' title='bbox 892 2348 1023 2394; x_wconf 90' lang='lat' dir='ltr'>non</span> <span class='ocrx_word' id='word_1_245' title='bbox 1045 2331 1399 2394; x_wconf 87' lang='lat' dir='ltr'>istiusmodi</span> <span class='ocrx_word' id='word_1_246' title='bbox 1430 2334 1838 2414; x_wconf 87' lang='lat' dir='ltr'>compositio-</span> 
     </span>
    </p>
   </div>
   <div class='ocr_carea' id='block_1_32' title="bbox 254 2431 1835 2517">
    <p class='ocr_par' dir='ltr' id='par_1_32' title="bbox 254 2431 1835 2517">
     <span class='ocr_line' id='line_1_32' title="bbox 254 2431 1835 2517; baseline 0.003 -22"><span class='ocrx_word' id='word_1_247' title='bbox 254 2432 354 2495; x_wconf 86' lang='lat' dir='ltr'>nis</span> <span class='ocrx_word' id='word_1_248' title='bbox 396 2432 649 2511; x_wconf 81' lang='lat' dir='ltr'>vestigia</span> <span class='ocrx_word' id='word_1_249' title='bbox 684 2431 846 2493; x_wconf 90' lang='lat' dir='ltr'>liber</span> <span class='ocrx_word' id='word_1_250' title='bbox 884 2432 1200 2495; x_wconf 89' lang='lat' dir='ltr'>secundus</span> <span class='ocrx_word' id='word_1_251' title='bbox 1244 2431 1636 2513; x_wconf 91' lang='lat' dir='ltr'>aliquantum</span> <span class='ocrx_word' id='word_1_252' title='bbox 1681 2452 1835 2517; x_wconf 88' lang='lat' dir='ltr'>prae</span> 
     </span>
    </p>
   </div>
   <div class='ocr_carea' id='block_1_33' title="bbox 247 2533 814 2596">
    <p class='ocr_par' dir='ltr' id='par_1_33' title="bbox 247 2533 814 2596">
     <span class='ocr_line' id='line_1_33' title="bbox 247 2533 814 2596; baseline 0 0"><span class='ocrx_word' id='word_1_253' title='bbox 247 2552 318 2596; x_wconf 88' lang='lat' dir='ltr'>se</span> <span class='ocrx_word' id='word_1_254' title='bbox 349 2534 515 2596; x_wconf 84' lang='lat' dir='ltr'>ferre</span> <span class='ocrx_word' id='word_1_255' title='bbox 546 2533 814 2596; x_wconf 83' lang='lat' dir='ltr'>videtur.</span> 
     </span>
    </p>
   </div>
   <div class='ocr_carea' id='block_1_34' title="bbox 325 2633 1831 2715">
    <p class='ocr_par' dir='ltr' id='par_1_34' title="bbox 325 2633 1831 2715">
     <span class='ocr_line' id='line_1_34' title="bbox 325 2633 1831 2715; baseline 0.004 -18"><span class='ocrx_word' id='word_1_256' title='bbox 325 2638 453 2698; x_wconf 90' lang='lat' dir='ltr'>Isto</span> <span class='ocrx_word' id='word_1_257' title='bbox 484 2636 674 2715; x_wconf 89' lang='lat' dir='ltr'>igitur</span> <span class='ocrx_word' id='word_1_258' title='bbox 702 2635 893 2698; x_wconf 92' lang='lat' dir='ltr'>modo</span> <span class='ocrx_word' id='word_1_259' title='bbox 928 2633 1321 2699; x_wconf 78' lang='lat' dir='ltr'>difficultates</span> <span class='ocrx_word' id='word_1_260' title='bbox 1347 2635 1532 2701; x_wconf 86' lang='lat' dir='ltr'>facile</span> <span class='ocrx_word' id='word_1_261' title='bbox 1570 2638 1831 2703; x_wconf 89' lang='lat' dir='ltr'>solvun-</span> 
     </span>
    </p>
   </div>
   <div class='ocr_carea' id='block_1_35' title="bbox 244 2735 1834 2816">
    <p class='ocr_par' dir='ltr' id='par_1_35' title="bbox 244 2735 1834 2816">
     <span class='ocr_line' id='line_1_35' title="bbox 244 2735 1834 2816; baseline 0.002 -17"><span class='ocrx_word' id='word_1_262' title='bbox 244 2742 368 2799; x_wconf 90' lang='lat' dir='ltr'>tur.</span> <span class='ocrx_word' id='word_1_263' title='bbox 403 2736 526 2799; x_wconf 88' lang='lat' dir='ltr'>Sed</span> <span class='ocrx_word' id='word_1_264' title='bbox 554 2736 608 2797; x_wconf 93' lang='lat' dir='ltr'>si</span> <span class='ocrx_word' id='word_1_265' title='bbox 646 2736 753 2798; x_wconf 91' lang='lat' dir='ltr'>illa</span> <span class='ocrx_word' id='word_1_266' title='bbox 782 2735 1095 2816; x_wconf 75' lang='lat' dir='ltr'>posueris,</span> <span class='ocrx_word' id='word_1_267' title='bbox 1120 2736 1334 2798; x_wconf 85' lang='lat' dir='ltr'>Rufini</span> <span class='ocrx_word' id='word_1_268' title='bbox 1360 2736 1592 2799; x_wconf 93' lang='lat' dir='ltr'>librum</span> <span class='ocrx_word' id='word_1_269' title='bbox 1619 2745 1690 2800; x_wconf 91' lang='lat' dir='ltr'>ut</span> <span class='ocrx_word' id='word_1_270' title='bbox 1721 2757 1834 2802; x_wconf 92' lang='lat' dir='ltr'>ore</span> 
     </span>
    </p>
   </div>
   <div class='ocr_carea' id='block_1_36' title="bbox 238 2837 1833 2916">
    <p class='ocr_par' dir='ltr' id='par_1_36' title="bbox 238 2837 1833 2916">
     <span class='ocr_line' id='line_1_36' title="bbox 238 2837 1833 2916; baseline 0.002 -17"><span class='ocrx_word' id='word_1_271' title='bbox 238 2838 441 2901; x_wconf 88' lang='lat' dir='ltr'>latino</span> <span class='ocrx_word' id='word_1_272' title='bbox 493 2838 578 2900; x_wconf 91' lang='lat' dir='ltr'>ita</span> <span class='ocrx_word' id='word_1_273' title='bbox 620 2842 682 2899; x_wconf 90' lang='lat' dir='ltr'>et</span> <span class='ocrx_word' id='word_1_274' title='bbox 726 2854 951 2916; x_wconf 87' lang='lat' dir='ltr'>graeco</span> <span class='ocrx_word' id='word_1_275' title='bbox 992 2837 1302 2900; x_wconf 78' lang='lat' dir='ltr'>exstitisse</span> <span class='ocrx_word' id='word_1_276' title='bbox 1350 2844 1603 2901; x_wconf 91' lang='lat' dir='ltr'>statues.</span> <span class='ocrx_word' id='word_1_277' title='bbox 1653 2841 1833 2913; x_wconf 89' lang='lat' dir='ltr'>Quod</span> 
     </span>
    </p>
   </div>
   <div class='ocr_carea' id='block_1_37' title="bbox 236 2937 1833 3017">
    <p class='ocr_par' dir='ltr' id='par_1_37' title="bbox 236 2937 1833 3017">
     <span class='ocr_line' id='line_1_37' title="bbox 236 2937 1833 3017; baseline -0.001 -13"><span class='ocrx_word' id='word_1_278' title='bbox 236 2958 394 3004; x_wconf 90' lang='lat' dir='ltr'>cum</span> <span class='ocrx_word' id='word_1_279' title='bbox 422 2939 769 3017; x_wconf 87' lang='lat' dir='ltr'>fragmenta</span> <span class='ocrx_word' id='word_1_280' title='bbox 798 2937 1089 2999; x_wconf 90' lang='lat' dir='ltr'>Cotelerii</span> <span class='ocrx_word' id='word_1_281' title='bbox 1126 2937 1471 3017; x_wconf 90' lang='lat' dir='ltr'>postulant,</span> <span class='ocrx_word' id='word_1_282' title='bbox 1509 2944 1644 3001; x_wconf 90' lang='lat' dir='ltr'>tum</span> <span class='ocrx_word' id='word_1_283' title='bbox 1687 2938 1833 3002; x_wconf 88' lang='lat' dir='ltr'>libri</span> 
     </span>
    </p>
   </div>
   <div class='ocr_carea' id='block_1_38' title="bbox 1939 2145 3531 2225">
    <p class='ocr_par' dir='ltr' id='par_1_38' title="bbox 1939 2145 3531 2225">
     <span class='ocr_line' id='line_1_38' title="bbox 1939 2145 3531 2225; baseline 0.001 -17"><span class='ocrx_word' id='word_1_284' title='bbox 1939 2146 2124 2211; x_wconf 87' lang='lat' dir='ltr'>eundi</span> <span class='ocrx_word' id='word_1_285' title='bbox 2158 2145 2500 2225; x_wconf 87' lang='lat' dir='ltr'>fragmenta</span> <span class='ocrx_word' id='word_1_286' title='bbox 2526 2146 2945 2220; x_wconf 90' lang='lat' dir='ltr'>inveniantur,</span> <span class='ocrx_word' id='word_1_287' title='bbox 2973 2162 3119 2207; x_wconf 90' lang='lat' dir='ltr'>eum</span> <span class='ocrx_word' id='word_1_288' title='bbox 3142 2146 3369 2209; x_wconf 90' lang='lat' dir='ltr'>librum</span> <span class='ocrx_word' id='word_1_289' title='bbox 3400 2149 3531 2210; x_wconf 86' lang='lat' dir='ltr'>exi-</span> 
     </span>
    </p>
   </div>
   <div class='ocr_carea' id='block_1_39' title="bbox 1937 2243 3527 2323">
    <p class='ocr_par' dir='ltr' id='par_1_39' title="bbox 1937 2243 3527 2323">
     <span class='ocr_line' id='line_1_39' title="bbox 1937 2243 3527 2323; baseline 0.003 -19"><span class='ocrx_word' id='word_1_290' title='bbox 1937 2243 2215 2307; x_wconf 91' lang='lat' dir='ltr'>stimabis</span> <span class='ocrx_word' id='word_1_291' title='bbox 2253 2251 2315 2307; x_wconf 92' lang='lat' dir='ltr'>et</span> <span class='ocrx_word' id='word_1_292' title='bbox 2350 2244 2538 2306; x_wconf 89' lang='lat' dir='ltr'>latine</span> <span class='ocrx_word' id='word_1_293' title='bbox 2570 2250 2631 2305; x_wconf 89' lang='lat' dir='ltr'>et</span> <span class='ocrx_word' id='word_1_294' title='bbox 2661 2261 2884 2323; x_wconf 86' lang='lat' dir='ltr'>graece</span> <span class='ocrx_word' id='word_1_295' title='bbox 2927 2244 3257 2319; x_wconf 83' lang='lat' dir='ltr'>exstitisse,</span> <span class='ocrx_word' id='word_1_296' title='bbox 3282 2244 3354 2306; x_wconf 82' lang='lat' dir='ltr'>&#39;ut</span> <span class='ocrx_word' id='word_1_297' title='bbox 3382 2246 3527 2309; x_wconf 87' lang='lat' dir='ltr'>usui</span> 
     </span>
    </p>
   </div>
   <div class='ocr_carea' id='block_1_40' title="bbox 1936 2340 3525 2419">
    <p class='ocr_par' dir='ltr' id='par_1_40' title="bbox 1936 2340 3525 2419">
     <span class='ocr_line' id='line_1_40' title="bbox 1936 2340 3525 2419; baseline 0.004 -19"><span class='ocrx_word' id='word_1_298' title='bbox 1936 2357 2303 2419; x_wconf 85' lang='lat' dir='ltr'>graecorum</span> <span class='ocrx_word' id='word_1_299' title='bbox 2319 2358 2391 2403; x_wconf 88' lang='lat' dir='ltr'>ac</span> <span class='ocrx_word' id='word_1_300' title='bbox 2404 2341 2739 2402; x_wconf 76' lang='lat' dir='ltr'>latinorum</span> <span class='ocrx_word' id='word_1_301' title='bbox 2754 2340 3208 2403; x_wconf 89' lang='lat' dir='ltr'>monachorum</span> <span class='ocrx_word' id='word_1_302' title='bbox 3222 2342 3525 2406; x_wconf 87' lang='lat' dir='ltr'>inservire</span> 
     </span>
    </p>
   </div>
   <div class='ocr_carea' id='block_1_41' title="bbox 1934 2436 3527 2518">
    <p class='ocr_par' dir='ltr' id='par_1_41' title="bbox 1934 2436 3527 2518">
     <span class='ocr_line' id='line_1_41' title="bbox 1934 2436 3527 2518; baseline 0.001 -19"><span class='ocrx_word' id='word_1_303' title='bbox 1934 2445 2169 2518; x_wconf 91' lang='lat' dir='ltr'>posset.</span> <span class='ocrx_word' id='word_1_304' title='bbox 2186 2439 2429 2500; x_wconf 89' lang='lat' dir='ltr'>Nomen</span> <span class='ocrx_word' id='word_1_305' title='bbox 2448 2436 2724 2499; x_wconf 90' lang='lat' dir='ltr'>Paradisi</span> <span class='ocrx_word' id='word_1_306' title='bbox 2753 2454 2979 2515; x_wconf 88' lang='lat' dir='ltr'>graeco</span> <span class='ocrx_word' id='word_1_307' title='bbox 3011 2438 3353 2517; x_wconf 84' lang='lat' dir='ltr'>exemplari</span> <span class='ocrx_word' id='word_1_308' title='bbox 3370 2439 3527 2500; x_wconf 87' lang='lat' dir='ltr'>indi-</span> 
     </span>
    </p>
   </div>
   <div class='ocr_carea' id='block_1_42' title="bbox 1931 2532 3523 2613">
    <p class='ocr_par' dir='ltr' id='par_1_42' title="bbox 1931 2532 3523 2613">
     <span class='ocr_line' id='line_1_42' title="bbox 1931 2532 3523 2613; baseline -0.001 -16"><span class='ocrx_word' id='word_1_309' title='bbox 1931 2540 2067 2597; x_wconf 89' lang='lat' dir='ltr'>tum</span> <span class='ocrx_word' id='word_1_310' title='bbox 2118 2533 2268 2595; x_wconf 90' lang='lat' dir='ltr'>inde</span> <span class='ocrx_word' id='word_1_311' title='bbox 2316 2533 2684 2613; x_wconf 81' lang='lat' dir='ltr'>explicatur,</span> <span class='ocrx_word' id='word_1_312' title='bbox 2731 2532 2904 2612; x_wconf 91' lang='lat' dir='ltr'>quod</span> <span class='ocrx_word' id='word_1_313' title='bbox 2944 2533 3291 2595; x_wconf 89' lang='lat' dir='ltr'>Heraclidis</span> <span class='ocrx_word' id='word_1_314' title='bbox 3338 2534 3523 2610; x_wconf 88' lang='lat' dir='ltr'>liber,</span> 
     </span>
    </p>
   </div>
   <div class='ocr_carea' id='block_1_43' title="bbox 1933 2629 3361 2712">
    <p class='ocr_par' dir='ltr' id='par_1_43' title="bbox 1933 2629 3361 2712">
     <span class='ocr_line' id='line_1_43' title="bbox 1933 2629 3361 2712; baseline -0.003 -16"><span class='ocrx_word' id='word_1_315' title='bbox 1933 2632 2112 2696; x_wconf 90' lang='lat' dir='ltr'>cuius</span> <span class='ocrx_word' id='word_1_316' title='bbox 2142 2649 2287 2712; x_wconf 88' lang='lat' dir='ltr'>pars</span> <span class='ocrx_word' id='word_1_317' title='bbox 2317 2637 2470 2705; x_wconf 90' lang='lat' dir='ltr'>erat,</span> <span class='ocrx_word' id='word_1_318' title='bbox 2504 2629 2833 2691; x_wconf 89' lang='lat' dir='ltr'>Paradisus</span> <span class='ocrx_word' id='word_1_319' title='bbox 2860 2629 3203 2709; x_wconf 88' lang='lat' dir='ltr'>inscriptus</span> <span class='ocrx_word' id='word_1_320' title='bbox 3242 2630 3361 2692; x_wconf 85' lang='lat' dir='ltr'>fuit</span> 
     </span>
    </p>
   </div>
   <div class='ocr_carea' id='block_1_44' title="bbox 2009 2729 3524 2812">
    <p class='ocr_par' dir='ltr' id='par_1_44' title="bbox 2009 2729 3524 2812">
     <span class='ocr_line' id='line_1_44' title="bbox 2009 2729 3524 2812; baseline 0.001 -17"><span class='ocrx_word' id='word_1_321' title='bbox 2009 2737 2213 2812; x_wconf 85' lang='lat' dir='ltr'>Atque</span> <span class='ocrx_word' id='word_1_322' title='bbox 2228 2731 2385 2794; x_wconf 90' lang='lat' dir='ltr'>haec</span> <span class='ocrx_word' id='word_1_323' title='bbox 2406 2729 2778 2793; x_wconf 87' lang='lat' dir='ltr'>existimatio</span> <span class='ocrx_word' id='word_1_324' title='bbox 2805 2737 3040 2805; x_wconf 90' lang='lat' dir='ltr'>nostra,</span> <span class='ocrx_word' id='word_1_325' title='bbox 3054 2732 3524 2796; x_wconf 87' lang='lat' dir='ltr'>Rosweidianae</span> 
     </span>
    </p>
   </div>
   <div class='ocr_carea' id='block_1_45' title="bbox 1929 2830 3520 2898">
    <p class='ocr_par' dir='ltr' id='par_1_45' title="bbox 1929 2830 3520 2898">
     <span class='ocr_line' id='line_1_45' title="bbox 1929 2830 3520 2898; baseline -0.001 0"><span class='ocrx_word' id='word_1_326' title='bbox 1929 2836 2056 2898; x_wconf 85' lang='lat' dir='ltr'>VV.</span> <span class='ocrx_word' id='word_1_327' title='bbox 2090 2837 2208 2896; x_wconf 93' lang='lat' dir='ltr'>PP.</span> <span class='ocrx_word' id='word_1_328' title='bbox 2250 2831 2641 2897; x_wconf 88' lang='lat' dir='ltr'>collectionis</span> <span class='ocrx_word' id='word_1_329' title='bbox 2678 2830 2909 2892; x_wconf 88' lang='lat' dir='ltr'>librum</span> <span class='ocrx_word' id='word_1_330' title='bbox 2942 2832 3289 2893; x_wconf 86' lang='lat' dir='ltr'>secundum</span> <span class='ocrx_word' id='word_1_331' title='bbox 3332 2834 3520 2896; x_wconf 89' lang='lat' dir='ltr'>etiam</span> 
     </span>
    </p>
   </div>
   <div class='ocr_carea' id='block_1_46' title="bbox 1931 2930 3522 3017">
    <p class='ocr_par' dir='ltr' id='par_1_46' title="bbox 1931 2930 3522 3017">
     <span class='ocr_line' id='line_1_46' title="bbox 1931 2930 3522 3017; baseline -0.004 -16"><span class='ocrx_word' id='word_1_332' title='bbox 1931 2953 2155 3017; x_wconf 87' lang='lat' dir='ltr'>graece</span> <span class='ocrx_word' id='word_1_333' title='bbox 2180 2933 2511 3007; x_wconf 87' lang='lat' dir='ltr'>exstitisse,</span> <span class='ocrx_word' id='word_1_334' title='bbox 2537 2930 2829 2994; x_wconf 88' lang='lat' dir='ltr'>codicum</span> <span class='ocrx_word' id='word_1_335' title='bbox 2862 2931 2986 2993; x_wconf 89' lang='lat' dir='ltr'>ﬁde</span> <span class='ocrx_word' id='word_1_336' title='bbox 3017 2932 3265 3011; x_wconf 86' lang='lat' dir='ltr'>egregie</span> <span class='ocrx_word' id='word_1_337' title='bbox 3294 2934 3522 3013; x_wconf 89' lang='lat' dir='ltr'>proba-</span> 
     </span>
    </p>
   </div>
   <div class='ocr_carea' id='block_1_47' title="bbox 234 3033 3518 3119">
    <p class='ocr_par' dir='ltr' id='par_1_47' title="bbox 234 3033 3518 3119">
     <span class='ocr_line' id='line_1_47' title="bbox 234 3033 3518 3119; baseline -0.001 -20"><span class='ocrx_word' id='word_1_338' title='bbox 234 3038 509 3100; x_wconf 91' lang='lat' dir='ltr'>secundi</span> <span class='ocrx_word' id='word_1_339' title='bbox 556 3039 830 3101; x_wconf 84' lang='lat' dir='ltr'>narratio</span> <span class='ocrx_word' id='word_1_340' title='bbox 882 3037 963 3100; x_wconf 91' lang='lat' dir='ltr'>de</span> <span class='ocrx_word' id='word_1_341' title='bbox 1008 3039 1089 3099; x_wconf 92' lang='lat' dir='ltr'>Or</span> <span class='ocrx_word' id='word_1_342' title='bbox 1136 3038 1359 3100; x_wconf 92' lang='lat' dir='ltr'>abbate</span> <span class='ocrx_word' id='word_1_343' title='bbox 1414 3040 1830 3119; x_wconf 89' lang='lat' dir='ltr'>comprobare</span> <span class='ocrx_word' id='word_1_344' title='bbox 1929 3046 2052 3102; x_wconf 91' lang='lat' dir='ltr'>tur.</span> <span class='ocrx_word' id='word_1_345' title='bbox 2090 3040 2306 3118; x_wconf 89' lang='lat' dir='ltr'>Nuper</span> <span class='ocrx_word' id='word_1_346' title='bbox 2346 3036 2515 3098; x_wconf 91' lang='lat' dir='ltr'>enim</span> <span class='ocrx_word' id='word_1_347' title='bbox 2563 3033 3032 3118; x_wconf 85' lang='lat' dir='ltr'>Montefalconii</span> <span class='ocrx_word' id='word_1_348' title='bbox 3072 3034 3518 3097; x_wconf 85' lang='lat' dir='ltr'>bibliothecam</span> 
     </span>
    </p>
   </div>
   <div class='ocr_carea' id='block_1_48' title="bbox 233 3132 3517 3220">
    <p class='ocr_par' dir='ltr' id='par_1_48' title="bbox 233 3132 3517 3220">
     <span class='ocr_line' id='line_1_48' title="bbox 233 3132 3517 3220; baseline -0.002 -19"><span class='ocrx_word' id='word_1_349' title='bbox 233 3140 511 3203; x_wconf 85' lang='lat' dir='ltr'>videtur.</span> <span class='ocrx_word' id='word_1_350' title='bbox 571 3142 671 3203; x_wconf 91' lang='lat' dir='ltr'>Sic</span> <span class='ocrx_word' id='word_1_351' title='bbox 715 3141 882 3202; x_wconf 91' lang='lat' dir='ltr'>enim</span> <span class='ocrx_word' id='word_1_352' title='bbox 929 3138 1242 3201; x_wconf 90' lang='lat' dir='ltr'>Palladius</span> <span class='ocrx_word' id='word_1_353' title='bbox 1283 3139 1363 3201; x_wconf 89' lang='lat' dir='ltr'>de</span> <span class='ocrx_word' id='word_1_354' title='bbox 1414 3155 1490 3200; x_wconf 93' lang='lat' dir='ltr'>eo</span> <span class='ocrx_word' id='word_1_355' title='bbox 1528 3141 1778 3220; x_wconf 89' lang='lat' dir='ltr'>scripsit</span> <span class='ocrx_word' id='word_1_356' title='bbox 1811 3161 1823 3203; x_wconf 94' lang='lat'><strong>:</strong></span> <span class='ocrx_word' id='word_1_357' title='bbox 1855 3148 1898 3208; x_wconf 76' lang='grc' dir='ltr'>ο</span> <span class='ocrx_word' id='word_1_358' title='bbox 1931 3138 2369 3201; x_wconf 84' lang='lat' dir='ltr'>Coislinianam</span> <span class='ocrx_word' id='word_1_359' title='bbox 2402 3132 2950 3217; x_wconf 84' lang='lat' dir='ltr'>(Paris.1715fol.)</span> <span class='ocrx_word' id='word_1_360' title='bbox 2986 3134 3373 3215; x_wconf 87' lang='lat' dir='ltr'>evolvens,p.</span> <span class='ocrx_word' id='word_1_361' title='bbox 3406 3134 3517 3196; x_wconf 89' lang='lat'>138</span> 
     </span>
    </p>
   </div>
   <div class='ocr_carea' id='block_1_49' title="bbox 238 3235 3520 3321">
    <p class='ocr_par' dir='ltr' id='par_1_49' title="bbox 238 3235 3520 3321">
     <span class='ocr_line' id='line_1_49' title="bbox 238 3235 3520 3321; baseline -0.002 -16"><span class='ocrx_word' id='word_1_362' title='bbox 238 3267 265 3299; x_wconf 71' lang='grc' dir='ltr'>κ</span> <span class='ocrx_word' id='word_1_363' title='bbox 310 3247 541 3321; x_wconf 85' lang='lat' dir='ltr'>Magno</span> <span class='ocrx_word' id='word_1_364' title='bbox 584 3243 732 3306; x_wconf 90' lang='lat' dir='ltr'>huic</span> <span class='ocrx_word' id='word_1_365' title='bbox 778 3248 996 3304; x_wconf 90' lang='lat' dir='ltr'>sancto</span> <span class='ocrx_word' id='word_1_366' title='bbox 1043 3256 1159 3301; x_wconf 92' lang='lat' dir='ltr'>suo</span> <span class='ocrx_word' id='word_1_367' title='bbox 1202 3238 1565 3300; x_wconf 89' lang='lat' dir='ltr'>testimonio</span> <span class='ocrx_word' id='word_1_368' title='bbox 1612 3240 1830 3303; x_wconf 89' lang='lat' dir='ltr'>tribuit</span> <span class='ocrx_word' id='word_1_369' title='bbox 1932 3242 2208 3304; x_wconf 86' lang='lat' dir='ltr'>indicem</span> <span class='ocrx_word' id='word_1_370' title='bbox 2239 3237 2633 3302; x_wconf 73' lang='lat' dir='ltr'>offendilibri</span> <span class='ocrx_word' id='word_1_371' title='bbox 2656 3236 3009 3316; x_wconf 86' lang='lat' dir='ltr'>graeci,qui</span> <span class='ocrx_word' id='word_1_372' title='bbox 3026 3235 3245 3299; x_wconf 91' lang='lat' dir='ltr'>codice</span> <span class='ocrx_word' id='word_1_373' title='bbox 3272 3254 3520 3299; x_wconf 81' lang='lat' dir='ltr'>Lxxxnr</span> 
     </span>
    </p>
   </div>
   <div class='ocr_carea' id='block_1_50' title="bbox 226 3339 3519 3420">
    <p class='ocr_par' dir='ltr' id='par_1_50' title="bbox 226 3339 3519 3420">
     <span class='ocr_line' id='line_1_50' title="bbox 226 3339 3519 3420; baseline -0.004 -14"><span class='ocrx_word' id='word_1_374' title='bbox 226 3346 533 3406; x_wconf 81' lang='lat' dir='ltr'>virtutem</span> <span class='ocrx_word' id='word_1_375' title='bbox 552 3344 841 3405; x_wconf 86' lang='lat' dir='ltr'>universa</span> <span class='ocrx_word' id='word_1_376' title='bbox 862 3339 1599 3420; x_wconf 85' lang='lat' dir='ltr'>fraternitas,praecipue</span> <span class='ocrx_word' id='word_1_377' title='bbox 1619 3348 1826 3404; x_wconf 89' lang='lat' dir='ltr'>autem</span> <span class='ocrx_word' id='word_1_378' title='bbox 1935 3342 2171 3407; x_wconf 85' lang='lat' dir='ltr'>saeculi</span> <span class='ocrx_word' id='word_1_379' title='bbox 2223 3342 2471 3405; x_wconf 83' lang='lat' dir='ltr'>circiter</span> <span class='ocrx_word' id='word_1_380' title='bbox 2524 3359 2569 3403; x_wconf 73' lang='grc' dir='ltr'><strong>Χ</strong></span> <span class='ocrx_word' id='word_1_381' title='bbox 2623 3340 3003 3415; x_wconf 86' lang='lat' dir='ltr'>continetur,</span> <span class='ocrx_word' id='word_1_382' title='bbox 3052 3339 3338 3419; x_wconf 89' lang='lat' dir='ltr'>inscripti</span> <span class='ocrx_word' id='word_1_383' title='bbox 3377 3357 3393 3401; x_wconf 88' lang='lat'><strong>:</strong></span> <span class='ocrx_word' id='word_1_384' title='bbox 3430 3340 3519 3396; x_wconf 62' lang='grc' dir='ltr'>ἰει</span> 
     </span>
    </p>
   </div>
   <div class='ocr_carea' id='block_1_51' title="bbox 226 3439 1828 3523">
    <p class='ocr_par' dir='ltr' id='par_1_51' title="bbox 226 3439 1828 3520">
     <span class='ocr_line' id='line_1_51' title="bbox 226 3439 1828 3520; baseline -0.004 -12"><span class='ocrx_word' id='word_1_385' title='bbox 226 3445 465 3508; x_wconf 89' lang='lat' dir='ltr'>ancilla</span> <span class='ocrx_word' id='word_1_386' title='bbox 505 3445 611 3506; x_wconf 93' lang='lat' dir='ltr'>Dei</span> <span class='ocrx_word' id='word_1_387' title='bbox 646 3442 933 3515; x_wconf 87' lang='lat' dir='ltr'>Melania,</span> <span class='ocrx_word' id='word_1_388' title='bbox 959 3457 1121 3520; x_wconf 89' lang='lat' dir='ltr'>quae</span> <span class='ocrx_word' id='word_1_389' title='bbox 1171 3439 1340 3501; x_wconf 91' lang='lat' dir='ltr'>hunc</span> <span class='ocrx_word' id='word_1_390' title='bbox 1373 3446 1655 3501; x_wconf 88' lang='lat' dir='ltr'>montem</span> <span class='ocrx_word' id='word_1_391' title='bbox 1684 3448 1828 3503; x_wconf 92' lang='lat' dir='ltr'>ante</span> 
     </span>
    </p>
   </div>
   <div class='ocr_carea' id='block_1_52' title="bbox 1937 3439 3514 3523">
    <p class='ocr_par' dir='ltr' id='par_1_52' title="bbox 1937 3447 3514 3523">
     <span class='ocr_line' id='line_1_52' title="bbox 1937 3447 3514 3523; baseline -0.003 -16"><span class='ocrx_word' id='word_1_392' title='bbox 1937 3453 2208 3523; x_wconf 79' lang='grc' dir='ltr'>ρωνύμου</span> <span class='ocrx_word' id='word_1_393' title='bbox 2248 3452 2287 3519; x_wconf 76' lang='grc' dir='ltr'>ἡ</span> <span class='ocrx_word' id='word_1_394' title='bbox 2326 3449 2778 3521; x_wconf 74' lang='grc' dir='ltr'>κατἈΖγυπτον</span> <span class='ocrx_word' id='word_1_395' title='bbox 2812 3448 2931 3503; x_wconf 79' lang='grc' dir='ltr'>τῶν</span> <span class='ocrx_word' id='word_1_396' title='bbox 2952 3447 3238 3519; x_wconf 68' lang='grc' dir='ltr'>μοναχῶν</span> <span class='ocrx_word' id='word_1_397' title='bbox 3260 3450 3514 3519; x_wconf 75' lang='grc' dir='ltr'>ἱστορία,</span> 
     </span>
    </p>
   </div>
   <div class='ocr_carea' id='block_1_53' title="bbox 224 3539 3516 3625">
    <p class='ocr_par' dir='ltr' id='par_1_53' title="bbox 224 3539 3516 3625">
     <span class='ocr_line' id='line_1_53' title="bbox 224 3539 3516 3625; baseline 0 -17"><span class='ocrx_word' id='word_1_398' title='bbox 224 3564 337 3608; x_wconf 88' lang='lat' dir='ltr'>me</span> <span class='ocrx_word' id='word_1_399' title='bbox 384 3552 480 3607; x_wconf 91' lang='lat' dir='ltr'>est</span> <span class='ocrx_word' id='word_1_400' title='bbox 514 3546 816 3624; x_wconf 87' lang='lat' dir='ltr'>ingressa.</span> <span class='ocrx_word' id='word_1_401' title='bbox 865 3543 997 3619; x_wconf 88' lang='lat' dir='ltr'>Ego</span> <span class='ocrx_word' id='word_1_402' title='bbox 1036 3540 1204 3603; x_wconf 93' lang='lat' dir='ltr'>enim</span> <span class='ocrx_word' id='word_1_403' title='bbox 1234 3556 1381 3601; x_wconf 87' lang='lat' dir='ltr'>eum</span> <span class='ocrx_word' id='word_1_404' title='bbox 1422 3556 1555 3601; x_wconf 90' lang='lat' dir='ltr'>non</span> <span class='ocrx_word' id='word_1_405' title='bbox 1592 3539 1829 3603; x_wconf 75' lang='lat' dir='ltr'>offendi</span> <span class='ocrx_word' id='word_1_406' title='bbox 1935 3547 2116 3608; x_wconf 91' lang='lat' dir='ltr'>cuius</span> <span class='ocrx_word' id='word_1_407' title='bbox 2159 3545 2363 3625; x_wconf 88' lang='lat' dir='ltr'>capita</span> <span class='ocrx_word' id='word_1_408' title='bbox 2397 3561 2542 3607; x_wconf 91' lang='lat' dir='ltr'>cum</span> <span class='ocrx_word' id='word_1_409' title='bbox 2588 3543 2746 3606; x_wconf 90' lang='lat' dir='ltr'>libro</span> <span class='ocrx_word' id='word_1_410' title='bbox 2799 3544 3080 3606; x_wconf 90' lang='lat' dir='ltr'>secundo</span> <span class='ocrx_word' id='word_1_411' title='bbox 3126 3544 3386 3607; x_wconf 89' lang='lat' dir='ltr'>omnino</span> <span class='ocrx_word' id='word_1_412' title='bbox 3430 3546 3516 3610; x_wconf 87' lang='lat' dir='ltr'>ita</span> 
     </span>
    </p>
   </div>
   <div class='ocr_carea' id='block_1_54' title="bbox 220 3640 3516 3727">
    <p class='ocr_par' dir='ltr' id='par_1_54' title="bbox 220 3640 3516 3727">
     <span class='ocr_line' id='line_1_54' title="bbox 220 3640 3516 3727; baseline 0 -19"><span class='ocrx_word' id='word_1_413' title='bbox 220 3648 446 3709; x_wconf 85' lang='lat' dir='ltr'>vivum</span> <span class='ocrx_word' id='word_1_414' title='bbox 481 3646 584 3727; x_wconf 87' lang='lat'>(3).</span> <span class='ocrx_word' id='word_1_415' title='bbox 630 3670 658 3701; x_wconf 84' lang='grc'><strong>››</strong></span> <span class='ocrx_word' id='word_1_416' title='bbox 692 3647 857 3722; x_wconf 89' lang='lat' dir='ltr'>Ergo</span> <span class='ocrx_word' id='word_1_417' title='bbox 901 3644 982 3703; x_wconf 90' lang='lat' dir='ltr'>Or</span> <span class='ocrx_word' id='word_1_418' title='bbox 1013 3642 1205 3704; x_wconf 88' lang='lat' dir='ltr'>abbas</span> <span class='ocrx_word' id='word_1_419' title='bbox 1232 3645 1516 3702; x_wconf 86' lang='lat' dir='ltr'>mortuus</span> <span class='ocrx_word' id='word_1_420' title='bbox 1556 3640 1696 3716; x_wconf 86' lang='lat' dir='ltr'>fuit,</span> <span class='ocrx_word' id='word_1_421' title='bbox 1720 3659 1828 3703; x_wconf 75' lang='grc' dir='ltr'>δη·</span> <span class='ocrx_word' id='word_1_422' title='bbox 1933 3647 2305 3721; x_wconf 89' lang='lat' dir='ltr'>concinunt,</span> <span class='ocrx_word' id='word_1_423' title='bbox 2354 3651 2424 3707; x_wconf 89' lang='lat' dir='ltr'>ut</span> <span class='ocrx_word' id='word_1_424' title='bbox 2480 3645 2686 3707; x_wconf 88' lang='lat' dir='ltr'>omnis</span> <span class='ocrx_word' id='word_1_425' title='bbox 2745 3644 3051 3707; x_wconf 86' lang='lat' dir='ltr'>dubitatio</span> <span class='ocrx_word' id='word_1_426' title='bbox 3114 3645 3385 3708; x_wconf 87' lang='lat' dir='ltr'>tollatur.</span> <span class='ocrx_word' id='word_1_427' title='bbox 3444 3646 3516 3708; x_wconf 85' lang='lat' dir='ltr'><strong>Id</strong></span> 
     </span>
    </p>
   </div>
   <div class='ocr_carea' id='block_1_55' title="bbox 217 3742 3510 3830">
    <p class='ocr_par' dir='ltr' id='par_1_55' title="bbox 217 3742 3510 3830">
     <span class='ocr_line' id='line_1_55' title="bbox 217 3742 3510 3830; baseline -0.001 -18"><span class='ocrx_word' id='word_1_428' title='bbox 217 3754 493 3830; x_wconf 87' lang='lat' dir='ltr'>tequam</span> <span class='ocrx_word' id='word_1_429' title='bbox 522 3746 831 3809; x_wconf 89' lang='lat' dir='ltr'>Palladius</span> <span class='ocrx_word' id='word_1_430' title='bbox 854 3761 1038 3807; x_wconf 92' lang='lat' dir='ltr'>senes</span> <span class='ocrx_word' id='word_1_431' title='bbox 1055 3743 1393 3806; x_wconf 89' lang='lat' dir='ltr'>Thebaidis</span> <span class='ocrx_word' id='word_1_432' title='bbox 1425 3742 1601 3805; x_wconf 91' lang='lat' dir='ltr'>adiit.</span> <span class='ocrx_word' id='word_1_433' title='bbox 1634 3744 1819 3807; x_wconf 83' lang='lat' dir='ltr'>Liber</span> <span class='ocrx_word' id='word_1_434' title='bbox 1925 3747 2100 3828; x_wconf 89' lang='lat' dir='ltr'>quod</span> <span class='ocrx_word' id='word_1_435' title='bbox 2147 3747 2238 3821; x_wconf 92' lang='lat' dir='ltr'>ei,</span> <span class='ocrx_word' id='word_1_436' title='bbox 2286 3746 2395 3826; x_wconf 89' lang='lat' dir='ltr'>qui</span> <span class='ocrx_word' id='word_1_437' title='bbox 2445 3763 2580 3807; x_wconf 91' lang='lat' dir='ltr'>rem</span> <span class='ocrx_word' id='word_1_438' title='bbox 2634 3746 2984 3807; x_wconf 87' lang='lat' dir='ltr'>accuratius</span> <span class='ocrx_word' id='word_1_439' title='bbox 3030 3746 3510 3823; x_wconf 87' lang='lat' dir='ltr'>examinaverit,</span> 
     </span>
    </p>
   </div>
   <div class='ocr_carea' id='block_1_56' title="bbox 218 3844 3513 3932">
    <p class='ocr_par' dir='ltr' id='par_1_56' title="bbox 218 3844 3513 3932">
     <span class='ocr_line' id='line_1_56' title="bbox 218 3844 3513 3932; baseline 0.001 -21"><span class='ocrx_word' id='word_1_440' title='bbox 218 3868 384 3914; x_wconf 78' lang='lat' dir='ltr'>vero</span> <span class='ocrx_word' id='word_1_441' title='bbox 414 3848 731 3912; x_wconf 90' lang='lat' dir='ltr'>secundus</span> <span class='ocrx_word' id='word_1_442' title='bbox 786 3846 977 3924; x_wconf 89' lang='lat' dir='ltr'>longa</span> <span class='ocrx_word' id='word_1_443' title='bbox 1020 3846 1216 3907; x_wconf 88' lang='lat' dir='ltr'>utitur</span> <span class='ocrx_word' id='word_1_444' title='bbox 1244 3844 1629 3918; x_wconf 90' lang='lat' dir='ltr'>narratione,</span> <span class='ocrx_word' id='word_1_445' title='bbox 1651 3861 1818 3924; x_wconf 86' lang='lat' dir='ltr'>quae</span> <span class='ocrx_word' id='word_1_446' title='bbox 1922 3851 2113 3932; x_wconf 88' lang='lat' dir='ltr'>plane</span> <span class='ocrx_word' id='word_1_447' title='bbox 2132 3848 2458 3930; x_wconf 88' lang='lat' dir='ltr'>apparebit</span> <span class='ocrx_word' id='word_1_448' title='bbox 2476 3848 3064 3928; x_wconf 76' lang='lat' dir='ltr'>(6).S.Hieronymo</span> <span class='ocrx_word' id='word_1_449' title='bbox 3086 3848 3254 3910; x_wconf 91' lang='lat' dir='ltr'>hunc</span> <span class='ocrx_word' id='word_1_450' title='bbox 3282 3849 3513 3913; x_wconf 89' lang='lat' dir='ltr'>librum</span> 
     </span>
    </p>
   </div>
   <div class='ocr_carea' id='block_1_57' title="bbox 216 3942 3442 4031">
    <p class='ocr_par' dir='ltr' id='par_1_57' title="bbox 216 3942 3442 4031">
     <span class='ocr_line' id='line_1_57' title="bbox 216 3942 3442 4031; baseline -0.001 -18"><span class='ocrx_word' id='word_1_451' title='bbox 216 3948 460 4029; x_wconf 85' lang='lat' dir='ltr'>mcipit</span> <span class='ocrx_word' id='word_1_452' title='bbox 490 3966 505 4009; x_wconf 92' lang='lat'><strong>:</strong></span> <span class='ocrx_word' id='word_1_453' title='bbox 543 3972 571 4005; x_wconf 77' lang='grc' dir='ltr'><strong>α</strong></span> <span class='ocrx_word' id='word_1_454' title='bbox 603 3946 887 4009; x_wconf 68' lang='lat' dir='ltr'>Vidimus</span> <span class='ocrx_word' id='word_1_455' title='bbox 923 3950 983 4006; x_wconf 91' lang='lat' dir='ltr'>et</span> <span class='ocrx_word' id='word_1_456' title='bbox 1009 3944 1202 4006; x_wconf 89' lang='lat' dir='ltr'>alium</span> <span class='ocrx_word' id='word_1_457' title='bbox 1238 3943 1407 4023; x_wconf 89' lang='lat' dir='ltr'>apud</span> <span class='ocrx_word' id='word_1_458' title='bbox 1435 3942 1820 4005; x_wconf 86' lang='lat' dir='ltr'>Thebaidem</span> <span class='ocrx_word' id='word_1_459' title='bbox 1921 3951 2079 4015; x_wconf 81' lang='lat' dir='ltr'>falso</span> <span class='ocrx_word' id='word_1_460' title='bbox 2109 3951 2383 4026; x_wconf 77' lang='lat' dir='ltr'>attribui,</span> <span class='ocrx_word' id='word_1_461' title='bbox 2406 3967 2538 4013; x_wconf 90' lang='lat' dir='ltr'>non</span> <span class='ocrx_word' id='word_1_462' title='bbox 2567 3956 2661 4012; x_wconf 92' lang='lat' dir='ltr'>est</span> <span class='ocrx_word' id='word_1_463' title='bbox 2691 3949 2862 4031; x_wconf 86' lang='lat' dir='ltr'>quod</span> <span class='ocrx_word' id='word_1_464' title='bbox 2893 3949 3179 4030; x_wconf 89' lang='lat' dir='ltr'>pluribus</span> <span class='ocrx_word' id='word_1_465' title='bbox 3209 3949 3442 4014; x_wconf 88' lang='lat' dir='ltr'>dicam.</span> 
     </span>
    </p>
   </div>
   <div class='ocr_carea' id='block_1_58' title="bbox 1992 4087 3511 4160">
    <p class='ocr_par' dir='ltr' id='par_1_58' title="bbox 1992 4087 3511 4160">
     <span class='ocr_line' id='line_1_58' title="bbox 1992 4087 3511 4160; baseline 0.002 -16"><span class='ocrx_word' id='word_1_466' title='bbox 1992 4090 2073 4160; x_wconf 74' lang='lat'>(2)</span> <span class='ocrx_word' id='word_1_467' title='bbox 2112 4088 2255 4146; x_wconf 86' lang='lat' dir='ltr'>Hist.</span> <span class='ocrx_word' id='word_1_468' title='bbox 2286 4087 2452 4144; x_wconf 89' lang='lat' dir='ltr'>Laus.</span> <span class='ocrx_word' id='word_1_469' title='bbox 2476 4087 2565 4144; x_wconf 91' lang='lat' dir='ltr'>ed.</span> <span class='ocrx_word' id='word_1_470' title='bbox 2594 4087 2797 4143; x_wconf 83' lang='lat' dir='ltr'>Meurs.</span> <span class='ocrx_word' id='word_1_471' title='bbox 2841 4104 2964 4157; x_wconf 87' lang='lat' dir='ltr'>cap.</span> <span class='ocrx_word' id='word_1_472' title='bbox 2988 4088 3090 4143; x_wconf 76' lang='lat'>“8</span> <span class='ocrx_word' id='word_1_473' title='bbox 3134 4087 3274 4160; x_wconf 91' lang='lat' dir='ltr'>Opp.</span> <span class='ocrx_word' id='word_1_474' title='bbox 3306 4089 3511 4147; x_wconf 80' lang='lat' dir='ltr'>Meurs.</span> 
     </span>
    </p>
   </div>
   <div class='ocr_carea' id='block_1_59' title="bbox 1922 4181 3511 4255">
    <p class='ocr_par' dir='ltr' id='par_1_59' title="bbox 1922 4181 3511 4255">
     <span class='ocr_line' id='line_1_59' title="bbox 1922 4181 3511 4255; baseline -0.001 -16"><span class='ocrx_word' id='word_1_475' title='bbox 1922 4184 1963 4239; x_wconf 92' lang='lat' dir='ltr'>I.</span> <span class='ocrx_word' id='word_1_476' title='bbox 1991 4184 2029 4238; x_wconf 94' lang='lat' dir='ltr'>l.</span> <span class='ocrx_word' id='word_1_477' title='bbox 2061 4200 2114 4255; x_wconf 91' lang='lat' dir='ltr'>p.</span> <span class='ocrx_word' id='word_1_478' title='bbox 2144 4182 2271 4239; x_wconf 86' lang='lat'>596.</span> <span class='ocrx_word' id='word_1_479' title='bbox 2313 4182 2498 4237; x_wconf 82' lang='lat' dir='ltr'>Ruﬁn.</span> <span class='ocrx_word' id='word_1_480' title='bbox 2527 4182 2685 4252; x_wconf 85' lang='lat' dir='ltr'>Apol.</span> <span class='ocrx_word' id='word_1_481' title='bbox 2720 4181 3043 4254; x_wconf 89' lang='lat' dir='ltr'>[Invectiva]</span> <span class='ocrx_word' id='word_1_482' title='bbox 3088 4182 3141 4235; x_wconf 92' lang='lat' dir='ltr'>in</span> <span class='ocrx_word' id='word_1_483' title='bbox 3182 4183 3241 4235; x_wconf 92' lang='lat' dir='ltr'>S.</span> <span class='ocrx_word' id='word_1_484' title='bbox 3289 4181 3511 4252; x_wconf 71' lang='lat' dir='ltr'>Hieron,</span> 
     </span>
    </p>
   </div>
   <div class='ocr_carea' id='block_1_60' title="bbox 1922 4271 3505 4346">
    <p class='ocr_par' dir='ltr' id='par_1_60' title="bbox 1922 4271 3505 4346">
     <span class='ocr_line' id='line_1_60' title="bbox 1922 4271 3505 4346; baseline -0.001 -16"><span class='ocrx_word' id='word_1_485' title='bbox 1922 4276 2021 4332; x_wconf 91' lang='lat' dir='ltr'>lib.</span> <span class='ocrx_word' id='word_1_486' title='bbox 2040 4274 2225 4346; x_wconf 90' lang='lat' dir='ltr'>llcap.</span> <span class='ocrx_word' id='word_1_487' title='bbox 2255 4274 2309 4335; x_wconf 92' lang='lat'>8.</span> <span class='ocrx_word' id='word_1_488' title='bbox 2334 4272 2474 4344; x_wconf 90' lang='lat' dir='ltr'>Opp.</span> <span class='ocrx_word' id='word_1_489' title='bbox 2504 4274 2592 4329; x_wconf 92' lang='lat' dir='ltr'>ed.</span> <span class='ocrx_word' id='word_1_490' title='bbox 2610 4272 2843 4328; x_wconf 83' lang='lat' dir='ltr'>Vallarsi</span> <span class='ocrx_word' id='word_1_491' title='bbox 2865 4289 2918 4344; x_wconf 88' lang='lat' dir='ltr'>p.</span> <span class='ocrx_word' id='word_1_492' title='bbox 2942 4274 3067 4336; x_wconf 81' lang='grc'>565,</span> <span class='ocrx_word' id='word_1_493' title='bbox 3097 4271 3276 4343; x_wconf 82' lang='lat' dir='ltr'>Migne</span> <span class='ocrx_word' id='word_1_494' title='bbox 3299 4272 3505 4333; x_wconf 84' lang='lat' dir='ltr'>Patrol.</span> 
     </span>
    </p>
   </div>
   <div class='ocr_carea' id='block_1_61' title="bbox 1921 4363 3510 4437">
    <p class='ocr_par' dir='ltr' id='par_1_61' title="bbox 1921 4363 3510 4437">
     <span class='ocr_line' id='line_1_61' title="bbox 1921 4363 3510 4437; baseline -0.001 -15"><span class='ocrx_word' id='word_1_495' title='bbox 1921 4366 1986 4422; x_wconf 88' lang='lat' dir='ltr'>T.</span> <span class='ocrx_word' id='word_1_496' title='bbox 2015 4366 2136 4421; x_wconf 87' lang='lat' dir='ltr'>XXI</span> <span class='ocrx_word' id='word_1_497' title='bbox 2164 4364 2368 4437; x_wconf 74' lang='lat' dir='ltr'>p.591,</span> <span class='ocrx_word' id='word_1_498' title='bbox 2407 4365 2465 4421; x_wconf 94' lang='lat' dir='ltr'>S.</span> <span class='ocrx_word' id='word_1_499' title='bbox 2498 4364 2722 4421; x_wconf 89' lang='lat' dir='ltr'>Hieron.</span> <span class='ocrx_word' id='word_1_500' title='bbox 2766 4364 2903 4436; x_wconf 88' lang='lat' dir='ltr'>Opp.</span> <span class='ocrx_word' id='word_1_501' title='bbox 2944 4364 3031 4420; x_wconf 85' lang='lat' dir='ltr'>ed.</span> <span class='ocrx_word' id='word_1_502' title='bbox 3078 4363 3282 4419; x_wconf 91' lang='lat' dir='ltr'>Bened.</span> <span class='ocrx_word' id='word_1_503' title='bbox 3330 4363 3395 4420; x_wconf 89' lang='lat' dir='ltr'>T.</span> <span class='ocrx_word' id='word_1_504' title='bbox 3439 4364 3510 4421; x_wconf 84' lang='lat' dir='ltr'>IV</span> 
     </span>
    </p>
   </div>
   <div class='ocr_carea' id='block_1_62' title="bbox 1921 4459 3426 4623">
    <p class='ocr_par' dir='ltr' id='par_1_62' title="bbox 1921 4459 3426 4623">
     <span class='ocr_line' id='line_1_62' title="bbox 1921 4459 3426 4623; baseline -0.004 -15"><span class='ocrx_word' id='word_1_505' title='bbox 1921 4459 2249 4623; x_wconf 46' lang='lat' dir='ltr'>p.(gollist.</span> <span class='ocrx_word' id='word_1_506' title='bbox 2281 4550 2448 4606; x_wconf 88' lang='lat' dir='ltr'>Laus.</span> <span class='ocrx_word' id='word_1_507' title='bbox 2477 4552 2561 4605; x_wconf 88' lang='lat' dir='ltr'>ed.</span> <span class='ocrx_word' id='word_1_508' title='bbox 2594 4548 2798 4605; x_wconf 86' lang='lat' dir='ltr'>Meurs.</span> <span class='ocrx_word' id='word_1_509' title='bbox 2830 4563 2953 4619; x_wconf 88' lang='lat' dir='ltr'>cap.</span> <span class='ocrx_word' id='word_1_510' title='bbox 2982 4548 3113 4611; x_wconf 63' lang='grc' dir='ltr'>ΜΛ.</span> <span class='ocrx_word' id='word_1_511' title='bbox 3138 4549 3178 4604; x_wconf 89' lang='grc'>1.</span> <span class='ocrx_word' id='word_1_512' title='bbox 3216 4566 3272 4620; x_wconf 91' lang='lat' dir='ltr'>p.</span> <span class='ocrx_word' id='word_1_513' title='bbox 3299 4549 3426 4604; x_wconf 79' lang='lat'><strong>569.</strong></span> 
     </span>
    </p>
   </div>
   <div class='ocr_carea' id='block_1_63' title="bbox 219 4088 1821 4156">
    <p class='ocr_par' dir='ltr' id='par_1_63' title="bbox 219 4088 1821 4156">
     <span class='ocr_line' id='line_1_63' title="bbox 219 4088 1821 4156; baseline -0.007 -2"><span class='ocrx_word' id='word_1_514' title='bbox 219 4095 483 4156; x_wconf 80' lang='lat' dir='ltr'>Palladii</span> <span class='ocrx_word' id='word_1_515' title='bbox 515 4093 814 4150; x_wconf 76' lang='lat' dir='ltr'>Historiam</span> <span class='ocrx_word' id='word_1_516' title='bbox 842 4090 1166 4145; x_wconf 69' lang='lat' dir='ltr'>Lauriacum</span> <span class='ocrx_word' id='word_1_517' title='bbox 1193 4089 1263 4143; x_wconf 85' lang='lat' dir='ltr'>ad</span> <span class='ocrx_word' id='word_1_518' title='bbox 1304 4089 1499 4144; x_wconf 75' lang='lat' dir='ltr'>codicis</span> <span class='ocrx_word' id='word_1_519' title='bbox 1551 4088 1821 4144; x_wconf 83' lang='lat' dir='ltr'>Vindobo-</span> 
     </span>
    </p>
   </div>
   <div class='ocr_carea' id='block_1_64' title="bbox 213 4181 1823 4259">
    <p class='ocr_par' dir='ltr' id='par_1_64' title="bbox 213 4181 1823 4259">
     <span class='ocr_line' id='line_1_64' title="bbox 213 4181 1823 4259; baseline -0.005 -12"><span class='ocrx_word' id='word_1_520' title='bbox 213 4191 410 4247; x_wconf 67' lang='lat' dir='ltr'>mensis</span> <span class='ocrx_word' id='word_1_521' title='bbox 443 4188 603 4259; x_wconf 79' lang='lat' dir='ltr'>ﬁdem</span> <span class='ocrx_word' id='word_1_522' title='bbox 640 4186 861 4240; x_wconf 81' lang='lat' dir='ltr'>breviter</span> <span class='ocrx_word' id='word_1_523' title='bbox 893 4183 1238 4248; x_wconf 82' lang='lat' dir='ltr'>delineatam,</span> <span class='ocrx_word' id='word_1_524' title='bbox 1260 4181 1403 4236; x_wconf 84' lang='lat' dir='ltr'>infra</span> <span class='ocrx_word' id='word_1_525' title='bbox 1436 4181 1563 4237; x_wconf 88' lang='lat' dir='ltr'>huic</span> <span class='ocrx_word' id='word_1_526' title='bbox 1596 4191 1823 4239; x_wconf 85' lang='lat' dir='ltr'>nostrae</span> 
     </span>
    </p>
   </div>
   <div class='ocr_carea' id='block_1_65' title="bbox 211 4272 1821 4345">
    <p class='ocr_par' dir='ltr' id='par_1_65' title="bbox 211 4272 1821 4345">
     <span class='ocr_line' id='line_1_65' title="bbox 211 4272 1821 4345; baseline -0.007 -6"><span class='ocrx_word' id='word_1_527' title='bbox 211 4280 465 4339; x_wconf 84' lang='lat' dir='ltr'>editioni</span> <span class='ocrx_word' id='word_1_528' title='bbox 506 4278 777 4334; x_wconf 84' lang='lat' dir='ltr'>Historiae</span> <span class='ocrx_word' id='word_1_529' title='bbox 813 4274 1114 4332; x_wconf 88' lang='lat' dir='ltr'>Lausiacae</span> <span class='ocrx_word' id='word_1_530' title='bbox 1147 4273 1537 4345; x_wconf 85' lang='lat' dir='ltr'>praepositam.</span> <span class='ocrx_word' id='word_1_531' title='bbox 1582 4272 1657 4329; x_wconf 91' lang='lat' dir='ltr'>De</span> <span class='ocrx_word' id='word_1_532' title='bbox 1682 4273 1821 4328; x_wconf 84' lang='lat' dir='ltr'>libro</span> 
     </span>
    </p>
   </div>
   <div class='ocr_carea' id='block_1_66' title="bbox 210 4364 1821 4445">
    <p class='ocr_par' dir='ltr' id='par_1_66' title="bbox 210 4364 1821 4445">
     <span class='ocr_line' id='line_1_66' title="bbox 210 4364 1821 4445; baseline -0.005 -17"><span class='ocrx_word' id='word_1_533' title='bbox 210 4387 429 4445; x_wconf 73' lang='lat' dir='ltr'>graeco</span> <span class='ocrx_word' id='word_1_534' title='bbox 455 4371 525 4425; x_wconf 91' lang='lat' dir='ltr'>ab</span> <span class='ocrx_word' id='word_1_535' title='bbox 546 4368 786 4424; x_wconf 84' lang='lat' dir='ltr'>Historia</span> <span class='ocrx_word' id='word_1_536' title='bbox 810 4367 1079 4423; x_wconf 88' lang='lat' dir='ltr'>Lausiaca</span> <span class='ocrx_word' id='word_1_537' title='bbox 1118 4366 1362 4431; x_wconf 88' lang='lat' dir='ltr'>diverso,</span> <span class='ocrx_word' id='word_1_538' title='bbox 1408 4364 1503 4436; x_wconf 89' lang='lat' dir='ltr'>qui</span> <span class='ocrx_word' id='word_1_539' title='bbox 1548 4364 1821 4421; x_wconf 89' lang='lat' dir='ltr'>Cotelerio</span> 
     </span>
    </p>
   </div>
   <div class='ocr_carea' id='block_1_67' title="bbox 207 4458 1821 4523">
    <p class='ocr_par' dir='ltr' id='par_1_67' title="bbox 207 4458 1821 4523">
     <span class='ocr_line' id='line_1_67' title="bbox 207 4458 1821 4523; baseline -0.006 0"><span class='ocrx_word' id='word_1_540' title='bbox 207 4476 273 4523; x_wconf 78' lang='lat' dir='ltr'>et</span> <span class='ocrx_word' id='word_1_541' title='bbox 319 4464 510 4520; x_wconf 79' lang='lat' dir='ltr'>Cavea</span> <span class='ocrx_word' id='word_1_542' title='bbox 565 4462 803 4518; x_wconf 87' lang='lat' dir='ltr'>testibus</span> <span class='ocrx_word' id='word_1_543' title='bbox 862 4461 919 4516; x_wconf 92' lang='lat' dir='ltr'>in</span> <span class='ocrx_word' id='word_1_544' title='bbox 968 4459 1254 4516; x_wconf 88' lang='lat' dir='ltr'>codicibus</span> <span class='ocrx_word' id='word_1_545' title='bbox 1290 4474 1425 4515; x_wconf 89' lang='lat' dir='ltr'>mss.</span> <span class='ocrx_word' id='word_1_546' title='bbox 1467 4458 1572 4514; x_wconf 89' lang='lat' dir='ltr'>sub</span> <span class='ocrx_word' id='word_1_547' title='bbox 1598 4459 1821 4514; x_wconf 89' lang='lat' dir='ltr'>nomine</span> 
     </span>
    </p>
   </div>
   <div class='ocr_carea' id='block_1_68' title="bbox 208 4550 1817 4623">
    <p class='ocr_par' dir='ltr' id='par_1_68' title="bbox 208 4550 1817 4623">
     <span class='ocr_line' id='line_1_68' title="bbox 208 4550 1817 4623; baseline -0.006 -9"><span class='ocrx_word' id='word_1_548' title='bbox 208 4556 539 4614; x_wconf 78' lang='lat' dir='ltr'>Heraclidis</span> <span class='ocrx_word' id='word_1_549' title='bbox 571 4562 770 4620; x_wconf 85' lang='lat' dir='ltr'>exstat,</span> <span class='ocrx_word' id='word_1_550' title='bbox 815 4568 927 4609; x_wconf 92' lang='lat' dir='ltr'>non</span> <span class='ocrx_word' id='word_1_551' title='bbox 975 4553 1109 4608; x_wconf 81' lang='lat' dir='ltr'>satis</span> <span class='ocrx_word' id='word_1_552' title='bbox 1144 4557 1482 4623; x_wconf 89' lang='lat' dir='ltr'>compertum</span> <span class='ocrx_word' id='word_1_553' title='bbox 1532 4550 1817 4609; x_wconf 85' lang='lat' dir='ltr'>habemus.</span> 
     </span>
    </p>
   </div>
   <div class='ocr_carea' id='block_1_69' title="bbox 1993 4640 3292 4717">
    <p class='ocr_par' dir='ltr' id='par_1_69' title="bbox 1993 4640 3292 4717">
     <span class='ocr_line' id='line_1_69' title="bbox 1993 4640 3292 4717; baseline 0 -17"><span class='ocrx_word' id='word_1_554' title='bbox 1993 4646 2070 4717; x_wconf 69' lang='grc'>(4)</span> <span class='ocrx_word' id='word_1_555' title='bbox 2111 4644 2226 4699; x_wconf 79' lang='grc' dir='ltr'>νν.</span> <span class='ocrx_word' id='word_1_556' title='bbox 2251 4643 2354 4700; x_wconf 83' lang='grc' dir='ltr'>ΡΡ.</span> <span class='ocrx_word' id='word_1_557' title='bbox 2384 4644 2569 4698; x_wconf 85' lang='lat' dir='ltr'>Rosw.</span> <span class='ocrx_word' id='word_1_558' title='bbox 2598 4643 2689 4697; x_wconf 90' lang='lat' dir='ltr'>lib.</span> <span class='ocrx_word' id='word_1_559' title='bbox 2719 4640 2762 4695; x_wconf 93' lang='lat' dir='ltr'><strong>Il</strong></span> <span class='ocrx_word' id='word_1_560' title='bbox 2792 4657 2912 4713; x_wconf 88' lang='lat' dir='ltr'>cap.</span> <span class='ocrx_word' id='word_1_561' title='bbox 2946 4643 2982 4695; x_wconf 73' lang='lat'>‘2</span> <span class='ocrx_word' id='word_1_562' title='bbox 3008 4660 3059 4713; x_wconf 92' lang='lat' dir='ltr'>p.</span> <span class='ocrx_word' id='word_1_563' title='bbox 3088 4643 3210 4705; x_wconf 74' lang='lat'>457,</span> <span class='ocrx_word' id='word_1_564' title='bbox 3236 4644 3292 4700; x_wconf 79' lang='grc'>2.</span> 
     </span>
    </p>
   </div>
   <div class='ocr_carea' id='block_1_70' title="bbox 1989 4734 3502 4806">
    <p class='ocr_par' dir='ltr' id='par_1_70' title="bbox 1989 4734 3502 4806">
     <span class='ocr_line' id='line_1_70' title="bbox 1989 4734 3502 4806; baseline -0.005 -9"><span class='ocrx_word' id='word_1_565' title='bbox 1989 4738 2069 4806; x_wconf 79' lang='lat' dir='ltr'>f5)</span> <span class='ocrx_word' id='word_1_566' title='bbox 2107 4737 2345 4793; x_wconf 82' lang='lat' dir='ltr'>Coteler.</span> <span class='ocrx_word' id='word_1_567' title='bbox 2392 4735 2542 4791; x_wconf 84' lang='lat' dir='ltr'>Eccl.</span> <span class='ocrx_word' id='word_1_568' title='bbox 2585 4735 2780 4789; x_wconf 87' lang='lat' dir='ltr'>Graec.</span> <span class='ocrx_word' id='word_1_569' title='bbox 2830 4734 2975 4788; x_wconf 84' lang='lat' dir='ltr'>Mon.</span> <span class='ocrx_word' id='word_1_570' title='bbox 3026 4734 3091 4791; x_wconf 88' lang='grc' dir='ltr'>Τ.</span> <span class='ocrx_word' id='word_1_571' title='bbox 3138 4734 3209 4789; x_wconf 88' lang='lat' dir='ltr'>III</span> <span class='ocrx_word' id='word_1_572' title='bbox 3264 4752 3321 4806; x_wconf 90' lang='lat' dir='ltr'>p.</span> <span class='ocrx_word' id='word_1_573' title='bbox 3359 4735 3502 4805; x_wconf 74' lang='lat'><strong>159;</strong></span> 
     </span>
    </p>
   </div>
   <div class='ocr_carea' id='block_1_71' title="bbox 1919 4827 3005 4899">
    <p class='ocr_par' dir='ltr' id='par_1_71' title="bbox 1919 4827 3005 4899">
     <span class='ocr_line' id='line_1_71' title="bbox 1919 4827 3005 4899; baseline -0.001 -14"><span class='ocrx_word' id='word_1_574' title='bbox 1919 4828 2060 4887; x_wconf 85' lang='lat' dir='ltr'>Hist.</span> <span class='ocrx_word' id='word_1_575' title='bbox 2088 4829 2255 4886; x_wconf 87' lang='lat' dir='ltr'>Laus.</span> <span class='ocrx_word' id='word_1_576' title='bbox 2287 4830 2376 4886; x_wconf 88' lang='lat' dir='ltr'>ed.</span> <span class='ocrx_word' id='word_1_577' title='bbox 2405 4827 2608 4885; x_wconf 84' lang='lat' dir='ltr'>Meurs.</span> <span class='ocrx_word' id='word_1_578' title='bbox 2636 4828 2673 4882; x_wconf 94' lang='lat' dir='ltr'>I.</span> <span class='ocrx_word' id='word_1_579' title='bbox 2716 4828 2754 4883; x_wconf 93' lang='lat' dir='ltr'>l.</span> <span class='ocrx_word' id='word_1_580' title='bbox 2788 4844 2843 4899; x_wconf 89' lang='lat' dir='ltr'>p.</span> <span class='ocrx_word' id='word_1_581' title='bbox 2882 4828 3005 4884; x_wconf 76' lang='lat' dir='ltr'>37L</span> 
     </span>
    </p>
   </div>
   <div class='ocr_carea' id='block_1_72' title="bbox 1991 4919 3501 4994">
    <p class='ocr_par' dir='ltr' id='par_1_72' title="bbox 1991 4919 3501 4994">
     <span class='ocr_line' id='line_1_72' title="bbox 1991 4919 3501 4994; baseline 0 -18"><span class='ocrx_word' id='word_1_582' title='bbox 1991 4922 2069 4994; x_wconf 91' lang='lat'>(6)</span> <span class='ocrx_word' id='word_1_583' title='bbox 2109 4920 2566 4978; x_wconf 84' lang='lat' dir='ltr'>Montefalconius</span> <span class='ocrx_word' id='word_1_584' title='bbox 2604 4921 2757 4975; x_wconf 90' lang='lat' dir='ltr'>illum</span> <span class='ocrx_word' id='word_1_585' title='bbox 2798 4920 3000 4974; x_wconf 89' lang='lat' dir='ltr'>librum</span> <span class='ocrx_word' id='word_1_586' title='bbox 3052 4919 3127 4974; x_wconf 88' lang='lat' dir='ltr'>ita</span> <span class='ocrx_word' id='word_1_587' title='bbox 3184 4920 3449 4976; x_wconf 88' lang='lat' dir='ltr'>describit</span> <span class='ocrx_word' id='word_1_588' title='bbox 3484 4937 3501 4976; x_wconf 90' lang='lat'><strong>:</strong></span> 
     </span>
    </p>
   </div>
   <div class='ocr_carea' id='block_1_73' title="bbox 1925 5012 3502 5078">
    <p class='ocr_par' dir='ltr' id='par_1_73' title="bbox 1925 5012 3502 5078">
     <span class='ocr_line' id='line_1_73' title="bbox 1925 5012 3502 5078; baseline 0.001 -10"><span class='ocrx_word' id='word_1_589' title='bbox 1925 5034 1945 5068; x_wconf 72' lang='grc' dir='ltr'>ι</span> <span class='ocrx_word' id='word_1_590' title='bbox 1982 5016 2117 5071; x_wconf 86' lang='lat' dir='ltr'>Cod.</span> <span class='ocrx_word' id='word_1_591' title='bbox 2152 5014 2435 5078; x_wconf 79' lang='lat' dir='ltr'>LXXXIII,</span> <span class='ocrx_word' id='word_1_592' title='bbox 2470 5014 2599 5069; x_wconf 88' lang='lat' dir='ltr'>olim</span> <span class='ocrx_word' id='word_1_593' title='bbox 2651 5012 3018 5076; x_wconf 86' lang='lat' dir='ltr'><strong>CCCXLVIII,</strong></span> <span class='ocrx_word' id='word_1_594' title='bbox 3046 5014 3502 5069; x_wconf 88' lang='lat' dir='ltr'>membranaceus</span> 
     </span>
    </p>
   </div>
   <div class='ocr_carea' id='block_1_74' title="bbox 1920 5104 3503 5173">
    <p class='ocr_par' dir='ltr' id='par_1_74' title="bbox 1920 5104 3503 5173">
     <span class='ocr_line' id='line_1_74' title="bbox 1920 5104 3503 5173; baseline -0.003 -12"><span class='ocrx_word' id='word_1_595' title='bbox 1920 5123 1955 5161; x_wconf 77' lang='grc' dir='ltr'>χ</span> <span class='ocrx_word' id='word_1_596' title='bbox 1987 5107 2205 5162; x_wconf 84' lang='lat' dir='ltr'>circiter</span> <span class='ocrx_word' id='word_1_597' title='bbox 2240 5106 2481 5170; x_wconf 88' lang='lat' dir='ltr'>saeculi,</span> <span class='ocrx_word' id='word_1_598' title='bbox 2522 5104 2774 5160; x_wconf 83' lang='lat' dir='ltr'>foliorum</span> <span class='ocrx_word' id='word_1_599' title='bbox 2806 5104 2931 5159; x_wconf 81' lang='grc'>557.</span> <span class='ocrx_word' id='word_1_600' title='bbox 2962 5104 3221 5159; x_wconf 87' lang='lat' dir='ltr'>Continet</span> <span class='ocrx_word' id='word_1_601' title='bbox 3254 5119 3319 5157; x_wconf 89' lang='lat' dir='ltr'>ea</span> <span class='ocrx_word' id='word_1_602' title='bbox 3362 5118 3503 5173; x_wconf 86' lang='lat' dir='ltr'>quae</span> 
     </span>
    </p>
   </div>
   <div class='ocr_carea' id='block_1_75' title="bbox 1920 5196 3503 5269">
    <p class='ocr_par' dir='ltr' id='par_1_75' title="bbox 1920 5196 3503 5269">
     <span class='ocr_line' id='line_1_75' title="bbox 1920 5196 3503 5269; baseline -0.004 -12"><span class='ocrx_word' id='word_1_603' title='bbox 1920 5208 2292 5269; x_wconf 87' lang='lat' dir='ltr'>sequuntur...</span> <span class='ocrx_word' id='word_1_604' title='bbox 2324 5198 2419 5255; x_wconf 79' lang='lat' dir='ltr'>fol.</span> <span class='ocrx_word' id='word_1_605' title='bbox 2449 5198 2557 5254; x_wconf 74' lang='lat'><strong>266</strong></span> <span class='ocrx_word' id='word_1_606' title='bbox 2601 5199 2954 5268; x_wconf 75' lang='grc' dir='ltr'>Ἱερωνύμου</span> <span class='ocrx_word' id='word_1_607' title='bbox 2979 5198 3018 5266; x_wconf 79' lang='grc' dir='ltr'><strong>ἠ</strong></span> <span class='ocrx_word' id='word_1_608' title='bbox 3049 5196 3175 5251; x_wconf 80' lang='grc' dir='ltr'>κατ’</span> <span class='ocrx_word' id='word_1_609' title='bbox 3195 5197 3503 5266; x_wconf 77' lang='grc' dir='ltr'>Αἴγυπτον</span> 
     </span>
    </p>
   </div>
   <div class='ocr_carea' id='block_1_76' title="bbox 1917 5291 3499 5363">
    <p class='ocr_par' dir='ltr' id='par_1_76' title="bbox 1917 5291 3499 5363">
     <span class='ocr_line' id='line_1_76' title="bbox 1917 5291 3499 5363; baseline -0.003 -15"><span class='ocrx_word' id='word_1_610' title='bbox 1917 5293 2037 5348; x_wconf 80' lang='grc' dir='ltr'><em>τῶν</em></span> <span class='ocrx_word' id='word_1_611' title='bbox 2075 5292 2360 5363; x_wconf 65' lang='grc' dir='ltr'>μοναχῶν</span> <span class='ocrx_word' id='word_1_612' title='bbox 2402 5292 2712 5361; x_wconf 80' lang='grc' dir='ltr'>ἱστορία,ἰ.</span> <span class='ocrx_word' id='word_1_613' title='bbox 2740 5307 2791 5347; x_wconf 88' lang='lat' dir='ltr'>e.</span> <span class='ocrx_word' id='word_1_614' title='bbox 2830 5291 3075 5345; x_wconf 77' lang='lat' dir='ltr'>Historia</span> <span class='ocrx_word' id='word_1_615' title='bbox 3122 5291 3499 5344; x_wconf 82' lang='lat' dir='ltr'>monachorum</span> 
     </span>
    </p>
   </div>
   <div class='ocr_carea' id='block_1_77' title="bbox 1914 5383 3497 5458">
    <p class='ocr_par' dir='ltr' id='par_1_77' title="bbox 1914 5383 3497 5458">
     <span class='ocr_line' id='line_1_77' title="bbox 1914 5383 3497 5458; baseline -0.001 -17"><span class='ocrx_word' id='word_1_616' title='bbox 1914 5386 2310 5458; x_wconf 75' lang='lat' dir='ltr'>Aegyptiorum.</span> <span class='ocrx_word' id='word_1_617' title='bbox 2326 5384 2489 5441; x_wconf 86' lang='lat' dir='ltr'>Liber</span> <span class='ocrx_word' id='word_1_618' title='bbox 2502 5385 2836 5455; x_wconf 87' lang='lat' dir='ltr'>Hieronymo</span> <span class='ocrx_word' id='word_1_619' title='bbox 2852 5398 3139 5455; x_wconf 86' lang='lat' dir='ltr'>perperam</span> <span class='ocrx_word' id='word_1_620' title='bbox 3161 5383 3497 5452; x_wconf 88' lang='lat' dir='ltr'>adscriptus.</span> 
     </span>
    </p>
   </div>
   <div class='ocr_carea' id='block_1_78' title="bbox 1917 5474 3498 5548">
    <p class='ocr_par' dir='ltr' id='par_1_78' title="bbox 1917 5474 3498 5548">
     <span class='ocr_line' id='line_1_78' title="bbox 1917 5474 3498 5548; baseline -0.003 -15"><span class='ocrx_word' id='word_1_621' title='bbox 1917 5476 2123 5533; x_wconf 90' lang='lat' dir='ltr'>Similis</span> <span class='ocrx_word' id='word_1_622' title='bbox 2150 5477 2266 5535; x_wconf 78' lang='lat' dir='ltr'>fere</span> <span class='ocrx_word' id='word_1_623' title='bbox 2300 5477 2609 5548; x_wconf 80' lang='lat' dir='ltr'>argumenti</span> <span class='ocrx_word' id='word_1_624' title='bbox 2635 5477 2834 5530; x_wconf 89' lang='lat' dir='ltr'>librum</span> <span class='ocrx_word' id='word_1_625' title='bbox 2878 5474 3128 5530; x_wconf 84' lang='lat' dir='ltr'>Palladio</span> <span class='ocrx_word' id='word_1_626' title='bbox 3154 5474 3498 5545; x_wconf 88' lang='lat' dir='ltr'>adscriptum</span> 
     </span>
    </p>
   </div>
   <div class='ocr_carea' id='block_1_79' title="bbox 1912 5563 3499 5634">
    <p class='ocr_par' dir='ltr' id='par_1_79' title="bbox 1912 5563 3499 5634">
     <span class='ocr_line' id='line_1_79' title="bbox 1912 5563 3499 5634; baseline -0.004 -11"><span class='ocrx_word' id='word_1_627' title='bbox 1912 5568 2115 5624; x_wconf 87' lang='lat' dir='ltr'>iamdiu</span> <span class='ocrx_word' id='word_1_628' title='bbox 2153 5576 2340 5623; x_wconf 89' lang='lat' dir='ltr'>notum</span> <span class='ocrx_word' id='word_1_629' title='bbox 2381 5566 2511 5622; x_wconf 86' lang='lat' dir='ltr'>fecit</span> <span class='ocrx_word' id='word_1_630' title='bbox 2539 5565 2781 5621; x_wconf 82' lang='lat' dir='ltr'>Joannes</span> <span class='ocrx_word' id='word_1_631' title='bbox 2840 5564 3141 5631; x_wconf 82' lang='lat' dir='ltr'>Meursius,</span> <span class='ocrx_word' id='word_1_632' title='bbox 3177 5564 3233 5619; x_wconf 90' lang='lat' dir='ltr'>in</span> <span class='ocrx_word' id='word_1_633' title='bbox 3282 5563 3499 5634; x_wconf 80' lang='lat' dir='ltr'>praefa-</span> 
     </span>
    </p>
   </div>
   <div class='ocr_carea' id='block_1_80' title="bbox 1919 5655 3497 5725">
    <p class='ocr_par' dir='ltr' id='par_1_80' title="bbox 1919 5655 3497 5725">
     <span class='ocr_line' id='line_1_80' title="bbox 1919 5655 3497 5725; baseline -0.004 -10"><span class='ocrx_word' id='word_1_634' title='bbox 1919 5660 2067 5715; x_wconf 89' lang='lat' dir='ltr'>tione</span> <span class='ocrx_word' id='word_1_635' title='bbox 2088 5659 2343 5714; x_wconf 88' lang='lat' dir='ltr'>videlicet</span> <span class='ocrx_word' id='word_1_636' title='bbox 2376 5657 2445 5711; x_wconf 88' lang='lat' dir='ltr'>ad</span> <span class='ocrx_word' id='word_1_637' title='bbox 2475 5657 2797 5713; x_wconf 86' lang='lat' dir='ltr'>Lausiacam</span> <span class='ocrx_word' id='word_1_638' title='bbox 2828 5655 3150 5718; x_wconf 84' lang='lat' dir='ltr'>Ilistoriam,</span> <span class='ocrx_word' id='word_1_639' title='bbox 3174 5656 3321 5725; x_wconf 86' lang='lat' dir='ltr'>quod</span> <span class='ocrx_word' id='word_1_640' title='bbox 3359 5670 3497 5724; x_wconf 76' lang='lat' dir='ltr'>opus</span> 
     </span>
    </p>
   </div>
   <div class='ocr_carea' id='block_1_81' title="bbox 1917 5747 3492 5823">
    <p class='ocr_par' dir='ltr' id='par_1_81' title="bbox 1917 5747 3492 5823">
     <span class='ocr_line' id='line_1_81' title="bbox 1917 5747 3492 5823; baseline -0.005 -16"><span class='ocrx_word' id='word_1_641' title='bbox 1917 5767 2170 5823; x_wconf 79' lang='lat' dir='ltr'>graecum</span> <span class='ocrx_word' id='word_1_642' title='bbox 2196 5751 2409 5822; x_wconf 90' lang='lat' dir='ltr'>primus</span> <span class='ocrx_word' id='word_1_643' title='bbox 2439 5750 2608 5806; x_wconf 87' lang='lat' dir='ltr'>edidit</span> <span class='ocrx_word' id='word_1_644' title='bbox 2642 5750 2732 5805; x_wconf 90' lang='lat' dir='ltr'>ille</span> <span class='ocrx_word' id='word_1_645' title='bbox 2782 5748 3032 5820; x_wconf 79' lang='lat' dir='ltr'>Lugduni</span> <span class='ocrx_word' id='word_1_646' title='bbox 3068 5747 3396 5802; x_wconf 88' lang='lat' dir='ltr'>Batavorum</span> <span class='ocrx_word' id='word_1_647' title='bbox 3440 5760 3492 5800; x_wconf 87' lang='lat' dir='ltr'>a.</span> 
     </span>
    </p>
   </div>
   <div class='ocr_carea' id='block_1_82' title="bbox 1920 5840 3496 5912">
    <p class='ocr_par' dir='ltr' id='par_1_82' title="bbox 1920 5840 3496 5912">
     <span class='ocr_line' id='line_1_82' title="bbox 1920 5840 3496 5912; baseline -0.003 -13"><span class='ocrx_word' id='word_1_648' title='bbox 1920 5843 2077 5902; x_wconf 74' lang='lat' dir='ltr'><strong>I616.</strong></span> <span class='ocrx_word' id='word_1_649' title='bbox 2114 5842 2230 5912; x_wconf 76' lang='lat' dir='ltr'>Est,</span> <span class='ocrx_word' id='word_1_650' title='bbox 2258 5843 2453 5912; x_wconf 82' lang='lat' dir='ltr'>inquit,</span> <span class='ocrx_word' id='word_1_651' title='bbox 2493 5844 2544 5896; x_wconf 86' lang='lat' dir='ltr'>in</span> <span class='ocrx_word' id='word_1_652' title='bbox 2593 5842 2905 5897; x_wconf 75' lang='lat' dir='ltr'>bibliotheca</span> <span class='ocrx_word' id='word_1_653' title='bbox 2958 5857 3071 5895; x_wconf 84' lang='lat' dir='ltr'>mea</span> <span class='ocrx_word' id='word_1_654' title='bbox 3116 5840 3351 5895; x_wconf 73' lang='lat' dir='ltr'>eiusdem</span> <span class='ocrx_word' id='word_1_655' title='bbox 3398 5851 3496 5895; x_wconf 72' lang='lat' dir='ltr'>att-</span> 
     </span>
    </p>
   </div>
   <div class='ocr_carea' id='block_1_83' title="bbox 208 4641 1813 4717">
    <p class='ocr_par' dir='ltr' id='par_1_83' title="bbox 208 4641 1813 4717">
     <span class='ocr_line' id='line_1_83' title="bbox 208 4641 1813 4717; baseline -0.007 -10"><span class='ocrx_word' id='word_1_656' title='bbox 208 4649 571 4707; x_wconf 84' lang='lat' dir='ltr'>Trithemius</span> <span class='ocrx_word' id='word_1_657' title='bbox 596 4647 651 4702; x_wconf 92' lang='lat' dir='ltr'>in</span> <span class='ocrx_word' id='word_1_658' title='bbox 673 4648 816 4703; x_wconf 89' lang='lat' dir='ltr'>libro</span> <span class='ocrx_word' id='word_1_659' title='bbox 838 4645 906 4703; x_wconf 90' lang='lat' dir='ltr'>de</span> <span class='ocrx_word' id='word_1_660' title='bbox 925 4644 1355 4717; x_wconf 72' lang='lat' dir='ltr'>Scriptt.,Eccl.:</span> <span class='ocrx_word' id='word_1_661' title='bbox 1388 4661 1407 4695; x_wconf 77' lang='grc' dir='ltr'>ι</span> <span class='ocrx_word' id='word_1_662' title='bbox 1430 4641 1746 4699; x_wconf 88' lang='lat' dir='ltr'>Heraclides</span> <span class='ocrx_word' id='word_1_663' title='bbox 1764 4682 1778 4703; x_wconf 91' lang='lat'>.</span> <span class='ocrx_word' id='word_1_664' title='bbox 1794 4662 1813 4695; x_wconf 74' lang='grc' dir='ltr'><strong><em>ι</em></strong></span> 
     </span>
    </p>
   </div>
   <div class='ocr_carea' id='block_1_84' title="bbox 204 4736 1821 4814">
    <p class='ocr_par' dir='ltr' id='par_1_84' title="bbox 204 4736 1821 4814">
     <span class='ocr_line' id='line_1_84' title="bbox 204 4736 1821 4814; baseline -0.006 -14"><span class='ocrx_word' id='word_1_665' title='bbox 204 4743 431 4814; x_wconf 81' lang='lat' dir='ltr'>inquit.</span> <span class='ocrx_word' id='word_1_666' title='bbox 478 4760 497 4793; x_wconf 75' lang='grc' dir='ltr'>ι</span> <span class='ocrx_word' id='word_1_667' title='bbox 528 4741 674 4797; x_wconf 87' lang='lat' dir='ltr'>inter</span> <span class='ocrx_word' id='word_1_668' title='bbox 719 4740 827 4794; x_wconf 86' lang='lat' dir='ltr'>alia</span> <span class='ocrx_word' id='word_1_669' title='bbox 857 4739 1083 4810; x_wconf 87' lang='lat' dir='ltr'>scripsit</span> <span class='ocrx_word' id='word_1_670' title='bbox 1134 4737 1205 4793; x_wconf 83' lang='lat' dir='ltr'>ad</span> <span class='ocrx_word' id='word_1_671' title='bbox 1249 4736 1687 4793; x_wconf 85' lang='lat' dir='ltr'>aedificationem</span> <span class='ocrx_word' id='word_1_672' title='bbox 1740 4736 1821 4791; x_wconf 87' lang='lat' dir='ltr'>le-</span> 
     </span>
    </p>
   </div>
   <div class='ocr_carea' id='block_1_85' title="bbox 201 4825 1822 4907">
    <p class='ocr_par' dir='ltr' id='par_1_85' title="bbox 201 4825 1822 4907">
     <span class='ocr_line' id='line_1_85' title="bbox 201 4825 1822 4907; baseline -0.007 -18"><span class='ocrx_word' id='word_1_673' title='bbox 201 4834 475 4907; x_wconf 77' lang='lat' dir='ltr'>gentium</span> <span class='ocrx_word' id='word_1_674' title='bbox 506 4845 644 4901; x_wconf 81' lang='lat' dir='ltr'>Opus</span> <span class='ocrx_word' id='word_1_675' title='bbox 675 4829 888 4901; x_wconf 81' lang='lat' dir='ltr'>insigne</span> <span class='ocrx_word' id='word_1_676' title='bbox 914 4828 982 4884; x_wconf 88' lang='lat' dir='ltr'>de</span> <span class='ocrx_word' id='word_1_677' title='bbox 998 4827 1108 4883; x_wconf 88' lang='lat' dir='ltr'>vita</span> <span class='ocrx_word' id='word_1_678' title='bbox 1134 4834 1191 4881; x_wconf 88' lang='lat' dir='ltr'>et</span> <span class='ocrx_word' id='word_1_679' title='bbox 1226 4825 1648 4883; x_wconf 83' lang='lat' dir='ltr'>conversatione</span> <span class='ocrx_word' id='word_1_680' title='bbox 1689 4838 1822 4880; x_wconf 83' lang='lat' dir='ltr'>san-</span> 
     </span>
    </p>
   </div>
   <div class='ocr_carea' id='block_1_86' title="bbox 199 4917 1819 4995">
    <p class='ocr_par' dir='ltr' id='par_1_86' title="bbox 199 4917 1819 4995">
     <span class='ocr_line' id='line_1_86' title="bbox 199 4917 1819 4995; baseline -0.008 -12"><span class='ocrx_word' id='word_1_681' title='bbox 199 4935 446 4983; x_wconf 77' lang='lat' dir='ltr'>ctorum</span> <span class='ocrx_word' id='word_1_682' title='bbox 485 4932 700 4995; x_wconf 84' lang='lat' dir='ltr'>patrum</span> <span class='ocrx_word' id='word_1_683' title='bbox 744 4923 800 4977; x_wconf 91' lang='lat' dir='ltr'>in</span> <span class='ocrx_word' id='word_1_684' title='bbox 840 4935 1026 4978; x_wconf 89' lang='lat' dir='ltr'>eremo</span> <span class='ocrx_word' id='word_1_685' title='bbox 1068 4919 1155 4975; x_wconf 89' lang='lat' dir='ltr'>vel</span> <span class='ocrx_word' id='word_1_686' title='bbox 1195 4920 1253 4974; x_wconf 91' lang='lat' dir='ltr'>in</span> <span class='ocrx_word' id='word_1_687' title='bbox 1291 4917 1576 4973; x_wconf 88' lang='lat' dir='ltr'>coenobiis</span> <span class='ocrx_word' id='word_1_688' title='bbox 1621 4917 1819 4986; x_wconf 77' lang='lat' dir='ltr'>degen-</span> 
     </span>
    </p>
   </div>
   <div class='ocr_carea' id='block_1_87' title="bbox 198 5005 1818 5085">
    <p class='ocr_par' dir='ltr' id='par_1_87' title="bbox 198 5005 1818 5085">
     <span class='ocr_line' id='line_1_87' title="bbox 198 5005 1818 5085; baseline -0.009 -10"><span class='ocrx_word' id='word_1_689' title='bbox 198 5022 361 5075; x_wconf 88' lang='lat' dir='ltr'>tium</span> <span class='ocrx_word' id='word_1_690' title='bbox 384 5016 492 5073; x_wconf 91' lang='lat' dir='ltr'>sub</span> <span class='ocrx_word' id='word_1_691' title='bbox 519 5014 725 5085; x_wconf 73' lang='lat' dir='ltr'>regula.</span> <span class='ocrx_word' id='word_1_692' title='bbox 748 5011 839 5067; x_wconf 91' lang='lat' dir='ltr'>cui</span> <span class='ocrx_word' id='word_1_693' title='bbox 863 5012 1056 5066; x_wconf 88' lang='lat' dir='ltr'>titulus</span> <span class='ocrx_word' id='word_1_694' title='bbox 1079 5017 1164 5067; x_wconf 90' lang='lat' dir='ltr'>est</span> <span class='ocrx_word' id='word_1_695' title='bbox 1189 5008 1508 5064; x_wconf 86' lang='lat' dir='ltr'>Paradisus.</span> <span class='ocrx_word' id='word_1_696' title='bbox 1540 5026 1560 5059; x_wconf 74' lang='grc' dir='ltr'><strong><em>ι</em></strong></span> <span class='ocrx_word' id='word_1_697' title='bbox 1602 5005 1708 5062; x_wconf 88' lang='lat' dir='ltr'>Sed</span> <span class='ocrx_word' id='word_1_698' title='bbox 1729 5006 1818 5061; x_wconf 93' lang='lat' dir='ltr'>cui</span> 
     </span>
    </p>
   </div>
   <div class='ocr_carea' id='block_1_88' title="bbox 199 5098 1814 5167">
    <p class='ocr_par' dir='ltr' id='par_1_88' title="bbox 199 5098 1814 5167">
     <span class='ocr_line' id='line_1_88' title="bbox 199 5098 1814 5167; baseline -0.007 -1"><span class='ocrx_word' id='word_1_699' title='bbox 199 5112 364 5166; x_wconf 84' lang='lat' dir='ltr'>liber</span> <span class='ocrx_word' id='word_1_700' title='bbox 414 5107 698 5163; x_wconf 89' lang='lat' dir='ltr'>dedicatus</span> <span class='ocrx_word' id='word_1_701' title='bbox 736 5100 808 5158; x_wconf 78' lang='lat' dir='ltr'>sit</span> <span class='ocrx_word' id='word_1_702' title='bbox 827 5144 842 5167; x_wconf 87' lang='lat'>,</span> <span class='ocrx_word' id='word_1_703' title='bbox 866 5102 1203 5158; x_wconf 89' lang='lat' dir='ltr'>Trithemius</span> <span class='ocrx_word' id='word_1_704' title='bbox 1235 5117 1343 5157; x_wconf 88' lang='lat' dir='ltr'>non</span> <span class='ocrx_word' id='word_1_705' title='bbox 1373 5100 1544 5156; x_wconf 87' lang='lat' dir='ltr'>addit.</span> <span class='ocrx_word' id='word_1_706' title='bbox 1574 5098 1814 5155; x_wconf 87' lang='lat' dir='ltr'>Coteler.</span> 
     </span>
    </p>
   </div>
   <div class='ocr_carea' id='block_1_89' title="bbox 196 5191 1807 5265">
    <p class='ocr_par' dir='ltr' id='par_1_89' title="bbox 196 5191 1807 5265">
     <span class='ocr_line' id='line_1_89' title="bbox 196 5191 1807 5265; baseline -0.007 -6"><span class='ocrx_word' id='word_1_707' title='bbox 196 5203 374 5259; x_wconf 86' lang='lat' dir='ltr'>Eccl.</span> <span class='ocrx_word' id='word_1_708' title='bbox 392 5199 591 5255; x_wconf 85' lang='lat' dir='ltr'>Graec.</span> <span class='ocrx_word' id='word_1_709' title='bbox 606 5197 752 5253; x_wconf 67' lang='lat' dir='ltr'>lion.</span> <span class='ocrx_word' id='word_1_710' title='bbox 772 5195 837 5250; x_wconf 91' lang='lat' dir='ltr'>T.</span> <span class='ocrx_word' id='word_1_711' title='bbox 854 5195 923 5249; x_wconf 87' lang='lat' dir='ltr'>Ill</span> <span class='ocrx_word' id='word_1_712' title='bbox 944 5210 996 5265; x_wconf 91' lang='lat' dir='ltr'>p.</span> <span class='ocrx_word' id='word_1_713' title='bbox 1016 5193 1141 5250; x_wconf 87' lang='lat'><strong>566.</strong></span> <span class='ocrx_word' id='word_1_714' title='bbox 1171 5192 1317 5249; x_wconf 89' lang='lat' dir='ltr'>Cave</span> <span class='ocrx_word' id='word_1_715' title='bbox 1349 5192 1575 5265; x_wconf 86' lang='lat' dir='ltr'>Scriptt.</span> <span class='ocrx_word' id='word_1_716' title='bbox 1596 5191 1807 5249; x_wconf 86' lang='lat' dir='ltr'>Eccles.</span> 
     </span>
    </p>
   </div>
   <div class='ocr_carea' id='block_1_90' title="bbox 198 5285 1805 5358">
    <p class='ocr_par' dir='ltr' id='par_1_90' title="bbox 198 5285 1805 5358">
     <span class='ocr_line' id='line_1_90' title="bbox 198 5285 1805 5358; baseline -0.006 -9"><span class='ocrx_word' id='word_1_717' title='bbox 198 5296 365 5352; x_wconf 80' lang='lat' dir='ltr'>Hist.</span> <span class='ocrx_word' id='word_1_718' title='bbox 398 5294 508 5346; x_wconf 89' lang='lat' dir='ltr'>litt.</span> <span class='ocrx_word' id='word_1_719' title='bbox 538 5308 587 5349; x_wconf 90' lang='lat' dir='ltr'>s.</span> <span class='ocrx_word' id='word_1_720' title='bbox 621 5308 677 5347; x_wconf 85' lang='lat' dir='ltr'>v.</span> <span class='ocrx_word' id='word_1_721' title='bbox 716 5287 1044 5345; x_wconf 78' lang='lat' dir='ltr'>Heraclides.</span> <span class='ocrx_word' id='word_1_722' title='bbox 1079 5285 1259 5341; x_wconf 86' lang='lat' dir='ltr'>Trith.</span> <span class='ocrx_word' id='word_1_723' title='bbox 1292 5285 1360 5342; x_wconf 90' lang='lat' dir='ltr'>de</span> <span class='ocrx_word' id='word_1_724' title='bbox 1399 5285 1626 5358; x_wconf 89' lang='lat' dir='ltr'>Scriptt.</span> <span class='ocrx_word' id='word_1_725' title='bbox 1659 5285 1805 5341; x_wconf 86' lang='lat' dir='ltr'>Eccl.</span> 
     </span>
    </p>
   </div>
   <div class='ocr_carea' id='block_1_91' title="bbox 198 5383 563 5460">
    <p class='ocr_par' dir='ltr' id='par_1_91' title="bbox 198 5383 563 5460">
     <span class='ocr_line' id='line_1_91' title="bbox 198 5383 563 5460; baseline -0.019 -15"><span class='ocrx_word' id='word_1_726' title='bbox 198 5404 337 5460; x_wconf 64' lang='lat' dir='ltr'>sap.</span> <span class='ocrx_word' id='word_1_727' title='bbox 374 5383 563 5439; x_wconf 84' lang='lat' dir='ltr'><strong>XCIII.</strong></span> 
     </span>
    </p>
   </div>
   <div class='ocr_carea' id='block_1_92' title="bbox 274 5471 1809 5551">
    <p class='ocr_par' dir='ltr' id='par_1_92' title="bbox 274 5471 1809 5551">
     <span class='ocr_line' id='line_1_92' title="bbox 274 5471 1809 5551; baseline -0.007 -16"><span class='ocrx_word' id='word_1_728' title='bbox 274 5480 372 5551; x_wconf 78' lang='grc'>(1)</span> <span class='ocrx_word' id='word_1_729' title='bbox 420 5476 650 5533; x_wconf 86' lang='lat' dir='ltr'>Palladii</span> <span class='ocrx_word' id='word_1_730' title='bbox 708 5476 845 5531; x_wconf 89' lang='lat' dir='ltr'>Dial.</span> <span class='ocrx_word' id='word_1_731' title='bbox 878 5474 947 5531; x_wconf 89' lang='lat' dir='ltr'>de</span> <span class='ocrx_word' id='word_1_732' title='bbox 984 5474 1083 5529; x_wconf 87' lang='lat' dir='ltr'>vit.</span> <span class='ocrx_word' id='word_1_733' title='bbox 1136 5473 1194 5530; x_wconf 90' lang='lat' dir='ltr'>S.</span> <span class='ocrx_word' id='word_1_734' title='bbox 1243 5472 1475 5529; x_wconf 84' lang='lat' dir='ltr'>Joannis</span> <span class='ocrx_word' id='word_1_735' title='bbox 1524 5471 1809 5543; x_wconf 86' lang='lat' dir='ltr'>Chrysost.</span> 
     </span>
    </p>
   </div>
   <div class='ocr_carea' id='block_1_93' title="bbox 186 5564 1809 5644">
    <p class='ocr_par' dir='ltr' id='par_1_93' title="bbox 186 5564 1809 5644">
     <span class='ocr_line' id='line_1_93' title="bbox 186 5564 1809 5644; baseline -0.004 -15"><span class='ocrx_word' id='word_1_736' title='bbox 186 5590 331 5644; x_wconf 85' lang='lat' dir='ltr'>cap.</span> <span class='ocrx_word' id='word_1_737' title='bbox 372 5570 494 5639; x_wconf 86' lang='lat' dir='ltr'><strong>XX,</strong></span> <span class='ocrx_word' id='word_1_738' title='bbox 533 5571 590 5625; x_wconf 90' lang='lat' dir='ltr'>S.</span> <span class='ocrx_word' id='word_1_739' title='bbox 625 5570 915 5641; x_wconf 87' lang='lat' dir='ltr'>Chrysost.</span> <span class='ocrx_word' id='word_1_740' title='bbox 941 5568 1080 5639; x_wconf 88' lang='lat' dir='ltr'>Opp.</span> <span class='ocrx_word' id='word_1_741' title='bbox 1113 5568 1199 5625; x_wconf 89' lang='lat' dir='ltr'>ed.</span> <span class='ocrx_word' id='word_1_742' title='bbox 1228 5567 1585 5623; x_wconf 80' lang='lat' dir='ltr'>Montfaucon</span> <span class='ocrx_word' id='word_1_743' title='bbox 1610 5564 1809 5635; x_wconf 86' lang='lat' dir='ltr'>(Paris.</span> 
     </span>
    </p>
   </div>
   <div class='ocr_carea' id='block_1_94' title="bbox 187 5656 1807 5734">
    <p class='ocr_par' dir='ltr' id='par_1_94' title="bbox 187 5656 1807 5734">
     <span class='ocr_line' id='line_1_94' title="bbox 187 5656 1807 5734; baseline -0.005 -13"><span class='ocrx_word' id='word_1_744' title='bbox 187 5666 354 5721; x_wconf 70' lang='grc'>1754</span> <span class='ocrx_word' id='word_1_745' title='bbox 386 5663 541 5734; x_wconf 84' lang='lat' dir='ltr'>sqq.)</span> <span class='ocrx_word' id='word_1_746' title='bbox 576 5663 781 5717; x_wconf 81' lang='lat' dir='ltr'><strong>T.XIII</strong></span> <span class='ocrx_word' id='word_1_747' title='bbox 812 5680 865 5733; x_wconf 92' lang='lat' dir='ltr'>p.</span> <span class='ocrx_word' id='word_1_748' title='bbox 893 5662 961 5715; x_wconf 86' lang='lat'><strong>76</strong></span> <span class='ocrx_word' id='word_1_749' title='bbox 983 5678 1129 5732; x_wconf 71' lang='lat' dir='ltr'>sqq,</span> <span class='ocrx_word' id='word_1_750' title='bbox 1167 5659 1420 5716; x_wconf 85' lang='lat' dir='ltr'>Galland.</span> <span class='ocrx_word' id='word_1_751' title='bbox 1452 5658 1590 5713; x_wconf 87' lang='lat' dir='ltr'>Bibl.</span> <span class='ocrx_word' id='word_1_752' title='bbox 1614 5656 1718 5712; x_wconf 87' lang='lat' dir='ltr'>PP.</span> <span class='ocrx_word' id='word_1_753' title='bbox 1743 5656 1807 5713; x_wconf 86' lang='grc' dir='ltr'>Τ.</span> 
     </span>
    </p>
   </div>
   <div class='ocr_carea' id='block_1_95' title="bbox 188 5750 1806 5826">
    <p class='ocr_par' dir='ltr' id='par_1_95' title="bbox 188 5750 1806 5826">
     <span class='ocr_line' id='line_1_95' title="bbox 188 5750 1806 5826; baseline -0.002 -18"><span class='ocrx_word' id='word_1_754' title='bbox 188 5758 322 5811; x_wconf 82' lang='lat' dir='ltr'><strong>VIII</strong></span> <span class='ocrx_word' id='word_1_755' title='bbox 355 5771 416 5826; x_wconf 84' lang='lat' dir='ltr'>p.</span> <span class='ocrx_word' id='word_1_756' title='bbox 443 5755 570 5809; x_wconf 71' lang='lat'>520.</span> <span class='ocrx_word' id='word_1_757' title='bbox 589 5752 882 5809; x_wconf 87' lang='lat' dir='ltr'>Tillcmont</span> <span class='ocrx_word' id='word_1_758' title='bbox 902 5752 1187 5808; x_wconf 76' lang='lat' dir='ltr'>Mémoires</span> <span class='ocrx_word' id='word_1_759' title='bbox 1206 5751 1270 5807; x_wconf 89' lang='lat' dir='ltr'><strong>T.</strong></span> <span class='ocrx_word' id='word_1_760' title='bbox 1292 5751 1385 5809; x_wconf 78' lang='lat' dir='ltr'><strong>XI.</strong></span> <span class='ocrx_word' id='word_1_761' title='bbox 1409 5752 1553 5807; x_wconf 79' lang='lat' dir='ltr'>Cave</span> <span class='ocrx_word' id='word_1_762' title='bbox 1583 5750 1806 5821; x_wconf 83' lang='lat' dir='ltr'>Scriptt.</span> 
     </span>
    </p>
   </div>
   <div class='ocr_carea' id='block_1_96' title="bbox 182 5845 1287 5906">
    <p class='ocr_par' dir='ltr' id='par_1_96' title="bbox 182 5845 1287 5906">
     <span class='ocr_line' id='line_1_96' title="bbox 182 5845 1287 5906; baseline -0.005 0"><span class='ocrx_word' id='word_1_763' title='bbox 182 5848 432 5906; x_wconf 65' lang='lat' dir='ltr'>Ecclcs.</span> <span class='ocrx_word' id='word_1_764' title='bbox 470 5845 611 5904; x_wconf 76' lang='lat' dir='ltr'>Hist.</span> <span class='ocrx_word' id='word_1_765' title='bbox 648 5847 749 5901; x_wconf 85' lang='lat' dir='ltr'>litt.</span> <span class='ocrx_word' id='word_1_766' title='bbox 792 5863 838 5902; x_wconf 89' lang='lat' dir='ltr'>s.</span> <span class='ocrx_word' id='word_1_767' title='bbox 872 5864 925 5903; x_wconf 78' lang='grc' dir='ltr'>γ.</span> <span class='ocrx_word' id='word_1_768' title='bbox 956 5845 1287 5901; x_wconf 75' lang='lat' dir='ltr'>Heraclides.</span> 
     </span>
    </p>
   </div>
  </div>
