4040 6580
556 359 623 416 3|
1426 356 1526 413 SS.
1569 353 2030 411 MACARIORUM
2048 351 2347 410 ΔΞΟῩΡΤΙΙ
2370 354 2458 410 ΕΤ
2496 350 2969 409 ALEXANDRINI
3729 358 3796 414 33

636 474 855 551 Itaque
876 470 1000 535 hoc
1041 470 1388 533 obtinuisse
1414 470 1569 532 mihi
1587 470 1828 547 videor,
1855 470 1961 534 illa
1985 487 2146 534 con-
2176 479 2221 535 Α
2250 470 2420 534 cedit
2466 471 2856 545 coniectura,
2890 468 3239 533 Heraclidis
3276 469 3542 534 fortasse
3586 471 3807 538 librum

549 588 795 652 JeCtura
852 571 1245 634 difﬁcultates
1291 571 1531 651 Optime
1581 570 1771 645 solvi;
1825 587 1982 651 quas
2036 570 2138 631 vix

557 672 677 735 alia
710 673 951 735 ratione
980 680 1107 734 tam
1151 671 1335 733 facile
1370 671 1530 733 solvi
1583 670 1981 734 crediderim.
2031 671 2137 733 Sin

557 782 767 837 autem
792 791 937 835 vera
976 774 1144 846 sunt,
1191 788 1353 850 quae
1387 771 1797 851 conjecimus,
1839 770 2136 832 Ruﬁnum

556 876 963 954 interpretem
981 871 1125 932 libri
1154 869 1414 932 secundi
1445 887 1606 945 esse,
1633 875 1821 948 atque
1838 869 2143 949 quodam-

558 974 750 1036 modo
797 980 1121 1036 auctorem
1181 971 1305 1033 dici
1353 988 1565 1051 posse,
1598 971 1809 1034 denuo
1842 969 2141 1049 intelligi-o

558 1081 659 1136 tur
695 1074 803 1153 (1).

636 1195 757 1256 Sed
804 1194 1198 1274 conjecturas
1254 1193 1594 1269 mittamus,
1644 1200 1836 1273 atque
1906 1211 1984 1255 ex
2039 1192 2139 1270 iis,

558 1314 721 1377 quae
787 1296 866 1357 de
910 1296 1073 1357 libro
1126 1294 1405 1357 secundo
1459 1295 1934 1374 disputavimus,
1979 1310 2143 1374 quae

557 1407 727 1461 certa
760 1404 926 1470 sunt,
976 1397 1045 1458 in
1096 1414 1294 1458 unum
1346 1413 1826 1475 componamus.
1874 1397 1960 1456 Ea
1997 1394 2141 1474 qui-

557 1501 701 1562 dem
732 1498 855 1561 huc
905 1496 1190 1559 redeunt.
1250 1498 1522 1558 Graecus
1570 1496 1841 1576 scriptor
1906 1512 2140 1572 rerum,

559 1619 721 1681 quae
770 1600 836 1661 in
878 1599 1040 1662 libro
1098 1599 1380 1662 secundo
1431 1598 1748 1677 leguntur,
1794 1604 1967 1660 certo
2014 1613 2144 1657 non

558 1701 979 1779 cognoscitur.
1028 1700 1156 1761 Nec
1189 1698 1395 1761 solum
1440 1698 1600 1761 liber
1652 1698 1989 1773 secundus,
2032 1697 2144 1760 sed

2237 568 2451 643 fuisse,
2468 586 2503 631 e
2525 584 2653 649 quo
2674 568 2818 631 libri
2846 568 3108 631 secundi
3134 569 3404 649 scriptor
3425 579 3488 633 et
3507 570 3809 636 Palladius

2242 668 2609 731 hauserunt.
2640 670 3037 747 Quantopere
3063 684 3215 730 vero
3238 670 3586 749 optandum
3620 670 3721 745 sit,
3748 678 3812 734 ut

2239 766 2522 845 singulae
2550 766 2713 829 vitae
2763 774 3010 847 patrum
3065 767 3262 829 eremi
3311 766 3643 849 hucusque
3688 788 3811 833 non

2242 869 2468 943 editae,
2501 886 2766 949 quarum
2812 868 3044 947 multos
3074 870 3329 933 codices
3354 887 3613 948 graecos
3643 871 3709 934 in
3729 873 3814 935 bi-

2240 969 2573 1034 bliothecis
2596 968 2887 1043 vidimus,
2910 985 3031 1031 nec
3065 985 3195 1030 non
3214 969 3561 1033 Heraclidis
3580 972 3814 1051 paradi-

2241 1088 2371 1145 sus,
2415 1069 2687 1131 Historia
2746 1068 3041 1131 Lausiaca
3090 1068 3351 1132 Palladii
3397 1087 3814 1152 graecumque

2241 1171 2385 1233 libri
2400 1170 2662 1233 secundi
2689 1169 2886 1232 nostri
2941 1170 3263 1251 exemplar
3305 1172 3571 1236 edantur
3604 1174 3703 1237 vel
3740 1175 3814 1238 ad

2242 1271 2522 1334 melioris
2552 1270 2701 1333 ﬁdei
2728 1270 2983 1334 codices
3009 1271 3421 1349 excudantur,
3457 1275 3626 1338 unde
3660 1293 3815 1341 nova

2242 1373 2352 1435 lux
2389 1372 2577 1435 huius
2619 1372 3005 1453 quaestionis
3051 1373 3204 1435 oriri
3238 1375 3457 1453 possit,
3502 1374 3685 1440 facile
3714 1395 3817 1459 pa-

2242 1480 2332 1536 tet
2354 1473 2460 1553 (2).

2322 1593 2631 1674 Expedita
2654 1592 2779 1656 iam
2819 1592 2898 1656 de
2935 1593 3098 1656 libro
3134 1594 3414 1659 secundo
3452 1600 3817 1677 quaestione

2246 1697 2325 1759 de
2358 1696 2589 1758 Ruﬁno
2622 1695 2688 1757 id
2725 1694 2931 1757 solum
2959 1702 3148 1758 restat
3176 1697 3589 1774 monendum,
3632 1701 3820 1766 alium

558 1800 744 1861 etiam
789 1816 1049 1877 graecus
1076 1797 1256 1872 liber,
1312 1815 1347 1859 e
1393 1814 1521 1877 quo
1564 1795 1673 1857 ille
1716 1796 2141 1873 hauriebatur,
2175 1830 2218 1885 Β
2245 1797 2506 1879 insuper
2532 1795 2774 1858 fontem
2797 1793 3200 1857 historiarum
3224 1796 3302 1857 de
3340 1798 3619 1861 Macariis
3646 1801 3724 1862 ab
3746 1818 3819 1864 eo

556 1899 811 1962 Palladii
837 1898 1175 1960 Historiam
1224 1899 1589 1961 Lausiacam
1635 1905 1835 1961 aetate
1866 1899 2134 1961 multum

556 1998 957 2061 antecedunt.
1012 1998 1247 2061 Deinde
1305 2015 1340 2060 e
1408 1997 1574 2060 libro
1634 1999 1937 2074 secundo,
2003 2008 2133 2076 aut,

556 2100 728 2179 quod
760 2100 1159 2161 verisimilius
1177 2106 1292 2173 est,
1324 2116 1403 2160 ex
1442 2098 1693 2175 eodem,
1744 2118 1871 2181 quo
1902 2101 1955 2162 is
2000 2107 2137 2162 ute-

555 2201 761 2274 batur,
793 2200 969 2263 fonte
996 2200 1310 2263 Palladius
1346 2218 1440 2276 ea,
1482 2219 1644 2282 quae
1675 2201 1751 2263 ad
1782 2219 1968 2264 senes
1984 2202 2144 2266 The-

554 2301 758 2365 baidis
788 2302 1126 2381 pertinent,
1173 2301 1421 2382 aliaque
1464 2302 1769 2365 nonnulla
1799 2304 1863 2365 in
1897 2304 2143 2367 Lausia-

555 2420 694 2466 cam
723 2421 901 2465 suam
923 2403 1256 2466 transtulit.
1279 2404 1533 2466 Latinus
1563 2403 1840 2484 denique
1869 2406 1975 2476 32
1997 2404 2143 2468 libri

554 2502 817 2565 secundi
856 2504 1167 2585 interpres
1197 2506 1463 2568 Ruﬁnus
1495 2514 1610 2582 est,
1652 2509 1760 2588 qui
1796 2507 2025 2570 librum
2072 2509 2139 2571 in

556 2618 694 2664 eam
722 2604 989 2666 formam
1011 2607 1272 2685 redegit,
1301 2626 1464 2688 quae
1495 2626 1665 2672 nunc
1694 2609 1984 2673 habetur.
2013 2614 2136 2674 Ac-

551 2843 713 2896 cloris
744 2842 1024 2912 διήγησις
1060 2842 1196 2911 περὶ
1222 2842 1343 2898 τῶν
1396 2844 1524 2899 κατ’
1558 2845 1867 2917 Αἴγυπτον
1898 2846 2141 2918 διαλαμ-

550 2932 798 3001 ψάντων
829 2933 1014 3003 ἁγίων
1042 2933 1330 3002 πατέρων.
1366 2932 1433 2988 Id
1461 2951 1664 3006 quoque
1692 2936 1907 3005 opus,si
1929 2936 2135 3004 placere

552 3024 688 3077 hanc
750 3022 1021 3077 Historiae
1080 3022 1377 3077 Lausiacae
1437 3023 1719 3077 editionem
1775 3024 2083 3077 intellexero
2119 3063 2136 3089 ,

551 3114 950 3169 communicabo
998 3112 1107 3185 [CL
1149 3114 1560 3169 annotationem
1590 3122 1837 3169 nostram
1883 3129 2049 3185 supra
2080 3129 2135 3186 p.

554 3205 624 3259 M
646 3214 760 3260 not.
800 3202 877 3275 5].
916 3205 998 3257 An
1033 3205 1173 3260 idem
1199 3204 1291 3274 qui
1318 3204 1408 3258 hic
1441 3213 1631 3259 noster
1658 3204 1798 3259 liber
1826 3203 2013 3270 fuerit,
2052 3206 2139 3259 in-

557 3305 769 3352 certum
800 3304 906 3351 est.
943 3295 1081 3352 Vide
1132 3305 1291 3352 notas
1320 3295 1617 3354 Frontonis
1676 3297 1875 3354 Ducaei
1900 3299 1958 3353 in
1991 3297 2138 3352 Leu-

554 3388 760 3443 siacatn
799 3387 1030 3443 Palladii
1066 3388 1223 3444 Tom.
1257 3388 1301 3443 ll
1349 3387 1609 3444 Biblioth.
1645 3387 1869 3443 Patrum
1906 3403 2137 3461 graeco-

556 3480 760 3538 latintc.
810 3480 1066 3534 Auctoris
1116 3479 1383 3550 praefatio
1420 3480 1809 3552 praemittitur,
1852 3481 2011 3537 cuius
2040 3481 2140 3536 ini-

552 3574 689 3629 tium
724 3573 863 3629 hoc:
893 3572 1237 3642 Εὐλογητὸς
1263 3576 1296 3627 ὀ
1328 3574 1473 3637 Θεὸς
1498 3576 1532 3628 ό
1559 3572 1752 3629 θέλων
1782 3572 2013 3641 πάντας
2033 3573 2138 3629 ἀν-

552 3666 823 3732 θρώπους
837 3664 1125 3733 σωθῆναι,
1140 3665 1237 3717 καὶ
1263 3666 1352 3730 εὶς
1374 3665 1703 3734 ἐπίγνωσιν
1728 3665 2015 3733 ἀληθείας
2039 3665 2137 3720 ἑλ-

552 3755 709 3809 υεῖνο
740 3759 772 3808 ὀ
797 3756 894 3809 καὶ
921 3754 1079 3825 ἡμᾶς
1104 3755 1525 3827 καθοδηγήσας
1549 3755 1647 3810 ἐπὶ
1676 3755 1794 3825 τὴν
1813 3757 2134 3826 Αιγυπτον,

550 3842 651 3895 καὶ
669 3841 873 3910 δείξας
898 3842 1044 3912 ἡμῖν
1058 3843 1295 3914 μεγάλα
1316 3844 1416 3899 καὶ
1443 3845 1760 3915 θαυμαστὰ
1779 3845 1881 3899 καὶ
1902 3847 2138 3917 γραφῆς

550 3934 693 3999 ἀξια
719 3948 850 4001 etc.,
881 3936 918 3991 i.
951 3952 1002 3994 e.
1026 3936 1339 3993 Benedictus
1376 3937 1540 4006 Deus,
1567 3939 1658 4011 qui
1692 3955 1870 3994 omnes
1899 3939 2135 3994 homines

552 4026 662 4079 uult
695 4026 867 4082 salvos
901 4028 1041 4097 ﬁeri,
1074 4039 1124 4083 et
1156 4029 1225 4083 ad
1271 4031 1509 4085 veritatis
1565 4031 1889 4102 agnitionem
1938 4032 2132 4087 venire.

554 4119 661 4183 Qui
693 4128 741 4171 et
767 4119 919 4173 duxit
952 4137 1046 4175 nos
1075 4123 1130 4175 in
1168 4123 1482 4192 Aegyptum,
1509 4123 1680 4191 ibique
1711 4124 1860 4177 nobis
1901 4122 2134 4177 ostendit

552 4226 748 4280 magna
775 4220 825 4265 et
856 4213 1150 4281 mirabilia,
1174 4216 1430 4269 memoria
1450 4216 1750 4283 scriptoque
1779 4215 2134 4287 digna.Hunc

555 4300 753 4354 librum
792 4304 1147 4373 conscripsit,
1180 4305 1379 4374 inquit,
1414 4306 1820 4374 παρακληθεὶς
1857 4304 2135 4375 συνεχῶς

552 4392 672 4445 ὑπὸ
715 4392 828 4462 τῆς
885 4395 1184 4463 εὐλαϐοῦς
1218 4395 1624 4465 ἀδελφόωτος
1655 4394 1768 4466 τῇς
1790 4396 1860 4450 ἐν
1887 4395 1967 4462 τῷ
1986 4397 2132 4467 ἁγίῳ

552 4484 673 4553 ὄρει
709 4484 829 4539 τῶν
865 4486 1085 4543 ἐλαιῶν
1123 4488 1614 4557 πολιτευομένης,
1649 4488 1685 4543 i.
1735 4504 1785 4545 e.
1832 4489 2133 4560 frequenter

554 4582 769 4642 rogatus
798 4590 831 4627 a
857 4575 1107 4645 religiosa
1140 4576 1480 4645 fraternitate
1507 4593 1639 4646 quae
1668 4579 1725 4632 in
1753 4588 1938 4632 sancto
1960 4590 2132 4633 monte

555 4660 832 4717 Oliuarum
891 4675 1252 4720 conversatur.
1288 4666 1558 4722 Describit
1603 4677 1784 4722 autem
1815 4669 1955 4724 vitas
1998 4684 2129 4725 san-

551 4762 766 4808 ctorum
797 4754 1021 4810 Patrum
1064 4756 1293 4812 Joannis
1344 4757 1743 4830 Lycopolitaui,
1782 4759 1996 4817 abbatis
2029 4759 2126 4825 0r,

547 4847 856 4909 Ammonis,
899 4849 1112 4905 abbatis
1134 4851 1265 4917 Ben,
1286 4853 1685 4907 monachorum
1710 4853 1949 4908 civitatis
1986 4853 2129 4926 Oxy-

548 4937 765 5006 rynchi,
802 4935 1068 5003 Theonis,
1116 4938 1286 5003 Eliae,
1326 4941 1523 5012 Apollo
1547 4983 1562 5007 ,
1592 4942 1770 4997 Amun
1790 4982 1805 5008 ,
1839 4943 2089 5015 Copretis
2109 4985 2125 5009 ,

549 5024 909 5091 Patermutii,
951 5030 1166 5086 abbatis
1220 5029 1432 5097 Surus,
1486 5034 1696 5090 abbatis
1751 5033 1888 5099 Elle,
1940 5034 2129 5105 Apelle

547 5117 795 5182 Joannis,
823 5118 1147 5189 Paphnutii,
1191 5124 1509 5195 Pityrionis,
1547 5125 1758 5198 Eulogii
1795 5129 2124 5202 presbyteri,

550 5210 773 5274 lsidori,
812 5212 1160 5284 Serapionis,
1188 5217 1496 5288 Appollonii
1530 5218 1785 5290 martyris
1807 5261 1823 5287 ,
1850 5219 2122 5287 Dioscori,

549 5304 940 5359 monachorum
990 5304 1232 5375 Nitriae,
1264 5310 1493 5365 alterius
1543 5310 1860 5378 Ammonii,
1897 5312 2124 5369 alterius

549 5390 758 5465 Didymi
805 5397 1184 5465 oculatissimi,
1217 5400 1511 5459 Chronidis
1564 5409 1619 5458 et
1653 5416 1843 5457 eorum
1871 5404 1966 5473 qui
1996 5420 2123 5460 cum

545 5498 614 5539 eo
643 5496 823 5551 erant,
867 5488 1090 5546 Macarii
1121 5493 1394 5565 Aegyptii,
1424 5496 1629 5561 Amun,
1661 5493 1889 5551 Macarii
1918 5511 2123 5568 cogno-

549 5585 732 5632 mento
787 5580 1085 5647 πολιτικοῦ,
1138 5585 1292 5640 Pauli
1345 5587 1647 5659 simplicis,
1689 5587 1990 5644 Ammonae
2021 5629 2036 5653 ,
2065 5597 2122 5644 et

544 5664 797 5724 Joannis.
842 5669 1048 5728 Deinde
1079 5678 1493 5732 enumeratione
1532 5678 1674 5734 facta
1710 5679 2116 5748 periculorum,

546 5760 746 5827 quibus
779 5760 882 5817 hac
925 5764 981 5818 in
1009 5768 1449 5836 peregrinatione
1478 5770 1801 5842 perfunctus
1823 5778 1928 5839 est,
1962 5771 2116 5827 clau-

542 5849 625 5905 dit
654 5851 745 5909 fol.
784 5853 919 5921 5‘2‘2,
960 5872 1141 5914 verso.
1179 5876 1199 5910 ι

2242 1896 2529 1961 relictum
2562 1912 2699 1957 esse
2729 1895 2795 1956 in
2829 1895 3316 1958 Continuatione
3340 1896 3448 1960 illa
3476 1902 3687 1981 operis
3708 1903 3822 1964 Eu-

2242 1998 2425 2074 sebii,
2461 2015 2650 2078 quam
2689 1990 2881 2059 modo
2917 1996 3328 2060 laudavimus.

2327 2103 2446 2179 §7.
2496 2106 2567 2163 Et
2613 2100 2769 2164 haec
2820 2100 3078 2181 quidem
3127 2102 3207 2164 de
3247 2103 3501 2167 Ruﬁno.
3534 2107 3716 2170 Nunc
3746 2107 3821 2171 ad

2247 2206 2581 2285 Evagrium
2635 2210 3052 2278 transeamus,
3090 2204 3201 2284 qui
3234 2207 3403 2269 varia
3443 2207 3522 2270 de
3568 2209 3823 2272 senibus

2247 2308 2478 2389 scripta
2499 2305 2775 2387 reliquit,
2804 2304 2871 2366 in
2911 2304 3141 2384 quibus
3158 2305 3237 2367 de
3271 2307 3540 2369 Macario
3572 2314 3669 2369 ter
3694 2314 3827 2369 tan-

2246 2422 2382 2475 tum
2423 2409 2726 2490 loquitur.
2777 2407 2916 2470 Fuit
2950 2408 3004 2469 is
3054 2416 3209 2471 natu
3250 2409 3451 2471 maior
3502 2409 3820 2485 Palladio;

2246 2509 2351 2573 hic
2417 2510 2587 2572 enim
2647 2507 2817 2589 apud
2871 2510 3193 2570 Socratem
3249 2508 3419 2571 illius
3480 2509 3823 2590 discipulus

2246 2610 2630 2693 appellatur,
2657 2609 2744 2671 ita
2769 2615 3004 2683 tamen,
3034 2614 3102 2671 ut
3126 2607 3340 2690 paullo
3378 2616 3525 2690 post
3558 2618 3824 2674 mortem

2308 2836 2387 2909 (1)
2427 2836 2745 2891 Tillemont.
2780 2835 3072 2893 Mémoirss
3099 2835 3164 2893 Τ.
3197 2835 3295 2892 Χιι
3315 2843 3371 2893 et
3399 2837 3598 2893 iterum
3636 2838 3703 2892 Τ.
3724 2838 3820 2894 XV

2238 2929 2456 2993 statuit,
2478 2927 2738 2984 Ruﬁnum
2768 2929 2971 2985 librum
3004 2929 3306 2985 secundum
3338 2946 3449 2984 non
3476 2932 3699 2988 nomine
3727 2949 3826 2989 suo

2238 3003 2553 3091 scripsisse,
2586 3021 2682 3077 sed
2709 3021 2956 3089 alterius,
2981 3020 3223 3077 Petronii
3262 3021 3479 3078 scilicet
3516 3022 3828 3080 Bononien-

2239 3116 2317 3171 sis
2338 3113 2606 3185 episcopi,
2624 3115 2775 3168 cuius
2810 3115 2991 3168 itineri
3016 3113 3358 3169 describendo
3380 3114 3649 3169 calamum
3671 3133 3829 3172 suum

2239 3205 2606 3261 commodarit.
2635 3204 2841 3260 Nititur
2887 3205 3223 3261 Tillemontii
3267 3209 3669 3278 argumentatio
3709 3209 3829 3264 loco

2239 3294 2543 3359 Gennadii,
2583 3294 2678 3365 qui
2730 3310 2856 3365 cap.
2888 3294 3005 3350 XLI
3041 3314 3055 3351 :
3109 3315 3128 3348 ι
3166 3296 3458 3352 Petronius
3482 3337 3497 3361 ,
3535 3315 3554 3350 ι
3613 3298 3827 3369 inquit,

2245 3404 2267 3438 ι
2310 3386 2603 3457 scripsisse
2654 3395 2882 3456 putatur
2946 3386 3089 3443 vitas
3142 3395 3362 3458 patrum
3431 3389 3829 3467 monachorum

2238 3478 2488 3552 Aegypti.
2526 3497 2544 3531 ι
2586 3476 2693 3533 Sed
2727 3478 2949 3533 doctum
3001 3478 3181 3533 virum
3237 3493 3458 3535 errasse
3495 3479 3829 3536 dissertatio

2236 3571 2306 3629 de
2356 3574 2467 3627 vita
2505 3570 2770 3639 Petronii,
2804 3585 2949 3642 quae
2992 3570 3107 3625 ΛΑ.
3163 3570 3266 3627 SS.
3300 3571 3441 3626 Boll.
3500 3572 3625 3628 Oct.
3671 3572 3737 3628 Τ.
3780 3573 3829 3628 ιι

2236 3680 2292 3736 p.
2324 3663 2430 3718 422
2459 3679 2581 3734 sqq.
2622 3671 2824 3727 exstat,
2854 3679 2977 3735 pag.
3001 3662 3129 3718 ηε.
3148 3662 3526 3731 429,ι1ἰ1υοίάε
3557 3665 3827 3721 ostendit.

2314 3756 2392 3826 (2)
2430 3754 2492 3811 ln
2543 3755 2735 3811 codice
2781 3770 2885 3810 ms.
2945 3754 3115 3810 11851
3160 3753 3530 3812 Bibliothecae
3580 3755 3832 3829 Burgun-

2237 3845 2394 3903 dicae
2444 3847 2821 3903 Bruxellensis
2870 3845 2994 3902 Sec.
3036 3844 3204 3913 XVII,
3228 3845 3316 3911 4°,
3346 3847 3661 3905 invenimus
3700 3854 3835 3919 Διη-

2235 3932 2469 4005 γνήματα
2515 3934 2651 4003 περὶ
2697 3934 2807 3989 τοῦ
2853 3934 3000 4000 ,ϐίου
3048 3928 3165 3987 τῶν
3196 3933 3381 4004 ἁγίων
3427 3934 3698 4003 πατέρων
3721 3978 3737 4001 ,
3770 3940 3831 3992 in

2237 4041 2470 4096 quorum
2505 4026 2612 4082 ﬁne
2640 4025 2780 4082 haec
2801 4027 2968 4082 verba
3000 4025 3257 4098 leguntur
3294 4044 3307 4080 :
3346 4044 3365 4077 ι
3390 4024 3475 4078 Ea:
3504 4043 3604 4080 ms.
3628 4027 3831 4082 Biblio-

2235 4119 2415 4173 thecae
2443 4121 2786 4191 Augustanae
2819 4119 3043 4184 ταύτας
3071 4121 3180 4184 τὰς
3204 4116 3515 4188 διηγήσεις
3547 4118 3832 4188 descripsit

2234 4209 2339 4279 ﬁde
2394 4226 2499 4281 qua
2555 4210 2735 4264 debuit
2796 4206 3039 4264 Danielis
3059 4207 3279 4263 Doridis
3320 4224 3390 4264 ex
3446 4210 3616 4279 fratre
3663 4228 3831 4281 nepos

2232 4304 2573 4358 Hoescltelius
2609 4304 2759 4357 Anno
2797 4301 2857 4357 S.
2884 4301 2959 4356 Ν.
2991 4301 3129 4357 1664
3156 4319 3334 4358 mense
3356 4301 3646 4359 Januario.
3680 4326 3700 4356 ι
3752 4305 3827 4371 ls,

2232 4395 2325 4463 qui
2350 4394 2594 4449 codicem
2624 4393 2941 4464 descripsit,
2969 4392 3026 4448 in
3052 4394 3347 4451 schedulae
3381 4396 3548 4451 fronti
3590 4397 3831 4469 adgluti-

2232 4490 2394 4536 natae
2433 4497 2556 4553 pag.
2587 4482 2612 4535 1
2646 4482 2855 4537 notavit
2894 4482 3037 4537 haec
3061 4484 3264 4540 verba:
3301 4484 3411 4539 Τοῦ
3454 4502 3676 4556 μακαρ.
3722 4488 3833 4544 καὶ

2230 4573 2558 4644 ἀγιωτὰτου
2590 4576 2939 4631 Παλλαδίου
2966 4576 3305 4632 ἐπισκόπου
3345 4578 3833 4650 Ἑλενουπόλεως

2229 4665 2381 4733 πρὸς
2422 4666 2673 4722 Λαῦσον
2710 4669 3109 4737 πραιπόσιτον
3162 4668 3496 4739 διηγήματα
3531 4674 3666 4742 περὶ
3716 4674 3831 4729 τοῦ

2223 4757 2371 4821 ,ϐίου
2401 4757 2519 4811 τῶν
2540 4756 2726 4828 ἁγίων
2752 4757 3044 4827 πατέρων.
3074 4756 3163 4811 Ea:
3201 4758 3378 4814 codice
3422 4764 3828 4818 membranaeeo

2229 4848 2587 4905 Bibliothecae
2623 4850 2990 4921 Augustanae.
3025 4850 3179 4917 Quod
3213 4852 3270 4906 in
3307 4855 3547 4923 margine
3577 4856 3833 4922 saepius-

2228 4942 2345 4997 cule
2367 4942 2525 4996 huius
2561 4942 2851 5013 apograplti
2901 4944 3267 5011 compendiose
3304 4944 3503 5015 legitur
3532 4958 3835 5002 exaratum

2230 5048 2365 5103 σημ,
2396 5032 2530 5086 nihil
2559 5033 2709 5087 aliud
2754 5042 2832 5089 est
2859 5050 3020 5104 quam
3053 5034 3363 5105 aqpelwaat
3390 5036 3429 5090 i.
3462 5052 3514 5090 e.
3542 5046 3697 5099 nota,
3727 5036 3834 5092 ob-

2226 5140 2410 5189 serva,
2443 5140 2462 5173 ι
2495 5131 2627 5189 etc.,
2665 5140 2790 5196 pag.
2823 5125 2859 5179 2
2887 5126 3123 5181 indicem
3157 5127 3402 5197 capitum
3434 5128 3605 5185 latine
3644 5145 3832 5201 appo—

2226 5218 2357 5273 suit.
2377 5218 2567 5288 Capita
2586 5226 2768 5273 autem
2793 5232 2989 5289 graeca
3012 5219 3159 5275 illius
3180 5219 3303 5274 libri
3324 5220 3400 5274 ita
3419 5234 3479 5276 se
3499 5222 3828 5292 excipiunt:

2228 5310 2270 5365 l.
2308 5310 2446 5379 Περὶ
2484 5309 2764 5366 Ἰωάννου
2797 5309 2903 5364 τοῦ
2931 5312 3004 5365 ἐν
3020 5311 3214 5378 Λυκῷ,
3238 5313 3370 5367 ἐστὶ
3391 5312 3461 5367 δὲ
3491 5314 3669 5381 πόλις
3698 5317 3830 5383 Θη-

2230 5400 2450 5465 ϐαΐδος.
2470 5400 2812 5473 Ἐθεασάμην
2846 5397 2939 5456 οὖν
2975 5405 3160 5467 ἐντοῖς
3189 5404 3358 5475 ὁρίοις
3389 5405 3553 5460 Auxit
3581 5406 3681 5478 τῆς
3706 5407 3832 5479 Θη-

2229 5493 2414 5556 ϐαΐδος
2438 5493 2531 5548 τὸν
2568 5494 2743 5564 μέγαν
2772 5494 2867 5548 ita).
2896 5494 3166 5567 μακάριον
3182 5496 3439 5567 Ἰωάννην
3461 5496 3629 5569 ἄνδρα
3660 5499 3830 5568 ἅγιον

2224 5581 2439 5654 ἀληθῶς
2452 5600 2507 5637 κ.
2519 5601 2570 5637 τ.
2585 5584 2634 5638 λ.
2652 5585 2729 5656 (in
2740 5586 2868 5641 cod.
2885 5603 2940 5657 p.
2960 5586 2984 5640 1
3003 5590 3174 5659 sqq.).
3190 5588 3256 5642 ll.
3273 5590 3412 5658 Περὶ
3428 5591 3698 5659 Ἦρωνος
3711 5593 3829 5649 τοῦ

2224 5675 2508 5743 ἀκριϐοῦς
2529 5677 2627 5730 καὶ
2652 5678 2938 5747 ἐναρέτου
2968 5680 3074 5734 τὸν
3104 5681 3252 5746 ,βίον
3280 5683 3379 5736 καὶ
3421 5683 3824 5751 κενοδόξου...

2225 5766 2474 5835 γειτνιῶν
2498 5786 2589 5840 μοι
2619 5768 3011 5846 Ἀλεξανδρέως
3028 5789 3081 5824 κ.
3106 5789 3156 5826 τ.
3176 5772 3222 5825 λ.
3250 5775 3326 5843 (p.
3344 5773 3414 5828 50
3432 5774 3601 5845 sqq.),
3623 5774 3821 5831 ﬁnitur

2228 5859 2343 5930 μετ’
2358 5860 2542 5929 ὀλίγας
2559 5862 2795 5933 ἡμέρας.
2812 5862 2898 5919 Ill.
2915 5863 3054 5932 Περὶ
3069 5863 3188 5920 τῶν
3206 5864 3700 5937 Ταόεννησιωτῶν
3712 5865 3825 5922 και
