4040 6544
337 330 408 387 33

1874 344 2098 404 VITAE.

3515 372 3588 430 34

333 451 612 516 Valentis
645 456 927 555 Augusti,
962 456 1070 537 qui
1094 475 1262 521 anno
1288 458 1399 521 378
1421 461 1599 537 obiit,
1626 469 1896 545 uterque
1928 473 1969 528 Λ
1999 473 2385 551 transegisse
2408 475 2505 536 vix
2536 476 2934 541 crediderim.
2967 479 3039 541 Id
3068 481 3239 544 enim
3268 500 3347 546 ex
3371 487 3589 555 Ruﬁni

329 554 619 616 ﬂoruerit
654 553 673 633 (
684 555 763 635 1).
799 558 1097 636 Evagrius
1129 560 1196 621 in
1226 560 1672 626 solitudinibus
1710 570 1909 645 Aegy-

2010 570 2313 649 Apologia
2347 575 2770 653 [Invectiva]II
2786 577 2997 657 colligi
3017 587 3251 661 potest,
3276 602 3401 663 qua
3444 588 3593 668 legi.

329 653 423 732 pti
446 653 582 733 ipse
605 655 943 719 solitariam
964 658 1150 720 vitam
1168 659 1366 736 duxit,
1383 669 1441 723 et
1454 661 1730 727 Palladio
1750 674 1906 729 teste
2011 678 2137 730 tur:
2160 696 2185 726 «
2204 673 2487 736 Ceterum
2508 676 2629 739 iste
2653 678 2734 752 [S.
2763 653 3361 764 Hiero'nymus],vqui
3374 686 3441 747 in
3458 653 3587 751 tota

324 754 785 833 quinquaginta
832 762 1104 835 quatuor
1130 764 1332 821 annos
1364 768 1544 824 natus
1588 764 1652 824 in
1682 765 1903 829 solitu-

323 853 477 914 dine
505 855 773 917 animam
806 856 1029 919 eﬁlavit
1066 857 1171 938 (2).
1205 859 1379 922 Unus
1415 880 1491 924 ex
1523 873 1763 945 septem
1796 887 1902 931 so-

2007 773 2130 835 vita
2149 793 2264 836 sua
2290 793 2417 839 non
2438 780 2867 859 totostriginta
2888 782 3026 844 dies
3037 782 3467 861 Alexandriae,
3484 790 3588 855 ubi

2009 884 2144 937 erat
2192 877 2520 957 Didymus,
2573 890 3002 945 commoratus
3067 891 3183 957 est,
3249 903 3368 967 per
3421 894 3588 952 totos

322 953 443 1015 ciis
469 952 606 1029 fuit,
640 955 805 1016 inter
843 974 1006 1037 quos
1031 958 1344 1023 Palladius
1376 969 1438 1024 et
1470 963 1613 1026 libri
1643 969 1907 1031 secundi
2006 996 2211 1057 paene
2258 952 2515 1043 libellos
2562 1000 2717 1044 suos
2761 984 2950 1063 longe
3000 952 3270 1067 lateque‘
3292 1006 3362 1050 se
3400 989 3589 1052 iactat

319 1052 599 1132 scriptor
650 1070 684 1115 e
728 1056 922 1118 Nitria
956 1058 1036 1120 ad
1064 1060 1373 1123 Joannem
1433 1065 1499 1125 in
1521 1067 1691 1147 Lyco
1750 1088 1902 1149 pro-

318 1154 474 1217 fecti
503 1162 647 1217 sunt
680 1156 790 1237 (3).
823 1160 1108 1240 Scriptor
1131 1162 1387 1240 quidem
1423 1164 1541 1227 iste
1570 1170 1902 1248 Evagrium

320 1257 389 1318 in
414 1257 617 1320 Celliis
668 1261 813 1322 vidit
838 1260 964 1342 (4);
1017 1266 1311 1344 Evagrius
1337 1267 1477 1347 ipse
1514 1270 1582 1331 in
1612 1270 1788 1335 libris
1824 1276 1904 1339 ad

318 1358 677 1421 Anatolium
692 1360 961 1425 amicum
978 1365 1227 1446 scriptis
1253 1384 1319 1429 se
1342 1368 1406 1429 in
1428 1371 1606 1432 Scete
1627 1373 1902 1439 residere

319 1461 653 1537 proﬁtetur
724 1462 830 1543 (5).
884 1467 1086 1538 Quum
1140 1470 1441 1547 Evagrius
1501 1473 1703 1539 tribus
1752 1476 1902 1538 solis

318 1558 480 1622 locis
540 1561 622 1641 (6)
678 1564 758 1625 de
807 1566 1091 1629 Macariis
1159 1567 1471 1650 loquatur,
1523 1592 1754 1654 neque,
1822 1578 1900 1639 de

316 1679 601 1741 quonam
666 1666 934 1728 Macario
986 1676 1218 1744 narret,
1285 1673 1519 1753 ubique
1565 1678 1894 1754 addiderit,

2006 1080 2254 1160 Didymi
2273 1081 2542 1144 videntis
2570 1098 2714 1146 esse
2742 1084 3146 1165 discipulum,
3169 1094 3231 1151 et
3253 1098 3581 1168 καθηγητήν,

2003 1180 2070 1243 id
2100 1188 2193 1243 est
2216 1194 2719 1263 praeceptorem,
2747 1186 2814 1249 in
2841 1187 3179 1267 Scripturis
3210 1191 3441 1253 sanctis
3480 1191 3590 1257 ha-

2003 1281 2216 1347 buisse
2246 1283 2602 1361 Didymum.
2638 1287 2713 1346 Et
2735 1287 2943 1348 omnis
2972 1288 3091 1351 ista
3129 1289 3420 1353 iactantia
3453 1310 3585 1357 uno

2003 1399 2220 1445 mense
2247 1385 2526 1463 quaesita
2558 1391 2650 1449 est
2666 1384 2775 1466 (8).
2797 1410 2824 1442 υ
2868 1389 3234 1467 Quanquam
3276 1397 3486 1457 autem
3518 1396 3582 1457 S.

2000 1483 2424 1563 Hieronymus
2473 1485 2889 1550 Alexandriae
2944 1488 3399 1571 aliquantisper
3442 1500 3582 1557 tan-

1999 1592 2131 1647 tum
2151 1587 2483 1667 Didymum
2527 1589 2852 1652 auditurus
2882 1592 3189 1667 consedit,
3219 1598 3453 1669 tamen,
3477 1613 3588 1661 an-
3640 1613 3643 1617 '

2000 1692 2253 1765 tequam
2290 1688 2356 1750 in
2392 1687 2803 1751 Palaestinam
2844 1691 3106 1767 rediret,
3130 1696 3396 1774 Aegypti
3439 1710 3584 1759 mou

312 1762 467 1874 licet
494 1772 694 1883 aetate
724 1769 950 1832 ceteris
970 1772 1317 1846 antecedat,
1362 1781 1423 1835 et
1450 1794 1574 1837 una
1604 1795 1745 1840 cum
1776 1782 1897 1842 Ma-
1928 1830 1969 1883 Β
2001 1762 2271 1848 nasteria
2302 1788 2673 1866 peragravit.
2708 1790 2851 1867 Ipse
2882 1789 3050 1851 enim
3087 1762 3339 1854 scribit:
3368 1817 3393 1847 α
3414 1794 3581 1857 Con-

311 1865 503 1926 cariis
529 1866 594 1928 in
622 1866 746 1929 illis
784 1870 1152 1947 regionibus
1198 1873 1303 1943 33
1354 1876 1580 1938 eodem
1608 1888 1895 1959 tempore
1928 1865 1969 1883 ”
1999 1886 2174 1946 tendi
2215 1890 2592 1966 Aegyptum,
2634 1865 2891 1949 lustravi
2928 1890 3307 1954 monasteria
3344 1892 3579 1956 Nitriae

310 1965 559 2040 vixerit,
581 1974 726 2047 post
754 1969 1102 2031 Palladium
1128 1978 1189 2033 et
1210 1974 1510 2038 Ruﬁnum
1543 1984 1764 2041 testem
1791 1998 1896 2043 au-

311 2065 434 2126 diri
461 2083 607 2128 eum
640 2074 1142 2132 consentaneum
1172 2073 1440 2136 videtur.

393 2187 420 2258 §
462 2182 497 2244 8
527 2184 828 2246 Venimus
856 2185 935 2248 ad
963 2186 1026 2246 S.
1074 2187 1553 2267 Hieronymum.
1604 2193 1718 2265 Qui
1766 2212 1894 2259 non

313 2283 434 2344 nisi
467 2284 676 2347 oblata
729 2285 1064 2349 occasione
1103 2287 1435 2369 obiterque
1486 2290 1565 2352 de
1612 2296 1893 2357 Macariis

315 2380 617 2462 loquitur,
649 2384 760 2445 sed
788 2403 976 2447 unam
999 2386 1185 2449 nobis
1214 2388 1640 2452 ditﬁcultatem
1673 2393 1748 2453 de
1771 2396 1894 2457 Ma-

312 2484 793 2563 carioquodam
836 2486 1050 2549 obiicit
1075 2488 1179 2567 (7),
1222 2506 1411 2567 quam
1451 2509 1567 2554 suo
1610 2493 1752 2556 loco
1787 2514 1892 2558 ex-

308 2585 665 2664 pediemus.
689 2587 952 2649 Multum
982 2591 1289 2669 temporis
1318 2591 1380 2652 in
1400 2596 1684 2674 Aegypto
1712 2597 1889 2661 illum

307 2754 383 2808 τὰ
419 2755 553 2823 περὶ
581 2754 687 2809 τὸν
717 2756 888 2827 ἅγιον
920 2758 1256 2829 Παχώμιον.
1280 2762 1618 2833 Ταϐἐννησίς
1652 2766 1769 2818 ἐστι
1798 2766 1890 2818 τό-

300 2861 409 2909 πος
435 2848 493 2898 ὲν
515 2850 580 2917 τῇ
603 2848 823 2918 Θηϐαΐδι
854 2867 906 2902 κ.
944 2867 997 2905 τ.
1024 2852 1073 2904 λ.
1106 2855 1182 2923 (p.
1222 2854 1293 2908 '53
1330 2857 1501 2924 sqq.),
1538 2856 1661 2910 ﬁnis
1690 2876 1701 2911 :
1737 2858 1889 2909 ἀκοι-

300 2939 575 3008 νωνὴτους
622 2942 875 3008 ποιήσας.
926 2941 1014 2996 IV.
1064 2944 1205 3011 Περὶ
1250 2944 1361 3013 τῆς
1408 2948 1888 3018 ὑποκρινομὲνης

292 3030 532 3097 μωρίαν
557 3031 878 3099 παρθένου.
928 3034 1019 3087 Ἐν
1052 3034 1227 3106 τούτῳ
1267 3036 1345 3107 τῷ
1376 3040 1722 3111 μοναστηρίῳ
1749 3058 1887 3110 παρ-

1996 1990 2059 2047 et
2084 1984 2249 2047 inter
2276 1986 2649 2048 Sanctorum
2674 1986 2905 2050 choros
2925 1989 3178 2068 aspides
3208 1989 3401 2055 latere
3424 2010 3576 2073 per-

1996 2085 2175 2164 spexi
2202 2085 2311 2166 (9),
2341 2108 2369 2141 n
2404 2086 2786 2163 Origenistas
2816 2088 3200 2167 intelligens,
3235 2092 3468 2170 quibus
3492 2092 3583 2157 fa-

1995 2184 2745 2262 vebatRuﬁnus.Singula
2766 2186 2976 2264 igitur,
3002 2205 3164 2267 quae
3196 2206 3310 2267 per
3328 2191 3392 2251 S.
3423 2191 3579 2259 Hie-

1998 2286 2250 2363 ronymi
2292 2301 2487 2364 Opera
2525 2303 2746 2366 Sparsa
2799 2286 2878 2348 de
2929 2289 3210 2351 Macariis
3256 2291 3576 2369 leguntur,

2000 2392 2147 2466 post
2171 2387 2409 2465 Evagrii
2434 2388 2572 2450 loca
2603 2387 3112 2451 diiudicabimus.

2002 2576 2009 2581 ς
2081 2505 2131 2577 §.
2167 2501 2223 2563 9.
2269 2503 2537 2564 Ultimus
2567 2519 2634 2564 se
2665 2502 2850 2565 nobis
2894 2503 3079 2565 offert
3116 2504 3466 2569 Cassianus.
3514 2509 3577 2571 Is

1997 2608 2265 2665 exeunte
2301 2602 2552 2665 saeculo
2603 2609 2850 2684 quarto,
2881 2622 3078 2685 quum
3103 2605 3346 2670 iuvenis
3384 2615 3571 2684 esset,

1990 2769 2262 2841 ⁸τήσιασίὶοιι
2296 2768 2425 2839 περ).
2452 2767 2545 2820 τοῦ
2577 2768 2787 2821 παιδίου
2826 2768 3077 2841 Μελάνης
3104 2787 3159 2824 κ.
3193 2788 3244 2825 τ.
3278 2770 3329 2826 λ.
3355 2772 3432 2845 (p.
3466 2774 3573 2831 105

1989 2862 2157 2930 sqq.),
2192 2860 2316 2915 ﬁnis
2352 2878 2363 2913 :
2396 2861 2489 2912 καὶ
2520 2860 2805 2931 παρθένων
2830 2859 2923 2913 καὶ
2956 2860 3230 2917 δουλίδων.
3262 2862 3403 2919 XIV.
3424 2866 3571 2935 Περὶ

1988 2951 2312 3005 Πιννιανοῦ
2334 2950 2442 3003 τοῦ
2471 2950 2692 3018 ἀνδρὸς
2713 2949 2918 3019 αὐτῆς.
2962 2952 3190 3023 Ὁμοίως
3216 2954 3309 3008 καὶ
3347 2957 3570 3012 Πιννια-

1987 3044 2076 3107 νὸς
2109 3045 2138 3097 ὁ
2168 3042 2289 3096 τότε
2326 3043 2466 3115 ἀνὴρ
2497 3044 2692 3114 αὐτῆς,
2724 3042 2817 3097 νῦν
2844 3044 2902 3097 δὲ
2938 3048 3038 3117 τῆς
3080 3047 3279 3119 ἀρετῆς
3310 3047 3569 3120 σύνεργος

300 3120 459 3184 θένος
490 3138 573 3185 τις
599 3118 668 3193 ἦν
704 3140 759 3176 κ.
804 3142 855 3177 τ.
904 3123 953 3178 λ.
1001 3128 1079 3195 (p.
1115 3128 1185 3181 40
1223 3128 1394 3198 sqq.),
1434 3130 1562 3213 iﬁnis
1598 3148 1612 3184 :
1648 3132 1741 3183 καὶ
1779 3131 1879 3186 ὑπὸ

1991 3154 2040 3190 κ.
2071 3154 2121 3190 τ.
2147 3136 2196 3189 λ.
2218 3137 2293 3206 (p.
2323 3136 2469 3206 109),
2498 3136 2621 3191 ﬁnis
2645 3156 2658 3191 :
2689 3137 2872 3209 ἔργοις
2898 3139 2994 3210 τῆς
3015 3140 3245 3211 ἀρίστης
3267 3118 3563 3204 πολιτέίας.

294 3212 412 3265 τῶν
436 3214 692 3267 πλειόνων
712 3216 1124 3288 μυσαττομένη.
1154 3217 1219 3273 V.
1248 3220 1388 3287 Περὶ
1410 3212 1709 3290 Πιτηρούμ
1736 3220 1882 3293 [ﬁnis
1924 3212 1951 3215 ’ί
1988 3227 2104 3282 XV.
2136 3228 2275 3296 Περὶ
2312 3226 2423 3297 τῆς
2449 3229 2902 3299 ὑποδεξαμένης
2929 3230 3228 3299 παρθένου
3253 3232 3360 3287 τὸν
3376 3236 3566 3303 μακά-

296 3304 467 3361 huius
508 3307 747 3363 nominis
791 3308 849 3363 in
896 3308 1085 3364 codice
1126 3310 1271 3366 lectu
1310 3310 1544 3368 difﬁcilis
1579 3312 1707 3385 est].
1746 3314 1881 3384 Περὶ

293 3396 505 3468 ταύτης
536 3397 634 3468 τῆς
670 3397 824 3463 ὁσίας
861 3399 941 3470 τῷ
980 3400 1121 3471 ἁγίῳ
1149 3401 1436 3472 Πιτηροὺμ
1464 3401 1690 3474 [nomen
1738 3404 1879 3460 lectu

295 3487 518 3544 diﬁicile
556 3489 664 3561 est]
700 3490 945 3562 παρέστη
979 3490 1207 3560 ἅγγελος
1234 3509 1287 3547 κ.
1322 3509 1372 3546 τ.
1409 3493 1458 3546 λ.
1500 3495 1577 3564 (p.
1608 3496 1677 3550 42
1705 3496 1874 3567 sqq.),

297 3580 489 3633 linitur
508 3599 520 3633 :
542 3582 668 3650 περ).
686 3580 786 3650 τῆς
813 3582 1065 3650 γενναίας
1085 3583 1282 3653 ταύτης
1304 3586 1601 3655 μακαρίας.
1628 3585 1716 3641 VI.
1735 3587 1876 3655 Περὶ

293 3672 553 3743 Διδύμου
570 3673 677 3728 τοῦ
692 3673 810 3728 ἀπὸ
835 3673 1113 3744 ὀμμάτων
1127 3675 1227 3729 καὶ
1246 3676 1550 3746 ἑρμηνέως
1568 3679 1687 3732 τῶν·
1703 3680 1878 3735 θείων

276 3762 560 3832 Γραφῶν,
598 3782 652 3817 κ.
698 3782 750 3818 τ.
805 3764 855 3817 λ.
901 3763 978 3835 (p.
1032 3765 1103 3820 45
1159 3766 1337 3838 sqq.),
1381 3767 1609 3823 ﬁnitur:
1641 3771 1734 3825 καὶ
1777 3770 1874 3842 τὴν

289 3855 585 3927 ἑϐδομάδα,
606 3858 699 3912 καὶ
720 3859 948 3932 εὓρηται
970 3860 1160 3925 οὕτως.
1178 3859 1293 3916 VII.
1310 3862 1450 3932 Περὶ
1470 3866 1868 3934 Παφνουτίου.

289 3949 408 4019 Mucii
451 3948 562 4002 τῶν
604 3952 828 4022 ἡμερῶν
860 3953 1254 4024 συνδραμόντος
1301 3956 1396 4009 καὶ
1443 3958 1780 4027 Παφνουτίου
1811 3976 1867 4013 κ.

284 4056 338 4092 τ.
370 4038 422 4091 λ.
458 4050 535 4111 (p.
568 4040 635 4094 47
683 4044 861 4113 sqq.),
896 4043 1083 4098 ﬁnitur
1114 4064 1128 4100 :
1169 4047 1293 4110 τοὺς
1340 4045 1667 4115 ἀλλοφύλους
1699 4051 1778 4113 είς
1809 4050 1871 4103 τὺ

285 4129 413 4199 ὅρος
444 4131 539 4184 τοῦ
570 4130 756 4187 δουκᾶ.
782 4132 917 4188 VIII.
944 4136 1082 4204 Περὶ
1116 4137 1222 4191 τοῦ
1246 4138 1441 4192 ἄλλου
1466 4142 1865 4208 Παφνουτίου.

298 4217 676 4290 Ἐθεασάμεθα
722 4221 781 4275 δὲ
832 4225 925 4277 καὶ
956 4224 1047 4278 τὸν
1080 4224 1241 4277 τόπον
1280 4225 1616 4293 Παφνουτίου
1641 4244 1693 4280 κ.
1723 4245 1777 4281 τ.
1812 4228 1863 4281 λ.

285 4310 364 4379 (p.
398 4312 469 4366 56
502 4316 672 4384 sqq.),
703 4316 827 4370 linis
848 4325 934 4371 est
964 4334 979 4372 :
1017 4317 1113 4371 καὶ
1139 4317 1389 4386 ἀγγέλων
1416 4319 1866 4391 ἀναλαμϐανόμε-

283 4420 374 4456 νον
407 4405 721 4474 ὑμνούντων
749 4407 842 4461 τὸν
862 4409 1013 4465 Θεὸν.
1044 4408 1133 4464 ΙΧ.
1160 4410 1298 4478 Περὶ
1321 4411 1427 4465 τοῦ
1449 4411 1519 4468 ἐν
1548 4413 1740 4483 ἁγίοις
1767 4414 1864 4473 καὶ

274 4493 546 4563 μεγάλου
575 4496 793 4564 πατρὸς
828 4498 1109 4555 Ἀπολλῶ.
1144 4498 1519 4572 Ἐθεασάμεθα
1539 4501 1599 4555 δὲ
1628 4501 1719 4556 καὶ
1744 4502 1862 4556 ἓτε-
1894 4522 1938 4577 ο

280 4601 374 4655 ρον
423 4586 594 4657 ἄνδρα
648 4588 800 4657 ἆγιον
849 4606 902 4644 κ,
940 4607 993 4644 τ.
1024 4590 1074 4645 λ.
1105 4592 1185 4660 (p.
1221 4592 1290 4646 65
1320 4593 1490 4663 sqq.),
1527 4591 1861 4647 ﬁnitnrz'le-

281 4681 566 4753 ρουσαλὴμ
600 4683 778 4748 πάσας
831 4685 929 4747 τὰς
970 4684 1181 4756 ἡμέρας
1235 4686 1331 4757 τῆς
1387 4685 1532 4757 ζωῆς
1584 4686 1857 4756 ὐμῶνοΧ.

275 4774 416 4841 Περὶ
456 4773 565 4828 τοῦ
601 4775 671 4829 ἐν
711 4776 899 4845 ἁγίοις
935 4777 1160 4845 Κόπρη,
1201 4778 1270 4831 ἑν
1308 4772 1398 4844 οἷς
1444 4779 1541 4833 καὶ
1580 4781 1712 4849 περὶ
1753 4780 1861 4835 τοῦ

270 4864 542 4935 μεγάλου
570 4869 791 4935 πατρὸς
821 4870 1280 4937 Πατερμουθίου.
1304 4865 1411 4923 Ἦν
1431 4870 1489 4923 δέ
1510 4889 1595 4933 τις
1620 4871 1858 4943 πρεσϐύ-

273 4971 430 5024 τερος
459 4955 599 5025 ἔχων
633 4956 860 5027 πλησίον
891 4959 1006 5011 ἐκεῖ
1034 4977 1088 5012 κ.
1115 4976 1163 5011 τ.
1196 4958 1245 5011 λ.
1284 4962 1361 5028 (p.
1403 4959 1472 5014 85
1501 4964 1667 5030 sqq.),
1694 4962 1853 5017 ﬁnis:

272 5045 374 5115 τὴν
404 5046 515 5099 τῶν
540 5046 782 5116 ἁδελερῶν
825 5050 1147 5105 ἀνάπαυσιν.
1174 5048 1267 5104 XI.
1294 5050 1435 5118 Περὶ
1476 5049 1584 5119 τῆς
1616 5052 1856 5122 ἀειμνή-

273 5150 425 5189 στου
474 5138 571 5192 καὶ
600 5141 898 5208 μακαρίας
950 5140 1249 5209 Μελάνης.
1311 5141 1377 5194 Ἥ
1427 5143 1546 5213 τρὶς
1608 5146 1854 5217 μακαρία

1979 3340 2116 3391 ριον
2172 3322 2547 3377 Ἀθανάσιον.
2613 3322 2889 3394 Παρθένον
2943 3320 3059 3378 οἶδα
3107 3324 3209 3396 τὴν
3268 3326 3329 3380 ὲν
3384 3327 3567 3393 Ἀλεξ·

1984 3415 2224 3487 ανδρείᾳ,
2254 3418 2324 3486 ἢν
2359 3414 2660 3487 κατείληφα
2697 3433 2751 3470 κ.
2784 3433 2834 3469 τ.
2870 3414 2921 3470 λ.
2959 3418 3035 3488 (p.
3070 3416 3173 3471 109
3195 3418 3365 3488 sqq.),
3402 3419 3559 3475 ﬁnis:

1984 3509 2065 3570 εἰς
2096 3509 2193 3579 τὴν
2232 3509 2369 3580 ἐμὴν
2412 3509 2571 3575 δόξαν
2615 3510 2710 3564 καὶ
2752 3509 3071 3578 ἀσφάλειαν.
3102 3509 3243 3565 XIV.
3278 3512 3564 3581 Διήγησις

1997 3600 2349 3656 Ἱππολύτου
2395 3601 2501 3655 τοῦ
2559 3601 2853 3671 γνωρίμου
2904 3600 3024 3655 τῶν
3057 3604 3437 3659 ἀποστόλων.
3471 3603 3578 3656 ’le-

1980 3692 2125 3763 ἄλλῳ
2181 3692 2492 3765 βιϐλιδαρίῳ
2542 3693 2687 3765 [cod.
2738 3694 3161 3767 βιϐλιοδαρίῳ]
3217 3695 3557 3767 ἐπιγεγραμ-

1982 3784 2129 3857 μένῳ
2167 3785 2485 3840 Ἱππολύτου
2521 3805 2575 3842 κ.
2608 3804 2660 3841 τ.
2694 3786 2744 3841 λ.
2790 3786 2865 3858 (p.
2902 3786 3004 3842 “2
3042 3787 3211 3860 sqq.),
3248 3788 3413 3844 ﬁnis:
3451 3806 3558 3860 μα-

1978 3876 2186 3948 καρίων
2234 3877 2511 3945 στεφάνων
2559 3878 2712 3949 παρὰ
2756 3878 2858 3948 τῆς
2909 3877 3100 3933 τούτου
3146 3877 3557 3949 φιλανθρωπίας

1977 3967 2204 4038 ἠξιώθη.
2232 3968 2417 4038 Itaque
2442 3969 2546 4024 hoc
2582 3985 2721 4038 opus
2751 3986 2859 4024 non
2895 3979 3005 4025 tam
3036 3971 3177 4026 libro
3212 3971 3556 4027 collectionis

1978 4058 2395 4115 Roswcidianae
2433 4061 2677 4117 secundo
2720 4070 3037 4127 cognatum,
3067 4076 3282 4132 quame
3318 4063 3554 4133 singulis

1975 4152 2245 4221 capitibus
2273 4150 2550 4209 Historiae
2580 4152 2884 4211 Lausiacae
2921 4153 3289 4223 compositum
3322 4167 3447 4209 esse
3469 4153 3554 4209 in-

1973 4242 2255 4312 telligitur.

2042 4335 2117 4405 (t)
2154 4335 2295 4391 Hist.
2320 4334 2528 4391 Eccles.
2554 4335 2647 4391 lib.
2676 4335 2746 4392 lY
2771 4350 2891 4408 cap.
2913 4335 2986 4391 23
3008 4334 3096 4391 ed.
3128 4332 3380 4390 Valesius
3398 4332 3542 4403 ﬂag.

1969 4427 2107 4481 I677
2142 4443 2195 4497 p.
2218 4428 2344 4483 αδδ.

2038 4520 2115 4591 (2)
2146 4518 2287 4578 Hist.
2315 4521 2482 4579 Laus.
2513 4537 2637 4594 cap.
2664 4522 2734 4578 88
2768 4522 2906 4593 Opp.
2941 4522 3143 4579 Meurs.
3166 4524 3205 4579 ι.
3244 4524 3282 4578 l.
3322 4539 3374 4596 p.
3412 4524 3538 4581 διν.

2038 4614 2117 4683 (3)
2153 4615 2229 4669 De
2257 4614 2360 4668 hac
2394 4630 2451 4669 re
2474 4630 2641 4685 supra
2671 4631 2725 4684 p.
2745 4615 2811 4669 ‘21
2846 4614 3269 4684 disputavimus.

2034 4706 2112 4772 (4)
2152 4704 2268 4759 VV.
2306 4705 2411 4760 PP.
2438 4705 2624 4762 Rosw.
2660 4707 2756 4762 lib.
2792 4706 2833 4764 ll
2861 4723 2981 4777 cap.
3014 4708 3082 4762 27
3114 4725 3167 4778 p.
3197 4708 3397 4776 479,1.

2030 4798 2107 4868 (5)
2149 4798 2399 4854 Galland.
2434 4798 2551 4855 Bibl
2610 4798 2711 4855 PP.
2736 4798 2799 4855 T.
2826 4799 2917 4855 vn
2942 4816 2997 4873 p.
3026 4800 3153 4857 555.

2030 4889 2106 4957 (ti)
2151 4889 2285 4943 Ibid.
2312 4906 2365 4959 ρ.
2409 4890 2533 4944 561.
2564 4890 2689 4946 565.

2032 4980 2108 5049 (7)
2136 4983 2190 5035 In
2225 4983 2330 5039 vita
2356 4980 2412 5037 S.
2448 4982 2599 5036 Pauli
2630 4983 2912 5049 ercmitae,
2950 4984 3007 5038 S.
3032 4982 3257 5038 Ilieron.
3280 4981 3418 5052 Opp.
3443 4983 3532 5041 ed.

1954 5070 2155 5127 Bened.
2188 5072 2249 5127 Τ.
2275 5073 2361 5127 IV.
2391 5074 2452 5127 P.
2480 5072 2522 5126 ll
2545 5089 2599 5143 p.
2631 5073 2722 5128 69.

2026 5162 2102 5233 (8)
2133 5162 2313 5217 Ruﬁni
2339 5163 2600 5234 Apologia
2628 5161 2947 5235 [Invectiva]
2984 5163 3035 5216 in
3063 5161 3117 5216 S.
3143 5161 3530 5232 Hieronymum

270 5229 495 5300 Μελάνη
524 5232 710 5303 Σπάνη
736 5227 802 5304 ἦν
837 5251 890 5286 κ.
914 5250 964 5287 τ.
995 5234 1043 5287 λ.
1064 5235 1140 5303 (p.
1161 5234 1229 5289 98
1245 5235 1412 5307 sqq.),
1440 5236 1625 5290 ﬁnitur
1649 5256 1662 5291 :
1694 5237 1854 5291 ὲνἹε-

1995 5227 2045 5308 ὴ.
2082 5227 2124 5307 Il
2162 5269 2283 5324 cap.
2313 5227 2402 5322 12,
2420 5227 2557 5327 Opp.
2594 5227 2682 5312 ed.
2724 5227 2957 5310 Vallarsi
2991 5273 3043 5325 p.
3077 5256 3205 5319 ⁸567,
3236 5227 3413 5324 Migiie
3436 5255 3529 5307 Pa-

274 5321 558 5394 ρουσαλὴμ
594 5324 789 5395 ἔχουσα
824 5325 1069 5379 συνοδίαν
1091 5327 1394 5399 παρθένων.
1419 5327 1534 5383 XII.
1565 5331 1693 5383 Ἔτι
1715 5333 1848 5399 περὶ

1991 5347 2074 5401 'ol.
2110 5346 2173 5399 T.
2199 5321 2320 5401 XXI
2351 5366 2404 5419 p.
2431 5321 2572 5416 δίης
2635 5347 2693 5403 S.
2742 5349 2967 5403 llieron.
2994 5321 3143 5419 Opp.
3189 5347 3278 5403 cd.
3315 5321 3526 5403 'Bened.

268 5412 379 5481 τῆς
397 5414 669 5483 μειύλης
698 5416 793 5470 καὶ
814 5417 988 5488 ἁγίας
1011 5417 1294 5487 Μελάνης
1316 5422 1498 5490 λόγος
1525 5420 1722 5490 ἕτερος
1741 5424 1849 5477 τοῦ
1949 5439 1986 5492 1.
2024 5439 2060 5492 1.
2090 5454 2141 5509 p.
2166 5439 2287 5493 422.

268 5504 476 5558 αὐτοῦ.
514 5505 649 5576 Περὶ
693 5507 789 5576 τῆς
838 5506 1145 5577 Θαυμασίοις
1195 5508 1286 5561 καὶ
1314 5510 1477 5578 ἁγίας
1528 5513 1587 5564 ὲν
1632 5511 1847 5579 γυναιξὶ

268 5596 522 5666 Malim;
558 5614 608 5652 κ.
653 5616 705 5653 τ.
746 5599 797 5653 λ.
832 5598 907 5669 (p.
947 5600 1050 5653 100
1083 5600 1222 5670 sq.),
1255 5601 1719 5675 ﬁniturﬁnpaxm
1750 5622 1846 5674 με-

2019 5529 2095 5598 (9)
2124 5530 2279 5601 Apol.
2312 5532 2438 5587 adv.
2463 5531 2721 5588 Ruﬁnum
2752 5532 2848 5587 lib.
2881 5532 2969 5596 111,
3015 5531 3072 5585 S.
3113 5530 3337 5586 Hieron.
3384 5528 3522 5600 Opp.

1946 5620 2033 5675 ed.
2066 5622 2263 5678 Bened.
2290 5624 2324 5678 1.
2359 5626 2396 5678 1.
2430 5640 2482 5695 p.
2520 5624 2624 5680 459
2646 5641 2729 5695 sq.
2768 5625 2841 5680 De
2876 5626 3069 5679 itinere
3105 5624 3161 5676 S.
3213 5622 3525 5691 Hieronymi

267 5690 601 5742 τανοούντων
641 5688 737 5759 ὀψὲ
793 5690 889 5743 to?)
942 5690 1154 5763 καιροῦ.
1190 5690 1326 5745 XIII.
1378 5695 1516 5761 Περὶ
1562 5694 1842 5763 Melnd

1991 5733 2000 5769 ι
2040 5717 2281 5785 Aegypto
2315 5717 2387 5772 cf.
2504 5688 2727 5774 Hieron.
2758 5722 2896 5790 Opp.
2930 5717 3017 5775 ed.
3047 5715 3224 5788 Migne
3251 5714 3314 5770 Τ.
3356 5688 3520 5785 lii’a-

267 5779 373 5848 τῆς
401 5778 717 5847 νεωτέρας.
742 5782 894 5835 Ἐπεὶ
921 5784 977 5837 δὲ
999 5785 1422 5858 προϋπεσχὸμην
1446 5786 1705 5858 ἀνωτέρω
1726 5786 1838 5858 διη·

586 5897 833 5957 Ριτιιοι.
903 5899 1019 5961 Gn.
1070 5902 1185 5960 ΧΧ
1202 5901 1359 5961 XIV.

1944 5807 2070 5862 trol.
2106 5806 2272 5880 XXII]
2297 5825 2347 5880 p.
2377 5810 2447 5865 60
2479 5826 2602 5881 sqq.

3167 5902 3211 5965 2
