4040 6554
454 370 529 434 85
1308 364 1411 423 SS.
1450 359 1919 422 MACARIORUM
1940 354 2261 417 AEGYPTII
2300 355 2389 414 ET
2430 352 2905 413 ALEXANDRINI
3669 340 3738 397 36

459 509 541 558 ex
564 490 881 557 coenobio
908 487 1437 551 Bethlehemitico
1476 486 1542 546 in
1574 487 1926 562 Aegyptum
1942 497 2052 541 ve-
2089 489 2133 542 A
2162 479 2477 554 referant,
2495 493 2657 557 quae
2680 474 2848 555 apud
2878 478 3167 535 auctores
3194 459 3475 532 Macariis
3508 484 3748 547 aequa-

458 595 629 658 uisse
655 593 903 658 videtur
933 590 1047 675 (1),
1091 597 1152 653 et
1180 591 1247 652 in
1286 587 1420 649 sola
1462 584 1800 647 Thebaidis
1841 598 2055 645 eremo

459 696 865 777 septennium
903 693 1179 775 explevit
1216 692 1340 774 (2);
1372 688 1543 751 unde
1588 685 1884 763 colligere
1912 682 2059 745 licet

460 798 631 861 haud
665 798 963 875 exiguum
994 792 1301 874 temporis
1331 788 1601 870 spatium
1637 784 1920 862 reliquae
1949 799 2061 863 pe-

464 895 1112 977 regrinationi—nam
1134 889 1401 953 multum
1424 882 1860 967 peregrinatus
1879 886 2060 941 est—-

463 996 674 1077 ipsum
710 991 1120 1073 impendisse.
1152 991 1456 1049 Neutrum
1505 980 1916 1044 Macariorum
1961 995 2065 1039 sus

465 1074 791 1175 perstitem
824 1088 1087 1163 invenit,
1117 1085 1252 1160 sed,
1297 1099 1461 1165 quae
1490 1081 1559 1142 in
1614 1074 2062 1139 Collationibus

466 1195 720 1257 Patrum
756 1190 835 1251 de
862 1190 941 1252 iis
976 1188 1189 1261 refert,
1229 1204 1307 1248 ex
1361 1182 1471 1256 34
1527 1198 1638 1243 ore
1699 1176 2063 1257 Serapionis

467 1290 659 1359 senis,
691 1294 751 1350 et
779 1287 1144 1358 Nesterotis,
1179 1279 1596 1362 antiquissimi
1618 1275 2058 1347 anachoretae,

468 1390 716 1471 accepit
766 1385 1309 1471 (3).Nihilominus
1351 1381 1494 1445 libri
1523 1376 1796 1441 Cassiani
1829 1375 1908 1437 ad
1963 1389 2066 1436 co-

471 1489 900 1569 gnoscendam
922 1484 1202 1548 indolem
1234 1490 1296 1546 et
1315 1479 1713 1559 disciplinam
1758 1473 2066 1538 solitario—

470 1592 793 1655 rumillius
814 1588 1118 1671 temporis
1139 1584 1353 1663 magni
1374 1581 1560 1662 pretii
1582 1585 1729 1640 sunt
1764 1583 1827 1640 et
1868 1576 1951 1638 ob
1971 1575 2067 1636 in-

473 1691 824 1770 tegritatem
859 1685 1182 1766 scriptoris
1214 1691 1275 1744 et
1303 1681 1385 1742 ob
1408 1677 1711 1760 prudens,
1744 1691 1871 1755 quo
1919 1689 2066 1734 eum

471 1791 781 1854 excellere
822 1788 1114 1859 arbitror,
1162 1782 1492 1844 iudicium.

554 1897 582 1968 §
635 1891 730 1953 10.
789 1885 1309 1952 Commemoratis
1356 1886 1688 1943 auctorum
1717 1926 1732 1952 ,
1765 1876 1875 1956 qui
1920 1891 2065 1937 cum

471 1991 755 2053 Macariis
780 1990 1092 2060 vixerunt,
1141 1989 1249 2046 aut
1289 1983 1368 2043 ab
1430 1996 1651 2042 eorum
1698 1973 2069 2055 aequalibus

474 2093 554 2155 de
578 2093 655 2155 iis
693 2090 902 2153 edocti
931 2094 1100 2161 sunt,
1126 2084 1377 2165 scriptis
1418 2087 1630 2153 restat,
1664 2086 1731 2140 ut
1770 2078 1851 2139 de
1896 2082 2066 2139 cete-

474 2196 561 2256 ris
591 2193 893 2265 fontibus,
920 2205 1194 2270 quorum
1235 2192 1527 2248 auctores
1554 2189 1616 2244 et
1647 2186 1916 2242 aetatem
1952 2193 2068 2238 ne-

474 2297 728 2367 scimus,
763 2308 1166 2374 quaeramus.
1211 2291 1284 2349 In
1348 2286 1446 2349 his
1500 2280 1879 2347 numerandi
1928 2284 2075 2341 sunt

474 2395 946 2459 Rosweidianae
1004 2388 1395 2454 collectionis
1451 2385 1674 2447 tertius
1734 2381 1843 2461 (ῐι),
1889 2378 2075 2458 quin-

474 2504 577 2559 tus
607 2497 716 2575 (5),
739 2502 951 2557 sextus
974 2490 1053 2573 (6)
1079 2498 1139 2555 et
1163 2488 1470 2569 septimus
1493 2482 1573 2565 ('7)
1607 2483 1767 2543 liber
1793 2478 2071 2549 VV.PP.,

475 2605 668 2677 atque
700 2596 860 2658 liber
915 2591 1372 2656 sententiarum
1433 2593 1683 2668 patrum
1728 2579 2075 2659 Aegyptio-

478 2714 625 2759 rum
668 2695 776 2777 (8).
811 2695 927 2766 Qui
961 2692 1219 2772 quidem
1247 2687 1390 2749 libri
1420 2685 1799 2765 quibusnam
1837 2677 2078 2758 graecis

479 2796 889 2878 scriptoribus
912 2810 1137 2854 -—nam
1163 2789 1453 2872 primitus
1495 2800 1716 2864 graece
1741 2778 2079 2860 compositi

478 2896 1123 2974 fuerunt—originem
1141 2892 1435 2962 debeant,
1457 2888 1843 2965 ignoramus,
1860 2899 1931 2943 ac
1946 2880 2078 2943 sola

481 2999 823 3062 latinorum
858 2998 1279 3073 interpretum
1310 2988 1569 3051 nomina
1625 2984 1877 3063 cognita
1906 2988 2074 3055 sunt,

483 3119 563 3162 ex
633 3100 864 3181 quibus
924 3098 1079 3158 istos
1136 3110 1395 3174 quoque
1442 3086 1893 3168 antiquissimis
1952 3083 2081 3145 illis

2158 580 2251 642 les
2274 597 2401 641 non
2436 579 2752 657 leguntur,
2787 580 2849 636 et
2890 573 3157 634 fortasse
3187 588 3264 632 ex
3303 570 3551 651 scriptis
3607 576 3753 629 sunt

2160 681 2514 759 desumpta,
2559 694 2723 757 quae
2778 680 3045 736 aetatem
3092 673 3506 735 Macariorum
3559 671 3751 733 attin-

2161 781 2467 860 gunt.35
2500 778 2684 839 Liber
2732 778 2991 855 quartus
3041 770 3510 833 Rosweidianae
3555 766 3755 833 colle-

2162 879 2386 943 ctionis
2438 890 2627 957 snpra
2682 873 2848 936 haud
2889 870 3355 942 nominabatur,
3403 867 3572 948 quod
3621 883 3754 928 non

2162 981 2282 1042 nisi
2318 977 2635 1057 excerptis
2667 973 2916 1054 Sulpitii
2947 971 3161 1032 Severi
3200 978 3262 1031 et
3298 969 3569 1030 Cassiani
3595 967 3756 1030 locis

2163 1087 2428 1154 constat,
2462 1079 2574 1159 qui
2610 1076 2837 1139 melius
2865 1076 2930 1135 in
2963 1073 3166 1154 plenis
3200 1088 3419 1133 eorum
3450 1069 3627 1130 libris
3658 1068 3752 1129 le-

2165 1189 2421 1263 guntur,
2454 1187 2515 1243 et
2544 1179 2621 1242 ad
2653 1177 3052 1259 superiorum
3085 1174 3461 1254 scriptorum
3492 1170 3757 1231 classem

2165 1285 2506 1367 pertinent.
2530 1283 2750 1360 Neque
2787 1276 3091 1356 Sulpitius
3125 1276 3391 1335 Severus
3439 1271 3517 1333 de
3547 1273 3757 1331 Maca—

2164 1385 2273 1447 riis
2307 1398 2605 1463 expresse
2633 1379 2883 1460 uspiam
2905 1376 3207 1455 loquitur.
3250 1373 3438 1433 Libro
3470 1387 3642 1432 nono
3696 1376 3761 1431 et

2166 1486 2414 1549 decimo
2440 1485 2566 1545 VV.
2596 1484 2716 1544 PP.
2739 1478 3211 1543 Rosweidianae
3243 1472 3636 1537 collectionis
3668 1471 3765 1532 ni-

2167 1588 2255 1649 hil
2300 1589 2377 1650 de
2406 1584 2690 1649 Macariis
2722 1582 3101 1646 continetur.
3140 1581 3268 1640 Iam
3300 1594 3451 1638 vero
3478 1572 3650 1654 quod
3680 1572 3761 1635 ad

2167 1691 2398 1754 librum
2430 1689 2680 1751 tertium
2712 1692 2774 1747 et
2814 1684 3149 1763 septimum
3186 1681 3427 1753 attinet,
3484 1675 3768 1740 animad-

2169 1791 2539 1855 vertendum
2574 1795 2689 1861 est,
2723 1803 2947 1848 omnes
2989 1783 3186 1857 locos,
3232 1780 3341 1861 qui
3388 1780 3453 1851 in
3487 1778 3763 1857 septimo

2170 1894 2470 1973 leguntur
2516 1890 2596 1951 de
2667 1887 2965 1961 Macario,
3012 1885 3065 1946 si
3103 1883 3327 1945 eadem
3372 1879 3647 1953 narratio
3696 1877 3767 1939 in

2171 1994 2356 2057 tertio
2388 2007 2645 2073 quoque
2678 1987 3013 2068 reperitur,
3050 2001 3196 2045 cum
3234 1981 3423 2043 huius
3471 1979 3615 2040 libri
3658 1995 3765 2039 re-

2171 2095 2411 2158 latione
2466 2107 2667 2172 pr0pe
2723 2091 2803 2152 ad
2852 2088 3114 2150 verbum
3171 2082 3553 2146 consentire.
3585 2080 3769 2143 Unde

2174 2196 2458 2266 efﬁcitur,
2484 2192 2853 2254 alterutrum
2892 2189 3309 2265 interpretum
3339 2182 3405 2243 in
3433 2181 3596 2241 libro
3619 2196 3772 2242 con-

2173 2296 2512 2361 scribendo
2542 2311 2671 2355 non
2704 2292 2906 2353 solum
2952 2288 3224 2350 eundem
3273 2300 3567 2365 graecum
3623 2289 3767 2343 tex-

2172 2407 2331 2473 tum,
2366 2397 2477 2459 sed
2520 2396 2706 2457 etiam
2735 2392 2991 2454 alterius
3012 2389 3371 2450 versionem
3424 2385 3501 2446 ad
3543 2398 3773 2443 manus

2174 2499 2495 2563 habuisse.
2520 2499 2751 2558 Verum
2780 2494 2946 2555 inter
2966 2491 3197 2551 librum
3220 2486 3474 2549 tertium
3498 2491 3557 2547 et
3589 2482 3777 2561 quin-

2176 2608 2309 2664 tum
2341 2618 2414 2663 ea
2430 2605 2670 2661 tantum
2704 2588 3420 2661 similitudointercedit,
3443 2592 3513 2647 ut
3533 2586 3600 2644 in
3633 2600 3778 2643 nar-

2176 2701 2526 2764 rationibus
2557 2698 2635 2759 de
2663 2694 2969 2768 Macariis,
3005 2708 3168 2772 quae
3225 2690 3293 2750 in
3344 2694 3617 2765 utroque
3676 2682 3773 2743 le-

2180 2810 2435 2882 guntur,
2497 2797 2984 2862 concinnatores
3040 2792 3267 2854 eodem
3319 2804 3545 2867 graeco
3598 2792 3773 2845 textu

2177 2917 2326 2962 usos
2350 2915 2488 2960 esse
2524 2895 2713 2958 statui
2738 2897 3049 2973 Oporteat.
3082 2890 3262 2964 Quod
3288 2888 3459 2949 idem
3485 2886 3562 2947 de
3603 2902 3776 2946 nexu

2177 2999 2343 3060 inter
2363 3003 2609 3060 sextum
2640 3001 2701 3057 et
2732 2994 2987 3056 tertium
3018 2991 3249 3053 librum
3278 2987 3465 3061 valet,
3489 2984 3612 3048 hoc
3635 2983 3776 3045 solo

2182 3100 2568 3173 discrimine,
2614 3096 2784 3177 quod
2822 3113 2950 3156 una
2980 3094 3058 3154 de
3089 3091 3372 3153 Macariis
3414 3089 3773 3151 narratiun-

482 3199 875 3280 temporibus
896 3196 1164 3275 scriptos
1194 3210 1333 3255 esse
1364 3196 1648 3273 apparet.
1678 3189 1945 3249 Tantum
1969 3202 2075 3245 ve-

2184 3198 2321 3261 cula
2344 3197 2411 3257 in
2444 3202 2716 3273 utroque
2740 3192 2964 3253 iisdem
2996 3189 3200 3251 verbis
3221 3187 3462 3250 reddita
3484 3193 3597 3247 est.
3624 3187 3780 3246 Sen-

484 3318 558 3365 ro
588 3302 787 3373 abest,
817 3305 887 3359 ut
908 3298 984 3358 iis
1010 3294 1267 3375 propria
1294 3292 1692 3355 contineatur
1714 3294 2077 3365 temporum

485 3417 839 3481 senumque
872 3396 1238 3477 descriptio,
1270 3392 1522 3474 qualem
1584 3389 1728 3452 libri
1790 3386 2075 3459 Palladii,

486 3503 719 3578 Ruﬁni,
759 3503 1027 3565 aliorum
1051 3498 1378 3579 praebent,
1419 3502 1488 3556 ut
1524 3491 1680 3554 nihil
1725 3490 1846 3552 nisi
1879 3488 2077 3551 colle-

488 3605 613 3669 ctio
686 3602 1065 3664 relationum
1130 3604 1192 3660 et
1246 3594 1694 3658 sententiarum
1751 3590 2081 3651 videantur

490 3711 931 3783 congestarum
955 3720 1032 3763 ex
1058 3699 1244 3762 variis
1278 3699 1357 3761 de
1391 3712 1614 3759 senum
1649 3695 1770 3755 vita
1809 3701 1870 3754 et
1900 3691 2083 3753 disci-

494 3806 663 3887 plina
691 3804 940 3884 scriptis
973 3802 1101 3864 sive
1156 3798 1500 3880 deperditis
1545 3803 1649 3858 aut
1700 3796 1765 3855 in
1822 3792 2082 3873 pulvere

491 3906 698 3969 adhuc
729 3902 1264 3975 delitescentibus,
1296 3901 1423 3962 sive
1446 3899 1568 3961 iam
1599 3896 1867 3959 excusis.
1890 3892 2081 3969 Nihil,

493 4027 604 4089 qur
656 4025 768 4069 eos
826 4004 1245 4078 concinnavit,
1296 4002 1434 4082 ipse
1507 3997 1678 4073 vidit,
1736 3994 1893 4059 nihil
1946 3996 2085 4076 ipse

493 4109 799 4193 percepit,
840 4106 997 4168 nihil
1018 4106 1153 4185 ipse
1190 4111 1487 4183 expertus
1521 4108 1633 4163 est.
1664 4099 1981 4179 Incipiens
2007 4097 2086 4159 ab

498 4212 709 4291 aliqua
738 4204 1198 4270 historiuncula
1230 4204 1489 4267 alteram
1525 4209 1586 4263 et
1620 4202 1866 4263 tertiam
1889 4198 2084 4272 addit,

498 4327 662 4393 quae
711 4309 993 4388 singulae
1051 4305 1333 4385 singulos
1385 4321 1571 4365 senes
1627 4308 1945 4382 spectant,
2014 4316 2088 4361 ac

499 4425 964 4491 saepenumero
1014 4408 1169 4488 ipsis
1188 4405 1395 4467 verbis
1428 4404 1723 4466 auctoris’
1739 4402 2086 4475 cuiusdam,

501 4528 693 4592 quem
726 4510 1037 4582 novimus,
1070 4509 1154 4569 ita
1178 4513 1246 4568 ut
1274 4504 1788 4585 compilationem
1810 4503 2091 4582 undique

2178 3300 2413 3361 tentiae
2449 3297 2724 3375 denique
2768 3300 3017 3374 patrum
3049 3291 3501 3371 Aegyptiorum
3544 3305 3579 3349 a
3608 3290 3777 3348 Ros-

2180 3398 2386 3461 vveido
2434 3398 2500 3458 in
2531 3398 2657 3458 ﬁne
2713 3392 3103 3457 collectionis
3144 3391 3347 3453 editae
3399 3387 3780 3468 paucissima

2181 3499 2504 3561 dumtaxat
2537 3498 2601 3558 in
2639 3501 2917 3556 nostram
2952 3509 3084 3554 rem
3119 3488 3641 3570 suppeditabunt.

2264 3602 2290 3673 §
2335 3596 2427 3658 11.
2493 3596 2613 3658 Sed
2639 3595 2717 3656 ad
2758 3592 2967 3654 fontes
2995 3610 3031 3652 a
3060 3588 3394 3653 Rosweido
3429 3589 3642 3649 editos
3674 3586 3782 3648 alii

2182 3699 2511 3761 accedunt.
2543 3700 2711 3758 Inter
2744 3711 2904 3774 quos
2955 3692 3159 3772 primo
3206 3690 3348 3752 loco
3397 3688 3783 3751 nominanda

2184 3800 2475 3861 videntur
2531 3798 2638 3859 illa
2692 3794 3235 3876 Apophthegmata
3274 3798 3551 3870 patrum,
3617 3806 3783 3869 quae

2185 3900 2354 3981 apud
2410 3898 2789 3962 Cotelerium
2850 3893 3020 3957 Eccl.
3054 3894 3273 3954 Graec.
3326 3893 3497 3953 Mon.
3528 3892 3601 3951 T.
3644 3891 3671 3949 Ι
3715 3908 3781 3968 p.

2188 4000 2300 4063 338
2333 4019 2477 4081 sqq.
2510 3998 2849 4071 habentur,
2894 3993 3297 4075 alphabetico
3335 3992 3557 4053 ordine
3602 3990 3787 4067 dige—

2188 4113 2301 4169 sta.
2338 4103 2515 4179 Quod
2539 4099 2942 4182 opusculum,
2991 4095 3170 4158 cuius
3211 4093 3480 4174 primam
3516 4093 3785 4152 mentio-

2190 4224 2337 4269 nem
2392 4222 2558 4267 saec.
2604 4204 2715 4263 XII
2758 4200 2986 4262 factam
3043 4213 3181 4258 esse
3236 4194 3489 4255 invenio
3533 4192 3642 4273 (9),
3700 4193 3784 4255 ita

2192 4306 2613 4385 compositum
2636 4309 2749 4376 est,
2794 4307 2865 4362 ut
2916 4296 3311 4376 singulorum
3361 4302 3609 4374 patrum
3666 4312 3786 4355 no-

2193 4406 2468 4469 minibus
2488 4403 2905 4475 narrationes,
2944 4415 3106 4478 quae
3157 4396 3234 4458 de
3255 4396 3331 4456 iis
3372 4394 3784 4457 circumfere-

2192 4509 2444 4581 bantur,
2478 4504 2849 4567 subiunctae
2882 4500 3028 4562 sint.
3063 4498 3323 4561 Codices
3354 4514 3472 4576 ego
3502 4497 3787 4557 Viennae

500 4610 899 4674 manifestam
933 4607 1397 4689 deprehendas.
1420 4605 1627 4683 Magni
1658 4611 1893 4677 autem,
1916 4604 2095 4664 dum-
2122 4610 2168 4665 ι)
2199 4610 2359 4672 duos
2383 4606 2657 4688 inspexi,
2708 4622 2909 4665 unum
2958 4601 3510 4663 membranaceum
3553 4604 3614 4658 et
3645 4614 3790 4677 per-

502 4711 699 4775 modo
735 4728 898 4790 quae
932 4708 1356 4771 confuderunt
1393 4707 1621 4769 acriter
1655 4705 2084 4785 dispiciamus,

503 4811 881 4876 aestimandi
900 4816 1045 4871 sunt
1073 4808 1217 4870 libri
1262 4807 1375 4883 illi,
1414 4825 1612 4889 quum
1669 4807 1862 4869 multa
1910 4805 2093 4868 nobis

569 4984 648 5055 (1)
680 4982 766 5040 Cf.
800 4982 1053 5038 Cassiani
1092 4981 1256 5054 Opp.,
1299 4982 1484 5037 Alardi
1538 4982 1734 5039 Gazaei
1757 4999 1844 5053 ep.
1887 4981 1953 5036 ad
1990 4982 2097 5036 lec-

508 5080 685 5129 torem
716 5073 896 5128 initio.
927 5072 1129 5127 Oudin.
1163 5072 1535 5129 Cnmmentar.
1565 5075 1633 5130 de
1673 5074 1898 5146 Scriptt.
1922 5074 2097 5129 eccle-

511 5164 668 5219 siast.
694 5162 757 5217 Τ.
786 5162 804 5215 l
840 5181 890 5234 p.
923 5164 1063 5218 1155
1092 5179 1214 5235 sqq.

584 5254 660 5325 (‘2)
695 5254 833 5310 Coll.
864 5253 1008 5309 XVII
1036 5268 1159 5325 cap.
1182 5255 1270 5321 51,
1293 5253 1432 5325 Opp.
1454 5253 1703 5311 Cassiani
1739 5257 1825 5313 ed.
1858 5255 2105 5311 Gazaeus

511 5362 568 5421 p.
601 5347 729 5412 515,
764 5347 942 5419 Migue
970 5364 1023 5418 p.
1051 5348 1211 5402 1087.

585 5438 663 5508 (5)
692 5436 777 5492 CI.
811 5436 953 5491 infra
982 5438 1162 5507 Caput
1202 5435 1265 5494 V.

586 5533 664 5602 (Α)
694 5530 803 5585 νγ.
841 5531 940 5585 ΡΡ.
970 5532 1153 5587 Rosw.
1193 5551 1245 5605 p.
1288 5534 1392 5589 492
1420 5550 1543 5605 sqq.

589 5626 669 5698 (5)
698 5625 835 5680 Ibid.
870 5642 923 5695 p.
966 5627 1069 5680 562
1098 5644 1218 5698 sqq.

587 5722 664 5793 (ο)
698 5722 835 5780 Ibid.
873 5739 925 5794 p.
951 5724 1056 5777 644
1085 5740 1205 5793 sqq.

586 5816 667 5887 (7)
698 5814 835 5871 Ibid.
868 5834 925 5889 p.
957 5818 1063 5871 665
1090 5833 1213 5887 sqq.

586 5908 668 5981 (8)
704 5907 839 5967 Ibid.
879 5908 936 5971 (ι.
967 5909 1108 5965 1002
1136 5925 1259 5981 sqq.

2193 4716 2506 4772 vetustum
2533 4706 2651 4787 (10)
2665 4706 2802 4782 ,36
2821 4705 3085 4766 alterum
3115 4699 3790 4780 chartaceum(11).Qui

2199 4810 2457 4890 quidem
2495 4807 2748 4871 codices
2785 4807 2863 4867 ab
2922 4802 3265 4883 exemplari
3302 4800 3589 4863 Cotelerii
3620 4818 3788 4861 non-

2278 4990 2359 5061 (9)
2399 4986 2641 5042 Coteler.
2689 4985 2839 5040 Eccl.
2883 4983 3077 5040 Graec.
3114 4981 3261 5035 Mon.
3302 4979 3368 5035 T.
3400 4978 3416 5031 1
3450 4996 3503 5049 p.
3534 4978 3635 5032 166
3663 4992 3791 5032 cum

2204 5094 2333 5139 nota
2366 5080 2619 5136 Cotelerii
2654 5095 2709 5149 p.
2738 5079 2864 5133 747.
2900 5077 2985 5131 Cf.
3022 5074 3164 5131 infra
3197 5074 3373 5144 Caput
3402 5071 3515 5125 VII.

2274 5175 2386 5247 (10)
2409 5173 2543 5228 Cod.
2565 5186 2669 5227 ms.
2704 5171 2835 5226 bist.
2859 5183 3041 5240 graec.
3078 5167 3217 5221 Bibl.
3242 5164 3402 5220 Caes.
3424 5161 3660 5216 Viudob.
3690 5160 3790 5217 Nr.

2204 5272 2296 5333 44,
2320 5270 2451 5324 olim
2480 5266 2543 5322 41
2596 5266 2692 5320 fol.
2716 5262 3187 5333 Apophthegmata
3234 5259 3328 5313 illa
3378 5264 3598 5313 exstant
3629 5268 3661 5307 a
3692 5252 3791 5308 fol.

2208 5366 2227 5418 1
2261 5376 2436 5431 usque
2472 5359 2539 5413 ad
2586 5356 2684 5412 fol.
2721 5356 2858 5419 141,
2889 5355 2943 5409 2.
2981 5353 3238 5408 Codicem
3292 5350 3665 5417 maximopere
3706 5345 3795 5399 di-

2205 5468 2393 5525 gnum,
2432 5452 2525 5522 qui
2558 5465 2683 5505 eum
2715 5445 3012 5517 exemplari
3047 5442 3301 5498 Cotelcrii
3337 5440 3674 5502 conferatur,
3703 5439 3797 5495 deo

2210 5544 2433 5614 scripsit
2463 5540 2791 5596 Lambecius
2820 5539 3191 5594 Commentar.
3223 5533 3287 5588 T.
3330 5531 3442 5587 Vlll
3478 5548 3533 5603 p.
3558 5530 3683 5585 858.

2287 5638 2333 5701 (1
2354 5635 2581 5700 l).Cod.
2612 5650 2716 5688 ms.
2747 5634 2877 5687 bist.
2907 5644 3090 5702 graec.
3124 5626 3220 5684 Nr.
3257 5628 3309 5692 9,
3346 5627 3476 5681 olim
3505 5625 3576 5679 42
3613 5625 3667 5678 in
3699 5622 3798 5677 fol.

2211 5730 2440 5783 maiore.
2454 5712 2538 5783 \In
2568 5727 2839 5795 principio
2869 5734 2923 5779 et
2957 5726 3063 5778 line
3089 5721 3316 5776 mutilus
3343 5728 3449 5775 est.
3481 5718 3804 5788 Apophthe-

2210 5828 2387 5889 gmata
2432 5819 2521 5871 illa
2580 5817 2851 5872 habentur
2897 5815 2991 5868 fol.
3032 5812 3226 5868 1—80.
3278 5810 3534 5869 Codicem
3571 5808 3801 5864 Lambe-

2209 5912 2329 5965 cius
2368 5908 2659 5981 descripsit
2696 5908 2729 5963 1.
2766 5907 2800 5959 1.
2833 5922 2867 5977 p
2923 5903 3027 5959 840
3061 5918 3181 5974 sqq.
