4040 6546
358 310 429 367 37
1880 316 2110 381 VITAE.
3559 326 3630 385 38

354 430 545 494 nullis
566 428 725 495 locis
747 432 1024 507 diﬂ'e‘rre,
1058 439 1248 515 atque
1278 433 1463 497 etiam
1498 434 1945 517 locupletiores
1972 446 2017 497 A
2048 436 2479 518 phthegmata,
2513 458 2677 521 quae
2704 442 3004 505 Possinus
3034 443 3233 521 prior,
3265 449 3371 521 37
3402 442 3630 515 deinde

351 548 492 594 esse
512 532 903 608 videbantur,
930 534 1015 595 ita
1046 541 1114 597 ut
1138 536 1569 616 maximOpere
1592 537 1764 615 digni
1785 537 1930 614 sint,

351 633 464 711 qui
522 651 666 705 cum
702 634 872 695 edito
927 640 1103 697 textu
1158 636 1448 698 Cotelerii
1504 638 1929 701 conferantur.

348 732 818 796 Observandum
855 742 1062 797 autem
1110 744 1226 809 est,
1264 738 1734 819 compilatorem
1766 742 1932 804 illius

347 834 643 911 Opusculi
678 836 1227 916 Apophthegmata
1254 838 1540 920 inscripti
1582 841 1647 902 in
1695 843 1934 921 praefa-

342 934 538 996 tionis
569 936 693 998 fine
732 937 811 999 de
844 938 1197 1017 appendice
1227 940 1497 1019 quadam
1530 959 1564 1003 a
1594 958 1662 1003 se
1693 942 1932 1007 adiecta

342 1033 545 1114 loqui,
576 1055 701 1115 qua
721 1061 748 1093 α
766 1056 990 1100 senum
1020 1039 1225 1114 effata,
1242 1059 1512 1121 quorum
1526 1043 1780 1105 nomina
1803 1062 1931 1106 non

344 1137 779 1211 nominantur,
799 1162 826 1193 »
861 1139 1465 1222 collegerit(1).Eam
1485 1141 1675 1220 igitur
1696 1160 1933 1224 appen-

339 1232 574 1309 dicem,
606 1248 793 1315 quam
816 1234 1111 1316 nuspiam
1142 1235 1375 1299 editam
1404 1236 1711 1309 videmus,
1744 1234 1929 1301 char-

337 1340 522 1396 taceo
553 1334 662 1397 illo
704 1336 899 1398 altero
921 1337 1141 1399 codice
1174 1355 1207 1399 a
1238 1336 1348 1400 fol.
1374 1336 1473 1413 80,
1527 1338 1552 1399 1
1595 1354 1797 1418 usque
1850 1339 1931 1401 ad

336 1432 453 1493 fol.
519 1433 651 1509 163,
707 1433 733 1495 1
800 1434 1107 1497 contineri
1162 1436 1472 1506 existimo,
1522 1435 1761 1515 quippe
1799 1452 1929 1515 quo

337 1536 648 1597 continuo
684 1541 830 1616 post
866 1535 1418 1616 ApOphthegmata
1462 1535 1749 1598 collectio
1780 1553 1928 1597 nar-

337 1638 660 1699 rationum
708 1638 787 1701 de
834 1640 1121 1719 patribus
1165 1641 1302 1702 sine
1371 1640 1783 1719 inscriptione
1836 1656 1932 1701 se-

335 1744 601 1816 quatur;
636 1739 747 1801 sed
768 1739 1017 1802 initium
1048 1741 1269 1802 deesse
1285 1740 1691 1801 videtur.Hae
1717 1745 1929 1801 autem

334 1836 729 1899 narrationes
771 1838 1173 1901 solummodo
1221 1857 1423 1918 usque
1463 1838 1541 1901 ad
1568 1838 1678 1900 fol.
1722 1838 1853 1913 145,
1887 1838 1922 1900 2
1956 1826 1996 1880 Β

334 1940 417 2000 de
456 1940 713 2003 senibus
738 1941 1073 2021 anonymis
1099 1947 1313 2019 agunt,
1334 1941 1505 2003 unde
1555 1940 1711 2002 aliae
1757 1958 1921 2002 non-

333 2040 548 2102 nullae
569 2041 646 2102 de
672 2042 951 2117 senibus,
975 2060 1243 2122 quorum
1258 2042 1513 2105 nomina
1527 2041 1732 2103 addita
1753 2049 1919 2115 sunt,

332 2150 713 2223 sequuntur,
737 2150 926 2222 atque
960 2143 1127 2206 inter
1176 2162 1282 2206 cas
1326 2150 1453 2205 tres
1488 2143 1566 2204 de
1611 2144 1921 2218 Macariis,

335 2261 496 2323 quas
527 2261 561 2304 e
602 2244 821 2305 codice
856 2244 1201 2325 descriptas
1238 2244 1404 2307 iusto
1445 2244 1587 2306 loco
1620 2244 1923 2324 adjunge-

340 2360 505 2403 mus.
532 2344 754 2421 Neque
783 2342 937 2404 illud
951 2342 1053 2406 hic
1067 2345 1449 2420 omittamus,
1470 2345 1538 2407 in
1560 2344 1755 2407 altero
1770 2361 1928 2425 quo-

2042 539 2269 601 Pritius
2310 541 2506 604 edidit
2563 541 2672 622 (3).
2703 542 3163 614 adhibebimus,
3190 560 3308 603 nec
3352 561 3481 606 non
3530 564 3628 622 ea,

2042 660 2207 725 quae
2235 646 2466 725 passim
2503 645 2571 707 in
2594 646 2733 708 vitis
2762 647 3155 717 Sanctorum,
3198 662 3355 725 quas
3384 646 3633 709 Bollan-

2042 745 2241 807 distae
2269 746 2624 822 ediderunt,
2659 746 2967 810 habemus
2999 746 3107 827 (4).
3132 746 3328 808 Porro
3357 765 3519 827 quae
3551 748 3630 811 de

2043 842 2234 905 exilio
2279 861 2500 907 senum
2542 846 2936 926 temporibus
2974 844 3142 906 illius
3168 847 3630 925 persecutionis

2042 961 2076 1005 a
2109 944 2299 1007 Lucio
2341 945 2641 1007 excitatae
2682 962 2715 1006 e
2754 945 3010 1018 Ruﬁno,
3060 947 3314 1006 Socrate
3343 952 3404 1008 et
3434 947 3629 1008 Sozo-
3704 1029 3705 1032 η

2042 1061 2233 1107 meno
2264 1052 2654 1125 repetuntur,
2699 1063 2829 1106 non
2877 1046 3260 1119 omittemus,
3300 1064 3373 1109 ac
3415 1046 3629 1109 locum
3696 1062 3706 1126 ,j

2041 1145 2319 1224 denique
2373 1163 2406 1207 e
2458 1145 2580 1206 vita
2612 1146 2674 1207 S.
2705 1143 3055 1207 Posthumii
3107 1145 3627 1219 examinabimus,
3694 1140 3705 1235 ξ

2040 1262 2169 1324 quo
2200 1244 2275 1306 lis
2306 1244 2384 1307 de
2414 1244 2682 1307 Macario
2712 1246 2774 1306 S.
2807 1244 3059 1307 Antonii
3089 1242 3426 1325 discipulo,
3473 1261 3629 1307 num

2038 1361 2201 1407 unus
2243 1361 2320 1406 ex
2366 1344 2595 1407 nostris
2631 1344 2912 1406 Macariis
2936 1344 3147 1420 fuerit,
3183 1362 3302 1408 nec
3347 1362 3452 1420 ne,
3486 1345 3626 1406 dis—

2038 1453 2332 1508 cernetur
2377 1445 2487 1526 (5).
2538 1446 2760 1527 Neque
2800 1462 2953 1507 vero
2981 1454 3267 1508 nostrum
3291 1462 3433 1509 esse
3470 1446 3626 1509 illud

2037 1547 2239 1623 visum
2267 1552 2383 1621 est,
2426 1564 2647 1610 eorum
2675 1562 2933 1627 quoque
2960 1547 3271 1609 Historiae
3310 1547 3623 1610 Ecclesia-

2039 1647 2229 1709 sticae
2282 1644 2687 1727 scriptorum,
2720 1646 2831 1726 qui
2856 1644 3137 1708 fontibus
3166 1646 3286 1707 illis
3314 1645 3626 1726 primariis

2037 1748 2413 1822 innituntur,
2446 1765 2521 1809 ex
2541 1747 2747 1826 iisque
2775 1765 2876 1810 res
2902 1754 2963 1809 et
2980 1748 3169 1809 verba
3196 1746 3565 1820 hauserunt,
3588 1764 3623 1807 e

2028 1866 2302 1928 quorum
2321 1863 2587 1908 numero
2608 1844 2919 1921 Socrates,
2946 1848 3357 1920 Sozomenus,
3390 1844 3621 1907 deinde

2027 1948 2271 2023 Suidas,
2312 1948 2707 2029 Nicephorus
2743 1946 3022 2010 Callistus
3051 1952 3219 2015 sunt;
3250 1945 3428 2008 locos
3465 1945 3655 2012 rela-.

2027 2050 2362 2128 tionesque
2395 2049 2461 2109 in
2490 2047 2768 2110 medium
2798 2047 3105 2127 proferre,
3130 2045 3369 2125 quippe
3391 2044 3621 2125 quibus

2029 2166 2251 2228 parum
2275 2148 2580 2227 proﬁcere
2600 2147 2935 2226 possimus.
2960 2148 3249 2207 Attamen
3278 2160 3388 2207 eos
3408 2144 3615 2207 brevi-

2027 2255 2122 2310 ter
2141 2255 2472 2309 recensere
2492 2264 2527 2309 a
2561 2263 2627 2308 re
2658 2246 2932 2308 alienum
2959 2262 3090 2307 non
3121 2262 3257 2306 esse
3273 2243 3504 2324 putavi.

2108 2348 2369 2409 Stratam
2404 2347 2593 2426 igitur
2627 2348 2787 2409 viam
2819 2345 3103 2409 alacriter
3133 2344 3258 2406 iam
3304 2360 3473 2405 nunc
3513 2345 3617 2405 in-

338 2459 483 2520 que,
506 2443 991 2504 membranaceo
1013 2442 1122 2504 illo
1167 2450 1226 2504 et
1272 2450 1653 2523 pervetusto,
1709 2443 1929 2507 codice
2031 2448 2345 2523 sistamus,
2381 2447 2642 2525 singulis
2677 2448 2755 2509 de
2784 2446 3066 2509 Macariis
3106 2445 3173 2506 in
3210 2460 3409 2506 unum
3438 2461 3614 2505 com-

331 2548 481 2619 post
506 2540 1239 2620 ApOphthegmataafol.
1269 2540 1401 2616 141,
1425 2542 1459 2602 2
1487 2560 1688 2624 usque
1717 2543 1796 2604 ad
1814 2542 1927 2603 fol.
2031 2554 2347 2628 ponentes
2381 2554 2443 2608 et
2484 2545 2712 2607 claram
2743 2546 3172 2623 idoneamque
3218 2559 3439 2606 eorum
3478 2541 3613 2604 effi-

335 2643 447 2705 158
500 2643 802 2722 quasdam
833 2644 1227 2706 narrationes
1269 2645 1572 2707 continuo
1613 2644 1794 2723 sequi
1827 2644 1928 2705 in-
2034 2650 2221 2730 giem,
2278 2656 2583 2729 quantum
2626 2665 2985 2728 possumus,
3037 2646 3474 2725 depingentes.
3531 2648 3615 2707 Ac

327 2746 595 2824 scriptas
631 2766 643 2808 ;
678 2755 946 2825 Διήγησις
980 2757 1046 2808 ὲκ
1082 2754 1176 2809 τοῦ
1207 2755 1321 2827 βίου
1361 2755 1456 2808 τοῦ
1500 2755 1669 2809 Ἀϐὕᾶ
1711 2756 1920 2827 Δανιήλς

2032 2751 2304 2832 primum
2336 2750 2592 2829 quidem
2630 2748 2978 2810 Palladium
3011 2752 3235 2808 testem
3264 2744 3610 2807 audiamus.

330 2858 448 2908 Ἠν
478 2874 559 2919 τις
583 2854 763 2926 γέρων
792 2857 849 2907 ἐν
887 2858 952 2926 τῇ
980 2856 1234 2927 Σκήτῃ...
1420 2847 1638 2925 Itaque
1674 2846 1920 2907 alteram

2629 2848 2871 2908 CAPUT
2917 2848 2994 2906 II.

330 2946 1278 3028 habemusApophthegmatum
1302 2946 1931 3028 appendicem,quae
2112 2959 2455 3004 PALLADIUS
2498 2958 2581 3003 DE
2624 2956 2859 3001 SANC'I‘O
2901 2955 3177 3007 MACARIO
3198 2953 3531 2998 AEGYPTIO.

332 3057 572 3122 tamen,
608 3064 803 3126 quum
844 3046 1107 3108 nomina
1143 3063 1391 3120 senum,
1422 3046 1501 3107 de
1539 3045 1768 3124 quibus
1797 3046 1931 3123 agi-
2118 3048 2144 3118 §
2180 3042 2272 3103 12.
2304 3042 2562 3105 Palladii
2596 3040 2867 3103 Historia
2907 3038 3222 3112 Lausiaca,
3256 3055 3417 3117 quae
3446 3036 3615 3100 codi.

329 3155 461 3221 tur,
478 3147 791 3227 adscripta
813 3146 960 3221 sint,
986 3147 1208 3208 eadem
1228 3146 1357 3219 illa,
1373 3146 1551 3225 cujus
1564 3144 1931 3225 Apophthe-
1957 3163 1998 3219 ε
2034 3146 2211 3208 cibus
2233 3143 2829 3206 Vindobonensibus
2850 3141 3230 3214 continetur,
3260 3139 3339 3201 de
3362 3140 3613 3205 duobus

328 3256 611 3329 gmatum
653 3246 959 3328 praefatio
1005 3252 1331 3321 memorat,
1374 3264 1510 3308 esse
1546 3247 1786 3325 nequit.
1834 3247 1918 3307 De

324 3348 612 3411 Macariis
641 3347 787 3409 huic
821 3346 999 3409 alteri
1035 3346 1502 3409 membranacei
1530 3344 1766 3407 codicis
1802 3363 1916 3426 ap-

323 3445 587 3528 pendici
616 3444 770 3505 nihil
808 3445 999 3506 inest.
1870 3434 1873 3439 ’

412 3548 540 3606 tam
594 3552 848 3624 praeter
891 3543 998 3607 illa
1046 3542 1595 3624 Apophthegmata
1641 3550 1704 3606 et
1758 3562 1919 3624 quae

2026 3246 2307 3309 Macariis
2350 3246 2577 3325 incipit
2624 3244 2748 3306 hoc
2791 3242 3031 3305 modo:
3066 3264 3097 3299 α
3134 3243 3504 3308 Sanctorum
3550 3250 3613 3307 et

2025 3347 2476 3409 immortalium
2505 3353 2779 3426 patrum,
2810 3341 3061 3406 Macarii
3090 3344 3375 3423 Aegyptii
3402 3345 3612 3411 etMa-

2026 3444 2685 3515 carii38Alexandrini
2699 3492 2712 3517 ,
2739 3442 3134 3521 egregiorum
3153 3450 3213 3503 et
3231 3442 3607 3506 invictorum

2024 3542 2425 3617 athletarum,
2473 3541 2776 3604 honestae
2824 3539 2984 3600 vitae
3037 3540 3398 3614 certamina,
3446 3559 3608 3620 quae

324 3664 479 3710 cum
500 3646 575 3708 iis
602 3645 970 3719 cohaerent,
994 3644 1114 3707 alia
1141 3662 1398 3725 quoque
1421 3644 1729 3707 nonnulla
1759 3649 1925 3725 Apo-
2030 3651 2176 3707 sunt
2198 3643 2391 3705 multa
2420 3650 2482 3705 et
2516 3660 2766 3721 magna,
2794 3656 3020 3703 vereor
3057 3639 3268 3702 dicere
3290 3647 3350 3702 et
3380 3641 3609 3704 descri-

402 3888 481 3957 (1)
520 3886 759 3945 Coteler.
786 3887 935 3942 Eccl.
961 3885 1157 3942 Graec.
1187 3882 1331 3940 Mon.
1353 3883 1417 3939 Τ.
1443 3886 1458 3939 1
1488 3886 1664 3955 ρ.5“59
1691 3901 1705 3939 :
1736 3886 1919 3939 Ἐπει-

322 3979 393 4051 δὴ
423 3980 484 4032 δέ
517 3983 623 4033 εἰσι
658 3980 752 4034 καὶ
771 3979 949 4050 ἕτεροι
978 3979 1125 4047 λόγοι
1152 3979 1422 4050 γερόντιον
1449 3978 1620 4046 ἁγίων
1658 3978 1750 4030 καὶ
1777 3977 1915 4049 πρά-

324 4074 446 4140 ξεις
482 4074 556 4144 μὴ
598 4072 953 4145 ἐμφαίνοντες
997 4072 1065 4126 τὰ
1110 4072 1348 4143 ὀνόματα
1381 4071 1489 4125 τῶν
1519 4088 1578 4124 τε
1608 4071 1909 4143 εἰρηκότων

327 4167 532 4229 αὐτοὺς
569 4166 663 4218 καὶ
714 4165 1039 4237 πραξάντων
1061 4205 1075 4229 ,
1104 4164 1326 4226 τούτους
1363 4163 1499 4233 μετὰ
1527 4162 1624 4233 τὴν
1663 4162 1914 4233 συμπλή-

332 4275 504 4330 ρωσιν
552 4257 662 4309 τῶν
707 4257 847 4309 κατὰ
887 4257 1146 4326 στοιχεῖον
1174 4257 1229 4307 ὲν
1255 4252 1567 4322 κεφαλαίοις
1602 4252 1916 4323 ὲξεθέμεθα.

409 4350 489 4421 (2)
532 4349 755 4404 Brevem
784 4350 884 4402 hoc
920 4350 1041 4402 loco
1071 4346 1325 4399 notitiam
1350 4360 1555 4409 rerum,
1580 4360 1717 4413 quae
1748 4346 1799 4397 in
1841 4344 1919 4397 al-

325 4450 451 4497 tera
481 4441 584 4495 hac
609 4480 624 4505 ,
660 4439 1063 4494 inembranacei
1117 4437 1346 4501 codicis,
1397 4436 1695 4506 appendice
1743 4436 1918 4489 contio

2026 3887 2238 3958 spicere
2269 3886 2522 3942 videntur
2566 3887 2635 3942 ad
2673 3888 2942 3943 vocabula
2986 3887 3056 3943 ab
3105 3886 3296 3944 eadem
3338 3902 3503 3943 manu
3550 3890 3604 3943 in

2024 3979 2158 4035 folio
2180 3979 2471 4036 chartaceo
2513 3980 2681 4034 fronti
2715 3980 2925 4035 codicis
2967 3980 3309 4051 adglutinato
3331 3969 3557 4050 'scripta
3589 3997 3601 4031 :

2018 4074 2239 4138 ,βίϐλος
2286 4072 2651 4141 περιέχουσα
2717 4071 3157 4142 Ἀποφθέγματα
3207 4072 3307 4126 καὶ
3359 4072 3604 4139 πράξεις

2025 4168 2208 4237 ἁγίων
2256 4169 2527 4234 πατέρων
2576 4165 3080 4233 συναθροισθεῖσα
3137 4166 3255 4219 ὑπὸ
3308 4164 3605 4235 διαφόρων

2021 4258 2206 4328 ἁγίων
2226 4257 2321 4310 καὶ
2350 4255 2559 4324 σοφῶν
2599 4255 2861 4325 ἀνδρῶν.
2901 4255 3373 4326 Apophthegmata
3397 4267 3601 4317 autem,

2021 4364 2163 4419 quae
2186 4349 2396 4403 codicis
2425 4348 2517 4401 fol.
2557 4349 2609 4412 1,
2652 4349 2882 4410 1-141,
2908 4349 2944 4401 2
2992 4349 3279 4419 Ιῗ·ςυ11ῑιιι·,
3306 4349 3409 4402 hoc
3443 4348 3603 4400 titulo

2022 4443 2251 4511 antiqua
2298 4456 2462 4494 manu
2507 4442 2994 4510 scriptozﬁimoc
3024 4440 3391 4509 περιέχουσα
3438 4438 3601 4494 Ἀπο-

325 4541 573 4595 nentur,
620 4546 745 4584 cum
783 4531 986 4584 lectore
1034 4529 1442 4584 communicare
1476 4528 1645 4581 lubet.
1683 4526 1783 4579 Ubi
1819 4527 1911 4579 fol.

2028 4533 2331 4604 ςρθέγματα
2364 4532 2463 4585 καὶ
2498 4532 2749 4601 πράξεις
2797 4533 2979 4602 ἁγίων
3026 4535 3298 4601 πατέρων
3341 4532 3597 4602 insignita

325 4625 455 4685 Ml,
498 4623 534 4676 2
555 4653 626 4661 -
656 4621 748 4675 fol.
783 4621 886 4676 158
909 4622 1254 4675 narrationes
1286 4626 1491 4687 septem
1542 4618 1796 4689 leguntur
1838 4619 1911 4671 ita

324 4717 630 4786 inscriptae
669 4733 682 4768 :
728 4713 770 4768 1.
814 4713 1102 4781 Διήγησις
1147 4712 1215 4765 ἐκ
1255 4711 1361 4765 τοῦ
1401 4711 1546 4775 ,ϐίου
1601 4710 1709 4763 τοῦ
1763 4706 1914 4763 ἀϐϐᾶ

323 4809 579 4873 Δανιὴλ.
605 4804 714 4860 Ἦν
743 4824 828 4870 τις
870 4806 1049 4876 γέρων
1093 4808 1150 4857 ἐν
1191 4807 1259 4875 τῇ
1296 4804 1481 4873 Σκήτῃ
1530 4802 1758 4872 ὀνόματι
1810 4802 1915 4852 Δα-

323 4901 449 4972 νιὴλ
478 4902 572 4954 καὶ
603 4897 712 4970 εἶχε
747 4898 1011 4970 μαθητήν.
1046 4896 1365 4975 συνῴκησαν
1390 4896 1447 4948 δὲ
1472 4893 1548 4965 τῷ
1588 4892 1802 4964 μαθητῇ
1825 4893 1914 4946 αὑ·

322 4995 421 5048 τοῦ
456 5012 512 5047 κ.
549 5011 601 5045 τ.
636 4993 686 5045 λ.
713 4992 774 5046 ll.
801 4990 943 5059 Περὶ
988 4990 1095 5044 τοῦ
1141 4989 1410 5057 ἀδελφοῦ
1459 4987 1574 5043 ἀπὸ
1613 4986 1908 5056 ὀμμάτων.

328 5082 578 5151 111.Περὶ
610 5082 717 5151 τῆς
751 5081 924 5149 ἁγίας
958 5081 1055 5133 καὶ
1090 5080 1403 5148 σώφρονος
1432 5075 1740 5146 κόρηςλν.
1768 5076 1909 5145 Περὶ

325 5176 439 5244 τῆς
487 5173 831 5240 πατρικείας
880 5170 1436 5240 μετονομασθείσης
1484 5165 1795 5234 εὐνοῦχος.
1840 5163 1907 5218 ν.

324 5269 466 5335 Περὶ
518 5261 974 5334 ἀργυροπράτου
1037 5262 1136 5315 καὶ
1194 5259 1301 5329 τῆς
1359 5257 1647 5329 γυναικὸς
1701 5256 1907 5310 αὐτοῦ.

322 5358 433 5415 Ἦν
455 5378 542 5422 τις
571 5356 1000 5430 ἁργυροπράτης
1021 5356 1079 5406 ὲν
1110 5352 1405 5423 Ἀντιοχείᾳ
1434 5353 1500 5421 τῇ
1538 5349 1746 5421 μεγάλῃ
1772 5348 1907 5404 νεώ-

317 5470 482 5524 τερος
517 5451 743 5522 ὀνόματι
793 5448 1129 5519 Ἀνδρονίκος
1179 5463 1234 5498 κ.
1288 5463 1339 5498 τ.
1378 5445 1428 5498 λ.
1484 5442 1569 5496 Vl.
1617 5442 1757 5510 Περὶ
1801 5439 1910 5509 τῆς

321 5544 857 5613 προσποιουμένης
883 5532 1149 5610 μεθύειν.
1173 5537 1281 5590 VII.
1306 5536 1445 5604 Περὶ
1473 5535 1580 5589 τοῦ
1613 5536 1907 5604 Λατόμου.

324 5638 423 5692 His
477 5639 645 5707 igitur
686 5634 959 5705 capitibus
994 5632 1167 5687 codex
1217 5631 1565 5686 terminatur.
1620 5630 1911 5684 Recentior

324 5746 525 5786 manus
573 5730 628 5782 in
660 5727 766 5782 fine
793 5725 1087 5795 adscripsit
1128 5742 1142 5778 :
1178 5722 1353 5789 τέλος
1385 5721 1504 5776 τῶν
1532 5721 1910 5792 ἀποφθεγμά-

319 5838 435 5875 των
480 5822 581 5877 καὶ
613 5820 887 5889 πράξεων
914 5819 1033 5872 τῶν
1066 5818 1249 5886 ἁγίων
1294 5815 1565 5885 πατέρων
1586 5857 1601 5883 ,
1635 5831 1774 5885 quae
1826 5831 1909 5870 re-

2016 4632 2166 4681 sunt.

2061 4713 2143 4789 (5)
2183 4718 2499 4776 Thesaurus
2538 4717 2823 4773 Asceticus
2873 4720 2986 4773 sive
3020 4726 3307 4789 syntagma
3355 4730 3597 4786 opuscu-

2017 4808 2190 4862 lorum
2251 4804 2553 4865 octodecim
2603 4824 2633 4861 a
2684 4809 2897 4879 graecis
2949 4810 3078 4864 olim
3120 4809 3371 4879 patribus
3420 4808 3488 4862 de
3536 4824 3596 4862 re

2016 4898 2250 4953 aseetica
2293 4901 2647 4969 scriptorum.
2683 4898 2757 4952 Ea
2809 4914 2956 4952 nunc
2991 4900 3225 4968 primum
3253 4897 3525 4967 prodeunt
3564 4912 3596 4949 e

2011 4988 2403 5043 vetustissimis
2427 5004 2559 5044 mss.
2586 4988 2871 5043 codicibus
2896 4997 3074 5051 eruta,
3103 4989 3396 5043 collectore
3428 4996 3594 5057 atque

2013 5080 2311 5149 interprete
2343 5080 2506 5135 Petro
2538 5080 2771 5138 Possino
2804 5080 2929 5136 Soc.
2966 5079 3116 5136 Jesu.
3167 5080 3393 5136 Parisiis
3428 5079 3594 5139 1684,

2011 5173 2063 5226 4.
2097 5173 2566 5244 Apophthegmata
2608 5181 2827 5229 exstant
2876 5189 2930 5244 p.
2976 5172 3083 5227 215
3116 5189 3236 5243 sqq.
3272 5172 3459 5227 Sancti
3486 5170 3593 5224 Pa.

2012 5264 2114 5317 tris
2166 5263 2389 5318 Macarii
2442 5263 2688 5335 Aegyptii
2734 5263 2998 5333 opuscula
3048 5262 3311 5316 nonnulla
3358 5269 3413 5316 et
3461 5275 3592 5330 apo-

2012 5356 2361 5426 phtliegmata
2400 5357 2486 5410 ed.
2514 5354 2599 5409 Jo.
2632 5354 2899 5427 Georgius
2932 5355 3139 5410 Pritius
3178 5354 3397 5425 Lipsiae
3424 5354 3587 5409 1699.

2012 5445 2484 5515 Apophthegmata
2540 5453 2759 5498 exstant
2809 5462 2863 5515 p.
2893 5445 2995 5499 251
3045 5462 3164 5515 sqq.
3206 5446 3393 5514 anue
3441 5447 3587 5516 typis

2011 5535 2367 5605 repetivimus
2397 5534 2539 5589 infra
2564 5536 2618 5589 in
2645 5535 2839 5589 harum
2858 5539 3241 5607 quaestionum
3276 5533 3591 5606 Appendfoc

2011 5628 2182 5682 altera
2216 5630 2321 5682 sub
2350 5628 2413 5681 ll.

2086 5722 2141 5789 4)
2183 5720 2267 5774 Cf.
2307 5720 2444 5773 infra
2485 5719 2660 5789 Caput
2696 5717 2806 5772 VII.

2083 5812 2138 5882 5)
2177 5812 2260 5865 Cf.
2294 5812 2431 5865 infra
2465 5811 2640 5879 Caput
2672 5810 2805 5865 V’lll.
2878 5859 2883 5865 .
