4040 6558
412 372 485 430 39
1227 358 1330 413 SS.
1371 353 1832 413 MACAIUORUM
1868 346 2195 406 AEGYPTII
2238 347 2323 401 ΕΤ
2359 346 2834 403 ALEXANDRINI
3610 342 3682 397 ω

412 493 587 565 bere,
620 503 701 549 ne
729 486 831 560 iis,
864 482 974 565 qui
1002 481 1145 545 talia
1187 481 1397 543 minus
1440 484 1681 550 curant,
1730 472 2000 536 mendax
2029 473 2073 528 Δ
2101 469 2187 529 ibi
2231 468 2537 543 habitant,
2589 485 2982 549 unoquoque
3023 479 3274 545 semper
3319 463 3678 545 proximum

413 612 550 657 esse
577 593 791 655 videar
814 596 1074 671 prOpter
1102 588 1471 648 immensam
1500 579 1995 659 magnitudinem

413 691 933 757 exercitationum
992 688 1158 747 vires
1216 690 1474 746 naturae
1532 678 1993 742 excedentium.

414 794 536 858 Sed
586 800 647 855 et
693 808 911 855 eorum
948 789 1165 867 gratia,
1211 786 1319 867 qui
1372 784 1700 846 virtutibus
1745 780 1997 861 spiritus

416 894 617 959 ornati
648 892 813 955 dona
842 890 1050 952 divina
1085 886 1330 965 experti
1357 891 1501 947 sunt
1540 884 1745 962 dignis
1787 881 1995 943 distri-

415 998 585 1069 buta,
636 994 893 1056 virtutes
934 990 1241 1053 enarrabo
1290 995 1649 1050 sanctorum
1692 983 1995 1046 Macario-

418 1116 580 1171 rum,
617 1096 730 1177 qui
764 1093 1019 1156 nomina
1051 1108 1310 1171 quoque
1355 1088 1585 1150 sanctis
1634 1086 1762 1148 suis
1796 1091 1999 1145 certa-

416 1198 690 1261 minibus
742 1210 1031 1258 asceseos
1082 1191 1269 1270 digna
1326 1188 1756 1270 possidebant.
1788 1200 1830 1240 ››·
1871 1187 1999 1257 Qua

419 1297 721 1378 singulari
769 1302 957 1376 atque
1015 1293 1268 1355 insolita
1324 1288 1795 1352 introductione
1850 1303 2002 1346 usus

417 1401 730 1465 Palladius
755 1396 1059 1460 Macarios
1089 1410 1241 1455 sane
1281 1408 1431 1472 prae
1468 1388 1691 1451 ceteris
1722 1386 2001 1459 senibus,

426 1520 696 1585 quorum
723 1518 835 1563 res.
855 1505 1059 1577 gestas
1092 1493 1384 1566 narravit,
1414 1505 1797 1568 magnopere
1830 1502 2007 1566 prae-

427 1606 611 1669 dicat.
639 1607 723 1665 Ac
748 1600 950 1682 pergit
975 1598 1059 1659 ita
1083 1612 1369 1657 narrare:
1398 1616 1425 1647 α
1451 1590 1727 1653 Primum
1748 1585 2007 1666 quidem

427 1704 677 1768 Macarii
704 1700 1013 1780 Aegyptii,
1046 1697 1156 1777 qui
1184 1695 1332 1755 vixit
1358 1693 1636 1769 integros
1665 1687 2008 1765 nonaginta

2099 570 2283 633 variis
2313 572 2473 631 vitae
2500 571 2799 632 institutis
2828 570 3079 631 vincere
3109 566 3553 628 contendente.
3578 567 3685 623 At-

2102 689 2226 753 que
2268 670 2345 733 ad
2379 671 2563 733 aliam
2593 670 2781 750 hujus
2806 669 2921 730 viri
2967 667 3473 730 exercitationem
3509 664 3684 744 quod

2103 780 2365 855 Spectat,
2391 772 2525 852 ipse
2552 770 2876 833 dicebatur
2897 769 3155 830 adsidue
3180 767 3244 827 in
3277 765 3498 827 ecstasi
3519 782 3681 837 esse,

2104 884 2165 939 et
2185 876 2408 957 majori
2438 884 2725 953 tempore
2754 872 2883 933 Deo
2920 870 3116 947 magis
3137 886 3325 947 quam
3356 866 3543 927 rebus
3565 872 3687 925 ter-

2102 976 2270 1037 renis
2304 973 2624 1052 occupari.
2668 973 2796 1033 Nec
2836 988 3035 1051 pauca
3063 969 3351 1030 feruntur
3386 963 3686 1027 miracula

2103 1079 2182 1140 ab
2213 1094 2289 1139 eo
2320 1081 2593 1156 peracta.

2188 1220 2214 1251 ε(
2239 1194 2637 1257 Libidinosus
2666 1191 2922 1273 quidam
2950 1189 3168 1259 homo,
3203 1186 3549 1267 Aegyptius
3577 1202 3687 1262 ge-

2106 1314 2281 1371 nere,
2335 1301 2556 1375 captus
2604 1299 2737 1355 erat
2790 1307 3007 1353 amore
3054 1288 3379 1353 cuiusdam
3421 1286 3691 1367 pudicae

2107 1398 2407 1469 mulieris,
2443 1411 2605 1475 quae
2627 1394 2759 1453 viro
2793 1395 3114 1470 nupserat.
3147 1391 3347 1462 Quum
3376 1384 3692 1447 desiderio

2106 1500 2528 1569 frustraretur,
2569 1493 2861 1557 convenit
2904 1508 3180 1569 magum,
3223 1488 3325 1551 cui
3361 1507 3373 1549 :
3412 1489 3552 1559 Fac,
3590 1486 3692 1552 in-

2109 1603 2267 1681 quit,
2298 1607 2429 1661 arte
2460 1606 2589 1667 tua,
2624 1604 2729 1659 aut
2758 1602 2828 1656 ut
2858 1599 3025 1656 amet
3052 1608 3180 1665 me,
3210 1596 3315 1651 aut
3338 1596 3406 1650 ut
3434 1589 3697 1649 maritus

2112 1721 2249 1766 eam
2300 1703 2467 1764 foras
2516 1700 2743 1763 eiiciat.
2783 1700 3020 1775 Magus.
3073 1711 3236 1775 quae
3287 1698 3535 1773 poterat
3581 1708 3695 1751 ex-

421 1824 644 1877 annos,
693 1804 951 1864 virtutes
998 1797 1339 1878 proferam.
1388 1796 1448 1855 Is
1494 1794 1562 1853 in
1602 1789 2005 1852 solitudinem
2041 1817 2081 1870 B
2110 1811 2349 1885 pertus,
2394 1801 2695 1881 quoniam
2726 1808 2967 1861 castum
3005 1798 3137 1877 ejus
3179 1793 3454 1856 animum
3487 1790 3694 1852 dimo-

420 1908 672 1986 triginta
720 1918 921 1965 annos
968 1905 1148 1961 natus
1185 1894 1488 1968 ascendit,
1536 1894 1603 1953 in
1646 1910 1770 1971 qua
1804 1906 2006 1951 annos

422 2007 743 2085 sexaginta
763 2001 1025 2084 peregit.
1061 2001 1254 2061 Tanta
1275 1996 1523 2057 labores
1544 1989 2008 2056 exercitationis

421 2108 563 2171 tulit
589 2102 956 2175 constantia,
988 2107 1059 2162 ut
1098 2106 1243 2179 post
1283 2096 1503 2157 decem
1545 2112 1746 2157 annos
1776 2089 2009 2168 insigni

424 2209 693 2291 quadam
748 2202 1149 2266 distinctione
1217 2199 1445 2277 dignus
1506 2197 1754 2259 habitus
1814 2193 2011 2246 παιδα·

426 2311 688 2383 ριογέρων
721 2308 1070 2374 vocaretur,
1116 2298 1261 2380 quia
1292 2299 1495 2371 citius,
1529 2315 1716 2377 quam
1748 2314 1864 2377 pro
1899 2314 2008 2359 ae-

422 2410 570 2477 tate,
603 2404 927 2465 virtutibus
979 2401 1351 2481 profecerat.
1395 2399 1807 2476 Quadraginta
1842 2400 2011 2461 enim

424 2521 625 2567 annos
644 2513 827 2566 natus
855 2508 1229 2583 potestatem
1254 2499 1613 2580 expellendi
1644 2500 2009 2575 daemones,

427 2605 685 2681 gratiam
736 2602 1098 2676 curationis,
1163 2601 1583 2681 spiritumque
1637 2599 2015 2679 prOphetiae

428 2705 696 2784 accepit,
733 2712 793 2765 et
823 2701 1181 2765 honorabili
1226 2718 1485 2781 quoque
1518 2701 1873 2763 sacerdotio
1912 2701 2011 2762 di-

428 2822 589 2883 gnus
625 2804 1012 2866 existimatus
1055 2808 1169 2863 est.
1223 2803 1374 2862 Cum
1414 2801 1556 2881 ipso
1590 2801 1716 2863 duo
1765 2800 2012 2863 habita-

426 2906 578 2967 bant
615 2903 908 2984 discipuli
947 2903 1012 2963 in
1043 2902 1263 2964 intima
1294 2900 1653 2975 solitudine,
1699 2917 1861 2980 quae
1900 2917 2013 2987 vo-

428 3014 604 3067 catur
624 3008 825 3067 Scete.
851 3006 1128 3077 Quorum
1156 3020 1324 3064 unus
1345 3018 1597 3081 semper
1614 3018 1817 3081 prope
1836 3000 2016 3062 illum

429 3116 560 3169 erat
589 3124 805 3167 eorum
838 3122 1048 3177 causa,
1082 3104 1190 3183 qui
1224 3103 1584 3177 veniebant,
1613 3108 1684 3164 ut
1713 3118 2012 3164 curaren-

429 3223 569 3285 tur;
608 3208 765 3270 alter
805 3223 1092 3268 seorsum
1136 3204 1393 3266 sedebat
1438 3204 1505 3265 in
1544 3203 1801 3283 propria
1830 3202 2008 3264 cella.

429 3305 817 3368 Procedente
844 3310 1051 3365 autem
1078 3310 1369 3383 tempore
1390 3302 1483 3363 vir
1502 3308 1754 3363 sanctus
1776 3303 2016 3381 perspi-

431 3407 562 3467 caci
595 3404 780 3466 oculo
822 3403 1218 3483 praevidens,
1270 3403 1352 3477 ei,
1394 3404 1504 3482 qui
1549 3402 1666 3463 sibi
1697 3401 2010 3463 ministra-

432 3506 560 3577 bat,
616 3504 874 3565 Joannis
930 3502 1212 3576 nomine,
1262 3502 1367 3581 qui
1419 3509 1638 3581 postea
1686 3502 2017 3581 presbyter

432 3603 632 3664 factus
662 3610 757 3664 est
791 3603 856 3663 in
885 3602 1085 3682 ipsius
1115 3603 1314 3663 vicem
1348 3621 1361 3664 :
1402 3602 1584 3677 Audi,
1615 3602 1840 3681 inquit,
1886 3602 2013 3664 fra-

432 3710 550 3777 ter,
594 3722 797 3765 meam
827 3703 1347 3776 admonitionem,
1392 3704 1689 3783 quoniam
1728 3710 1790 3763 te
1819 3710 2017 3765 tentat

434 3805 688 3884 spiritus
716 3804 1028 3865 avaritiae.
1064 3806 1151 3864 Ita
1184 3804 1352 3865 enim
1382 3804 1677 3883 equidem
1710 3804 1856 3877 vidi,
1898 3822 2014 3865 ne-

436 3920 559 3983 que
592 3904 839 3981 ignoro,
868 3905 919 3965 si
956 3921 1159 3965 meam
1192 3920 1397 3983 aequo
1428 3904 1639 3965 animo
1670 3903 1885 3965 tuleris
1915 3922 2020 3966 ex-

436 4004 877 4078 hortationem,
926 4005 990 4065 in
1026 4022 1220 4084 opere
1252 4004 1362 4065 Dei
1391 4002 1514 4065 hoc
1542 4004 1684 4067 loco
1716 4021 2015 4066 consum-

436 4110 749 4165 maturum
776 4113 836 4165 te
866 4117 1004 4164 esse
1031 4104 1503 4184 gloriosumque
1532 4103 1668 4166 fore
1699 4111 1761 4165 et
1796 4103 2015 4182 ﬂagel-

436 4204 564 4266 lum
596 4222 726 4266 non
761 4205 1413 4285 appropinquaturum
1447 4205 1853 4267 tabernaculo
1882 4213 2014 4268 tuo.

434 4309 509 4365 At
537 4304 588 4365 si
622 4321 722 4365 me
752 4322 879 4365 non
919 4304 1212 4375 audieris,
1236 4304 1403 4363 Giezi
1433 4304 1499 4364 in
1535 4310 1593 4365 te
1625 4304 1767 4365 ﬁnis
1788 4305 2015 4378 veniet,

437 4406 615 4482 cujus
628 4411 688 4466 et
704 4404 1379 4466 morbolaboras.Haec
1401 4404 1563 4466 dicta
1580 4412 1723 4465 sunt
1739 4405 2017 4485 quinque

2108 1921 2253 1965 vere
2282 1920 2410 1964 non
2440 1908 2675 1982 posset,
2710 1900 2943 1973 effecit,
2974 1904 3044 1958 ut
3066 1913 3229 1977 equa
3252 1895 3572 1956 videretur
3592 1893 3694 1966 iis,

2110 2000 2218 2084 qui
2251 2023 2386 2067 eam
2434 2003 2866 2065 intuebantur.
2924 1999 3177 2061 Maritus
3219 2013 3369 2074 ergo
3410 1996 3542 2074 ejus
3588 1994 3701 2055 ubi

2110 2105 2278 2168 foras
2306 2106 2495 2179 venit,
2537 2104 2605 2165 in
2644 2102 2847 2164 forma
2876 2116 3078 2180 equae
3121 2116 3259 2161 eam
3297 2097 3701 2176 conspicatus

2111 2206 2417 2283 ingemuit
2447 2222 2518 2265 ac
2544 2202 2713 2265 ﬂevit
2740 2200 2819 2262 de
2847 2200 2950 2275 iis,
2987 2216 3151 2279 quae
3170 2197 3547 2260 acciderant.
3584 2197 3704 2256 Vo-

2113 2308 2264 2371 catis
2285 2304 2515 2368 deinde
2542 2304 2663 2365 vici
2691 2301 3078 2383 presbyteris
3100 2317 3238 2361 eam
3268 2296 3564 2368 ostendit,
3589 2293 3699 2356 sed

2112 2426 2193 2470 ne
2223 2407 2289 2468 hi
2320 2405 2572 2485 quidem
2604 2420 2737 2465 rem
2774 2401 3244 2463 intellexerunt.
3280 2400 3480 2472 Quum
3512 2397 3705 2473 igitur

2112 2507 2221 2569 illa
2268 2505 2468 2567 tribus
2510 2504 2732 2565 diebus
2777 2500 2930 2566 nihil
2988 2501 3253 2563 omnino
3299 2497 3699 2569 comedisset,

2115 2611 2506 2684 postremum
2541 2602 2722 2676 Deus,
2772 2606 3056 2663 sanctum
3103 2615 3283 2660 suum
3316 2596 3700 2675 gloriﬁcatu-

2116 2724 2241 2779 rus,
2280 2705 2725 2782 cogitationem
2762 2702 2985 2764 marito
3010 2700 3225 2762 iniecit
3253 2697 3531 2761 adeundi
3560 2714 3704 2758 cum

2117 2822 2192 2868 ea
2223 2814 2509 2868 sanctum
2542 2805 2743 2865 virum
2775 2803 2841 2864 in
2872 2801 3211 2865 solitudine
3236 2820 3252 2876 ;
3285 2818 3479 2881 quare
3508 2800 3562 2860 is
3594 2817 3706 2861 ca-

2118 2908 2315 2987 pistro
2365 2906 2618 2984 ligatam
2666 2913 2735 2967 ut
2784 2923 3013 2986 equam
3058 2903 3257 2976 duxit,
3294 2902 3407 2963 ubi
3456 2900 3550 2961 vir
3594 2900 3709 2962 Dei

2118 3006 2457 3067 habitabat.
2504 3003 3058 3085 Appropinquanti
3084 3003 3310 3065 fratres
3344 3022 3356 3064 :
3393 3002 3575 3074 Quid,
3614 3001 3711 3061 in-

2121 3108 2370 3186 quiunt,
2400 3105 2525 3168 huc
2551 3122 2773 3185 equam
2802 3101 3157 3166 adduxisti?
3186 3102 3300 3165 Ille
3321 3102 3703 3182 respondet:

2122 3208 2199 3268 Ut
2243 3207 2389 3268 iusti
2417 3206 2703 3267 oratione
2737 3204 3233 3266 misericordiam
3258 3211 3711 3281 consequatur.

2126 3314 2200 3371 At
2228 3309 2291 3370 hi
2327 3328 2339 3371 :
2369 3307 2528 3382 Quid
2566 3306 2820 3368 tandem
2848 3304 2997 3367 mali
3024 3301 3254 3366 habet?
3288 3302 3659 3382 Respondet
3693 3316 3709 3361 :

2121 3412 2311 3483 Haec,
2329 3426 2517 3488 quam
2535 3407 2756 3469 videtis
2778 3424 3027 3485 equam,
3052 3423 3195 3468 cara
3216 3421 3357 3466 mea
3369 3421 3530 3464 uxor
3550 3410 3706 3477 erat,

2123 3518 2205 3585 et,
2230 3510 2382 3590 quid
2406 3510 2531 3571 iam
2562 3508 2621 3569 ei
2648 3508 2970 3582 acciderit,
2998 3507 3240 3568 nescio.
3274 3504 3570 3566 Revelata
3604 3522 3711 3565 au-

2120 3619 2249 3674 tem
2282 3617 2499 3673 sancto
2530 3610 2742 3672 omnia
2777 3615 2974 3683 erant,
3006 3625 3168 3688 quae
3198 3607 3431 3669 femina
3465 3613 3714 3686 patere-

2122 3723 2245 3787 tur,
2279 3721 2340 3774 et
2376 3714 2572 3775 Deum
2619 3711 2837 3773 orabat
2880 3726 2996 3789 pro
3032 3727 3128 3771 ea.
3168 3709 3269 3770 Illi
3308 3726 3458 3769 vero
3508 3726 3710 3787 quum

2122 3814 2237 3875 ista
2282 3814 2686 3887 audivissent,
2730 3811 3011 3873 referunt
3062 3810 3141 3872 ad
3190 3827 3438 3870 servum
3489 3807 3712 3870 Christi

2124 3915 2485 3989 Macarium,
2532 3914 2815 3976 dicentes
2849 3932 2862 3973 :
2897 3914 3138 3992 Equam
3182 3910 3409 3990 aliquis
3438 3909 3562 3970 huc
3596 3908 3709 3970 ad-

2128 4017 2327 4078 duxit.
2362 4015 2599 4089 Quibus
2627 4014 2678 4075 is
2714 4034 2726 4076 :
2764 4015 2914 4088 Vos,
2945 4012 3173 4093 inquit,
3210 4011 3357 4072 estis
3384 4010 3554 4089 equi,
3604 4009 3714 4087 qui

2126 4133 2433 4197 equorum
2480 4117 2697 4177 oculos
2743 4114 3029 4187 habetis;
3074 4110 3181 4173 illa
3223 4117 3433 4172 autem
3478 4109 3714 4169 femina

2128 4226 2244 4292 est,
2294 4225 2365 4279 ut
2403 4225 2495 4277 est
2542 4223 2771 4291 creata,
2804 4224 2865 4277 et
2902 4216 2986 4276 ita
3026 4212 3464 4275 transformata
3513 4211 3715 4273 oculis

2124 4326 2363 4381 tantum
2422 4318 2532 4389 40
2574 4324 2836 4397 apparet
2881 4334 3126 4389 eorum,
3180 4315 3289 4393 qui
3336 4319 3482 4374 sunt
3522 4313 3712 4373 dece-

2128 4421 2242 4500 pti.
2302 4419 2535 4480 Deinde
2596 4436 2757 4497 aqua
2820 4416 3152 4479 benedicta
3220 4416 3472 4489 nudam,
3526 4431 3716 4493 quam

438 4521 638 4566 annos
675 4513 1012 4584 antequam
1053 4512 1305 4566 δθηοῑυε
1344 4505 1516 4565 Obm-
1550 4507 1624 4565 Εί
1659 4505 2020 4584 ί1υίηάθοίω
2053 4515 2099 4569 Ι)
2127 4523 2538 4595 adduxerant,
2560 4540 2595 4584 a
2634 4539 2881 4586 summo
2904 4522 3134 4582 vertice
3165 4520 3452 4600 aspersit,
3481 4537 3715 4599 quum-

438 4604 620 4665 annis
640 4611 781 4684 post
801 4610 1067 4665 mortem
1085 4604 1331 4667 Macarii
1350 4623 1542 4683 quum
1559 4607 1833 4666 Joannes
1853 4606 2019 4667 bona

440 4724 792 4787 pauperum
839 4708 1181 4782 avertisset,
1229 4708 1315 4771 ita
1370 4708 1670 4769 laboravit
1714 4708 2016 4787 elephan-

439 4810 599 4882 tiasi,
632 4809 781 4870 utin
815 4826 1082 4889 corpore
1113 4809 1248 4869 eius
1276 4826 1407 4871 non
1439 4810 1827 4871 inveniretur
1854 4811 2017 4873 inte-

446 4928 556 4985 ger
582 4911 781 4985 locus,
809 4911 878 4971 in
906 4927 1034 4989 quo
1066 4910 1207 4990 quis
1236 4910 1497 4987 digitum
1523 4911 1715 4989 ﬁgere
1744 4911 1853 4982 39
1876 4930 2022 4991 pos-

446 5018 559 5071 set.
592 5014 680 5073 Ita
724 5013 789 5073 in
839 5029 941 5085 eo,
992 5012 1099 5091 qui
1138 5029 1268 5077 non
1309 5012 1650 5085 obedierat,
1687 5014 2021 5093 prophetia

446 5113 639 5173 sancti
668 5113 781 5173 viri
808 5112 1065 5193 impleta
1094 5114 1206 5175 eSt.
1242 5114 1328 5173 De
1358 5113 1499 5174 cibo
1532 5120 1739 5174 autem
1775 5122 1835 5175 et
1867 5124 2019 5195 potu

446 5228 976 5289 supervacaneum
1000 5219 1093 5272 est
1121 5227 1394 5285 narrare,
1418 5211 1713 5289 quoniam
1739 5229 1818 5272 ne
1853 5211 2020 5289 apud

447 5308 839 5369 socordiores
887 5309 1142 5388 quidem
1200 5307 1545 5370 monachos
1604 5310 2017 5370 monasterio-

450 5426 611 5479 rum,
645 5426 805 5489 quae
835 5416 1005 5471 extra
1034 5416 1199 5486 sunt,
1230 5409 1497 5471 inveniri
1531 5408 1838 5487 ingluvies
1869 5428 2019 5489 pos-

449 5515 528 5575 sit
566 5522 673 5574 aut
711 5514 827 5575 alia
865 5514 1170 5593 quaedam
1208 5532 1242 5576 a
1281 5514 1738 5577 consuetudine
1777 5532 2022 5589 eorum,

448 5636 561 5700 qui
590 5620 652 5677 in
680 5618 813 5679 istis
841 5618 996 5679 locis
1027 5628 1373 5693 morantur,
1406 5620 1647 5680 diversa
1678 5620 1925 5680 vivendi
1946 5620 2024 5680 li-

450 5726 680 5794 bertas,
712 5738 854 5783 cum
899 5730 1159 5801 propter
1184 5724 1465 5802 in0piam
1507 5741 1709 5783 rerum
1741 5741 2029 5785 necessa-

448 5827 703 5901 riarum,
748 5830 881 5887 tum
908 5836 1170 5907 prOpter
1202 5827 1405 5891 zelum
1432 5828 1540 5891 Dei
1571 5828 1733 5889 inter
1760 5844 1891 5901 eos,
1916 5827 2026 5905 qui

2122 4641 2245 4703 que
2296 4641 2486 4704 super
2536 4629 2723 4702 caput
2779 4622 2913 4683 eius
2973 4626 3263 4702 precatus
3329 4625 3516 4693 esset,
3589 4627 3715 4681 sta-

2120 4720 2233 4780 tim
2278 4721 2570 4781 omnibus
2625 4738 2760 4781 eam
2828 4720 3181 4781 videntibus
3240 4718 3473 4779 femina
3516 4736 3715 4797 appa-

2121 4820 2265 4881 ruit.
2316 4824 2514 4899 Atque
2557 4822 2648 4881 vir
2685 4821 2795 4882 Dei
2856 4820 2913 4881 ei
2966 4819 3177 4882 cibum
3227 4820 3463 4899 apponi
3516 4819 3715 4880 iussit.

2121 4920 2276 4981 Tum
2362 4939 2496 4982 eam
2578 4921 2989 4993 commonuit,
3061 4919 3332 4981 dicens:
3384 4921 3719 4997 Nunquam

2122 5041 2252 5085 non
2299 5041 2665 5103 compareas
2722 5024 2787 5084 in
2842 5023 3107 5085 ecclesia
3148 5022 3257 5082 Dei
3312 5028 3373 5083 et
3429 5022 3495 5081 in
3541 5040 3719 5082 com-

2124 5123 2425 5184 munione
2509 5122 2951 5201 mysteriorum
3011 5120 3263 5193 Christi;
3334 5118 3489 5180 haec
3553 5119 3720 5179 enim

2124 5223 2236 5284 tibi
2265 5223 2653 5294 acciderunt,
2690 5222 2836 5299 quia
2876 5221 3000 5280 iam
3031 5220 3313 5299 quinque
3368 5218 3721 5279 hebdoma-

2125 5324 2309 5386 dibus
2340 5340 2467 5384 non
2498 5320 2813 5383 accessisti
2827 5320 2904 5380 ad
2924 5319 3294 5379 intemerata
3332 5317 3555 5377 Christi
3588 5336 3723 5396 my-

2125 5424 2331 5485 steria.
2356 5424 2443 5483 Ita
2457 5438 2591 5482 eam
2606 5436 2872 5499 corpore
2886 5418 3161 5479 etanima
3174 5424 3451 5478 sanatam
3468 5416 3729 5478 dimisit.

2210 5548 2238 5578 ι
2274 5524 2471 5583 Porro
2526 5520 2849 5582 dicebatur
2915 5517 3266 5599 posteriore
3327 5517 3484 5577 vitae
3573 5532 3724 5576 suae

2129 5631 2415 5701 tempore
2458 5622 2942 5683 subterraneum
2974 5618 3207 5679 fodisse
3253 5615 3617 5691 cuniculum
3660 5617 3724 5677 in

2130 5723 2370 5785 dimidii
2402 5721 2670 5800 spatium
2705 5718 2888 5781 stadii
2911 5724 2972 5779 et
3001 5716 3369 5796 speluncam
3392 5715 3720 5777 adiecisse.

2143 5826 2206 5885 Si
2233 5823 2485 5904 quando
2517 5823 2705 5900 igitur
2728 5819 3089 5901 complures
3126 5820 3188 5883 ei
3232 5826 3408 5882 erant
3448 5816 3720 5891 molesti,
