4040 6580
348 355 415 415 Η
1881 355 1938 414 Vl

2040 359 2112 417 Ε.
3560 355 3634 415 42

348 466 597 532 occulte
636 484 673 530 e
720 468 880 533 cella
908 485 1198 550 egressus
1237 472 1391 535 abiit
1426 471 1495 534 in
1543 472 1937 556 speluncam,
1968 479 2018 539 A
2045 476 2327 556 scipulos
2357 492 2487 540 una
2515 493 2659 540 cum
2688 472 2960 538 Macario
2988 470 3058 541 in
3093 474 3273 535 Scete
3315 466 3631 534 habitasse

344 566 455 643 ita,
488 574 554 629 ut
582 585 773 632 nemo
800 588 948 633 eum
978 571 1311 635 inveniret.
1362 573 1601 635 Abiens
1640 592 1789 636 vero
1820 592 1936 654 per

348 668 713 733 cuniculum
774 672 993 752 viginti
1040 680 1312 754 quatuor
1372 676 1689 738 orationes
1758 677 1932 740 dice-

345 774 451 836 bat
506 791 711 856 usque
785 776 867 838 ad
927 776 1319 857 speluncam,
1391 783 1453 839 et
1512 777 1765 841 rediens
1832 785 1933 843 to-

350 875 564 936 tidem.
592 892 595 893 '

433 998 461 1031 α
493 975 580 1036 De
608 992 686 1037 eo
714 990 972 1055 quoque
1006 973 1175 1038 fama
1202 976 1376 1052 exiit,
1411 975 1584 1057 quod
1619 982 1935 1039 mortuum

347 1076 681 1151 suscitarit,
745 1082 815 1139 ut
878 1077 1282 1141 convinceret
1346 1077 1755 1152 haereticum,
1826 1078 1937 1157 qui

347 1180 878 1241 resurrectionem
926 1196 1271 1260 corporum
1318 1197 1449 1242 non
1501 1180 1933 1260 proﬁtebatur.

346 1281 516 1352 Quae
539 1280 799 1360 quidem
825 1279 990 1343 fama
1020 1287 1317 1343 constans
1337 1280 1455 1342 fuit
1474 1281 1541 1342 in
1574 1280 1931 1343 solitudine.

427 1406 455 1438 ‹‹
488 1381 655 1444 Alias
690 1382 769 1444 ad
800 1382 1011 1462 ipsum
1039 1388 1239 1444 mater
1277 1382 1537 1445 adduxit
1563 1381 1935 1445 adolescen-

345 1486 495 1557 tem,
527 1482 641 1562 qui
669 1500 705 1544 a
732 1481 1046 1544 daemone
1066 1483 1428 1556 vexabatur,
1453 1498 1488 1543 a
1515 1480 1765 1543 duobus
1790 1478 1939 1541 ado-

345 1578 731 1644 lescentibus
752 1582 1070 1662 utrimque
1098 1582 1528 1645 constrictum.
1559 1583 1840 1661 Eamque
1868 1580 1937 1642 in

347 1696 493 1742 eum
537 1682 665 1743 vim
703 1681 975 1744 daemon
1011 1682 1314 1756 exercuit,
1366 1690 1437 1745 ut
1470 1682 1655 1745 trium
1694 1682 1940 1745 modio-

345 1799 487 1843 rum
517 1798 714 1861 panes
736 1781 1098 1844 comederet
1127 1788 1189 1846 et
1218 1781 1563 1863 amphorae
1595 1781 1938 1844 Ciliciensis

346 1899 576 1962 aquam
620 1882 888 1945 biberet.
936 1886 1105 1957 Quos
1151 1884 1327 1947 cibos
1374 1884 1603 1947 exinde
1647 1890 1938 1947 eructans

345 1982 412 2043 in
438 1999 739 2062 vaporem
768 1983 1145 2059 resolvebat,
1178 1991 1476 2065 tanquam
1512 1985 1661 2063 igne
1700 2002 1935 2048 consu-

345 2089 692 2145 merentur.
724 2085 831 2146 Est
859 2084 1030 2146 enim
1062 2084 1218 2148 ordo
1248 2085 1502 2165 quidam
1531 2085 1934 2161 daemonum,

348 2183 461 2262 qui
484 2182 711 2261 igneus
730 2191 1028 2260 vocatur;
1055 2185 1166 2266 qui
1193 2186 1451 2266 quidem
1476 2204 1607 2249 non
1639 2188 1935 2263 essentia,

349 2287 484 2359 sed,
518 2293 583 2347 ut
605 2287 668 2347 in
690 2287 1055 2350 hominibus
1081 2305 1338 2369 quoque
1358 2289 1695 2364 invenitur,
1726 2295 1937 2352 mente

351 2388 565 2467 potius
614 2389 937 2451 differunt.
991 2391 1115 2451 Iste
1161 2389 1351 2469 igitur
1386 2390 1777 2465 adolescens,
1814 2390 1867 2453 si
1902 2408 1938 2453 a

350 2497 550 2552 matre
581 2506 712 2553 non
736 2491 884 2553 satis
912 2491 971 2553 ei
1000 2491 1544 2572 suppeditabatur,
1582 2509 1771 2573 saepe
1795 2510 1939 2573 pro-

346 2590 554 2670 priam
601 2610 779 2654 suam
831 2592 1057 2655 edebat
1102 2594 1389 2674 corporis
1442 2595 1831 2673 egestionem
1879 2601 1939 2655 et

347 2691 572 2754 lotium
620 2693 895 2756 bibebat.
944 2693 1162 2756 Flente
1209 2702 1408 2757 matre
1448 2702 1509 2757 et
1554 2695 1939 2759 lamentante

348 2799 766 2873 sanctumque
802 2794 985 2857 enixe
1016 2796 1391 2870 obtestante,
1448 2796 1637 2858 istum
1686 2804 1938 2859 sanctus

348 2895 603 2974 excepit
633 2902 694 2956 et
737 2895 1007 2976 supplex
1048 2912 1165 2976 pro
1210 2913 1287 2958 eo
1334 2897 1532 2959 Deum
1576 2896 1793 2958 oravit.
1854 2901 1938 2959 Ac

351 3004 501 3076 post
545 2998 704 3061 duos
751 2998 886 3062 dies
927 2998 1228 3060 miserum
1273 2998 1545 3061 daemon
1592 3000 1939 3063 cruciatum

352 3098 612 3160 remisit.
669 3101 843 3162 Tunc
887 3098 1071 3161 matri
1111 3099 1289 3178 ejus:
1322 3103 1658 3175 Quantum,
1702 3102 1933 3181 inquit,

2044 579 2332 656 legimus,
2381 596 2582 642 unum
2622 578 2689 639 in
2738 575 2895 640 cella
2934 573 3207 649 Macarii,
3255 571 3521 635 alterum
3563 572 3633 634 in

2044 681 2301 762 prOpria
2326 681 2507 756 cella,
2537 696 2726 741 nemo
2748 675 3109 748 concludet,
3134 673 3291 738 alios
3319 673 3631 736 solitarios

2042 799 2168 844 una
2191 799 2333 844 cum
2356 781 2624 844 Macario
2643 777 2800 841 inibi
2822 793 2951 839 non
2970 775 3218 837 vixisse.
3242 775 3320 836 Se
3330 789 3440 834 nes
3461 772 3632 833 enim

2046 882 2421 947 abstinentia
2455 889 2517 944 et
2558 880 2887 943 virtutibus
2931 877 3213 955 insignes
3262 873 3485 954 procul
3514 872 3629 933 ali-

2048 990 2354 1064 quantum
2376 1001 2411 1045 a
2434 981 2853 1055 monasteriis,
2880 979 3109 1060 quibus
3131 982 3483 1058 praeerant,
3512 974 3633 1036 sibi

2046 1084 2269 1147 cellam
2313 1084 2639 1146 instituere
2697 1082 2918 1145 solitos
2966 1098 3106 1143 esse
3168 1095 3358 1159 supra
3407 1075 3629 1139 docui-

2006 1210 2011 1213 λ
2044 1203 2186 1247 mus
2217 1184 2323 1265 (2).
2356 1186 2447 1247 Ita
2479 1186 2542 1246 S.
2576 1185 2885 1246 Antonius
2928 1183 3160 1261 legitur
3196 1180 3358 1243 duos
3399 1177 3633 1258 pariter

2045 1285 2125 1348 ad
2146 1291 2416 1348 mortem
2448 1302 2653 1365 usque
2691 1302 2908 1349 secum
2937 1281 3282 1362 discipulos
3311 1278 3626 1350 habuisse,

2045 1386 2271 1449 ceteris
2302 1384 2655 1460 monachis,
2711 1384 2821 1464 qui
2868 1383 2985 1445 sub
3013 1381 3146 1462 ejus
3175 1377 3505 1458 disciplina
3533 1376 3627 1436 vi-

2043 1488 2293 1558 vebant,
2318 1486 2385 1548 in
2412 1486 2727 1549 vicinitate
2766 1483 3141 1563 degentibus
3165 1480 3272 1563 (3).
3306 1476 3630 1540 Solitarios

2043 1604 2194 1649 vero
2222 1594 2471 1668 praeter
2500 1586 2661 1649 duos
2707 1585 2850 1648 illos
2880 1602 3021 1647 cum
3053 1580 3322 1644 Macario
3350 1578 3417 1639 in
3450 1579 3630 1639 Scete

2045 1688 2396 1763 habitasse,
2444 1689 2572 1750 iam
2635 1687 2785 1749 inde
2840 1690 3044 1767 patet,
3098 1680 3273 1763 quod
3325 1677 3631 1742 Macarius

2046 1790 2381 1871 presbyter
2406 1789 2603 1852 Scetis
2635 1788 2775 1850 fuit.

2121 1890 2426 1967 Narratio,
2447 1907 2609 1971 quae
2633 1890 2939 1970 sequitur,
2959 1887 3038 1951 de
3057 1885 3295 1950 femina
3314 1884 3383 1947 in
3402 1897 3630 1963 equam

2039 1993 2276 2050 mutata
2328 1986 2517 2049 etiam
2549 1986 2617 2049 in
2657 1987 2820 2050 libro
2872 1984 3153 2055 secundo
3188 1982 3296 2065 (4),
3322 1982 3434 2045 sed
3472 1998 3629 2044 nus-

2040 2088 2211 2168 piam
2273 2088 2425 2151 alibi
2460 2088 2799 2151 invenitur.
2838 2089 2967 2151 Nec
3013 2086 3158 2148 libri
3187 2084 3451 2148 secundi
3481 2100 3627 2146 nar-

2040 2189 2198 2252 ratio
2233 2196 2360 2252 tam
2389 2190 2558 2268 large
2582 2189 2825 2253 exculta
2859 2194 2975 2263 est,
3006 2193 3195 2265 atque
3220 2185 3325 2248 illa
3347 2182 3627 2259 Palladii,

2040 2309 2251 2373 neque
2285 2292 2514 2356 mulier
2539 2299 2659 2367 est,
2689 2291 2803 2353 sed
2833 2290 3031 2370 virgo,
3074 2288 3201 2350 ﬁlia
3224 2287 3416 2367 patris
3442 2285 3625 2347 fami-

2038 2392 2154 2455 lias
2181 2393 2367 2455 vicini
2420 2392 2665 2474 oppidi,
2715 2408 2903 2472 quae,
2936 2400 3008 2453 ut
3046 2389 3254 2453 verbis
3298 2388 3454 2468 ipsis
3486 2395 3631 2449 uta-

2038 2510 2203 2568 mur,
2241 2517 2269 2550 ‹‹
2298 2512 2414 2575 per
2454 2492 2816 2575 phantasias
2840 2492 3120 2571 magicas
3146 2489 3479 2552 videbatur
3506 2487 3628 2551 ho-

2040 2595 2317 2659 minibus
2353 2596 2421 2658 in
2455 2595 2760 2675 equinum
2806 2593 3039 2656 animal
3085 2608 3286 2665 versa,
3340 2596 3410 2652 ut
3443 2596 3629 2670 puta-

2039 2704 2213 2759 retur
2235 2714 2401 2778 equa
2430 2713 2591 2771 esse,
2627 2702 2689 2759 et
2717 2712 2847 2759 non
2877 2694 3111 2777 puella.
3140 2696 3317 2755 Hanc
3344 2691 3628 2755 adduxe-

2040 2803 2187 2860 runt
2215 2798 2294 2860 ad
2318 2814 2464 2860 eum
2486 2797 2846 2874 [Macarium
2872 2796 2979 2868 42
3001 2795 3425 2876 Aegyptium].
3455 2795 3629 2855 Tunc

2037 2898 2145 2961 ille
2175 2904 2643 2979 perconctatus,
2674 2897 2822 2977 quid
2853 2894 3126 2959 vellent?
3182 2896 3368 2957 Aiunt
3398 2910 3628 2975 paren-

2038 3007 2134 3064 tes
2164 3000 2298 3064 eius
2331 3020 2344 3063 :
2378 3003 2554 3081 Equa
2584 3000 2764 3076 haec,
2808 3017 3002 3081 quam
3044 2998 3262 3060 vident
3307 2996 3473 3059 oculi
3513 2995 3630 3070 tui,

2039 3103 2250 3184 puella
2262 3104 2433 3184 virgo
2456 3110 2520 3165 et
2537 3102 2662 3165 ﬁlia
2677 3109 2889 3165 nostra
2902 3102 3043 3176 fuit,
3061 3100 3173 3163 sed
3189 3099 3479 3162 homines
3493 3114 3632 3175 pes-

350 3197 468 3272 vis,
505 3206 573 3260 ut
600 3197 938 3262 comedat?
974 3202 1192 3275 Quam,
1224 3218 1368 3263 cum
1401 3201 1623 3264 decem
1650 3200 1842 3265 libras
1861 3201 1942 3264 si-
1966 3196 2010 3256 C
2044 3204 2186 3267 simi
2208 3204 2469 3284 magicis
2492 3205 2731 3267 artibus
2757 3204 2825 3266 in
2861 3202 3091 3266 animal
3114 3202 3237 3264 hoc
3268 3200 3440 3280 quod
3461 3199 3633 3261 vides

349 3300 730 3379 gniﬁcasset,
760 3303 1127 3384 increpavit,
1163 3302 1310 3382 quia
1340 3302 1607 3364 nimium
1645 3303 1938 3377 dixisset;

347 3409 544 3482 atque
570 3403 797 3466 iterum
825 3421 1017 3484 super
1045 3402 1450 3466 adolescente
1479 3410 1772 3483 precatus
1797 3420 1941 3467 cum

346 3500 591 3563 ieiunio
630 3508 873 3582 septem
906 3502 1175 3576 dierum,
1231 3501 1608 3563 daemonem
1644 3502 1945 3581 ingluviei

351 3603 434 3665 ab
467 3620 543 3665 eo
573 3604 815 3685 expulit
843 3612 905 3667 et
947 3605 1158 3668 cibum
1192 3604 1252 3666 ei
1290 3603 1613 3667 constituit
1640 3605 1831 3665 trium
1860 3603 1938 3666 li—

348 3702 609 3766 brarum
637 3723 889 3785 panem,
917 3723 1107 3786 quem
1142 3704 1479 3768 comedere
1515 3704 1797 3780 deberet,
1834 3704 1938 3778 41

349 3804 408 3866 si
436 3814 826 3885 Operaretur.
854 3808 945 3869 Ita
976 3812 1038 3870 et
1070 3806 1242 3869 hunc
1268 3805 1498 3869 virtute
1528 3805 1775 3869 divinae
1806 3822 1942 3886 gra-

347 3904 477 3967 tiae
510 3912 799 3969 sanatum
828 3907 1013 3970 matri
1046 3908 1342 3971 reddidit.

434 4029 463 4059 «
480 4004 649 4069 Talia
678 4007 844 4069 Deus
870 4007 1182 4088 stupenda
1201 4005 1503 4070 miracula
1529 4004 1679 4069 fecit
1699 4022 1815 4087 per
1843 4005 1940 4068 di-

346 4104 587 4168 lectum
617 4125 800 4170 suum
821 4108 1180 4184 Macarium,
1218 4108 1397 4171 cuius
1426 4106 1796 4169 immortalis
1815 4105 1947 4168 ani-

349 4224 457 4271 ma
487 4224 656 4269 nunc
687 4214 782 4271 est
815 4226 961 4271 cum
993 4208 1253 4286 angelis.
1292 4210 1424 4288 Ego
1471 4214 1758 4271 sanctum
1803 4208 1942 4287 ipse

350 4324 485 4369 non
518 4308 831 4382 conveni;
880 4326 1047 4372 anno
1089 4310 1280 4385 enim,
1322 4317 1659 4391 antequam
1693 4309 1761 4371 in
1788 4310 1941 4371 soli-

347 4405 642 4467 tudinem
672 4407 1098 4486 ingrediebar,
1138 4409 1379 4472 obierat
1410 4407 1556 4491 (1).»

435 4512 462 4584 §
502 4507 596 4569 13.
628 4510 816 4572 Hisce
862 4528 958 4585 ea,
993 4528 1159 4592 quae
1194 4511 1469 4574 Historia
1500 4512 1798 4575 Lausiaca
1828 4529 1939 4575 co-

348 4609 567 4671 dicum
597 4610 1185 4675 Vindobonensium
1214 4614 1293 4676 de
1320 4614 1589 4676 Macario
1631 4614 1940 4695 Aegyptio

348 4707 563 4782 habet,
596 4711 1019 4775 continentur.
1063 4716 1111 4775 E
1142 4715 1374 4795 quibus
1410 4716 1653 4793 singula
1684 4718 1737 4780 si
1779 4734 1937 4779 con-

347 4809 594 4887 tuleris,
625 4830 995 4892 cognosces,
1029 4821 1270 4878 textum
1290 4818 1542 4880 Meursii
1570 4819 1636 4881 in
1658 4819 1781 4882 hoc
1802 4820 1942 4900 qui-

349 4913 500 4976 dem
528 4917 736 4995 capite
765 4918 953 4979 rebus
977 4918 1080 4978 vix
1107 4918 1386 4996 diﬂ‘erre,
1410 4920 1521 4983 sed
1551 4921 1942 5001 depravatio-

348 5016 540 5078 nibus
565 5023 829 5079 scatere.
862 5019 952 5080 Ad
987 5035 1060 5081 ea
1088 5026 1320 5094 autem,
1356 5038 1519 5101 quae
1558 5038 1944 5084 commemo-

348 5116 651 5191 ravimus,
703 5116 1063 5180 adnotanda
1106 5119 1292 5181 nobis
1332 5118 1489 5182 haec
1533 5136 1671 5183 esse
1716 5120 1937 5182 viden-

346 5224 474 5276 tur.

430 5319 713 5381 Primum
753 5319 1011 5400 quidem
1042 5335 1079 5382 e
1110 5318 1340 5396 verbis,
1388 5319 1618 5400 quibus
1652 5321 1812 5385 duos
1842 5324 1939 5385 di-

424 5505 503 5573 (t)
545 5503 753 5560 Textus
782 5520 1014 5576 graecus
1054 5507 1254 5578 legitur
1280 5509 1421 5562 intra
1455 5510 1507 5563 in
1538 5509 1732 5563 harum
1761 5510 1941 5578 Quae-

346 5598 598 5652 stionum
630 5599 947 5668 Appendice
970 5600 1159 5671 priore
1191 5603 1294 5656 sub
1323 5604 1365 5655 l.

425 5687 503 5758 (2)
544 5686 628 5742 Cf.
654 5704 819 5759 supra
851 5705 904 5759 p.
928 5690 983 5744 4.

429 5783 507 5849 (5)
549 5780 674 5834 Vita
713 5782 772 5837 S.
805 5782 1050 5848 Antonii,
1095 5781 1152 5838 S.
1192 5782 1454 5839 Albanas.
1493 5782 1632 5854 Opp.
1665 5783 1774 5838 T.l
1804 5784 1865 5840 Ι).
1900 5786 1941 5839 ll

345 5878 536 5943 p.680
593 5891 739 5946 sqq.,
773 5874 956 5932 Rosw.
996 5874 1109 5931 νγ.
1156 5875 1260 5931 PP.
1294 5876 1362 5931 59
1400 5893 1557 5948 sqq.;
1597 5875 1734 5934 Hist.
1770 5876 1937 5934 Laus.

2016 3342 2019 3343 ν
2044 3312 2447 3369 mutaverunt
2474 3323 2636 3369 eam.
2670 3308 2992 3383 Rogamus
3019 3319 3196 3382 ergo,
3227 3307 3299 3365 ut
3329 3318 3472 3363 ores
3502 3299 3630 3360 Do-

2044 3410 2312 3484 minum,
2344 3415 2413 3472 ut
2441 3413 2787 3471 commutet
2823 3422 2963 3469 eam
3003 3406 3073 3467 in
3114 3403 3237 3467 hoc
3281 3402 3455 3483 quod
3490 3400 3629 3463 fuit.

2046 3510 2120 3570 At
2147 3507 2253 3569 ille
2283 3507 2367 3569 ait
2402 3526 2415 3569 :
2449 3507 2581 3584 Ego
2613 3504 2807 3580 hanc,
2850 3520 3044 3584 quam
3092 3500 3423 3565 ostenditis
3452 3497 3631 3572 mihi,

2044 3607 2321 3689 puellam
2350 3606 2533 3670 video
2560 3605 2717 3669 nihil
2744 3606 2813 3668 in
2842 3621 2910 3667 se
2942 3602 3209 3684 pecudis
3249 3601 3630 3672 habentem;

2044 3708 2166 3772 hoc
2198 3714 2428 3782 autem,
2462 3707 2636 3787 quod
2665 3705 2892 3779 dicitis,
2932 3722 3062 3767 non
3102 3709 3196 3766 est
3224 3703 3293 3765 in
3334 3701 3471 3764 eius
3499 3717 3638 3763 cor-

2043 3826 2227 3892 pore,
2282 3809 2396 3871 sed
2437 3809 2506 3870 in
2552 3806 2753 3870 oculis
2795 3805 3201 3868 intuentium.
3252 3801 3631 3865 Phantasiae

2047 3911 2216 3974 enim
2260 3910 2642 3973 daemonum
2684 3912 2831 3969 sunt
2866 3906 3047 3981 istae,
3089 3922 3221 3967 non
3254 3903 3482 3968 veritas
3529 3918 3633 3963 re-

2042 4029 2208 4074 rum.
2249 4012 2496 4073 Etcum
2523 4007 2977 4073 introduxisset
3017 4023 3157 4068 eam
3207 4021 3352 4068 cum
3399 4020 3631 4083 paren-

2043 4116 2211 4176 tibus
2237 4114 2366 4176 suis
2387 4113 2551 4173 intra
2580 4109 2896 4184 cellulam,
2944 4107 3123 4170 ﬂexis
3159 4105 3426 4186 genibus
3454 4121 3635 4166 orare

2044 4217 2379 4279 Dominum
2410 4212 2645 4293 coepit,
2687 4209 3003 4291 simulque
3037 4215 3099 4270 et
3127 4212 3426 4288 parentes
3455 4212 3635 4283 rogat

2044 4334 2261 4379 secum
2289 4313 2557 4377 Domino
2585 4309 2982 4391 supplicare;
3033 4313 3097 4368 et
3123 4304 3449 4386 posthaec
3484 4320 3633 4383 per-

2043 4435 2290 4497 ungens
2320 4433 2458 4479 eam
2485 4413 2627 4477 oleo
2653 4413 2720 4473 in
2746 4410 3004 4474 nomine
3032 4407 3303 4482 Domini,
3328 4405 3502 4469 omni
3526 4403 3638 4466 fal-

1974 4563 2019 4617 D
2046 4519 2205 4582 lacia
2245 4518 2414 4579 visus
2444 4514 2727 4597 expulsa,
2762 4512 3067 4589 virginem
3102 4508 3301 4571 videri
3340 4505 3636 4569 omnibus

2047 4627 2117 4681 ut
2135 4619 2322 4680 etiam
2350 4615 2469 4679 sibi
2486 4614 2813 4677 videbatur
2833 4608 3062 4673 effecit.
3092 4630 3122 4664 »
3145 4604 3497 4669 Verisimile
3516 4608 3631 4676 est,

2046 4728 2381 4798 utramque
2420 4723 2483 4779 et
2522 4712 2833 4777 Historiae
2874 4708 3212 4772 Lausiacae
3242 4712 3304 4769 et
3342 4704 3486 4768 libri
3529 4720 3633 4765 se-

2048 4816 2240 4881 cundi
2279 4814 2702 4877 narrationem
2729 4829 2807 4873 ex
2847 4808 3076 4872 eodem
3112 4806 3288 4870 fonte
3321 4819 3632 4868 manasse.

2046 4917 2225 4993 Quod
2250 4915 2498 4981 facilius
2530 4913 2835 4989 creditur,
2861 4927 3059 4992 quum
3093 4926 3171 4971 ex
3197 4906 3299 4982 iis,
3331 4921 3492 4986 quae
3522 4923 3633 4966 su-

2045 5038 2158 5101 pra
2191 5018 2603 5081 disseruimus
2633 5014 2742 5096 (5),
2785 5018 3055 5086 constet,
3102 5007 3473 5077 Palladium,
3523 5005 3635 5085 qui

2047 5120 2408 5184 Lausiacam
2437 5116 2710 5198 scripsit,
2738 5120 2846 5177 aut
2870 5114 3099 5176 librum
3122 5108 3473 5173 secundum
3502 5113 3630 5180 aut,

2050 5223 2223 5304 quod
2278 5222 2465 5285 nobis
2513 5217 2905 5301 probabilius
2955 5214 3163 5277 visum
3215 5215 3333 5286 est,
3388 5214 3632 5271 textum

2050 5341 2373 5403 graecum,
2420 5340 2457 5384 e
2497 5338 2626 5403 quo
2663 5320 2825 5383 liber
2860 5317 2968 5380 ille
3006 5314 3211 5391 ﬂuxit,
3245 5311 3607 5376 adhibuisse

2044 5512 2131 5568 ed.
2168 5510 2371 5567 Meurs.
2405 5528 2524 5581 cap.
2560 5510 2629 5581 96
2662 5508 2799 5580 Opp.
2828 5507 3032 5562 Mcurs.
3061 5507 3101 5559 l.
3138 5503 3178 5559 Ι.
3217 5520 3268 5573 p.
3302 5503 3431 5558 419.

2124 5605 2203 5675 (4)
2248 5603 2359 5657 vv.
2412 5576 2518 5657 Pr.
2574 5576 2760 5658 lese;
2810 5602 2902 5659 lib.
2956 5599 2997 5653 ιι
3020 5615 3141 5669 cap.
3189 5599 3260 5653 ea
3298 5615 3347 5668 ιι.
3410 5595 3628 5662 180,1;

2046 5696 2232 5751 Ruﬁni
2280 5696 2418 5767 Opp.
2466 5696 2551 5751 ed.
2608 5695 2836 5751 Vallarsi
2887 5713 2938 5767 p.
2995 5694 3133 5759 194,
3190 5691 3368 5762 Mignc
3421 5687 3625 5744 Patro}.

2049 5788 2111 5842 Τ.
2145 5787 2265 5840 xxu
2298 5805 2350 5857 p.
2393 5786 2517 5841 45L

2122 5879 2198 5952 (5)
2239 5879 2372 5950 Cap.
2408 5879 2429 5935 Ι
2465 5878 2513 5951 §.
2548 5878 2602 5934 6.
