  <div class='ocr_page' id='page_1' title='image "/cluster/home/n/w/nwhite01/storage/ocr_20150623/34/hvd.32044019207760/033.png"; bbox 0 0 4040 6536; ppageno 0'>
   <div class='ocr_carea' id='block_1_1' title="bbox 464 312 3747 389">
    <p class='ocr_par' dir='ltr' id='par_1_1' title="bbox 464 312 3747 389">
     <span class='ocr_line' id='line_1_1' title="bbox 464 312 3747 389; baseline 0.002 -10"><span class='ocrx_word' id='word_1_1' title='bbox 464 321 539 379; x_wconf 71' lang='lat'>43</span> <span class='ocrx_word' id='word_1_2' title='bbox 1308 325 1410 381; x_wconf 92' lang='lat' dir='ltr'>ss.</span> <span class='ocrx_word' id='word_1_3' title='bbox 1447 324 1916 382; x_wconf 80' lang='lat' dir='ltr'>MACARIORUM</span> <span class='ocrx_word' id='word_1_4' title='bbox 1956 324 2279 385; x_wconf 68' lang='lat' dir='ltr'>ascmu</span> <span class='ocrx_word' id='word_1_5' title='bbox 2318 331 2407 387; x_wconf 85' lang='lat' dir='ltr'><strong>ET</strong></span> <span class='ocrx_word' id='word_1_6' title='bbox 2447 328 2923 389; x_wconf 79' lang='lat' dir='ltr'>ALEXANDRINI</span> <span class='ocrx_word' id='word_1_7' title='bbox 3680 312 3747 369; x_wconf 70' lang='grc' dir='ltr'>ιι</span> 
     </span>
    </p>
   </div>
   <div class='ocr_carea' id='block_1_2' title="bbox 465 402 3747 525">
    <p class='ocr_par' dir='ltr' id='par_1_2' title="bbox 465 434 3747 525">
     <span class='ocr_line' id='line_1_2' title="bbox 465 434 3747 525; baseline -0.005 -20"><span class='ocrx_word' id='word_1_8' title='bbox 465 440 905 523; x_wconf 80' lang='lat' dir='ltr'>Eandemque,</span> <span class='ocrx_word' id='word_1_9' title='bbox 954 444 1065 523; x_wconf 85' lang='lat' dir='ltr'>qui</span> <span class='ocrx_word' id='word_1_10' title='bbox 1102 459 1270 505; x_wconf 90' lang='lat' dir='ltr'>anno</span> <span class='ocrx_word' id='word_1_11' title='bbox 1307 451 1452 524; x_wconf 91' lang='lat' dir='ltr'>post</span> <span class='ocrx_word' id='word_1_12' title='bbox 1499 452 1770 507; x_wconf 92' lang='lat' dir='ltr'>mortem</span> <span class='ocrx_word' id='word_1_13' title='bbox 1799 442 2049 505; x_wconf 83' lang='lat' dir='ltr'>Macarii</span> <span class='ocrx_word' id='word_1_14' title='bbox 2079 453 2126 507; x_wconf 85' lang='lat' dir='ltr'><strong>A</strong></span> <span class='ocrx_word' id='word_1_15' title='bbox 2154 450 2457 525; x_wconf 83' lang='lat' dir='ltr'>converti,</span> <span class='ocrx_word' id='word_1_16' title='bbox 2503 455 2572 512; x_wconf 91' lang='lat' dir='ltr'>ut</span> <span class='ocrx_word' id='word_1_17' title='bbox 2620 466 2688 511; x_wconf 92' lang='lat' dir='ltr'>re</span> <span class='ocrx_word' id='word_1_18' title='bbox 2726 463 2871 509; x_wconf 91' lang='lat' dir='ltr'>vera</span> <span class='ocrx_word' id='word_1_19' title='bbox 2919 438 3212 507; x_wconf 81' lang='lat' dir='ltr'>animalia</span> <span class='ocrx_word' id='word_1_20' title='bbox 3267 434 3415 507; x_wconf 91' lang='lat' dir='ltr'>sint,</span> <span class='ocrx_word' id='word_1_21' title='bbox 3474 445 3747 510; x_wconf 84' lang='lat' dir='ltr'>quorum</span> 
     </span>
    </p>
   </div>
   <div class='ocr_carea' id='block_1_3' title="bbox 467 542 2047 621">
    <p class='ocr_par' dir='ltr' id='par_1_3' title="bbox 467 542 2047 621">
     <span class='ocr_line' id='line_1_3' title="bbox 467 542 2047 621; baseline 0 -17"><span class='ocrx_word' id='word_1_22' title='bbox 467 542 700 605; x_wconf 81' lang='lat' dir='ltr'>Nitriae</span> <span class='ocrx_word' id='word_1_23' title='bbox 734 550 1014 606; x_wconf 87' lang='lat' dir='ltr'>montem</span> <span class='ocrx_word' id='word_1_24' title='bbox 1044 543 1317 621; x_wconf 79' lang='lat' dir='ltr'>intravit,</span> <span class='ocrx_word' id='word_1_25' title='bbox 1352 544 1465 607; x_wconf 88' lang='lat' dir='ltr'>ubi</span> <span class='ocrx_word' id='word_1_26' title='bbox 1503 543 1726 607; x_wconf 88' lang='lat' dir='ltr'>decem</span> <span class='ocrx_word' id='word_1_27' title='bbox 1760 542 1895 605; x_wconf 88' lang='lat' dir='ltr'>fere</span> <span class='ocrx_word' id='word_1_28' title='bbox 1933 560 2047 604; x_wconf 88' lang='lat' dir='ltr'>an-</span> 
     </span>
    </p>
   </div>
   <div class='ocr_carea' id='block_1_4' title="bbox 464 643 2056 726">
    <p class='ocr_par' dir='ltr' id='par_1_4' title="bbox 464 643 2056 726">
     <span class='ocr_line' id='line_1_4' title="bbox 464 643 2056 726; baseline -0.001 -20"><span class='ocrx_word' id='word_1_29' title='bbox 464 659 586 706; x_wconf 88' lang='lat' dir='ltr'>nos</span> <span class='ocrx_word' id='word_1_30' title='bbox 616 643 938 706; x_wconf 87' lang='lat' dir='ltr'>solitudini</span> <span class='ocrx_word' id='word_1_31' title='bbox 966 644 1162 707; x_wconf 90' lang='lat' dir='ltr'>Scetis</span> <span class='ocrx_word' id='word_1_32' title='bbox 1190 645 1434 708; x_wconf 90' lang='lat' dir='ltr'>vicinus</span> <span class='ocrx_word' id='word_1_33' title='bbox 1473 644 1641 724; x_wconf 80' lang='lat' dir='ltr'>degit</span> <span class='ocrx_word' id='word_1_34' title='bbox 1665 645 1775 726; x_wconf 90' lang='lat'>(1),</span> <span class='ocrx_word' id='word_1_35' title='bbox 1803 660 2056 706; x_wconf 89' lang='lat' dir='ltr'>accura-</span> 
     </span>
    </p>
   </div>
   <div class='ocr_carea' id='block_1_5' title="bbox 466 743 2052 825">
    <p class='ocr_par' dir='ltr' id='par_1_5' title="bbox 466 743 2052 825">
     <span class='ocr_line' id='line_1_5' title="bbox 466 743 2052 825; baseline 0.001 -20"><span class='ocrx_word' id='word_1_36' title='bbox 466 743 692 806; x_wconf 86' lang='lat' dir='ltr'>tiorem</span> <span class='ocrx_word' id='word_1_37' title='bbox 738 744 945 807; x_wconf 88' lang='lat' dir='ltr'>famae</span> <span class='ocrx_word' id='word_1_38' title='bbox 982 745 1317 809; x_wconf 90' lang='lat' dir='ltr'>relatorem</span> <span class='ocrx_word' id='word_1_39' title='bbox 1364 746 1640 821; x_wconf 83' lang='lat' dir='ltr'>duxeris,</span> <span class='ocrx_word' id='word_1_40' title='bbox 1685 745 2052 825; x_wconf 90' lang='lat' dir='ltr'>praesertim</span> 
     </span>
    </p>
   </div>
   <div class='ocr_carea' id='block_1_6' title="bbox 468 848 2054 929">
    <p class='ocr_par' dir='ltr' id='par_1_6' title="bbox 468 848 2054 929">
     <span class='ocr_line' id='line_1_6' title="bbox 468 848 2054 929; baseline 0.001 -22"><span class='ocrx_word' id='word_1_41' title='bbox 468 864 666 924; x_wconf 89' lang='lat' dir='ltr'>quum</span> <span class='ocrx_word' id='word_1_42' title='bbox 695 849 995 913; x_wconf 82' lang='lat' dir='ltr'>Ruﬁnum</span> <span class='ocrx_word' id='word_1_43' title='bbox 1022 848 1288 914; x_wconf 86' lang='lat' dir='ltr'>inﬁdum</span> <span class='ocrx_word' id='word_1_44' title='bbox 1311 849 1722 929; x_wconf 88' lang='lat' dir='ltr'>interpretem</span> <span class='ocrx_word' id='word_1_45' title='bbox 1744 865 1882 911; x_wconf 88' lang='lat' dir='ltr'>esse</span> <span class='ocrx_word' id='word_1_46' title='bbox 1903 864 2054 911; x_wconf 86' lang='lat' dir='ltr'>con-</span> 
     </span>
    </p>
   </div>
   <div class='ocr_carea' id='block_1_7' title="bbox 468 952 614 1007">
    <p class='ocr_par' dir='ltr' id='par_1_7' title="bbox 468 952 614 1007">
     <span class='ocr_line' id='line_1_7' title="bbox 468 952 614 1007; baseline 0 -1"><span class='ocrx_word' id='word_1_47' title='bbox 468 952 614 1007; x_wconf 84' lang='lat' dir='ltr'>stet.</span> 
     </span>
    </p>
   </div>
   <div class='ocr_carea' id='block_1_8' title="bbox 551 1045 2054 1129">
    <p class='ocr_par' dir='ltr' id='par_1_8' title="bbox 551 1045 2054 1129">
     <span class='ocr_line' id='line_1_8' title="bbox 551 1045 2054 1129; baseline 0.003 -22"><span class='ocrx_word' id='word_1_48' title='bbox 551 1045 731 1118; x_wconf 85' lang='lat' dir='ltr'>Quod</span> <span class='ocrx_word' id='word_1_49' title='bbox 776 1046 856 1109; x_wconf 91' lang='lat' dir='ltr'>ad</span> <span class='ocrx_word' id='word_1_50' title='bbox 891 1046 1172 1111; x_wconf 84' lang='lat' dir='ltr'>fabulam</span> <span class='ocrx_word' id='word_1_51' title='bbox 1220 1048 1428 1129; x_wconf 90' lang='lat' dir='ltr'>ipsam</span> <span class='ocrx_word' id='word_1_52' title='bbox 1479 1048 1722 1124; x_wconf 88' lang='lat' dir='ltr'>attinet,</span> <span class='ocrx_word' id='word_1_53' title='bbox 1778 1049 2054 1128; x_wconf 89' lang='lat' dir='ltr'>magicas</span> 
     </span>
    </p>
   </div>
   <div class='ocr_carea' id='block_1_9' title="bbox 469 1146 2054 1231">
    <p class='ocr_par' dir='ltr' id='par_1_9' title="bbox 469 1146 2054 1231">
     <span class='ocr_line' id='line_1_9' title="bbox 469 1146 2054 1231; baseline 0.003 -24"><span class='ocrx_word' id='word_1_54' title='bbox 469 1156 636 1207; x_wconf 89' lang='lat' dir='ltr'>artes</span> <span class='ocrx_word' id='word_1_55' title='bbox 675 1146 844 1227; x_wconf 88' lang='lat' dir='ltr'>apud</span> <span class='ocrx_word' id='word_1_56' title='bbox 880 1149 1225 1229; x_wconf 85' lang='lat' dir='ltr'>Aegyptios</span> <span class='ocrx_word' id='word_1_57' title='bbox 1272 1149 1352 1211; x_wconf 90' lang='lat' dir='ltr'>ab</span> <span class='ocrx_word' id='word_1_58' title='bbox 1408 1149 1859 1231; x_wconf 88' lang='lat' dir='ltr'>antiquissimis</span> <span class='ocrx_word' id='word_1_59' title='bbox 1902 1148 2054 1211; x_wconf 90' lang='lat' dir='ltr'>inde</span> 
     </span>
    </p>
   </div>
   <div class='ocr_carea' id='block_1_10' title="bbox 468 1248 2051 1331">
    <p class='ocr_par' dir='ltr' id='par_1_10' title="bbox 468 1248 2051 1331">
     <span class='ocr_line' id='line_1_10' title="bbox 468 1248 2051 1331; baseline 0.003 -25"><span class='ocrx_word' id='word_1_60' title='bbox 468 1248 862 1327; x_wconf 87' lang='lat' dir='ltr'>temporibus</span> <span class='ocrx_word' id='word_1_61' title='bbox 899 1248 967 1311; x_wconf 91' lang='lat' dir='ltr'>in</span> <span class='ocrx_word' id='word_1_62' title='bbox 998 1267 1115 1311; x_wconf 92' lang='lat' dir='ltr'>usu</span> <span class='ocrx_word' id='word_1_63' title='bbox 1144 1249 1361 1325; x_wconf 91' lang='lat' dir='ltr'>fuisse,</span> <span class='ocrx_word' id='word_1_64' title='bbox 1412 1265 1542 1311; x_wconf 90' lang='lat' dir='ltr'>non</span> <span class='ocrx_word' id='word_1_65' title='bbox 1589 1257 1706 1326; x_wconf 84' lang='lat' dir='ltr'>est,</span> <span class='ocrx_word' id='word_1_66' title='bbox 1741 1250 1915 1331; x_wconf 89' lang='lat' dir='ltr'>quod</span> <span class='ocrx_word' id='word_1_67' title='bbox 1954 1248 2051 1311; x_wconf 91' lang='lat' dir='ltr'>di-</span> 
     </span>
    </p>
   </div>
   <div class='ocr_carea' id='block_1_11' title="bbox 472 1349 2057 1431">
    <p class='ocr_par' dir='ltr' id='par_1_11' title="bbox 472 1349 2057 1431">
     <span class='ocr_line' id='line_1_11' title="bbox 472 1349 2057 1431; baseline 0.001 -22"><span class='ocrx_word' id='word_1_68' title='bbox 472 1363 635 1409; x_wconf 88' lang='lat' dir='ltr'>cam.</span> <span class='ocrx_word' id='word_1_69' title='bbox 684 1350 978 1428; x_wconf 78' lang='lat' dir='ltr'>Legimus</span> <span class='ocrx_word' id='word_1_70' title='bbox 1015 1351 1225 1427; x_wconf 91' lang='lat' dir='ltr'>etiam,</span> <span class='ocrx_word' id='word_1_71' title='bbox 1274 1349 1617 1413; x_wconf 89' lang='lat' dir='ltr'>Commodo</span> <span class='ocrx_word' id='word_1_72' title='bbox 1671 1351 2057 1431; x_wconf 88' lang='lat' dir='ltr'>imperatore</span> 
     </span>
    </p>
   </div>
   <div class='ocr_carea' id='block_1_12' title="bbox 470 1447 2056 1533">
    <p class='ocr_par' dir='ltr' id='par_1_12' title="bbox 470 1447 2056 1533">
     <span class='ocr_line' id='line_1_12' title="bbox 470 1447 2056 1533; baseline 0.003 -25"><span class='ocrx_word' id='word_1_73' title='bbox 470 1447 835 1529; x_wconf 90' lang='lat' dir='ltr'>Philippum</span> <span class='ocrx_word' id='word_1_74' title='bbox 861 1452 1125 1533; x_wconf 77' lang='lat' dir='ltr'>Aegypti</span> <span class='ocrx_word' id='word_1_75' title='bbox 1154 1451 1727 1516; x_wconf 90' lang='lat' dir='ltr'>administratorem</span> <span class='ocrx_word' id='word_1_76' title='bbox 1759 1474 1788 1509; x_wconf 77' lang='grc' dir='ltr'>α</span> <span class='ocrx_word' id='word_1_77' title='bbox 1814 1451 2056 1514; x_wconf 90' lang='lat' dir='ltr'>cunctis</span> 
     </span>
    </p>
   </div>
   <div class='ocr_carea' id='block_1_13' title="bbox 472 1550 2057 1632">
    <p class='ocr_par' dir='ltr' id='par_1_13' title="bbox 472 1550 2057 1632">
     <span class='ocr_line' id='line_1_13' title="bbox 472 1550 2057 1632; baseline 0.002 -22"><span class='ocrx_word' id='word_1_78' title='bbox 472 1550 898 1621; x_wconf 86' lang='lat' dir='ltr'>curiositatem</span> <span class='ocrx_word' id='word_1_79' title='bbox 941 1554 1251 1632; x_wconf 88' lang='lat' dir='ltr'>magicam</span> <span class='ocrx_word' id='word_1_80' title='bbox 1290 1555 1675 1617; x_wconf 85' lang='lat' dir='ltr'>sectantibus</span> <span class='ocrx_word' id='word_1_81' title='bbox 1704 1554 1895 1615; x_wconf 91' lang='lat' dir='ltr'>finem</span> <span class='ocrx_word' id='word_1_82' title='bbox 1944 1552 2057 1613; x_wconf 91' lang='lat' dir='ltr'>im-</span> 
     </span>
    </p>
   </div>
   <div class='ocr_carea' id='block_1_14' title="bbox 473 1652 2058 1736">
    <p class='ocr_par' dir='ltr' id='par_1_14' title="bbox 473 1652 2058 1736">
     <span class='ocr_line' id='line_1_14' title="bbox 473 1652 2058 1736; baseline 0 -22"><span class='ocrx_word' id='word_1_83' title='bbox 473 1653 762 1731; x_wconf 92' lang='lat' dir='ltr'>posuisse</span> <span class='ocrx_word' id='word_1_84' title='bbox 788 1654 943 1735; x_wconf 83' lang='lat'>(2).»</span> <span class='ocrx_word' id='word_1_85' title='bbox 972 1657 1203 1729; x_wconf 92' lang='lat' dir='ltr'>Quarto</span> <span class='ocrx_word' id='word_1_86' title='bbox 1236 1656 1491 1719; x_wconf 91' lang='lat' dir='ltr'>saeculo</span> <span class='ocrx_word' id='word_1_87' title='bbox 1511 1656 1925 1736; x_wconf 91' lang='lat' dir='ltr'>imperatores</span> <span class='ocrx_word' id='word_1_88' title='bbox 1954 1652 2058 1714; x_wconf 91' lang='lat' dir='ltr'>ad-</span> 
     </span>
    </p>
   </div>
   <div class='ocr_carea' id='block_1_15' title="bbox 472 1754 2056 1837">
    <p class='ocr_par' dir='ltr' id='par_1_15' title="bbox 472 1754 2056 1837">
     <span class='ocr_line' id='line_1_15' title="bbox 472 1754 2056 1837; baseline 0.003 -26"><span class='ocrx_word' id='word_1_89' title='bbox 472 1768 691 1814; x_wconf 90' lang='lat' dir='ltr'>versus</span> <span class='ocrx_word' id='word_1_90' title='bbox 718 1770 935 1832; x_wconf 87' lang='lat' dir='ltr'>magos</span> <span class='ocrx_word' id='word_1_91' title='bbox 954 1754 1127 1833; x_wconf 86' lang='lat' dir='ltr'>leges</span> <span class='ocrx_word' id='word_1_92' title='bbox 1153 1763 1495 1818; x_wconf 85' lang='lat' dir='ltr'>sanxerunt</span> <span class='ocrx_word' id='word_1_93' title='bbox 1513 1756 1619 1837; x_wconf 90' lang='lat'>(3),</span> <span class='ocrx_word' id='word_1_94' title='bbox 1646 1772 1911 1836; x_wconf 90' lang='lat' dir='ltr'>quarum</span> <span class='ocrx_word' id='word_1_95' title='bbox 1930 1772 2056 1816; x_wconf 88' lang='lat' dir='ltr'>una</span> 
     </span>
    </p>
   </div>
   <div class='ocr_carea' id='block_1_16' title="bbox 476 1857 2057 1939">
    <p class='ocr_par' dir='ltr' id='par_1_16' title="bbox 476 1857 2057 1939">
     <span class='ocr_line' id='line_1_16' title="bbox 476 1857 2057 1939; baseline 0.003 -24"><span class='ocrx_word' id='word_1_96' title='bbox 476 1870 695 1917; x_wconf 89' lang='lat' dir='ltr'>eorum</span> <span class='ocrx_word' id='word_1_97' title='bbox 715 1872 972 1937; x_wconf 91' lang='lat' dir='ltr'>quoque</span> <span class='ocrx_word' id='word_1_98' title='bbox 1006 1857 1328 1921; x_wconf 87' lang='lat' dir='ltr'>scientiam</span> <span class='ocrx_word' id='word_1_99' title='bbox 1350 1858 1707 1939; x_wconf 87' lang='lat' dir='ltr'>proscribit,</span> <span class='ocrx_word' id='word_1_100' title='bbox 1733 1858 1843 1938; x_wconf 88' lang='lat' dir='ltr'>qui</span> <span class='ocrx_word' id='word_1_101' title='bbox 1865 1857 2057 1935; x_wconf 90' lang='lat' dir='ltr'>magi-</span> 
     </span>
    </p>
   </div>
   <div class='ocr_carea' id='block_1_17' title="bbox 475 1953 2053 2029">
    <p class='ocr_par' dir='ltr' id='par_1_17' title="bbox 475 1953 2053 2029">
     <span class='ocr_line' id='line_1_17' title="bbox 475 1953 2053 2029; baseline 0.001 -12"><span class='ocrx_word' id='word_1_102' title='bbox 475 1953 565 2017; x_wconf 90' lang='lat' dir='ltr'>cis</span> <span class='ocrx_word' id='word_1_103' title='bbox 595 1956 860 2019; x_wconf 88' lang='lat' dir='ltr'>accincti</span> <span class='ocrx_word' id='word_1_104' title='bbox 886 1958 1126 2029; x_wconf 80' lang='lat' dir='ltr'>artibus</span> <span class='ocrx_word' id='word_1_105' title='bbox 1156 1966 1262 2021; x_wconf 92' lang='lat' dir='ltr'>aut</span> <span class='ocrx_word' id='word_1_106' title='bbox 1300 1969 1518 2023; x_wconf 89' lang='lat' dir='ltr'>contra</span> <span class='ocrx_word' id='word_1_107' title='bbox 1544 1959 1813 2022; x_wconf 87' lang='lat' dir='ltr'>salutem</span> <span class='ocrx_word' id='word_1_108' title='bbox 1846 1958 2053 2020; x_wconf 92' lang='lat' dir='ltr'>homi-</span> 
     </span>
    </p>
   </div>
   <div class='ocr_carea' id='block_1_18' title="bbox 474 2055 2057 2139">
    <p class='ocr_par' dir='ltr' id='par_1_18' title="bbox 474 2055 2057 2139">
     <span class='ocr_line' id='line_1_18' title="bbox 474 2055 2057 2139; baseline 0.002 -24"><span class='ocrx_word' id='word_1_109' title='bbox 474 2070 628 2116; x_wconf 93' lang='lat' dir='ltr'>num</span> <span class='ocrx_word' id='word_1_110' title='bbox 647 2055 879 2131; x_wconf 92' lang='lat' dir='ltr'>moliri,</span> <span class='ocrx_word' id='word_1_111' title='bbox 914 2065 1021 2119; x_wconf 91' lang='lat' dir='ltr'>aut</span> <span class='ocrx_word' id='word_1_112' title='bbox 1045 2059 1314 2139; x_wconf 91' lang='lat' dir='ltr'>pudicos</span> <span class='ocrx_word' id='word_1_113' title='bbox 1349 2059 1594 2123; x_wconf 91' lang='lat' dir='ltr'>animos</span> <span class='ocrx_word' id='word_1_114' title='bbox 1617 2059 1696 2121; x_wconf 90' lang='lat' dir='ltr'>ad</span> <span class='ocrx_word' id='word_1_115' title='bbox 1730 2057 2057 2120; x_wconf 85' lang='lat' dir='ltr'>libidinem</span> 
     </span>
    </p>
   </div>
   <div class='ocr_carea' id='block_1_19' title="bbox 476 2154 2058 2244">
    <p class='ocr_par' dir='ltr' id='par_1_19' title="bbox 476 2154 2058 2244">
     <span class='ocr_line' id='line_1_19' title="bbox 476 2154 2058 2244; baseline 0 -23"><span class='ocrx_word' id='word_1_116' title='bbox 476 2159 806 2223; x_wconf 82' lang='lat' dir='ltr'>deﬂexisse</span> <span class='ocrx_word' id='word_1_117' title='bbox 821 2160 927 2234; x_wconf 68' lang='grc'>43</span> <span class='ocrx_word' id='word_1_118' title='bbox 952 2161 1323 2241; x_wconf 82' lang='lat' dir='ltr'>detegantur</span> <span class='ocrx_word' id='word_1_119' title='bbox 1343 2161 1453 2244; x_wconf 83' lang='grc'>(4).</span> <span class='ocrx_word' id='word_1_120' title='bbox 1472 2154 1722 2224; x_wconf 82' lang='lat' dir='ltr'>Iuvenis</span> <span class='ocrx_word' id='word_1_121' title='bbox 1745 2178 1779 2223; x_wconf 94' lang='lat' dir='ltr'>e</span> <span class='ocrx_word' id='word_1_122' title='bbox 1798 2161 2058 2239; x_wconf 90' lang='lat' dir='ltr'>regione</span> 
     </span>
    </p>
   </div>
   <div class='ocr_carea' id='block_1_20' title="bbox 476 2262 2057 2345">
    <p class='ocr_par' dir='ltr' id='par_1_20' title="bbox 476 2262 2057 2345">
     <span class='ocr_line' id='line_1_20' title="bbox 476 2262 2057 2345; baseline 0.001 -23"><span class='ocrx_word' id='word_1_123' title='bbox 476 2263 677 2323; x_wconf 87' lang='lat' dir='ltr'>Gazae</span> <span class='ocrx_word' id='word_1_124' title='bbox 705 2262 879 2325; x_wconf 91' lang='lat' dir='ltr'>urbis</span> <span class='ocrx_word' id='word_1_125' title='bbox 910 2264 1238 2340; x_wconf 90' lang='lat' dir='ltr'>oriundus,</span> <span class='ocrx_word' id='word_1_126' title='bbox 1275 2265 1355 2327; x_wconf 91' lang='lat' dir='ltr'>de</span> <span class='ocrx_word' id='word_1_127' title='bbox 1385 2282 1512 2345; x_wconf 92' lang='lat' dir='ltr'>quo</span> <span class='ocrx_word' id='word_1_128' title='bbox 1539 2265 1607 2326; x_wconf 91' lang='lat' dir='ltr'>in</span> <span class='ocrx_word' id='word_1_129' title='bbox 1634 2263 1756 2326; x_wconf 87' lang='lat' dir='ltr'>vita</span> <span class='ocrx_word' id='word_1_130' title='bbox 1791 2264 1851 2323; x_wconf 93' lang='lat' dir='ltr'>S.</span> <span class='ocrx_word' id='word_1_131' title='bbox 1883 2262 2057 2325; x_wconf 89' lang='lat' dir='ltr'>Hila-</span> 
     </span>
    </p>
   </div>
   <div class='ocr_carea' id='block_1_21' title="bbox 476 2362 2059 2446">
    <p class='ocr_par' dir='ltr' id='par_1_21' title="bbox 476 2362 2059 2446">
     <span class='ocr_line' id='line_1_21' title="bbox 476 2362 2059 2446; baseline -0.001 -19"><span class='ocrx_word' id='word_1_132' title='bbox 476 2362 675 2427; x_wconf 89' lang='lat' dir='ltr'>rionis</span> <span class='ocrx_word' id='word_1_133' title='bbox 709 2364 772 2444; x_wconf 54' lang='grc' dir='ltr'>(ηι-</span> <span class='ocrx_word' id='word_1_134' title='bbox 802 2364 937 2446; x_wconf 78' lang='grc'>372)</span> <span class='ocrx_word' id='word_1_135' title='bbox 986 2376 1294 2442; x_wconf 90' lang='lat' dir='ltr'>narratur,</span> <span class='ocrx_word' id='word_1_136' title='bbox 1329 2385 1365 2429; x_wconf 92' lang='lat' dir='ltr'>a</span> <span class='ocrx_word' id='word_1_137' title='bbox 1404 2366 1602 2445; x_wconf 90' lang='lat' dir='ltr'>magis</span> <span class='ocrx_word' id='word_1_138' title='bbox 1648 2365 1909 2427; x_wconf 90' lang='lat' dir='ltr'>edoctus</span> <span class='ocrx_word' id='word_1_139' title='bbox 1943 2364 2059 2425; x_wconf 92' lang='lat' dir='ltr'>sub</span> 
     </span>
    </p>
   </div>
   <div class='ocr_carea' id='block_1_22' title="bbox 477 2465 2059 2549">
    <p class='ocr_par' dir='ltr' id='par_1_22' title="bbox 477 2465 2059 2549">
     <span class='ocr_line' id='line_1_22' title="bbox 477 2465 2059 2549; baseline 0 -23"><span class='ocrx_word' id='word_1_140' title='bbox 477 2465 672 2531; x_wconf 90' lang='lat' dir='ltr'>limen</span> <span class='ocrx_word' id='word_1_141' title='bbox 704 2467 931 2531; x_wconf 90' lang='lat' dir='ltr'>domus</span> <span class='ocrx_word' id='word_1_142' title='bbox 977 2469 1225 2549; x_wconf 85' lang='lat' dir='ltr'>puellae</span> <span class='ocrx_word' id='word_1_143' title='bbox 1252 2474 1492 2532; x_wconf 90' lang='lat' dir='ltr'>amatae</span> <span class='ocrx_word' id='word_1_144' title='bbox 1522 2473 1835 2530; x_wconf 90' lang='lat' dir='ltr'>tormenta</span> <span class='ocrx_word' id='word_1_145' title='bbox 1862 2482 2059 2546; x_wconf 90' lang='lat' dir='ltr'>quae-</span> 
     </span>
    </p>
   </div>
   <div class='ocr_carea' id='block_1_23' title="bbox 478 2563 2061 2647">
    <p class='ocr_par' dir='ltr' id='par_1_23' title="bbox 478 2563 2061 2647">
     <span class='ocr_line' id='line_1_23' title="bbox 478 2563 2061 2647; baseline 0 -22"><span class='ocrx_word' id='word_1_146' title='bbox 478 2563 622 2625; x_wconf 90' lang='lat' dir='ltr'>dam</span> <span class='ocrx_word' id='word_1_147' title='bbox 653 2564 989 2628; x_wconf 87' lang='lat' dir='ltr'>verborum</span> <span class='ocrx_word' id='word_1_148' title='bbox 1030 2578 1093 2629; x_wconf 91' lang='lat' dir='ltr'>et</span> <span class='ocrx_word' id='word_1_149' title='bbox 1128 2574 1527 2647; x_wconf 89' lang='lat' dir='ltr'>portentosas</span> <span class='ocrx_word' id='word_1_150' title='bbox 1565 2566 1795 2644; x_wconf 87' lang='lat' dir='ltr'>ﬁguras</span> <span class='ocrx_word' id='word_1_151' title='bbox 1839 2564 1905 2625; x_wconf 90' lang='lat' dir='ltr'>in</span> <span class='ocrx_word' id='word_1_152' title='bbox 1950 2581 2061 2626; x_wconf 91' lang='lat' dir='ltr'>ae-</span> 
     </span>
    </p>
   </div>
   <div class='ocr_carea' id='block_1_24' title="bbox 477 2665 2061 2749">
    <p class='ocr_par' dir='ltr' id='par_1_24' title="bbox 477 2665 2061 2749">
     <span class='ocr_line' id='line_1_24' title="bbox 477 2665 2061 2749; baseline -0.003 -20"><span class='ocrx_word' id='word_1_153' title='bbox 477 2666 564 2729; x_wconf 88' lang='lat' dir='ltr'>ris</span> <span class='ocrx_word' id='word_1_154' title='bbox 592 2667 803 2746; x_wconf 80' lang='lat' dir='ltr'>Cyprii</span> <span class='ocrx_word' id='word_1_155' title='bbox 832 2667 1064 2731; x_wconf 92' lang='lat' dir='ltr'>lamina</span> <span class='ocrx_word' id='word_1_156' title='bbox 1097 2670 1374 2749; x_wconf 90' lang='lat' dir='ltr'>sculptas</span> <span class='ocrx_word' id='word_1_157' title='bbox 1409 2668 1683 2741; x_wconf 90' lang='lat' dir='ltr'>defodit;</span> <span class='ocrx_word' id='word_1_158' title='bbox 1730 2682 1857 2746; x_wconf 91' lang='lat' dir='ltr'>quo</span> <span class='ocrx_word' id='word_1_159' title='bbox 1894 2665 2061 2726; x_wconf 86' lang='lat' dir='ltr'>facto</span> 
     </span>
    </p>
   </div>
   <div class='ocr_carea' id='block_1_25' title="bbox 476 2762 2061 2845">
    <p class='ocr_par' dir='ltr' id='par_1_25' title="bbox 476 2762 2061 2845">
     <span class='ocr_line' id='line_1_25' title="bbox 476 2762 2061 2845; baseline -0.003 -17"><span class='ocrx_word' id='word_1_160' title='bbox 476 2764 753 2828; x_wconf 78' lang='lat' dir='ltr'>insanire</span> <span class='ocrx_word' id='word_1_161' title='bbox 787 2764 960 2839; x_wconf 87' lang='lat' dir='ltr'>virgo</span> <span class='ocrx_word' id='word_1_162' title='bbox 992 2766 1224 2845; x_wconf 91' lang='lat' dir='ltr'>coepit,</span> <span class='ocrx_word' id='word_1_163' title='bbox 1263 2764 1604 2827; x_wconf 91' lang='lat' dir='ltr'>inclamare</span> <span class='ocrx_word' id='word_1_164' title='bbox 1634 2781 1872 2826; x_wconf 90' lang='lat' dir='ltr'>nomen</span> <span class='ocrx_word' id='word_1_165' title='bbox 1904 2762 2061 2824; x_wconf 88' lang='lat' dir='ltr'>ado-</span> 
     </span>
    </p>
   </div>
   <div class='ocr_carea' id='block_1_26' title="bbox 478 2860 2061 2944">
    <p class='ocr_par' dir='ltr' id='par_1_26' title="bbox 478 2860 2061 2944">
     <span class='ocr_line' id='line_1_26' title="bbox 478 2860 2061 2944; baseline -0.003 -20"><span class='ocrx_word' id='word_1_166' title='bbox 478 2862 796 2937; x_wconf 90' lang='lat' dir='ltr'>lescentis,</span> <span class='ocrx_word' id='word_1_167' title='bbox 817 2869 878 2925; x_wconf 91' lang='lat' dir='ltr'>et</span> <span class='ocrx_word' id='word_1_168' title='bbox 904 2880 1056 2944; x_wconf 89' lang='lat' dir='ltr'>prae</span> <span class='ocrx_word' id='word_1_169' title='bbox 1082 2880 1297 2926; x_wconf 91' lang='lat' dir='ltr'>amore</span> <span class='ocrx_word' id='word_1_170' title='bbox 1326 2863 1394 2924; x_wconf 90' lang='lat' dir='ltr'>in</span> <span class='ocrx_word' id='word_1_171' title='bbox 1422 2862 1704 2925; x_wconf 91' lang='lat' dir='ltr'>furorem</span> <span class='ocrx_word' id='word_1_172' title='bbox 1730 2860 1909 2933; x_wconf 90' lang='lat' dir='ltr'>verti,</span> <span class='ocrx_word' id='word_1_173' title='bbox 1933 2875 2061 2939; x_wconf 90' lang='lat' dir='ltr'>quo</span> 
     </span>
    </p>
   </div>
   <div class='ocr_carea' id='block_1_27' title="bbox 2154 531 3743 626">
    <p class='ocr_par' dir='ltr' id='par_1_27' title="bbox 2154 531 3743 626">
     <span class='ocr_line' id='line_1_27' title="bbox 2154 531 3743 626; baseline -0.017 -11"><span class='ocrx_word' id='word_1_174' title='bbox 2154 559 2465 626; x_wconf 91' lang='lat' dir='ltr'>naturam,</span> <span class='ocrx_word' id='word_1_175' title='bbox 2510 557 2722 612; x_wconf 91' lang='lat' dir='ltr'>mente</span> <span class='ocrx_word' id='word_1_176' title='bbox 2776 549 3020 626; x_wconf 88' lang='lat' dir='ltr'>integra</span> <span class='ocrx_word' id='word_1_177' title='bbox 3086 544 3348 611; x_wconf 88' lang='lat' dir='ltr'>servata,</span> <span class='ocrx_word' id='word_1_178' title='bbox 3409 531 3743 611; x_wconf 84' lang='lat' dir='ltr'>accipiant.</span> 
     </span>
    </p>
   </div>
   <div class='ocr_carea' id='block_1_28' title="bbox 2157 630 3743 731">
    <p class='ocr_par' dir='ltr' id='par_1_28' title="bbox 2157 630 3743 731">
     <span class='ocr_line' id='line_1_28' title="bbox 2157 630 3743 731; baseline -0.018 -16"><span class='ocrx_word' id='word_1_179' title='bbox 2157 649 2335 724; x_wconf 88' lang='lat' dir='ltr'>Quod</span> <span class='ocrx_word' id='word_1_180' title='bbox 2382 650 2627 731; x_wconf 80' lang='lat' dir='ltr'>experti</span> <span class='ocrx_word' id='word_1_181' title='bbox 2663 654 2810 711; x_wconf 89' lang='lat' dir='ltr'>sunt</span> <span class='ocrx_word' id='word_1_182' title='bbox 2859 644 3015 709; x_wconf 91' lang='lat' dir='ltr'>socii</span> <span class='ocrx_word' id='word_1_183' title='bbox 3049 639 3312 721; x_wconf 87' lang='lat' dir='ltr'>Ulyssis,</span> <span class='ocrx_word' id='word_1_184' title='bbox 3346 638 3598 731; x_wconf 81' lang='lat' dir='ltr'>Actaeo,</span> <span class='ocrx_word' id='word_1_185' title='bbox 3648 630 3743 699; x_wconf 92' lang='lat' dir='ltr'>Io,</span> 
     </span>
    </p>
   </div>
   <div class='ocr_carea' id='block_1_29' title="bbox 2155 729 3741 821">
    <p class='ocr_par' dir='ltr' id='par_1_29' title="bbox 2155 729 3741 821">
     <span class='ocr_line' id='line_1_29' title="bbox 2155 729 3741 821; baseline -0.014 -13"><span class='ocrx_word' id='word_1_186' title='bbox 2155 745 2261 808; x_wconf 88' lang='lat' dir='ltr'>alii</span> <span class='ocrx_word' id='word_1_187' title='bbox 2289 764 2325 809; x_wconf 89' lang='lat' dir='ltr'>a</span> <span class='ocrx_word' id='word_1_188' title='bbox 2354 729 2551 821; x_wconf 78' lang='lat' dir='ltr'>Circe,</span> <span class='ocrx_word' id='word_1_189' title='bbox 2579 746 2797 820; x_wconf 89' lang='lat' dir='ltr'>Diana,</span> <span class='ocrx_word' id='word_1_190' title='bbox 2828 746 2981 807; x_wconf 86' lang='lat' dir='ltr'>Jove</span> <span class='ocrx_word' id='word_1_191' title='bbox 3009 740 3224 804; x_wconf 89' lang='lat' dir='ltr'>aliisve</span> <span class='ocrx_word' id='word_1_192' title='bbox 3254 734 3374 819; x_wconf 89' lang='lat' dir='ltr'>diis</span> <span class='ocrx_word' id='word_1_193' title='bbox 3402 732 3470 793; x_wconf 90' lang='lat' dir='ltr'>in</span> <span class='ocrx_word' id='word_1_194' title='bbox 3500 729 3741 791; x_wconf 89' lang='lat' dir='ltr'>anima-</span> 
     </span>
    </p>
   </div>
   <div class='ocr_carea' id='block_1_30' title="bbox 2154 828 3742 926">
    <p class='ocr_par' dir='ltr' id='par_1_30' title="bbox 2154 828 3742 926">
     <span class='ocr_line' id='line_1_30' title="bbox 2154 828 3742 926; baseline -0.014 -18"><span class='ocrx_word' id='word_1_195' title='bbox 2154 847 2239 909; x_wconf 91' lang='lat' dir='ltr'>lia</span> <span class='ocrx_word' id='word_1_196' title='bbox 2271 847 2491 909; x_wconf 92' lang='lat' dir='ltr'>mutati</span> <span class='ocrx_word' id='word_1_197' title='bbox 2522 846 2631 926; x_wconf 82' lang='lat'>(6).</span> <span class='ocrx_word' id='word_1_198' title='bbox 2659 850 2744 908; x_wconf 88' lang='lat' dir='ltr'>Ac</span> <span class='ocrx_word' id='word_1_199' title='bbox 2771 843 2938 922; x_wconf 89' lang='lat' dir='ltr'>magi</span> <span class='ocrx_word' id='word_1_200' title='bbox 2955 839 3148 904; x_wconf 88' lang='lat' dir='ltr'>medii</span> <span class='ocrx_word' id='word_1_201' title='bbox 3166 837 3302 900; x_wconf 89' lang='lat' dir='ltr'>aevi</span> <span class='ocrx_word' id='word_1_202' title='bbox 3330 832 3454 914; x_wconf 88' lang='lat' dir='ltr'>ipsi</span> <span class='ocrx_word' id='word_1_203' title='bbox 3485 828 3742 911; x_wconf 89' lang='lat' dir='ltr'>quidem</span> 
     </span>
    </p>
   </div>
   <div class='ocr_carea' id='block_1_31' title="bbox 2153 929 3748 1012">
    <p class='ocr_par' dir='ltr' id='par_1_31' title="bbox 2153 929 3748 1012">
     <span class='ocr_line' id='line_1_31' title="bbox 2153 929 3748 1012; baseline -0.014 -1"><span class='ocrx_word' id='word_1_204' title='bbox 2153 948 2419 1011; x_wconf 90' lang='lat' dir='ltr'>formam</span> <span class='ocrx_word' id='word_1_205' title='bbox 2441 966 2513 1012; x_wconf 91' lang='lat' dir='ltr'>ac</span> <span class='ocrx_word' id='word_1_206' title='bbox 2544 952 2829 1010; x_wconf 91' lang='lat' dir='ltr'>naturam</span> <span class='ocrx_word' id='word_1_207' title='bbox 2855 940 3222 1007; x_wconf 90' lang='lat' dir='ltr'>animalium</span> <span class='ocrx_word' id='word_1_208' title='bbox 3242 936 3539 1005; x_wconf 85' lang='lat' dir='ltr'>induunt,</span> <span class='ocrx_word' id='word_1_209' title='bbox 3565 929 3748 993; x_wconf 88' lang='lat' dir='ltr'>cuius</span> 
     </span>
    </p>
   </div>
   <div class='ocr_carea' id='block_1_32' title="bbox 2155 1026 3747 1127">
    <p class='ocr_par' dir='ltr' id='par_1_32' title="bbox 2155 1026 3747 1127">
     <span class='ocr_line' id='line_1_32' title="bbox 2155 1026 3747 1127; baseline -0.014 -20"><span class='ocrx_word' id='word_1_210' title='bbox 2155 1046 2249 1107; x_wconf 87' lang='lat' dir='ltr'>rei</span> <span class='ocrx_word' id='word_1_211' title='bbox 2300 1045 2587 1127; x_wconf 85' lang='lat' dir='ltr'>exempla</span> <span class='ocrx_word' id='word_1_212' title='bbox 2635 1043 2807 1125; x_wconf 91' lang='lat' dir='ltr'>apud</span> <span class='ocrx_word' id='word_1_213' title='bbox 2853 1046 3097 1103; x_wconf 90' lang='lat' dir='ltr'>veteres</span> <span class='ocrx_word' id='word_1_214' title='bbox 3143 1049 3403 1117; x_wconf 90' lang='lat' dir='ltr'>quoque</span> <span class='ocrx_word' id='word_1_215' title='bbox 3460 1045 3590 1091; x_wconf 85' lang='lat' dir='ltr'>non</span> <span class='ocrx_word' id='word_1_216' title='bbox 3639 1026 3747 1086; x_wconf 86' lang='lat' dir='ltr'>de-</span> 
     </span>
    </p>
   </div>
   <div class='ocr_carea' id='block_1_33' title="bbox 2156 1132 3747 1228">
    <p class='ocr_par' dir='ltr' id='par_1_33' title="bbox 2156 1132 3747 1228">
     <span class='ocr_line' id='line_1_33' title="bbox 2156 1132 3747 1228; baseline -0.014 -18"><span class='ocrx_word' id='word_1_217' title='bbox 2156 1154 2302 1210; x_wconf 91' lang='lat' dir='ltr'>sunt</span> <span class='ocrx_word' id='word_1_218' title='bbox 2335 1147 2443 1228; x_wconf 90' lang='lat'>(7),</span> <span class='ocrx_word' id='word_1_219' title='bbox 2471 1164 2680 1227; x_wconf 92' lang='lat' dir='ltr'>neque</span> <span class='ocrx_word' id='word_1_220' title='bbox 2708 1152 2922 1207; x_wconf 91' lang='lat' dir='ltr'>tamen</span> <span class='ocrx_word' id='word_1_221' title='bbox 2947 1141 3105 1204; x_wconf 90' lang='lat' dir='ltr'>alios</span> <span class='ocrx_word' id='word_1_222' title='bbox 3129 1139 3197 1199; x_wconf 91' lang='lat' dir='ltr'>in</span> <span class='ocrx_word' id='word_1_223' title='bbox 3226 1132 3521 1199; x_wconf 89' lang='lat' dir='ltr'>animalia</span> <span class='ocrx_word' id='word_1_224' title='bbox 3545 1135 3747 1228; x_wconf 86' lang='lat' dir='ltr'>verte-</span> 
     </span>
    </p>
   </div>
   <div class='ocr_carea' id='block_1_34' title="bbox 2156 1227 3749 1330">
    <p class='ocr_par' dir='ltr' id='par_1_34' title="bbox 2156 1227 3749 1330">
     <span class='ocr_line' id='line_1_34' title="bbox 2156 1227 3749 1330; baseline -0.014 -20"><span class='ocrx_word' id='word_1_225' title='bbox 2156 1266 2225 1312; x_wconf 91' lang='lat' dir='ltr'>re</span> <span class='ocrx_word' id='word_1_226' title='bbox 2254 1250 2535 1330; x_wconf 91' lang='lat' dir='ltr'>potuisse</span> <span class='ocrx_word' id='word_1_227' title='bbox 2567 1247 2862 1309; x_wconf 92' lang='lat' dir='ltr'>dicuntur</span> <span class='ocrx_word' id='word_1_228' title='bbox 2893 1242 3001 1323; x_wconf 91' lang='lat'>(8).</span> <span class='ocrx_word' id='word_1_229' title='bbox 3025 1243 3227 1315; x_wconf 90' lang='lat' dir='ltr'>Quare</span> <span class='ocrx_word' id='word_1_230' title='bbox 3248 1246 3310 1299; x_wconf 94' lang='lat' dir='ltr'>et</span> <span class='ocrx_word' id='word_1_231' title='bbox 3331 1235 3409 1298; x_wconf 91' lang='lat' dir='ltr'>ab</span> <span class='ocrx_word' id='word_1_232' title='bbox 3434 1232 3569 1294; x_wconf 88' lang='lat' dir='ltr'>istis</span> <span class='ocrx_word' id='word_1_233' title='bbox 3590 1227 3749 1291; x_wconf 75' lang='lat' dir='ltr'>anti-</span> 
     </span>
    </p>
   </div>
   <div class='ocr_carea' id='block_1_35' title="bbox 2158 1331 3748 1428">
    <p class='ocr_par' dir='ltr' id='par_1_35' title="bbox 2158 1331 3748 1428">
     <span class='ocr_line' id='line_1_35' title="bbox 2158 1331 3748 1428; baseline -0.016 -17"><span class='ocrx_word' id='word_1_234' title='bbox 2158 1348 2300 1428; x_wconf 92' lang='lat' dir='ltr'>quis</span> <span class='ocrx_word' id='word_1_235' title='bbox 2329 1347 2494 1410; x_wconf 90' lang='lat' dir='ltr'>etab</span> <span class='ocrx_word' id='word_1_236' title='bbox 2528 1345 2703 1409; x_wconf 90' lang='lat' dir='ltr'>hisce</span> <span class='ocrx_word' id='word_1_237' title='bbox 2744 1342 2939 1405; x_wconf 87' lang='lat' dir='ltr'>medii</span> <span class='ocrx_word' id='word_1_238' title='bbox 2979 1340 3115 1402; x_wconf 87' lang='lat' dir='ltr'>aevi</span> <span class='ocrx_word' id='word_1_239' title='bbox 3154 1331 3605 1399; x_wconf 88' lang='lat' dir='ltr'>mutationibus</span> <span class='ocrx_word' id='word_1_240' title='bbox 3634 1343 3748 1388; x_wconf 89' lang='lat' dir='ltr'>no-</span> 
     </span>
    </p>
   </div>
   <div class='ocr_carea' id='block_1_36' title="bbox 2157 1430 3747 1529">
    <p class='ocr_par' dir='ltr' id='par_1_36' title="bbox 2157 1430 3747 1529">
     <span class='ocr_line' id='line_1_36' title="bbox 2157 1430 3747 1529; baseline -0.013 -18"><span class='ocrx_word' id='word_1_241' title='bbox 2157 1456 2296 1511; x_wconf 80' lang='lat' dir='ltr'>stra</span> <span class='ocrx_word' id='word_1_242' title='bbox 2328 1449 2524 1529; x_wconf 92' lang='lat' dir='ltr'>probe</span> <span class='ocrx_word' id='word_1_243' title='bbox 2582 1452 2677 1509; x_wconf 91' lang='lat' dir='ltr'>est</span> <span class='ocrx_word' id='word_1_244' title='bbox 2727 1440 3189 1520; x_wconf 89' lang='lat' dir='ltr'>distinguenda,</span> <span class='ocrx_word' id='word_1_245' title='bbox 3242 1453 3427 1518; x_wconf 90' lang='lat' dir='ltr'>quae,</span> <span class='ocrx_word' id='word_1_246' title='bbox 3486 1430 3747 1509; x_wconf 87' lang='lat' dir='ltr'>magicis</span> 
     </span>
    </p>
   </div>
   <div class='ocr_carea' id='block_1_37' title="bbox 2157 1528 3742 1628">
    <p class='ocr_par' dir='ltr' id='par_1_37' title="bbox 2157 1528 3742 1628">
     <span class='ocr_line' id='line_1_37' title="bbox 2157 1528 3742 1628; baseline -0.016 -17"><span class='ocrx_word' id='word_1_247' title='bbox 2157 1546 2511 1628; x_wconf 88' lang='lat' dir='ltr'>praestigiis</span> <span class='ocrx_word' id='word_1_248' title='bbox 2562 1545 2809 1618; x_wconf 80' lang='lat' dir='ltr'>effecta,</span> <span class='ocrx_word' id='word_1_249' title='bbox 2869 1557 3002 1602; x_wconf 91' lang='lat' dir='ltr'>non</span> <span class='ocrx_word' id='word_1_250' title='bbox 3038 1538 3104 1600; x_wconf 92' lang='lat' dir='ltr'>in</span> <span class='ocrx_word' id='word_1_251' title='bbox 3141 1550 3408 1615; x_wconf 89' lang='lat' dir='ltr'>corpore</span> <span class='ocrx_word' id='word_1_252' title='bbox 3442 1528 3742 1599; x_wconf 85' lang='lat' dir='ltr'>feminae,</span> 
     </span>
    </p>
   </div>
   <div class='ocr_carea' id='block_1_38' title="bbox 2160 1631 3746 1711">
    <p class='ocr_par' dir='ltr' id='par_1_38' title="bbox 2160 1631 3746 1711">
     <span class='ocr_line' id='line_1_38' title="bbox 2160 1631 3746 1711; baseline -0.015 -2"><span class='ocrx_word' id='word_1_253' title='bbox 2160 1647 2269 1711; x_wconf 92' lang='lat' dir='ltr'>sed</span> <span class='ocrx_word' id='word_1_254' title='bbox 2290 1648 2355 1708; x_wconf 89' lang='lat' dir='ltr'>in</span> <span class='ocrx_word' id='word_1_255' title='bbox 2377 1645 2577 1709; x_wconf 89' lang='lat' dir='ltr'>oculis</span> <span class='ocrx_word' id='word_1_256' title='bbox 2601 1641 2981 1705; x_wconf 88' lang='lat' dir='ltr'>intuentium</span> <span class='ocrx_word' id='word_1_257' title='bbox 3010 1636 3261 1701; x_wconf 74' lang='lat' dir='ltr'>exstitit.</span> <span class='ocrx_word' id='word_1_258' title='bbox 3295 1631 3510 1695; x_wconf 89' lang='lat' dir='ltr'>Talem</span> <span class='ocrx_word' id='word_1_259' title='bbox 3537 1633 3746 1691; x_wconf 89' lang='lat' dir='ltr'>autem</span> 
     </span>
    </p>
   </div>
   <div class='ocr_carea' id='block_1_39' title="bbox 2160 1727 3747 1828">
    <p class='ocr_par' dir='ltr' id='par_1_39' title="bbox 2160 1727 3747 1828">
     <span class='ocr_line' id='line_1_39' title="bbox 2160 1727 3747 1828; baseline -0.015 -16"><span class='ocrx_word' id='word_1_260' title='bbox 2160 1750 2308 1825; x_wconf 87' lang='lat' dir='ltr'>vim,</span> <span class='ocrx_word' id='word_1_261' title='bbox 2353 1765 2476 1828; x_wconf 88' lang='lat' dir='ltr'>qua</span> <span class='ocrx_word' id='word_1_262' title='bbox 2518 1746 2848 1808; x_wconf 91' lang='lat' dir='ltr'>hominum</span> <span class='ocrx_word' id='word_1_263' title='bbox 2879 1740 3049 1804; x_wconf 89' lang='lat' dir='ltr'>oculi</span> <span class='ocrx_word' id='word_1_264' title='bbox 3090 1736 3516 1817; x_wconf 88' lang='lat' dir='ltr'>decipiuntur,</span> <span class='ocrx_word' id='word_1_265' title='bbox 3546 1727 3747 1806; x_wconf 89' lang='lat' dir='ltr'>magis</span> 
     </span>
    </p>
   </div>
   <div class='ocr_carea' id='block_1_40' title="bbox 2157 1829 3742 1917">
    <p class='ocr_par' dir='ltr' id='par_1_40' title="bbox 2157 1829 3742 1917">
     <span class='ocr_line' id='line_1_40' title="bbox 2157 1829 3742 1917; baseline -0.015 -6"><span class='ocrx_word' id='word_1_266' title='bbox 2157 1849 2504 1911; x_wconf 87' lang='lat' dir='ltr'>attribuunt</span> <span class='ocrx_word' id='word_1_267' title='bbox 2534 1847 2596 1909; x_wconf 93' lang='grc'>8.</span> <span class='ocrx_word' id='word_1_268' title='bbox 2629 1844 3007 1917; x_wconf 88' lang='lat' dir='ltr'>Lactantius,</span> <span class='ocrx_word' id='word_1_269' title='bbox 3044 1836 3462 1901; x_wconf 87' lang='lat' dir='ltr'>Tertullianus</span> <span class='ocrx_word' id='word_1_270' title='bbox 3484 1830 3592 1911; x_wconf 89' lang='lat'>(9),</span> <span class='ocrx_word' id='word_1_271' title='bbox 3624 1829 3742 1889; x_wconf 85' lang='lat' dir='ltr'>Mi-</span> 
     </span>
    </p>
   </div>
   <div class='ocr_carea' id='block_1_41' title="bbox 2157 1933 3749 2028">
    <p class='ocr_par' dir='ltr' id='par_1_41' title="bbox 2157 1933 3749 2028">
     <span class='ocr_line' id='line_1_41' title="bbox 2157 1933 3749 2028; baseline -0.016 -14"><span class='ocrx_word' id='word_1_272' title='bbox 2157 1952 2380 2013; x_wconf 89' lang='lat' dir='ltr'>nucius</span> <span class='ocrx_word' id='word_1_273' title='bbox 2410 1949 2601 2013; x_wconf 87' lang='lat' dir='ltr'>Felix.</span> <span class='ocrx_word' id='word_1_274' title='bbox 2619 1950 2668 2009; x_wconf 94' lang='lat' dir='ltr'><strong>E</strong></span> <span class='ocrx_word' id='word_1_275' title='bbox 2698 1947 2927 2028; x_wconf 88' lang='lat' dir='ltr'>quibus</span> <span class='ocrx_word' id='word_1_276' title='bbox 2956 1946 3017 2005; x_wconf 91' lang='lat' dir='ltr'>S.</span> <span class='ocrx_word' id='word_1_277' title='bbox 3051 1938 3408 2004; x_wconf 90' lang='lat' dir='ltr'>Lactantius</span> <span class='ocrx_word' id='word_1_278' title='bbox 3435 1952 3448 1994; x_wconf 91' lang='lat'>:</span> <span class='ocrx_word' id='word_1_279' title='bbox 3476 1957 3504 1989; x_wconf 82' lang='lat'>«</span> <span class='ocrx_word' id='word_1_280' title='bbox 3537 1933 3749 2008; x_wconf 86' lang='lat' dir='ltr'>Mago-</span> 
     </span>
    </p>
   </div>
   <div class='ocr_carea' id='block_1_42' title="bbox 2158 2030 3746 2131">
    <p class='ocr_par' dir='ltr' id='par_1_42' title="bbox 2158 2030 3746 2131">
     <span class='ocr_line' id='line_1_42' title="bbox 2158 2030 3746 2131; baseline -0.016 -17"><span class='ocrx_word' id='word_1_281' title='bbox 2158 2069 2299 2114; x_wconf 90' lang='lat' dir='ltr'>rum</span> <span class='ocrx_word' id='word_1_282' title='bbox 2329 2066 2585 2131; x_wconf 91' lang='lat' dir='ltr'>quoque</span> <span class='ocrx_word' id='word_1_283' title='bbox 2614 2066 2737 2122; x_wconf 89' lang='lat' dir='ltr'>ars,</span> <span class='ocrx_word' id='word_1_284' title='bbox 2765 2071 2792 2104; x_wconf 88' lang='lat'><strong>»</strong></span> <span class='ocrx_word' id='word_1_285' title='bbox 2826 2045 3051 2126; x_wconf 88' lang='lat' dir='ltr'>inquit,</span> <span class='ocrx_word' id='word_1_286' title='bbox 3087 2065 3115 2099; x_wconf 78' lang='grc' dir='ltr'><strong>α</strong></span> <span class='ocrx_word' id='word_1_287' title='bbox 3150 2039 3356 2103; x_wconf 90' lang='lat' dir='ltr'>omnis</span> <span class='ocrx_word' id='word_1_288' title='bbox 3373 2054 3445 2098; x_wconf 91' lang='lat' dir='ltr'>ac</span> <span class='ocrx_word' id='word_1_289' title='bbox 3464 2030 3746 2114; x_wconf 88' lang='lat' dir='ltr'>potentia</span> 
     </span>
    </p>
   </div>
   <div class='ocr_carea' id='block_1_43' title="bbox 2156 2139 3745 2229">
    <p class='ocr_par' dir='ltr' id='par_1_43' title="bbox 2156 2139 3745 2229">
     <span class='ocr_line' id='line_1_43' title="bbox 2156 2139 3745 2229; baseline -0.015 -14"><span class='ocrx_word' id='word_1_290' title='bbox 2156 2153 2387 2215; x_wconf 91' lang='lat' dir='ltr'>horum</span> <span class='ocrx_word' id='word_1_291' title='bbox 2439 2151 2867 2229; x_wconf 89' lang='lat' dir='ltr'>[daemonum]</span> <span class='ocrx_word' id='word_1_292' title='bbox 2923 2141 3414 2227; x_wconf 89' lang='lat' dir='ltr'>aspirationibus</span> <span class='ocrx_word' id='word_1_293' title='bbox 3467 2139 3745 2205; x_wconf 87' lang='lat' dir='ltr'>constat,</span> 
     </span>
    </p>
   </div>
   <div class='ocr_carea' id='block_1_44' title="bbox 2158 2237 3739 2334">
    <p class='ocr_par' dir='ltr' id='par_1_44' title="bbox 2158 2237 3739 2334">
     <span class='ocr_line' id='line_1_44' title="bbox 2158 2237 3739 2334; baseline -0.015 -17"><span class='ocrx_word' id='word_1_294' title='bbox 2158 2272 2194 2317; x_wconf 91' lang='lat' dir='ltr'>a</span> <span class='ocrx_word' id='word_1_295' title='bbox 2240 2254 2469 2334; x_wconf 88' lang='lat' dir='ltr'>quibus</span> <span class='ocrx_word' id='word_1_296' title='bbox 2518 2251 2822 2326; x_wconf 88' lang='lat' dir='ltr'>invocati,</span> <span class='ocrx_word' id='word_1_297' title='bbox 2868 2250 3036 2311; x_wconf 90' lang='lat' dir='ltr'>visus</span> <span class='ocrx_word' id='word_1_298' title='bbox 3061 2244 3393 2308; x_wconf 89' lang='lat' dir='ltr'>hominum</span> <span class='ocrx_word' id='word_1_299' title='bbox 3419 2237 3529 2312; x_wconf 66' lang='grc'>46</span> <span class='ocrx_word' id='word_1_300' title='bbox 3556 2251 3739 2316; x_wconf 88' lang='lat' dir='ltr'>prae-</span> 
     </span>
    </p>
   </div>
   <div class='ocr_carea' id='block_1_45' title="bbox 2159 2336 3749 2432">
    <p class='ocr_par' dir='ltr' id='par_1_45' title="bbox 2159 2336 3749 2432">
     <span class='ocr_line' id='line_1_45' title="bbox 2159 2336 3749 2432; baseline -0.014 -16"><span class='ocrx_word' id='word_1_301' title='bbox 2159 2353 2356 2432; x_wconf 90' lang='lat' dir='ltr'>stigiis</span> <span class='ocrx_word' id='word_1_302' title='bbox 2407 2351 2895 2415; x_wconf 90' lang='lat' dir='ltr'>obcaecantibus</span> <span class='ocrx_word' id='word_1_303' title='bbox 2938 2346 3185 2419; x_wconf 89' lang='lat' dir='ltr'>fallunt,</span> <span class='ocrx_word' id='word_1_304' title='bbox 3216 2352 3285 2405; x_wconf 91' lang='lat' dir='ltr'>ut</span> <span class='ocrx_word' id='word_1_305' title='bbox 3326 2356 3458 2403; x_wconf 90' lang='lat' dir='ltr'>non</span> <span class='ocrx_word' id='word_1_306' title='bbox 3496 2336 3749 2399; x_wconf 89' lang='lat' dir='ltr'>videant</span> 
     </span>
    </p>
   </div>
   <div class='ocr_carea' id='block_1_46' title="bbox 2162 2438 3751 2534">
    <p class='ocr_par' dir='ltr' id='par_1_46' title="bbox 2162 2438 3751 2534">
     <span class='ocr_line' id='line_1_46' title="bbox 2162 2438 3751 2534; baseline -0.015 -17"><span class='ocrx_word' id='word_1_307' title='bbox 2162 2473 2257 2529; x_wconf 91' lang='lat' dir='ltr'>ea,</span> <span class='ocrx_word' id='word_1_308' title='bbox 2281 2471 2443 2534; x_wconf 90' lang='lat' dir='ltr'>quae</span> <span class='ocrx_word' id='word_1_309' title='bbox 2472 2458 2640 2527; x_wconf 90' lang='lat' dir='ltr'>sunt,</span> <span class='ocrx_word' id='word_1_310' title='bbox 2678 2458 2739 2512; x_wconf 88' lang='lat' dir='ltr'>et</span> <span class='ocrx_word' id='word_1_311' title='bbox 2773 2450 2986 2512; x_wconf 89' lang='lat' dir='ltr'>videre</span> <span class='ocrx_word' id='word_1_312' title='bbox 3030 2464 3097 2509; x_wconf 90' lang='lat' dir='ltr'>se</span> <span class='ocrx_word' id='word_1_313' title='bbox 3140 2449 3365 2526; x_wconf 91' lang='lat' dir='ltr'>putent</span> <span class='ocrx_word' id='word_1_314' title='bbox 3413 2438 3544 2511; x_wconf 91' lang='lat' dir='ltr'>illa,</span> <span class='ocrx_word' id='word_1_315' title='bbox 3584 2451 3751 2516; x_wconf 90' lang='lat' dir='ltr'>quae</span> 
     </span>
    </p>
   </div>
   <div class='ocr_carea' id='block_1_47' title="bbox 2162 2540 3748 2636">
    <p class='ocr_par' dir='ltr' id='par_1_47' title="bbox 2162 2540 3748 2636">
     <span class='ocr_line' id='line_1_47' title="bbox 2162 2540 3748 2636; baseline -0.015 -17"><span class='ocrx_word' id='word_1_316' title='bbox 2162 2574 2291 2619; x_wconf 90' lang='lat' dir='ltr'>non</span> <span class='ocrx_word' id='word_1_317' title='bbox 2312 2563 2458 2618; x_wconf 88' lang='lat' dir='ltr'>sunt</span> <span class='ocrx_word' id='word_1_318' title='bbox 2506 2554 2655 2636; x_wconf 87' lang='lat'>(10).</span> <span class='ocrx_word' id='word_1_319' title='bbox 2685 2577 2714 2611; x_wconf 78' lang='lat'><strong><em>»</em></strong></span> <span class='ocrx_word' id='word_1_320' title='bbox 2737 2551 3046 2615; x_wconf 87' lang='lat' dir='ltr'>Minucius</span> <span class='ocrx_word' id='word_1_321' title='bbox 3074 2547 3287 2609; x_wconf 90' lang='lat' dir='ltr'>Felix:</span> <span class='ocrx_word' id='word_1_322' title='bbox 3325 2566 3353 2600; x_wconf 74' lang='grc' dir='ltr'>ς(</span> <span class='ocrx_word' id='word_1_323' title='bbox 3385 2540 3545 2617; x_wconf 87' lang='lat' dir='ltr'>Magi</span> <span class='ocrx_word' id='word_1_324' title='bbox 3592 2552 3748 2616; x_wconf 84' lang='lat' dir='ltr'>quo-</span> 
     </span>
    </p>
   </div>
   <div class='ocr_carea' id='block_1_48' title="bbox 2163 2643 3747 2737">
    <p class='ocr_par' dir='ltr' id='par_1_48' title="bbox 2163 2643 3747 2737">
     <span class='ocr_line' id='line_1_48' title="bbox 2163 2643 3747 2737; baseline -0.018 -14"><span class='ocrx_word' id='word_1_325' title='bbox 2163 2675 2310 2737; x_wconf 86' lang='lat' dir='ltr'>que,</span> <span class='ocrx_word' id='word_1_326' title='bbox 2338 2679 2367 2713; x_wconf 82' lang='lat'>»</span> <span class='ocrx_word' id='word_1_327' title='bbox 2398 2654 2626 2735; x_wconf 90' lang='lat' dir='ltr'>inquit,</span> <span class='ocrx_word' id='word_1_328' title='bbox 2654 2677 2681 2710; x_wconf 85' lang='lat'><strong>«</strong></span> <span class='ocrx_word' id='word_1_329' title='bbox 2714 2668 2844 2713; x_wconf 91' lang='lat' dir='ltr'>non</span> <span class='ocrx_word' id='word_1_330' title='bbox 2876 2656 3115 2712; x_wconf 88' lang='lat' dir='ltr'>tantum</span> <span class='ocrx_word' id='word_1_331' title='bbox 3178 2646 3351 2709; x_wconf 88' lang='lat' dir='ltr'>ciunt</span> <span class='ocrx_word' id='word_1_332' title='bbox 3381 2643 3747 2708; x_wconf 88' lang='lat' dir='ltr'>daemonas,</span> 
     </span>
    </p>
   </div>
   <div class='ocr_carea' id='block_1_49' title="bbox 2162 2734 3754 2833">
    <p class='ocr_par' dir='ltr' id='par_1_49' title="bbox 2162 2734 3754 2833">
     <span class='ocr_line' id='line_1_49' title="bbox 2162 2734 3754 2833; baseline -0.015 -15"><span class='ocrx_word' id='word_1_333' title='bbox 2162 2734 2274 2818; x_wconf 77' lang='lat' dir='ltr'>sed</span> <span class='ocrx_word' id='word_1_334' title='bbox 2303 2734 2512 2828; x_wconf 75' lang='lat' dir='ltr'>etiam,</span> <span class='ocrx_word' id='word_1_335' title='bbox 2545 2750 2854 2833; x_wconf 90' lang='lat' dir='ltr'>quidquid</span> <span class='ocrx_word' id='word_1_336' title='bbox 2884 2745 3167 2810; x_wconf 89' lang='lat' dir='ltr'>miraculi</span> <span class='ocrx_word' id='word_1_337' title='bbox 3190 2742 3437 2814; x_wconf 89' lang='lat' dir='ltr'>ludunt,</span> <span class='ocrx_word' id='word_1_338' title='bbox 3464 2754 3579 2819; x_wconf 87' lang='lat' dir='ltr'>per</span> <span class='ocrx_word' id='word_1_339' title='bbox 3606 2734 3754 2797; x_wconf 90' lang='lat' dir='ltr'>dae-</span> 
     </span>
    </p>
   </div>
   <div class='ocr_carea' id='block_1_50' title="bbox 2161 2835 3748 2928">
    <p class='ocr_par' dir='ltr' id='par_1_50' title="bbox 2161 2835 3748 2928">
     <span class='ocr_line' id='line_1_50' title="bbox 2161 2835 3748 2928; baseline -0.015 -9"><span class='ocrx_word' id='word_1_340' title='bbox 2161 2872 2384 2918; x_wconf 87' lang='lat' dir='ltr'>monas</span> <span class='ocrx_word' id='word_1_341' title='bbox 2414 2853 2684 2927; x_wconf 88' lang='lat' dir='ltr'>faciunt;</span> <span class='ocrx_word' id='word_1_342' title='bbox 2724 2851 2847 2912; x_wconf 90' lang='lat' dir='ltr'>illis</span> <span class='ocrx_word' id='word_1_343' title='bbox 2901 2845 3365 2928; x_wconf 83' lang='lat' dir='ltr'>adspirantibus</span> <span class='ocrx_word' id='word_1_344' title='bbox 3416 2846 3478 2901; x_wconf 91' lang='lat' dir='ltr'>et</span> <span class='ocrx_word' id='word_1_345' title='bbox 3529 2835 3748 2898; x_wconf 86' lang='lat' dir='ltr'>infun-</span> 
     </span>
    </p>
   </div>
   <div class='ocr_carea' id='block_1_51' title="bbox 480 2943 3749 3045">
    <p class='ocr_par' dir='ltr' id='par_1_51' title="bbox 480 2943 3749 3045">
     <span class='ocr_line' id='line_1_51' title="bbox 480 2943 3749 3045; baseline -0.008 -21"><span class='ocrx_word' id='word_1_346' title='bbox 480 2981 518 3025; x_wconf 90' lang='lat' dir='ltr'>a</span> <span class='ocrx_word' id='word_1_347' title='bbox 555 2965 618 3024; x_wconf 92' lang='lat' dir='ltr'>S.</span> <span class='ocrx_word' id='word_1_348' title='bbox 650 2943 973 3027; x_wconf 88' lang='lat' dir='ltr'>Hilarione</span> <span class='ocrx_word' id='word_1_349' title='bbox 1014 2965 1312 3028; x_wconf 90' lang='lat' dir='ltr'>liberatur</span> <span class='ocrx_word' id='word_1_350' title='bbox 1344 2964 1451 3045; x_wconf 87' lang='lat'>(5).</span> <span class='ocrx_word' id='word_1_351' title='bbox 1503 2966 1576 3026; x_wconf 90' lang='lat' dir='ltr'>In</span> <span class='ocrx_word' id='word_1_352' title='bbox 1614 2970 1826 3026; x_wconf 90' lang='lat' dir='ltr'>nostra</span> <span class='ocrx_word' id='word_1_353' title='bbox 1852 2960 2064 3023; x_wconf 87' lang='lat' dir='ltr'>fabula</span> <span class='ocrx_word' id='word_1_354' title='bbox 2164 2957 2457 3019; x_wconf 90' lang='lat' dir='ltr'>dentibus</span> <span class='ocrx_word' id='word_1_355' title='bbox 2486 2954 2853 3037; x_wconf 87' lang='lat' dir='ltr'>praestigias</span> <span class='ocrx_word' id='word_1_356' title='bbox 2874 2951 3092 3018; x_wconf 91' lang='lat' dir='ltr'>edunt,</span> <span class='ocrx_word' id='word_1_357' title='bbox 3114 2947 3210 3009; x_wconf 91' lang='lat' dir='ltr'>vel</span> <span class='ocrx_word' id='word_1_358' title='bbox 3243 2960 3408 3045; x_wconf 89' lang='lat' dir='ltr'>quae</span> <span class='ocrx_word' id='word_1_359' title='bbox 3426 2957 3557 3045; x_wconf 81' lang='lat' dir='ltr'>non</span> <span class='ocrx_word' id='word_1_360' title='bbox 3577 2943 3749 3045; x_wconf 71' lang='lat' dir='ltr'>sunt,</span> 
     </span>
    </p>
   </div>
   <div class='ocr_carea' id='block_1_52' title="bbox 483 3038 3749 3145">
    <p class='ocr_par' dir='ltr' id='par_1_52' title="bbox 483 3038 3749 3145">
     <span class='ocr_line' id='line_1_52' title="bbox 483 3038 3749 3145; baseline -0.009 -18"><span class='ocrx_word' id='word_1_361' title='bbox 483 3081 702 3142; x_wconf 89' lang='lat' dir='ltr'>magus</span> <span class='ocrx_word' id='word_1_362' title='bbox 729 3065 1052 3139; x_wconf 85' lang='lat' dir='ltr'>feminam,</span> <span class='ocrx_word' id='word_1_363' title='bbox 1088 3066 1189 3129; x_wconf 91' lang='lat' dir='ltr'>cui</span> <span class='ocrx_word' id='word_1_364' title='bbox 1216 3071 1467 3145; x_wconf 92' lang='lat' dir='ltr'>turpem</span> <span class='ocrx_word' id='word_1_365' title='bbox 1496 3080 1776 3126; x_wconf 90' lang='lat' dir='ltr'>amorem</span> <span class='ocrx_word' id='word_1_366' title='bbox 1803 3062 2064 3124; x_wconf 90' lang='lat' dir='ltr'>iniicere</span> <span class='ocrx_word' id='word_1_367' title='bbox 2164 3057 2382 3130; x_wconf 88' lang='lat' dir='ltr'>videri,</span> <span class='ocrx_word' id='word_1_368' title='bbox 2411 3055 2534 3129; x_wconf 90' lang='lat' dir='ltr'>vel,</span> <span class='ocrx_word' id='word_1_369' title='bbox 2567 3070 2730 3134; x_wconf 89' lang='lat' dir='ltr'>quae</span> <span class='ocrx_word' id='word_1_370' title='bbox 2770 3058 2939 3124; x_wconf 88' lang='lat' dir='ltr'>sunt,</span> <span class='ocrx_word' id='word_1_371' title='bbox 2988 3067 3118 3111; x_wconf 90' lang='lat' dir='ltr'>non</span> <span class='ocrx_word' id='word_1_372' title='bbox 3146 3046 3344 3109; x_wconf 87' lang='lat' dir='ltr'>videri</span> <span class='ocrx_word' id='word_1_373' title='bbox 3392 3041 3592 3125; x_wconf 88' lang='lat'>(11).»</span> <span class='ocrx_word' id='word_1_374' title='bbox 3626 3038 3749 3099; x_wconf 91' lang='lat' dir='ltr'>Sed</span> 
     </span>
    </p>
   </div>
   <div class='ocr_carea' id='block_1_53' title="bbox 485 3142 3752 3245">
    <p class='ocr_par' dir='ltr' id='par_1_53' title="bbox 485 3142 3752 3245">
     <span class='ocr_line' id='line_1_53' title="bbox 485 3142 3752 3245; baseline -0.009 -15"><span class='ocrx_word' id='word_1_375' title='bbox 485 3165 725 3245; x_wconf 89' lang='lat' dir='ltr'>nequit,</span> <span class='ocrx_word' id='word_1_376' title='bbox 767 3183 899 3228; x_wconf 92' lang='lat' dir='ltr'>non</span> <span class='ocrx_word' id='word_1_377' title='bbox 947 3167 1033 3229; x_wconf 90' lang='lat' dir='ltr'>ita</span> <span class='ocrx_word' id='word_1_378' title='bbox 1070 3173 1289 3241; x_wconf 89' lang='lat' dir='ltr'>mutat,</span> <span class='ocrx_word' id='word_1_379' title='bbox 1318 3142 1390 3227; x_wconf 82' lang='lat' dir='ltr'>ut</span> <span class='ocrx_word' id='word_1_380' title='bbox 1420 3166 1517 3239; x_wconf 89' lang='lat' dir='ltr'>sit,</span> <span class='ocrx_word' id='word_1_381' title='bbox 1548 3164 1659 3227; x_wconf 92' lang='lat' dir='ltr'>sed</span> <span class='ocrx_word' id='word_1_382' title='bbox 1687 3170 1756 3225; x_wconf 91' lang='lat' dir='ltr'>ut</span> <span class='ocrx_word' id='word_1_383' title='bbox 1781 3163 2065 3224; x_wconf 90' lang='lat' dir='ltr'>videatur</span> <span class='ocrx_word' id='word_1_384' title='bbox 2091 3169 2133 3227; x_wconf 90' lang='lat' dir='ltr'>C</span> <span class='ocrx_word' id='word_1_385' title='bbox 2166 3157 2475 3239; x_wconf 87' lang='lat' dir='ltr'>exempla,</span> <span class='ocrx_word' id='word_1_386' title='bbox 2496 3172 2711 3235; x_wconf 91' lang='lat' dir='ltr'>magos</span> <span class='ocrx_word' id='word_1_387' title='bbox 2742 3152 3095 3235; x_wconf 84' lang='lat' dir='ltr'>praestigiis</span> <span class='ocrx_word' id='word_1_388' title='bbox 3116 3148 3422 3219; x_wconf 81' lang='lat' dir='ltr'>effecisse,</span> <span class='ocrx_word' id='word_1_389' title='bbox 3455 3152 3524 3205; x_wconf 90' lang='lat' dir='ltr'>ut</span> <span class='ocrx_word' id='word_1_390' title='bbox 3554 3142 3752 3203; x_wconf 90' lang='lat' dir='ltr'>homo</span> 
     </span>
    </p>
   </div>
   <div class='ocr_carea' id='block_1_54' title="bbox 486 3246 3753 3348">
    <p class='ocr_par' dir='ltr' id='par_1_54' title="bbox 486 3246 3753 3348">
     <span class='ocr_line' id='line_1_54' title="bbox 486 3246 3753 3348; baseline -0.009 -17"><span class='ocrx_word' id='word_1_391' title='bbox 486 3273 724 3332; x_wconf 85' lang='lat' dir='ltr'>tantum</span> <span class='ocrx_word' id='word_1_392' title='bbox 764 3283 929 3347; x_wconf 86' lang='lat' dir='ltr'>equa</span> <span class='ocrx_word' id='word_1_393' title='bbox 955 3284 1117 3330; x_wconf 93' lang='lat' dir='ltr'>esse.</span> <span class='ocrx_word' id='word_1_394' title='bbox 1136 3267 1319 3348; x_wconf 85' lang='lat' dir='ltr'>Apud</span> <span class='ocrx_word' id='word_1_395' title='bbox 1345 3271 1586 3329; x_wconf 92' lang='lat' dir='ltr'>veteres</span> <span class='ocrx_word' id='word_1_396' title='bbox 1606 3265 1886 3327; x_wconf 92' lang='lat' dir='ltr'>ethnicas</span> <span class='ocrx_word' id='word_1_397' title='bbox 1916 3281 2066 3341; x_wconf 85' lang='lat' dir='ltr'>gen-</span> <span class='ocrx_word' id='word_1_398' title='bbox 2170 3261 2644 3341; x_wconf 84' lang='lat' dir='ltr'>conspiceretur</span> <span class='ocrx_word' id='word_1_399' title='bbox 2671 3256 2924 3331; x_wconf 92' lang='lat' dir='ltr'>animal,</span> <span class='ocrx_word' id='word_1_400' title='bbox 2960 3253 3155 3317; x_wconf 90' lang='lat' dir='ltr'>multa</span> <span class='ocrx_word' id='word_1_401' title='bbox 3184 3248 3450 3313; x_wconf 82' lang='lat' dir='ltr'>inveniri</span> <span class='ocrx_word' id='word_1_402' title='bbox 3477 3246 3578 3306; x_wconf 91' lang='lat' dir='ltr'>vix</span> <span class='ocrx_word' id='word_1_403' title='bbox 3608 3258 3753 3305; x_wconf 77' lang='lat' dir='ltr'>cre—</span> 
     </span>
    </p>
   </div>
   <div class='ocr_carea' id='block_1_55' title="bbox 484 3341 3755 3449">
    <p class='ocr_par' dir='ltr' id='par_1_55' title="bbox 484 3341 3755 3449">
     <span class='ocr_line' id='line_1_55' title="bbox 484 3341 3755 3449; baseline -0.009 -19"><span class='ocrx_word' id='word_1_404' title='bbox 484 3373 582 3432; x_wconf 88' lang='lat' dir='ltr'>tes</span> <span class='ocrx_word' id='word_1_405' title='bbox 608 3341 900 3448; x_wconf 79' lang='lat' dir='ltr'>legimus,</span> <span class='ocrx_word' id='word_1_406' title='bbox 932 3341 1221 3432; x_wconf 74' lang='lat' dir='ltr'>homines</span> <span class='ocrx_word' id='word_1_407' title='bbox 1240 3367 1550 3449; x_wconf 90' lang='lat' dir='ltr'>quosdam</span> <span class='ocrx_word' id='word_1_408' title='bbox 1574 3368 1641 3429; x_wconf 92' lang='lat' dir='ltr'>in</span> <span class='ocrx_word' id='word_1_409' title='bbox 1668 3364 1961 3429; x_wconf 87' lang='lat' dir='ltr'>animalia</span> <span class='ocrx_word' id='word_1_410' title='bbox 1979 3364 2065 3426; x_wconf 91' lang='lat' dir='ltr'>ita</span> <span class='ocrx_word' id='word_1_411' title='bbox 2171 3358 2964 3442; x_wconf 71' lang='lat' dir='ltr'>diderim(12).Quanquam</span> <span class='ocrx_word' id='word_1_412' title='bbox 2983 3354 3103 3417; x_wconf 89' lang='lat' dir='ltr'>alia</span> <span class='ocrx_word' id='word_1_413' title='bbox 3121 3351 3449 3416; x_wconf 90' lang='lat' dir='ltr'>oculorum</span> <span class='ocrx_word' id='word_1_414' title='bbox 3483 3341 3755 3407; x_wconf 90' lang='lat' dir='ltr'>ludibria</span> 
     </span>
    </p>
   </div>
   <div class='ocr_carea' id='block_1_56' title="bbox 556 3521 1428 3596">
    <p class='ocr_par' dir='ltr' id='par_1_56' title="bbox 556 3521 1428 3596">
     <span class='ocr_line' id='line_1_56' title="bbox 556 3521 1428 3596; baseline 0 -19"><span class='ocrx_word' id='word_1_415' title='bbox 556 3521 637 3594; x_wconf 88' lang='lat' dir='ltr'>(I)</span> <span class='ocrx_word' id='word_1_416' title='bbox 679 3522 741 3579; x_wconf 88' lang='lat' dir='ltr'>C.</span> <span class='ocrx_word' id='word_1_417' title='bbox 780 3522 921 3578; x_wconf 84' lang='lat' dir='ltr'>infra</span> <span class='ocrx_word' id='word_1_418' title='bbox 954 3521 1130 3595; x_wconf 86' lang='lat' dir='ltr'>Caput</span> <span class='ocrx_word' id='word_1_419' title='bbox 1155 3521 1220 3578; x_wconf 86' lang='lat' dir='ltr'>Ill</span> <span class='ocrx_word' id='word_1_420' title='bbox 1252 3523 1304 3596; x_wconf 85' lang='lat'>§.</span> <span class='ocrx_word' id='word_1_421' title='bbox 1334 3522 1428 3577; x_wconf 89' lang='grc'>20.</span> 
     </span>
    </p>
   </div>
   <div class='ocr_carea' id='block_1_57' title="bbox 557 3610 2070 3686">
    <p class='ocr_par' dir='ltr' id='par_1_57' title="bbox 557 3610 2070 3686">
     <span class='ocr_line' id='line_1_57' title="bbox 557 3610 2070 3686; baseline -0.003 -17"><span class='ocrx_word' id='word_1_422' title='bbox 557 3614 638 3685; x_wconf 86' lang='grc'>(2)</span> <span class='ocrx_word' id='word_1_423' title='bbox 677 3613 734 3670; x_wconf 93' lang='grc'>8.</span> <span class='ocrx_word' id='word_1_424' title='bbox 788 3613 1064 3686; x_wconf 76' lang='lat' dir='ltr'>Eugeniae</span> <span class='ocrx_word' id='word_1_425' title='bbox 1114 3617 1227 3671; x_wconf 91' lang='lat' dir='ltr'>vita</span> <span class='ocrx_word' id='word_1_426' title='bbox 1267 3631 1387 3686; x_wconf 87' lang='lat' dir='ltr'>cap.</span> <span class='ocrx_word' id='word_1_427' title='bbox 1438 3617 1492 3679; x_wconf 92' lang='grc'>1,</span> <span class='ocrx_word' id='word_1_428' title='bbox 1556 3611 1649 3667; x_wconf 78' lang='lat' dir='ltr'><strong>VV</strong></span> <span class='ocrx_word' id='word_1_429' title='bbox 1689 3610 1837 3667; x_wconf 82' lang='lat' dir='ltr'>.PP.</span> <span class='ocrx_word' id='word_1_430' title='bbox 1883 3611 2070 3665; x_wconf 77' lang='lat' dir='ltr'>Rosw.</span> 
     </span>
    </p>
   </div>
   <div class='ocr_carea' id='block_1_58' title="bbox 487 3702 2057 3783">
    <p class='ocr_par' dir='ltr' id='par_1_58' title="bbox 487 3702 2057 3783">
     <span class='ocr_line' id='line_1_58' title="bbox 487 3702 2057 3783; baseline -0.008 -20"><span class='ocrx_word' id='word_1_431' title='bbox 487 3724 544 3783; x_wconf 70' lang='grc' dir='ltr'>ιι.</span> <span class='ocrx_word' id='word_1_432' title='bbox 574 3702 704 3772; x_wconf 69' lang='grc'>310,</span> <span class='ocrx_word' id='word_1_433' title='bbox 734 3709 787 3764; x_wconf 88' lang='grc'>1.</span> <span class='ocrx_word' id='word_1_434' title='bbox 2048 3702 2057 3715; x_wconf 84' lang='lat'><strong><em>’</em></strong></span> 
     </span>
    </p>
   </div>
   <div class='ocr_carea' id='block_1_59' title="bbox 562 3792 2071 3871">
    <p class='ocr_par' dir='ltr' id='par_1_59' title="bbox 562 3792 2071 3871">
     <span class='ocr_line' id='line_1_59' title="bbox 562 3792 2071 3871; baseline -0.003 -17"><span class='ocrx_word' id='word_1_435' title='bbox 562 3799 644 3871; x_wconf 80' lang='grc'>(5)</span> <span class='ocrx_word' id='word_1_436' title='bbox 682 3798 791 3854; x_wconf 87' lang='lat' dir='ltr'>Tit.</span> <span class='ocrx_word' id='word_1_437' title='bbox 818 3798 953 3855; x_wconf 90' lang='lat' dir='ltr'>Cod.</span> <span class='ocrx_word' id='word_1_438' title='bbox 971 3798 1039 3855; x_wconf 88' lang='lat' dir='ltr'>de</span> <span class='ocrx_word' id='word_1_439' title='bbox 1055 3796 1317 3854; x_wconf 81' lang='lat' dir='ltr'>maleﬁcis</span> <span class='ocrx_word' id='word_1_440' title='bbox 1338 3806 1393 3853; x_wconf 90' lang='lat' dir='ltr'>et</span> <span class='ocrx_word' id='word_1_441' title='bbox 1412 3792 1810 3852; x_wconf 84' lang='lat' dir='ltr'>mathematicis</span> <span class='ocrx_word' id='word_1_442' title='bbox 1826 3792 1940 3860; x_wconf 79' lang='lat' dir='ltr'>(IX,</span> <span class='ocrx_word' id='word_1_443' title='bbox 1961 3792 2071 3862; x_wconf 89' lang='grc'>18).</span> 
     </span>
    </p>
   </div>
   <div class='ocr_carea' id='block_1_60' title="bbox 561 3890 1157 3964">
    <p class='ocr_par' dir='ltr' id='par_1_60' title="bbox 561 3890 1157 3964">
     <span class='ocr_line' id='line_1_60' title="bbox 561 3890 1157 3964; baseline 0 -19"><span class='ocrx_word' id='word_1_444' title='bbox 561 3891 642 3964; x_wconf 73' lang='grc'>(4)</span> <span class='ocrx_word' id='word_1_445' title='bbox 681 3891 793 3947; x_wconf 85' lang='lat' dir='ltr'>Lex</span> <span class='ocrx_word' id='word_1_446' title='bbox 819 3892 853 3947; x_wconf 84' lang='lat'><strong>5</strong></span> <span class='ocrx_word' id='word_1_447' title='bbox 883 3890 1018 3947; x_wconf 91' lang='lat' dir='ltr'>Cod.</span> <span class='ocrx_word' id='word_1_448' title='bbox 1047 3892 1085 3946; x_wconf 86' lang='lat'>1.</span> <span class='ocrx_word' id='word_1_449' title='bbox 1117 3892 1157 3946; x_wconf 89' lang='grc' dir='ltr'>ι.</span> 
     </span>
    </p>
   </div>
   <div class='ocr_carea' id='block_1_61' title="bbox 560 3976 2070 4053">
    <p class='ocr_par' dir='ltr' id='par_1_61' title="bbox 560 3976 2070 4053">
     <span class='ocr_line' id='line_1_61' title="bbox 560 3976 2070 4053; baseline -0.004 -16"><span class='ocrx_word' id='word_1_450' title='bbox 560 3982 639 4053; x_wconf 81' lang='lat'>(5)</span> <span class='ocrx_word' id='word_1_451' title='bbox 681 3982 745 4038; x_wconf 92' lang='grc'>8.</span> <span class='ocrx_word' id='word_1_452' title='bbox 791 3980 1087 4040; x_wconf 85' lang='lat' dir='ltr'>Hilarionis</span> <span class='ocrx_word' id='word_1_453' title='bbox 1125 3983 1237 4038; x_wconf 87' lang='lat' dir='ltr'>vita</span> <span class='ocrx_word' id='word_1_454' title='bbox 1280 3997 1402 4053; x_wconf 89' lang='lat' dir='ltr'>cap.</span> <span class='ocrx_word' id='word_1_455' title='bbox 1453 3980 1543 4048; x_wconf 75' lang='lat' dir='ltr'>M,</span> <span class='ocrx_word' id='word_1_456' title='bbox 1578 3976 1692 4033; x_wconf 73' lang='grc' dir='ltr'>νγ.</span> <span class='ocrx_word' id='word_1_457' title='bbox 1726 3976 1832 4033; x_wconf 82' lang='grc' dir='ltr'>ΡΡ.</span> <span class='ocrx_word' id='word_1_458' title='bbox 1884 3976 2070 4033; x_wconf 79' lang='lat' dir='ltr'>Rosw.</span> 
     </span>
    </p>
   </div>
   <div class='ocr_carea' id='block_1_62' title="bbox 490 4075 900 4148">
    <p class='ocr_par' dir='ltr' id='par_1_62' title="bbox 490 4075 900 4148">
     <span class='ocr_line' id='line_1_62' title="bbox 490 4075 900 4148; baseline -0.007 -14"><span class='ocrx_word' id='word_1_459' title='bbox 490 4092 547 4147; x_wconf 67' lang='grc' dir='ltr'>ι).</span> <span class='ocrx_word' id='word_1_460' title='bbox 584 4075 673 4143; x_wconf 75' lang='lat'>7.8,</span> <span class='ocrx_word' id='word_1_461' title='bbox 708 4078 745 4133; x_wconf 77' lang='grc'>2</span> <span class='ocrx_word' id='word_1_462' title='bbox 778 4092 900 4148; x_wconf 85' lang='lat' dir='ltr'>sqq.</span> 
     </span>
    </p>
   </div>
   <div class='ocr_carea' id='block_1_63' title="bbox 563 4160 2071 4242">
    <p class='ocr_par' dir='ltr' id='par_1_63' title="bbox 563 4160 2071 4242">
     <span class='ocr_line' id='line_1_63' title="bbox 563 4160 2071 4242; baseline -0.005 -21"><span class='ocrx_word' id='word_1_463' title='bbox 563 4166 642 4238; x_wconf 91' lang='lat'>(6)</span> <span class='ocrx_word' id='word_1_464' title='bbox 679 4165 877 4242; x_wconf 80' lang='lat' dir='ltr'>Odyss.</span> <span class='ocrx_word' id='word_1_465' title='bbox 913 4164 982 4232; x_wconf 86' lang='lat' dir='ltr'>X,</span> <span class='ocrx_word' id='word_1_466' title='bbox 1037 4164 1144 4220; x_wconf 84' lang='grc'>229</span> <span class='ocrx_word' id='word_1_467' title='bbox 1186 4180 1351 4235; x_wconf 87' lang='lat' dir='ltr'>sqq.;</span> <span class='ocrx_word' id='word_1_468' title='bbox 1391 4162 1551 4221; x_wconf 87' lang='lat' dir='ltr'>Ovid.</span> <span class='ocrx_word' id='word_1_469' title='bbox 1596 4164 1813 4219; x_wconf 80' lang='lat' dir='ltr'>Metam.</span> <span class='ocrx_word' id='word_1_470' title='bbox 1846 4162 1943 4217; x_wconf 87' lang='lat' dir='ltr'>lib.</span> <span class='ocrx_word' id='word_1_471' title='bbox 1980 4160 2071 4225; x_wconf 93' lang='lat' dir='ltr'>Ill,</span> 
     </span>
    </p>
   </div>
   <div class='ocr_carea' id='block_1_64' title="bbox 492 4242 2071 4332">
    <p class='ocr_par' dir='ltr' id='par_1_64' title="bbox 492 4242 2071 4332">
     <span class='ocr_line' id='line_1_64' title="bbox 492 4242 2071 4332; baseline -0.004 -18"><span class='ocrx_word' id='word_1_472' title='bbox 492 4258 598 4314; x_wconf 69' lang='lat'>193</span> <span class='ocrx_word' id='word_1_473' title='bbox 653 4273 813 4332; x_wconf 89' lang='lat' dir='ltr'>sqq.;</span> <span class='ocrx_word' id='word_1_474' title='bbox 864 4242 1121 4331; x_wconf 77' lang='lat' dir='ltr'>Aeschyl.</span> <span class='ocrx_word' id='word_1_475' title='bbox 1184 4254 1585 4324; x_wconf 67' lang='lat' dir='ltr'>Prometheus;</span> <span class='ocrx_word' id='word_1_476' title='bbox 1639 4252 1800 4310; x_wconf 88' lang='lat' dir='ltr'>Ovid.</span> <span class='ocrx_word' id='word_1_477' title='bbox 1854 4252 2071 4309; x_wconf 82' lang='lat' dir='ltr'>Metam.</span> 
     </span>
    </p>
   </div>
   <div class='ocr_carea' id='block_1_65' title="bbox 491 4349 827 4415">
    <p class='ocr_par' dir='ltr' id='par_1_65' title="bbox 491 4349 827 4415">
     <span class='ocr_line' id='line_1_65' title="bbox 491 4349 827 4415; baseline 0.003 -10"><span class='ocrx_word' id='word_1_478' title='bbox 491 4350 589 4406; x_wconf 93' lang='lat' dir='ltr'>lib.</span> <span class='ocrx_word' id='word_1_479' title='bbox 626 4351 667 4415; x_wconf 95' lang='lat' dir='ltr'>I,</span> <span class='ocrx_word' id='word_1_480' title='bbox 698 4349 827 4406; x_wconf 90' lang='grc'>610.</span> 
     </span>
    </p>
   </div>
   <div class='ocr_carea' id='block_1_66' title="bbox 561 4441 1162 4515">
    <p class='ocr_par' dir='ltr' id='par_1_66' title="bbox 561 4441 1162 4515">
     <span class='ocr_line' id='line_1_66' title="bbox 561 4441 1162 4515; baseline -0.003 -17"><span class='ocrx_word' id='word_1_481' title='bbox 561 4444 642 4515; x_wconf 79' lang='grc'>(7)</span> <span class='ocrx_word' id='word_1_482' title='bbox 682 4443 883 4500; x_wconf 85' lang='lat' dir='ltr'>Herod.</span> <span class='ocrx_word' id='word_1_483' title='bbox 914 4443 1005 4513; x_wconf 66' lang='grc' dir='ltr'>ιγ,</span> <span class='ocrx_word' id='word_1_484' title='bbox 1039 4441 1162 4497; x_wconf 73' lang='grc'>105.</span> 
     </span>
    </p>
   </div>
   <div class='ocr_carea' id='block_1_67' title="bbox 563 4529 2075 4610">
    <p class='ocr_par' dir='ltr' id='par_1_67' title="bbox 563 4529 2075 4610">
     <span class='ocr_line' id='line_1_67' title="bbox 563 4529 2075 4610; baseline -0.007 -16"><span class='ocrx_word' id='word_1_485' title='bbox 563 4538 644 4610; x_wconf 88' lang='lat'>(8)</span> <span class='ocrx_word' id='word_1_486' title='bbox 682 4535 891 4591; x_wconf 91' lang='lat' dir='ltr'>Grimm</span> <span class='ocrx_word' id='word_1_487' title='bbox 921 4534 1251 4609; x_wconf 79' lang='lat' dir='ltr'>Mythologie</span> <span class='ocrx_word' id='word_1_488' title='bbox 1292 4532 1391 4609; x_wconf 78' lang='lat' dir='ltr'>Ed.</span> <span class='ocrx_word' id='word_1_489' title='bbox 1424 4532 1446 4586; x_wconf 87' lang='lat' dir='ltr'>l</span> <span class='ocrx_word' id='word_1_490' title='bbox 1476 4548 1530 4604; x_wconf 94' lang='lat' dir='ltr'>p.</span> <span class='ocrx_word' id='word_1_491' title='bbox 1564 4530 1691 4588; x_wconf 80' lang='grc'>625.</span> <span class='ocrx_word' id='word_1_492' title='bbox 1722 4530 1826 4586; x_wconf 90' lang='lat' dir='ltr'>Ubi</span> <span class='ocrx_word' id='word_1_493' title='bbox 1858 4530 1941 4584; x_wconf 91' lang='lat' dir='ltr'>vir</span> <span class='ocrx_word' id='word_1_494' title='bbox 1972 4529 2075 4584; x_wconf 87' lang='lat' dir='ltr'>do-</span> 
     </span>
    </p>
   </div>
   <div class='ocr_carea' id='block_1_68' title="bbox 491 4614 2075 4707">
    <p class='ocr_par' dir='ltr' id='par_1_68' title="bbox 491 4614 2075 4707">
     <span class='ocr_line' id='line_1_68' title="bbox 491 4614 2075 4707; baseline -0.006 -22"><span class='ocrx_word' id='word_1_495' title='bbox 491 4614 619 4687; x_wconf 85' lang='lat' dir='ltr'>ctus</span> <span class='ocrx_word' id='word_1_496' title='bbox 644 4644 754 4684; x_wconf 92' lang='lat' dir='ltr'>non</span> <span class='ocrx_word' id='word_1_497' title='bbox 779 4616 1005 4707; x_wconf 85' lang='lat' dir='ltr'>omnino</span> <span class='ocrx_word' id='word_1_498' title='bbox 1035 4642 1161 4683; x_wconf 87' lang='lat' dir='ltr'>vere</span> <span class='ocrx_word' id='word_1_499' title='bbox 1187 4626 1395 4693; x_wconf 83' lang='lat' dir='ltr'>dixisse</span> <span class='ocrx_word' id='word_1_500' title='bbox 1425 4625 1679 4691; x_wconf 88' lang='lat' dir='ltr'>videtur;</span> <span class='ocrx_word' id='word_1_501' title='bbox 1707 4639 1834 4678; x_wconf 89' lang='lat' dir='ltr'>nam</span> <span class='ocrx_word' id='word_1_502' title='bbox 1866 4624 1921 4677; x_wconf 91' lang='lat' dir='ltr'>in</span> <span class='ocrx_word' id='word_1_503' title='bbox 1950 4621 2075 4677; x_wconf 89' lang='lat' dir='ltr'>Tri-</span> 
     </span>
    </p>
   </div>
   <div class='ocr_carea' id='block_1_69' title="bbox 490 4708 2151 4814">
    <p class='ocr_par' dir='ltr' id='par_1_69' title="bbox 490 4708 2151 4814">
     <span class='ocr_line' id='line_1_69' title="bbox 490 4708 2151 4814; baseline -0.006 -37"><span class='ocrx_word' id='word_1_504' title='bbox 490 4718 696 4814; x_wconf 80' lang='lat' dir='ltr'>themii</span> <span class='ocrx_word' id='word_1_505' title='bbox 744 4708 953 4775; x_wconf 86' lang='lat' dir='ltr'>Chron.</span> <span class='ocrx_word' id='word_1_506' title='bbox 1015 4718 1272 4814; x_wconf 80' lang='lat' dir='ltr'>Hirsaug.</span> <span class='ocrx_word' id='word_1_507' title='bbox 1325 4718 1415 4775; x_wconf 90' lang='lat' dir='ltr'>ed.</span> <span class='ocrx_word' id='word_1_508' title='bbox 1475 4715 1734 4772; x_wconf 87' lang='lat' dir='ltr'>Francol‘.</span> <span class='ocrx_word' id='word_1_509' title='bbox 1793 4714 1927 4770; x_wconf 86' lang='grc'>1601</span> <span class='ocrx_word' id='word_1_510' title='bbox 2006 4714 2151 4814; x_wconf 75' lang='lat' dir='ltr'>adD</span> 
     </span>
    </p>
   </div>
   <div class='ocr_carea' id='block_1_70' title="bbox 493 4806 2075 4871">
    <p class='ocr_par' dir='ltr' id='par_1_70' title="bbox 493 4806 2075 4871">
     <span class='ocr_line' id='line_1_70' title="bbox 493 4806 2075 4871; baseline -0.005 -1"><span class='ocrx_word' id='word_1_511' title='bbox 493 4831 545 4871; x_wconf 90' lang='lat' dir='ltr'>a.</span> <span class='ocrx_word' id='word_1_512' title='bbox 570 4806 709 4871; x_wconf 90' lang='grc'>1010</span> <span class='ocrx_word' id='word_1_513' title='bbox 735 4814 803 4870; x_wconf 90' lang='lat' dir='ltr'>de</span> <span class='ocrx_word' id='word_1_514' title='bbox 828 4814 1024 4869; x_wconf 89' lang='lat' dir='ltr'>iuvene</span> <span class='ocrx_word' id='word_1_515' title='bbox 1051 4828 1081 4867; x_wconf 89' lang='lat' dir='ltr'>a</span> <span class='ocrx_word' id='word_1_516' title='bbox 1105 4806 1322 4869; x_wconf 85' lang='lat' dir='ltr'>duabus</span> <span class='ocrx_word' id='word_1_517' title='bbox 1349 4810 1552 4867; x_wconf 91' lang='lat' dir='ltr'>vetulis</span> <span class='ocrx_word' id='word_1_518' title='bbox 1583 4812 1639 4865; x_wconf 88' lang='lat' dir='ltr'>in</span> <span class='ocrx_word' id='word_1_519' title='bbox 1667 4810 1902 4864; x_wconf 85' lang='lat' dir='ltr'>formam</span> <span class='ocrx_word' id='word_1_520' title='bbox 1930 4808 2075 4864; x_wconf 85' lang='lat' dir='ltr'>asini</span> 
     </span>
    </p>
   </div>
   <div class='ocr_carea' id='block_1_71' title="bbox 492 4899 2073 4975">
    <p class='ocr_par' dir='ltr' id='par_1_71' title="bbox 492 4899 2073 4975">
     <span class='ocr_line' id='line_1_71' title="bbox 492 4899 2073 4975; baseline -0.005 -14"><span class='ocrx_word' id='word_1_521' title='bbox 492 4915 706 4961; x_wconf 89' lang='lat' dir='ltr'>mutato</span> <span class='ocrx_word' id='word_1_522' title='bbox 758 4905 975 4975; x_wconf 83' lang='lat' dir='ltr'>legitur.</span> <span class='ocrx_word' id='word_1_523' title='bbox 1019 4903 1105 4960; x_wconf 84' lang='lat' dir='ltr'>Cf.</span> <span class='ocrx_word' id='word_1_524' title='bbox 1152 4902 1308 4958; x_wconf 73' lang='lat' dir='ltr'>Vino.</span> <span class='ocrx_word' id='word_1_525' title='bbox 1358 4903 1563 4958; x_wconf 90' lang='lat' dir='ltr'>Bellov.</span> <span class='ocrx_word' id='word_1_526' title='bbox 1614 4902 1776 4973; x_wconf 90' lang='lat' dir='ltr'>Spec.</span> <span class='ocrx_word' id='word_1_527' title='bbox 1824 4899 1947 4955; x_wconf 86' lang='lat' dir='ltr'>Nat.</span> <span class='ocrx_word' id='word_1_528' title='bbox 1983 4900 2073 4965; x_wconf 85' lang='lat' dir='ltr'>Ill,</span> 
     </span>
    </p>
   </div>
   <div class='ocr_carea' id='block_1_72' title="bbox 496 4993 2076 5069">
    <p class='ocr_par' dir='ltr' id='par_1_72' title="bbox 496 4993 2076 5069">
     <span class='ocr_line' id='line_1_72' title="bbox 496 4993 2076 5069; baseline -0.006 -14"><span class='ocrx_word' id='word_1_529' title='bbox 496 5000 619 5055; x_wconf 88' lang='grc'>100.</span> <span class='ocrx_word' id='word_1_530' title='bbox 664 4996 992 5055; x_wconf 84' lang='lat' dir='ltr'>Heliodorus</span> <span class='ocrx_word' id='word_1_531' title='bbox 1044 4997 1294 5069; x_wconf 89' lang='lat' dir='ltr'>quemvis</span> <span class='ocrx_word' id='word_1_532' title='bbox 1338 4996 1618 5052; x_wconf 88' lang='lat' dir='ltr'>hominem</span> <span class='ocrx_word' id='word_1_533' title='bbox 1674 4996 1731 5049; x_wconf 91' lang='lat' dir='ltr'>in</span> <span class='ocrx_word' id='word_1_534' title='bbox 1790 4993 2076 5065; x_wconf 86' lang='lat' dir='ltr'>quodlibet</span> 
     </span>
    </p>
   </div>
   <div class='ocr_carea' id='block_1_73' title="bbox 494 5085 2077 5161">
    <p class='ocr_par' dir='ltr' id='par_1_73' title="bbox 494 5085 2077 5161">
     <span class='ocr_line' id='line_1_73' title="bbox 494 5085 2077 5161; baseline -0.004 -17"><span class='ocrx_word' id='word_1_535' title='bbox 494 5091 696 5145; x_wconf 85' lang='lat' dir='ltr'>animal</span> <span class='ocrx_word' id='word_1_536' title='bbox 740 5098 950 5146; x_wconf 91' lang='lat' dir='ltr'>mutare</span> <span class='ocrx_word' id='word_1_537' title='bbox 1000 5097 1231 5161; x_wconf 83' lang='lat' dir='ltr'>poterat.</span> <span class='ocrx_word' id='word_1_538' title='bbox 1286 5087 1370 5142; x_wconf 87' lang='lat' dir='ltr'>Cf.</span> <span class='ocrx_word' id='word_1_539' title='bbox 1412 5085 1612 5143; x_wconf 87' lang='lat' dir='ltr'>Fazelli</span> <span class='ocrx_word' id='word_1_540' title='bbox 1633 5102 1814 5142; x_wconf 91' lang='lat' dir='ltr'>rerum</span> <span class='ocrx_word' id='word_1_541' title='bbox 1865 5086 2077 5141; x_wconf 83' lang='lat' dir='ltr'>Sicula-</span> 
     </span>
    </p>
   </div>
   <div class='ocr_carea' id='block_1_74' title="bbox 493 5177 2077 5250">
    <p class='ocr_par' dir='ltr' id='par_1_74' title="bbox 493 5177 2077 5250">
     <span class='ocr_line' id='line_1_74' title="bbox 493 5177 2077 5250; baseline -0.002 -16"><span class='ocrx_word' id='word_1_542' title='bbox 493 5198 616 5235; x_wconf 88' lang='lat' dir='ltr'>rum</span> <span class='ocrx_word' id='word_1_543' title='bbox 657 5182 821 5240; x_wconf 89' lang='lat' dir='ltr'>decas</span> <span class='ocrx_word' id='word_1_544' title='bbox 874 5182 896 5240; x_wconf 86' lang='lat' dir='ltr'>l</span> <span class='ocrx_word' id='word_1_545' title='bbox 934 5182 1031 5237; x_wconf 89' lang='lat' dir='ltr'>lib.</span> <span class='ocrx_word' id='word_1_546' title='bbox 1062 5180 1151 5245; x_wconf 90' lang='grc'>111,</span> <span class='ocrx_word' id='word_1_547' title='bbox 1184 5182 1237 5244; x_wconf 84' lang='grc'>1,</span> <span class='ocrx_word' id='word_1_548' title='bbox 1271 5179 1340 5235; x_wconf 87' lang='grc'>59</span> <span class='ocrx_word' id='word_1_549' title='bbox 1388 5195 1510 5250; x_wconf 89' lang='lat' dir='ltr'>sqq.</span> <span class='ocrx_word' id='word_1_550' title='bbox 1555 5177 1764 5233; x_wconf 89' lang='lat' dir='ltr'>Grimm</span> <span class='ocrx_word' id='word_1_551' title='bbox 1807 5178 1959 5232; x_wconf 90' lang='lat' dir='ltr'>illum</span> <span class='ocrx_word' id='word_1_552' title='bbox 1995 5178 2077 5231; x_wconf 87' lang='lat' dir='ltr'>lo-</span> 
     </span>
    </p>
   </div>
   <div class='ocr_carea' id='block_1_75' title="bbox 494 5269 2075 5348">
    <p class='ocr_par' dir='ltr' id='par_1_75' title="bbox 494 5269 2075 5348">
     <span class='ocr_line' id='line_1_75' title="bbox 494 5269 2075 5348; baseline -0.003 -21"><span class='ocrx_word' id='word_1_553' title='bbox 494 5288 622 5337; x_wconf 85' lang='lat' dir='ltr'>cum</span> <span class='ocrx_word' id='word_1_554' title='bbox 659 5274 786 5328; x_wconf 90' lang='lat' dir='ltr'>libri</span> <span class='ocrx_word' id='word_1_555' title='bbox 816 5273 901 5345; x_wconf 86' lang='lat' dir='ltr'>sui</span> <span class='ocrx_word' id='word_1_556' title='bbox 934 5274 1053 5348; x_wconf 81' lang='lat' dir='ltr'>ipse</span> <span class='ocrx_word' id='word_1_557' title='bbox 1080 5274 1187 5329; x_wconf 87' lang='lat' dir='ltr'>iam</span> <span class='ocrx_word' id='word_1_558' title='bbox 1214 5272 1544 5342; x_wconf 89' lang='lat' dir='ltr'>reprobasse</span> <span class='ocrx_word' id='word_1_559' title='bbox 1572 5272 1823 5347; x_wconf 87' lang='lat' dir='ltr'>videtur;</span> <span class='ocrx_word' id='word_1_560' title='bbox 1854 5286 1979 5324; x_wconf 91' lang='lat' dir='ltr'>nam</span> <span class='ocrx_word' id='word_1_561' title='bbox 2020 5269 2075 5323; x_wconf 90' lang='lat' dir='ltr'>in</span> 
     </span>
    </p>
   </div>
   <div class='ocr_carea' id='block_1_76' title="bbox 496 5364 1402 5422">
    <p class='ocr_par' dir='ltr' id='par_1_76' title="bbox 496 5364 1402 5422">
     <span class='ocr_line' id='line_1_76' title="bbox 496 5364 1402 5422; baseline 0.002 -3"><span class='ocrx_word' id='word_1_562' title='bbox 496 5364 671 5420; x_wconf 85' lang='lat' dir='ltr'>altera</span> <span class='ocrx_word' id='word_1_563' title='bbox 709 5367 950 5422; x_wconf 88' lang='lat' dir='ltr'>editione</span> <span class='ocrx_word' id='word_1_564' title='bbox 996 5382 1106 5422; x_wconf 91' lang='lat' dir='ltr'>non</span> <span class='ocrx_word' id='word_1_565' title='bbox 1146 5367 1402 5422; x_wconf 90' lang='lat' dir='ltr'>habetur.</span> 
     </span>
    </p>
   </div>
   <div class='ocr_carea' id='block_1_77' title="bbox 573 5457 1335 5528">
    <p class='ocr_par' dir='ltr' id='par_1_77' title="bbox 573 5457 1335 5528">
     <span class='ocr_line' id='line_1_77' title="bbox 573 5457 1335 5528; baseline 0.004 -19"><span class='ocrx_word' id='word_1_566' title='bbox 573 5457 655 5527; x_wconf 85' lang='lat'>(9)</span> <span class='ocrx_word' id='word_1_567' title='bbox 697 5458 929 5528; x_wconf 78' lang='lat' dir='ltr'>Apolog.</span> <span class='ocrx_word' id='word_1_568' title='bbox 967 5474 1089 5528; x_wconf 88' lang='lat' dir='ltr'>cap.</span> <span class='ocrx_word' id='word_1_569' title='bbox 1120 5458 1211 5513; x_wconf 85' lang='grc'>22.</span> <span class='ocrx_word' id='word_1_570' title='bbox 1242 5458 1335 5513; x_wconf 79' lang='grc'>25.</span> 
     </span>
    </p>
   </div>
   <div class='ocr_carea' id='block_1_78' title="bbox 571 5546 2080 5633">
    <p class='ocr_par' dir='ltr' id='par_1_78' title="bbox 571 5546 2080 5633">
     <span class='ocr_line' id='line_1_78' title="bbox 571 5546 2080 5633; baseline -0.001 -30"><span class='ocrx_word' id='word_1_571' title='bbox 571 5550 685 5622; x_wconf 90' lang='grc'>(10)</span> <span class='ocrx_word' id='word_1_572' title='bbox 724 5550 903 5606; x_wconf 90' lang='lat' dir='ltr'>Divin.</span> <span class='ocrx_word' id='word_1_573' title='bbox 940 5552 1113 5624; x_wconf 80' lang='lat' dir='ltr'>instit.</span> <span class='ocrx_word' id='word_1_574' title='bbox 1142 5551 1209 5633; x_wconf 77' lang='lat' dir='ltr'>II,</span> <span class='ocrx_word' id='word_1_575' title='bbox 1246 5554 1314 5609; x_wconf 80' lang='grc'>15</span> <span class='ocrx_word' id='word_1_576' title='bbox 1342 5552 1398 5617; x_wconf 79' lang='grc'>8.</span> <span class='ocrx_word' id='word_1_577' title='bbox 1427 5551 1582 5608; x_wconf 89' lang='lat' dir='ltr'>Lact.</span> <span class='ocrx_word' id='word_1_578' title='bbox 1616 5548 1756 5620; x_wconf 87' lang='lat' dir='ltr'>Opp.</span> <span class='ocrx_word' id='word_1_579' title='bbox 1786 5548 1874 5603; x_wconf 91' lang='lat' dir='ltr'>ed.</span> <span class='ocrx_word' id='word_1_580' title='bbox 1900 5546 2080 5618; x_wconf 79' lang='lat' dir='ltr'>Migne</span> 
     </span>
    </p>
   </div>
   <div class='ocr_carea' id='block_1_79' title="bbox 502 5639 863 5711">
    <p class='ocr_par' dir='ltr' id='par_1_79' title="bbox 502 5639 863 5711">
     <span class='ocr_line' id='line_1_79' title="bbox 502 5639 863 5711; baseline 0.003 -13"><span class='ocrx_word' id='word_1_581' title='bbox 502 5639 567 5698; x_wconf 85' lang='grc' dir='ltr'>Τ.</span> <span class='ocrx_word' id='word_1_582' title='bbox 600 5643 618 5695; x_wconf 95' lang='lat' dir='ltr'>l</span> <span class='ocrx_word' id='word_1_583' title='bbox 650 5658 705 5711; x_wconf 92' lang='lat' dir='ltr'>p.</span> <span class='ocrx_word' id='word_1_584' title='bbox 742 5642 863 5699; x_wconf 73' lang='grc'>552.</span> 
     </span>
    </p>
   </div>
   <div class='ocr_carea' id='block_1_80' title="bbox 575 5728 2077 5804">
    <p class='ocr_par' dir='ltr' id='par_1_80' title="bbox 575 5728 2077 5804">
     <span class='ocr_line' id='line_1_80' title="bbox 575 5728 2077 5804; baseline -0.003 -17"><span class='ocrx_word' id='word_1_585' title='bbox 575 5735 689 5804; x_wconf 90' lang='grc'>(11)</span> <span class='ocrx_word' id='word_1_586' title='bbox 732 5733 988 5789; x_wconf 87' lang='lat' dir='ltr'>Octavius</span> <span class='ocrx_word' id='word_1_587' title='bbox 1014 5749 1137 5803; x_wconf 87' lang='lat' dir='ltr'>cap.</span> <span class='ocrx_word' id='word_1_588' title='bbox 1163 5733 1257 5799; x_wconf 82' lang='grc'>26,</span> <span class='ocrx_word' id='word_1_589' title='bbox 1298 5733 1433 5787; x_wconf 89' lang='lat' dir='ltr'>Bibl.</span> <span class='ocrx_word' id='word_1_590' title='bbox 1490 5732 1716 5785; x_wconf 84' lang='lat' dir='ltr'>Patrum</span> <span class='ocrx_word' id='word_1_591' title='bbox 1772 5728 1918 5784; x_wconf 84' lang='lat' dir='ltr'>Eccl.</span> <span class='ocrx_word' id='word_1_592' title='bbox 1956 5729 2077 5783; x_wconf 85' lang='lat' dir='ltr'>Lat.</span> 
     </span>
    </p>
   </div>
   <div class='ocr_carea' id='block_1_81' title="bbox 502 5824 2077 5906">
    <p class='ocr_par' dir='ltr' id='par_1_81' title="bbox 502 5824 2077 5906">
     <span class='ocr_line' id='line_1_81' title="bbox 502 5824 2077 5906; baseline -0.008 -17"><span class='ocrx_word' id='word_1_593' title='bbox 502 5828 693 5889; x_wconf 67' lang='grc' dir='ltr'>ωιερι,</span> <span class='ocrx_word' id='word_1_594' title='bbox 737 5842 789 5884; x_wconf 91' lang='lat' dir='ltr'>c.</span> <span class='ocrx_word' id='word_1_595' title='bbox 845 5826 1111 5884; x_wconf 76' lang='lat' dir='ltr'>Gersdurl&#39;</span> <span class='ocrx_word' id='word_1_596' title='bbox 1156 5827 1273 5882; x_wconf 87' lang='lat' dir='ltr'>Vol.</span> <span class='ocrx_word' id='word_1_597' title='bbox 1330 5824 1441 5899; x_wconf 75' lang='lat' dir='ltr'>XIII</span> <span class='ocrx_word' id='word_1_598' title='bbox 1494 5824 1644 5895; x_wconf 87' lang='lat' dir='ltr'>Lips.</span> <span class='ocrx_word' id='word_1_599' title='bbox 1704 5824 1839 5906; x_wconf 58' lang='lat' dir='ltr'>i842</span> <span class='ocrx_word' id='word_1_600' title='bbox 1886 5840 1939 5895; x_wconf 91' lang='lat' dir='ltr'>p.</span> <span class='ocrx_word' id='word_1_601' title='bbox 1987 5824 2077 5889; x_wconf 77' lang='grc'>57,</span> 
     </span>
    </p>
   </div>
   <div class='ocr_carea' id='block_1_82' title="bbox 2174 3510 3792 3585">
    <p class='ocr_par' dir='ltr' id='par_1_82' title="bbox 2174 3510 3792 3585">
     <span class='ocr_line' id='line_1_82' title="bbox 2174 3510 3792 3585; baseline -0.008 -15"><span class='ocrx_word' id='word_1_602' title='bbox 2174 3515 2351 3585; x_wconf 82' lang='lat' dir='ltr'>Migne</span> <span class='ocrx_word' id='word_1_603' title='bbox 2388 3514 2592 3569; x_wconf 88' lang='lat' dir='ltr'>Patrol.</span> <span class='ocrx_word' id='word_1_604' title='bbox 2630 3514 2694 3568; x_wconf 90' lang='lat' dir='ltr'>T.</span> <span class='ocrx_word' id='word_1_605' title='bbox 2732 3511 2800 3565; x_wconf 91' lang='lat' dir='ltr'>Ill</span> <span class='ocrx_word' id='word_1_606' title='bbox 2829 3528 2882 3582; x_wconf 93' lang='lat' dir='ltr'>p.</span> <span class='ocrx_word' id='word_1_607' title='bbox 2916 3510 3042 3565; x_wconf 76' lang='grc'>522.</span> <span class='ocrx_word' id='word_1_608' title='bbox 3779 3568 3792 3579; x_wconf 47' lang='grc'><em>,</em></span> 
     </span>
    </p>
   </div>
   <div class='ocr_carea' id='block_1_83' title="bbox 2241 3588 3753 3679">
    <p class='ocr_par' dir='ltr' id='par_1_83' title="bbox 2241 3588 3753 3679">
     <span class='ocr_line' id='line_1_83' title="bbox 2241 3588 3753 3679; baseline -0.015 -16"><span class='ocrx_word' id='word_1_609' title='bbox 2241 3609 2352 3679; x_wconf 85' lang='grc'>(12)</span> <span class='ocrx_word' id='word_1_610' title='bbox 2389 3608 2448 3665; x_wconf 83' lang='grc'>8.</span> <span class='ocrx_word' id='word_1_611' title='bbox 2511 3606 2853 3677; x_wconf 82' lang='lat' dir='ltr'>Augustinus</span> <span class='ocrx_word' id='word_1_612' title='bbox 2904 3601 2972 3659; x_wconf 90' lang='lat' dir='ltr'>de</span> <span class='ocrx_word' id='word_1_613' title='bbox 3020 3602 3125 3656; x_wconf 90' lang='lat' dir='ltr'>civ.</span> <span class='ocrx_word' id='word_1_614' title='bbox 3153 3598 3259 3659; x_wconf 83' lang='lat' dir='ltr'>,Dei</span> <span class='ocrx_word' id='word_1_615' title='bbox 3282 3592 3472 3661; x_wconf 76' lang='lat' dir='ltr'>XVIII,</span> <span class='ocrx_word' id='word_1_616' title='bbox 3493 3593 3561 3647; x_wconf 87' lang='grc'>18</span> <span class='ocrx_word' id='word_1_617' title='bbox 3590 3612 3603 3647; x_wconf 89' lang='lat'><strong>:</strong></span> <span class='ocrx_word' id='word_1_618' title='bbox 3634 3609 3653 3641; x_wconf 72' lang='grc' dir='ltr'><strong><em>ι</em></strong></span> <span class='ocrx_word' id='word_1_619' title='bbox 3684 3588 3753 3643; x_wconf 85' lang='lat' dir='ltr'>Et</span> 
     </span>
    </p>
   </div>
   <div class='ocr_carea' id='block_1_84' title="bbox 2176 3685 3754 3768">
    <p class='ocr_par' dir='ltr' id='par_1_84' title="bbox 2176 3685 3754 3768">
     <span class='ocr_line' id='line_1_84' title="bbox 2176 3685 3754 3768; baseline -0.013 -13"><span class='ocrx_word' id='word_1_620' title='bbox 2176 3715 2327 3767; x_wconf 67' lang='lat' dir='ltr'>nos,»</span> <span class='ocrx_word' id='word_1_621' title='bbox 2377 3697 2575 3768; x_wconf 89' lang='lat' dir='ltr'>inquit,</span> <span class='ocrx_word' id='word_1_622' title='bbox 2606 3715 2624 3749; x_wconf 74' lang='grc' dir='ltr'>ι</span> <span class='ocrx_word' id='word_1_623' title='bbox 2657 3712 2781 3751; x_wconf 90' lang='lat' dir='ltr'>cum</span> <span class='ocrx_word' id='word_1_624' title='bbox 2814 3708 3062 3751; x_wconf 90' lang='lat' dir='ltr'>essemus</span> <span class='ocrx_word' id='word_1_625' title='bbox 3093 3692 3147 3746; x_wconf 90' lang='lat' dir='ltr'>in</span> <span class='ocrx_word' id='word_1_626' title='bbox 3180 3685 3754 3751; x_wconf 88' lang='lat' dir='ltr'>Italia,-audiebamus</span> 
     </span>
    </p>
   </div>
   <div class='ocr_carea' id='block_1_85' title="bbox 2173 3775 3757 3863">
    <p class='ocr_par' dir='ltr' id='par_1_85' title="bbox 2173 3775 3757 3863">
     <span class='ocr_line' id='line_1_85' title="bbox 2173 3775 3757 3863; baseline -0.014 -16"><span class='ocrx_word' id='word_1_627' title='bbox 2173 3794 2305 3848; x_wconf 80' lang='lat' dir='ltr'>talia</span> <span class='ocrx_word' id='word_1_628' title='bbox 2322 3792 2389 3848; x_wconf 92' lang='lat' dir='ltr'>de</span> <span class='ocrx_word' id='word_1_629' title='bbox 2405 3790 2639 3863; x_wconf 89' lang='lat' dir='ltr'>quadam</span> <span class='ocrx_word' id='word_1_630' title='bbox 2667 3789 2888 3859; x_wconf 79' lang='lat' dir='ltr'>regione</span> <span class='ocrx_word' id='word_1_631' title='bbox 2906 3787 3122 3840; x_wconf 88' lang='lat' dir='ltr'>illarum</span> <span class='ocrx_word' id='word_1_632' title='bbox 3154 3781 3416 3853; x_wconf 88' lang='lat' dir='ltr'>partium,</span> <span class='ocrx_word' id='word_1_633' title='bbox 3436 3777 3530 3832; x_wconf 92' lang='lat' dir='ltr'>ubi</span> <span class='ocrx_word' id='word_1_634' title='bbox 3562 3775 3757 3831; x_wconf 85' lang='lat' dir='ltr'>stabu-</span> 
     </span>
    </p>
   </div>
   <div class='ocr_carea' id='block_1_86' title="bbox 2174 3868 3757 3944">
    <p class='ocr_par' dir='ltr' id='par_1_86' title="bbox 2174 3868 3757 3944">
     <span class='ocr_line' id='line_1_86' title="bbox 2174 3868 3757 3944; baseline -0.013 -6"><span class='ocrx_word' id='word_1_635' title='bbox 2174 3884 2342 3939; x_wconf 86' lang='lat' dir='ltr'>larias</span> <span class='ocrx_word' id='word_1_636' title='bbox 2368 3882 2647 3944; x_wconf 87' lang='lat' dir='ltr'>mulieres,</span> <span class='ocrx_word' id='word_1_637' title='bbox 2682 3879 2925 3934; x_wconf 90' lang='lat' dir='ltr'>imbutas</span> <span class='ocrx_word' id='word_1_638' title='bbox 2947 3876 3034 3932; x_wconf 90' lang='lat' dir='ltr'>bis</span> <span class='ocrx_word' id='word_1_639' title='bbox 3060 3875 3219 3928; x_wconf 89' lang='lat' dir='ltr'>malis</span> <span class='ocrx_word' id='word_1_640' title='bbox 3244 3871 3477 3932; x_wconf 89' lang='lat' dir='ltr'>artibus,</span> <span class='ocrx_word' id='word_1_641' title='bbox 3512 3868 3565 3922; x_wconf 92' lang='lat' dir='ltr'>in</span> <span class='ocrx_word' id='word_1_642' title='bbox 3591 3879 3757 3920; x_wconf 84' lang='lat' dir='ltr'>caseo</span> 
     </span>
    </p>
   </div>
   <div class='ocr_carea' id='block_1_87' title="bbox 2174 3966 3758 4041">
    <p class='ocr_par' dir='ltr' id='par_1_87' title="bbox 2174 3966 3758 4041">
     <span class='ocr_line' id='line_1_87' title="bbox 2174 3966 3758 4041; baseline -0.013 -11"><span class='ocrx_word' id='word_1_643' title='bbox 2174 3977 2307 4032; x_wconf 90' lang='lat' dir='ltr'>dare</span> <span class='ocrx_word' id='word_1_644' title='bbox 2355 3976 2534 4031; x_wconf 90' lang='lat' dir='ltr'>solere</span> <span class='ocrx_word' id='word_1_645' title='bbox 2579 3973 2855 4037; x_wconf 87' lang='lat' dir='ltr'>dicebant,</span> <span class='ocrx_word' id='word_1_646' title='bbox 2906 3969 3129 4041; x_wconf 88' lang='lat' dir='ltr'>quibus.</span> <span class='ocrx_word' id='word_1_647' title='bbox 3157 3966 3358 4020; x_wconf 85' lang='lat' dir='ltr'>vellent</span> <span class='ocrx_word' id='word_1_648' title='bbox 3394 3978 3489 4018; x_wconf 89' lang='lat' dir='ltr'>seu</span> <span class='ocrx_word' id='word_1_649' title='bbox 3532 3966 3758 4031; x_wconf 87' lang='lat' dir='ltr'>possent</span> 
     </span>
    </p>
   </div>
   <div class='ocr_carea' id='block_1_88' title="bbox 2175 4059 3755 4136">
    <p class='ocr_par' dir='ltr' id='par_1_88' title="bbox 2175 4059 3755 4136">
     <span class='ocr_line' id='line_1_88' title="bbox 2175 4059 3755 4136; baseline -0.013 -12"><span class='ocrx_word' id='word_1_650' title='bbox 2175 4070 2496 4136; x_wconf 81' lang='lat' dir='ltr'>viatoribus,</span> <span class='ocrx_word' id='word_1_651' title='bbox 2536 4067 2682 4123; x_wconf 90' lang='lat' dir='ltr'>unde</span> <span class='ocrx_word' id='word_1_652' title='bbox 2716 4065 2772 4119; x_wconf 91' lang='lat' dir='ltr'>in</span> <span class='ocrx_word' id='word_1_653' title='bbox 2808 4065 3051 4119; x_wconf 87' lang='lat' dir='ltr'>iumenta</span> <span class='ocrx_word' id='word_1_654' title='bbox 3106 4060 3253 4115; x_wconf 90' lang='lat' dir='ltr'>illico</span> <span class='ocrx_word' id='word_1_655' title='bbox 3286 4064 3649 4119; x_wconf 85' lang='lat' dir='ltr'>verterentur,</span> <span class='ocrx_word' id='word_1_656' title='bbox 3700 4059 3755 4104; x_wconf 74' lang='grc' dir='ltr'>ιιι</span> 
     </span>
    </p>
   </div>
   <div class='ocr_carea' id='block_1_89' title="bbox 2176 4144 3751 4231">
    <p class='ocr_par' dir='ltr' id='par_1_89' title="bbox 2176 4144 3751 4231">
     <span class='ocr_line' id='line_1_89' title="bbox 2176 4144 3751 4231; baseline -0.013 -14"><span class='ocrx_word' id='word_1_657' title='bbox 2176 4162 2488 4218; x_wconf 90' lang='lat' dir='ltr'>necessaria</span> <span class='ocrx_word' id='word_1_658' title='bbox 2534 4173 2787 4231; x_wconf 85' lang='lat' dir='ltr'>quaeque</span> <span class='ocrx_word' id='word_1_659' title='bbox 2832 4160 3137 4227; x_wconf 86' lang='lat' dir='ltr'>portarent,</span> <span class='ocrx_word' id='word_1_660' title='bbox 3188 4160 3421 4222; x_wconf 90' lang='lat' dir='ltr'>postque</span> <span class='ocrx_word' id='word_1_661' title='bbox 3461 4144 3751 4218; x_wconf 83' lang='lat' dir='ltr'>perfuncta</span> 
     </span>
    </p>
   </div>
   <div class='ocr_carea' id='block_1_90' title="bbox 2175 4237 3801 4326">
    <p class='ocr_par' dir='ltr' id='par_1_90' title="bbox 2175 4237 3801 4326">
     <span class='ocr_line' id='line_1_90' title="bbox 2175 4237 3801 4326; baseline -0.01 -16"><span class='ocrx_word' id='word_1_662' title='bbox 2175 4269 2342 4326; x_wconf 89' lang='lat' dir='ltr'>opera</span> <span class='ocrx_word' id='word_1_663' title='bbox 2389 4254 2586 4308; x_wconf 90' lang='lat' dir='ltr'>iterum</span> <span class='ocrx_word' id='word_1_664' title='bbox 2633 4250 2699 4305; x_wconf 90' lang='lat' dir='ltr'>ad</span> <span class='ocrx_word' id='word_1_665' title='bbox 2756 4265 2817 4306; x_wconf 89' lang='lat' dir='ltr'>se</span> <span class='ocrx_word' id='word_1_666' title='bbox 2858 4246 3133 4310; x_wconf 90' lang='lat' dir='ltr'>redirent,</span> <span class='ocrx_word' id='word_1_667' title='bbox 3184 4259 3285 4299; x_wconf 91' lang='lat' dir='ltr'>nec</span> <span class='ocrx_word' id='word_1_668' title='bbox 3336 4255 3519 4297; x_wconf 87' lang='lat' dir='ltr'>tamen</span> <span class='ocrx_word' id='word_1_669' title='bbox 3571 4237 3626 4291; x_wconf 93' lang='lat' dir='ltr'>in</span> <span class='ocrx_word' id='word_1_670' title='bbox 3676 4237 3801 4293; x_wconf 88' lang='lat' dir='ltr'>eis.</span> 
     </span>
    </p>
   </div>
   <div class='ocr_carea' id='block_1_91' title="bbox 2176 4333 3756 4407">
    <p class='ocr_par' dir='ltr' id='par_1_91' title="bbox 2176 4333 3756 4407">
     <span class='ocr_line' id='line_1_91' title="bbox 2176 4333 3756 4407; baseline -0.013 -6"><span class='ocrx_word' id='word_1_671' title='bbox 2176 4354 2411 4401; x_wconf 89' lang='lat' dir='ltr'>mentem</span> <span class='ocrx_word' id='word_1_672' title='bbox 2446 4343 2564 4399; x_wconf 82' lang='lat' dir='ltr'>ﬁeri</span> <span class='ocrx_word' id='word_1_673' title='bbox 2592 4342 2898 4407; x_wconf 83' lang='lat' dir='ltr'>bestialem,</span> <span class='ocrx_word' id='word_1_674' title='bbox 2934 4339 3031 4395; x_wconf 87' lang='lat' dir='ltr'>sed</span> <span class='ocrx_word' id='word_1_675' title='bbox 3066 4335 3389 4393; x_wconf 88' lang='lat' dir='ltr'>rationalem</span> <span class='ocrx_word' id='word_1_676' title='bbox 3426 4333 3756 4386; x_wconf 57' lang='lat' dir='ltr'>humanam.</span> 
     </span>
    </p>
   </div>
   <div class='ocr_carea' id='block_1_92' title="bbox 2175 4420 3757 4511">
    <p class='ocr_par' dir='ltr' id='par_1_92' title="bbox 2175 4420 3757 4511">
     <span class='ocr_line' id='line_1_92' title="bbox 2175 4420 3757 4511; baseline -0.013 -16"><span class='ocrx_word' id='word_1_677' title='bbox 2175 4455 2281 4511; x_wconf 90' lang='lat' dir='ltr'>que</span> <span class='ocrx_word' id='word_1_678' title='bbox 2326 4437 2552 4500; x_wconf 87' lang='lat' dir='ltr'>servari,</span> <span class='ocrx_word' id='word_1_679' title='bbox 2605 4436 2750 4492; x_wconf 88' lang='lat' dir='ltr'>sicut</span> <span class='ocrx_word' id='word_1_680' title='bbox 2782 4433 3046 4506; x_wconf 87' lang='lat' dir='ltr'>Apuleius</span> <span class='ocrx_word' id='word_1_681' title='bbox 3080 4430 3135 4486; x_wconf 91' lang='lat' dir='ltr'>in</span> <span class='ocrx_word' id='word_1_682' title='bbox 3181 4429 3357 4491; x_wconf 89' lang='lat' dir='ltr'>libris,</span> <span class='ocrx_word' id='word_1_683' title='bbox 3406 4440 3548 4496; x_wconf 88' lang='lat' dir='ltr'>quos</span> <span class='ocrx_word' id='word_1_684' title='bbox 3596 4420 3757 4476; x_wconf 84' lang='lat' dir='ltr'>Asini</span> 
     </span>
    </p>
   </div>
   <div class='ocr_carea' id='block_1_93' title="bbox 2177 4520 3760 4598">
    <p class='ocr_par' dir='ltr' id='par_1_93' title="bbox 2177 4520 3760 4598">
     <span class='ocr_line' id='line_1_93' title="bbox 2177 4520 3760 4598; baseline -0.011 -12"><span class='ocrx_word' id='word_1_685' title='bbox 2177 4532 2329 4587; x_wconf 82' lang='lat' dir='ltr'>aurei</span> <span class='ocrx_word' id='word_1_686' title='bbox 2358 4530 2518 4586; x_wconf 85' lang='lat' dir='ltr'>titulo</span> <span class='ocrx_word' id='word_1_687' title='bbox 2554 4527 2857 4598; x_wconf 85' lang='lat' dir='ltr'>inscripsit,</span> <span class='ocrx_word' id='word_1_688' title='bbox 2902 4525 3006 4582; x_wconf 88' lang='lat' dir='ltr'>sibi</span> <span class='ocrx_word' id='word_1_689' title='bbox 3052 4523 3157 4595; x_wconf 91' lang='lat' dir='ltr'>ipsi</span> <span class='ocrx_word' id='word_1_690' title='bbox 3193 4520 3487 4584; x_wconf 85' lang='lat' dir='ltr'>accidisse,</span> <span class='ocrx_word' id='word_1_691' title='bbox 3516 4525 3579 4571; x_wconf 91' lang='lat' dir='ltr'>ut</span> <span class='ocrx_word' id='word_1_692' title='bbox 3605 4529 3760 4570; x_wconf 74' lang='lat' dir='ltr'>acce-</span> 
     </span>
    </p>
   </div>
   <div class='ocr_carea' id='block_1_94' title="bbox 2179 4606 3759 4694">
    <p class='ocr_par' dir='ltr' id='par_1_94' title="bbox 2179 4606 3759 4694">
     <span class='ocr_line' id='line_1_94' title="bbox 2179 4606 3759 4694; baseline -0.012 -17"><span class='ocrx_word' id='word_1_693' title='bbox 2179 4632 2272 4694; x_wconf 88' lang='lat' dir='ltr'>pto</span> <span class='ocrx_word' id='word_1_694' title='bbox 2319 4635 2551 4687; x_wconf 87' lang='lat' dir='ltr'>veneno,</span> <span class='ocrx_word' id='word_1_695' title='bbox 2606 4620 2844 4673; x_wconf 89' lang='lat' dir='ltr'>humano</span> <span class='ocrx_word' id='word_1_696' title='bbox 2898 4616 3083 4670; x_wconf 87' lang='lat' dir='ltr'>animo</span> <span class='ocrx_word' id='word_1_697' title='bbox 3137 4619 3516 4683; x_wconf 86' lang='lat' dir='ltr'>permanente,</span> <span class='ocrx_word' id='word_1_698' title='bbox 3563 4606 3759 4662; x_wconf 87' lang='lat' dir='ltr'>asinus</span> 
     </span>
    </p>
   </div>
   <div class='ocr_carea' id='block_1_95' title="bbox 2180 4696 3762 4781">
    <p class='ocr_par' dir='ltr' id='par_1_95' title="bbox 2180 4696 3762 4781">
     <span class='ocr_line' id='line_1_95' title="bbox 2180 4696 3762 4781; baseline -0.014 -11"><span class='ocrx_word' id='word_1_699' title='bbox 2180 4714 2354 4781; x_wconf 79' lang='lat' dir='ltr'>ﬂeret,</span> <span class='ocrx_word' id='word_1_700' title='bbox 2396 4719 2490 4767; x_wconf 92' lang='lat' dir='ltr'>aut</span> <span class='ocrx_word' id='word_1_701' title='bbox 2533 4709 2818 4772; x_wconf 86' lang='lat' dir='ltr'>indicavit,</span> <span class='ocrx_word' id='word_1_702' title='bbox 2851 4714 2946 4761; x_wconf 89' lang='lat' dir='ltr'>aut</span> <span class='ocrx_word' id='word_1_703' title='bbox 3000 4704 3151 4759; x_wconf 82' lang='lat' dir='ltr'>tinxit</span> <span class='ocrx_word' id='word_1_704' title='bbox 3184 4724 3229 4757; x_wconf 76' lang='grc' dir='ltr'>ι.</span> <span class='ocrx_word' id='word_1_705' title='bbox 3270 4700 3613 4773; x_wconf 80' lang='lat' dir='ltr'>Augustinus</span> <span class='ocrx_word' id='word_1_706' title='bbox 3661 4696 3762 4749; x_wconf 86' lang='lat' dir='ltr'>ad-</span> 
     </span>
    </p>
   </div>
   <div class='ocr_carea' id='block_1_96' title="bbox 2182 4793 3761 4865">
    <p class='ocr_par' dir='ltr' id='par_1_96' title="bbox 2182 4793 3761 4865">
     <span class='ocr_line' id='line_1_96' title="bbox 2182 4793 3761 4865; baseline -0.011 -6"><span class='ocrx_word' id='word_1_707' title='bbox 2182 4805 2308 4859; x_wconf 89' lang='lat' dir='ltr'>dit:</span> <span class='ocrx_word' id='word_1_708' title='bbox 2345 4824 2364 4856; x_wconf 77' lang='grc' dir='ltr'><strong><em>ι</em></strong></span> <span class='ocrx_word' id='word_1_709' title='bbox 2393 4803 2539 4858; x_wconf 89' lang='lat' dir='ltr'>Haec</span> <span class='ocrx_word' id='word_1_710' title='bbox 2568 4802 2651 4857; x_wconf 90' lang='lat' dir='ltr'>vel</span> <span class='ocrx_word' id='word_1_711' title='bbox 2698 4798 2836 4854; x_wconf 83' lang='lat' dir='ltr'>falsa</span> <span class='ocrx_word' id='word_1_712' title='bbox 2888 4806 3037 4865; x_wconf 88' lang='lat' dir='ltr'>sunt,</span> <span class='ocrx_word' id='word_1_713' title='bbox 3064 4797 3150 4851; x_wconf 91' lang='lat' dir='ltr'>vel</span> <span class='ocrx_word' id='word_1_714' title='bbox 3198 4807 3309 4848; x_wconf 88' lang='lat' dir='ltr'>tam</span> <span class='ocrx_word' id='word_1_715' title='bbox 3356 4793 3640 4854; x_wconf 85' lang='lat' dir='ltr'>inusitata,</span> <span class='ocrx_word' id='word_1_716' title='bbox 3699 4797 3761 4843; x_wconf 90' lang='lat' dir='ltr'>ut</span> 
     </span>
    </p>
   </div>
   <div class='ocr_carea' id='block_1_97' title="bbox 2182 4880 3763 4956">
    <p class='ocr_par' dir='ltr' id='par_1_97' title="bbox 2182 4880 3763 4956">
     <span class='ocr_line' id='line_1_97' title="bbox 2182 4880 3763 4956; baseline -0.012 -3"><span class='ocrx_word' id='word_1_717' title='bbox 2182 4897 2380 4953; x_wconf 88' lang='lat' dir='ltr'>merito</span> <span class='ocrx_word' id='word_1_718' title='bbox 2420 4911 2532 4951; x_wconf 90' lang='lat' dir='ltr'>non</span> <span class='ocrx_word' id='word_1_719' title='bbox 2568 4894 2863 4947; x_wconf 87' lang='lat' dir='ltr'>credantur</span> <span class='ocrx_word' id='word_1_720' title='bbox 2899 4908 2943 4943; x_wconf 77' lang='grc' dir='ltr'>ι.</span> <span class='ocrx_word' id='word_1_721' title='bbox 2990 4886 3048 4942; x_wconf 94' lang='grc'>8.</span> <span class='ocrx_word' id='word_1_722' title='bbox 3083 4889 3223 4956; x_wconf 82' lang='lat' dir='ltr'>Aug.</span> <span class='ocrx_word' id='word_1_723' title='bbox 3276 4882 3415 4955; x_wconf 90' lang='lat' dir='ltr'>Opp.</span> <span class='ocrx_word' id='word_1_724' title='bbox 3449 4882 3537 4938; x_wconf 93' lang='lat' dir='ltr'>ed.</span> <span class='ocrx_word' id='word_1_725' title='bbox 3580 4880 3763 4951; x_wconf 79' lang='lat' dir='ltr'>Migne</span> 
     </span>
    </p>
   </div>
   <div class='ocr_carea' id='block_1_98' title="bbox 2184 4974 3766 5061">
    <p class='ocr_par' dir='ltr' id='par_1_98' title="bbox 2184 4974 3766 5061">
     <span class='ocr_line' id='line_1_98' title="bbox 2184 4974 3766 5061; baseline -0.011 -17"><span class='ocrx_word' id='word_1_726' title='bbox 2184 4990 2249 5046; x_wconf 88' lang='grc' dir='ltr'>Τ.</span> <span class='ocrx_word' id='word_1_727' title='bbox 2278 4988 2370 5044; x_wconf 78' lang='lat' dir='ltr'>VII</span> <span class='ocrx_word' id='word_1_728' title='bbox 2393 4987 2622 5061; x_wconf 76' lang='lat' dir='ltr'>(Patro).</span> <span class='ocrx_word' id='word_1_729' title='bbox 2652 4983 2793 5056; x_wconf 79' lang='lat' dir='ltr'>XLI]</span> <span class='ocrx_word' id='word_1_730' title='bbox 2816 4999 2867 5053; x_wconf 93' lang='lat' dir='ltr'>p.</span> <span class='ocrx_word' id='word_1_731' title='bbox 2904 4980 3029 5036; x_wconf 71' lang='grc'>574.</span> <span class='ocrx_word' id='word_1_732' title='bbox 3050 4978 3389 5033; x_wconf 80' lang='lat' dir='ltr'>Tritliemius</span> <span class='ocrx_word' id='word_1_733' title='bbox 3418 4978 3455 5030; x_wconf 94' lang='lat' dir='ltr'>l.</span> <span class='ocrx_word' id='word_1_734' title='bbox 3477 4976 3514 5029; x_wconf 93' lang='lat' dir='ltr'>l.</span> <span class='ocrx_word' id='word_1_735' title='bbox 3537 4993 3550 5029; x_wconf 90' lang='lat'><strong>:</strong></span> <span class='ocrx_word' id='word_1_736' title='bbox 3575 4992 3593 5025; x_wconf 74' lang='grc' dir='ltr'>ι</span> <span class='ocrx_word' id='word_1_737' title='bbox 3624 4974 3766 5029; x_wconf 89' lang='lat' dir='ltr'>Con-</span> 
     </span>
    </p>
   </div>
   <div class='ocr_carea' id='block_1_99' title="bbox 2185 5066 3767 5157">
    <p class='ocr_par' dir='ltr' id='par_1_99' title="bbox 2185 5066 3767 5157">
     <span class='ocr_line' id='line_1_99' title="bbox 2185 5066 3767 5157; baseline -0.014 -19"><span class='ocrx_word' id='word_1_738' title='bbox 2185 5082 2354 5157; x_wconf 62' lang='lat' dir='ltr'>tigit,»</span> <span class='ocrx_word' id='word_1_739' title='bbox 2418 5080 2616 5149; x_wconf 89' lang='lat' dir='ltr'>inquit,</span> <span class='ocrx_word' id='word_1_740' title='bbox 2659 5096 2677 5129; x_wconf 74' lang='grc' dir='ltr'>ι</span> <span class='ocrx_word' id='word_1_741' title='bbox 2712 5076 2859 5151; x_wconf 80' lang='lat' dir='ltr'>circa</span> <span class='ocrx_word' id='word_1_742' title='bbox 2894 5074 3029 5128; x_wconf 87' lang='lat' dir='ltr'>haec</span> <span class='ocrx_word' id='word_1_743' title='bbox 3067 5082 3315 5142; x_wconf 88' lang='lat' dir='ltr'>tempora</span> <span class='ocrx_word' id='word_1_744' title='bbox 3341 5067 3557 5123; x_wconf 85' lang='lat' dir='ltr'>Henrici</span> <span class='ocrx_word' id='word_1_745' title='bbox 3582 5066 3767 5134; x_wconf 83' lang='lat' dir='ltr'>impe-</span> 
     </span>
    </p>
   </div>
   <div class='ocr_carea' id='block_1_100' title="bbox 2162 5158 3767 5233">
    <p class='ocr_par' dir='ltr' id='par_1_100' title="bbox 2162 5158 3767 5233">
     <span class='ocr_line' id='line_1_100' title="bbox 2162 5158 3767 5233; baseline -0.012 -4"><span class='ocrx_word' id='word_1_746' title='bbox 2162 5176 2381 5233; x_wconf 74' lang='lat' dir='ltr'>ratoris</span> <span class='ocrx_word' id='word_1_747' title='bbox 2416 5172 2665 5228; x_wconf 87' lang='lat' dir='ltr'>mirabile</span> <span class='ocrx_word' id='word_1_748' title='bbox 2703 5170 2928 5224; x_wconf 89' lang='lat' dir='ltr'>factum.</span> <span class='ocrx_word' id='word_1_749' title='bbox 2962 5165 3178 5221; x_wconf 87' lang='lat' dir='ltr'>Iuvenis</span> <span class='ocrx_word' id='word_1_750' title='bbox 3220 5162 3440 5233; x_wconf 90' lang='lat' dir='ltr'>quidam</span> <span class='ocrx_word' id='word_1_751' title='bbox 3491 5158 3767 5213; x_wconf 83' lang='lat' dir='ltr'>maleﬁcio</span> 
     </span>
    </p>
   </div>
   <div class='ocr_carea' id='block_1_101' title="bbox 2183 5255 3765 5323">
    <p class='ocr_par' dir='ltr' id='par_1_101' title="bbox 2183 5255 3765 5323">
     <span class='ocr_line' id='line_1_101' title="bbox 2183 5255 3765 5323; baseline -0.014 0"><span class='ocrx_word' id='word_1_752' title='bbox 2183 5269 2418 5323; x_wconf 87' lang='lat' dir='ltr'>duarum</span> <span class='ocrx_word' id='word_1_753' title='bbox 2455 5264 2761 5321; x_wconf 85' lang='lat' dir='ltr'>vetularum</span> <span class='ocrx_word' id='word_1_754' title='bbox 2808 5260 2864 5314; x_wconf 92' lang='lat' dir='ltr'>in</span> <span class='ocrx_word' id='word_1_755' title='bbox 2895 5258 3127 5313; x_wconf 81' lang='lat' dir='ltr'>formam</span> <span class='ocrx_word' id='word_1_756' title='bbox 3172 5255 3312 5310; x_wconf 89' lang='lat' dir='ltr'>asini</span> <span class='ocrx_word' id='word_1_757' title='bbox 3365 5259 3611 5307; x_wconf 84' lang='lat' dir='ltr'>mutatus</span> <span class='ocrx_word' id='word_1_758' title='bbox 3655 5255 3765 5311; x_wconf 81' lang='lat' dir='ltr'>est,</span> 
     </span>
    </p>
   </div>
   <div class='ocr_carea' id='block_1_102' title="bbox 2183 5339 3767 5416">
    <p class='ocr_par' dir='ltr' id='par_1_102' title="bbox 2183 5339 3767 5416">
     <span class='ocr_line' id='line_1_102' title="bbox 2183 5339 3767 5416; baseline -0.013 -3"><span class='ocrx_word' id='word_1_759' title='bbox 2183 5360 2258 5413; x_wconf 86' lang='lat' dir='ltr'>ita</span> <span class='ocrx_word' id='word_1_760' title='bbox 2289 5366 2348 5412; x_wconf 93' lang='lat' dir='ltr'>ut</span> <span class='ocrx_word' id='word_1_761' title='bbox 2382 5355 2637 5412; x_wconf 88' lang='lat' dir='ltr'>omnibus</span> <span class='ocrx_word' id='word_1_762' title='bbox 2686 5350 3000 5407; x_wconf 88' lang='lat' dir='ltr'>videntibus</span> <span class='ocrx_word' id='word_1_763' title='bbox 3040 5349 3231 5403; x_wconf 90' lang='lat' dir='ltr'>asinus</span> <span class='ocrx_word' id='word_1_764' title='bbox 3267 5349 3574 5416; x_wconf 85' lang='lat' dir='ltr'>appareret,</span> <span class='ocrx_word' id='word_1_765' title='bbox 3616 5339 3767 5411; x_wconf 89' lang='lat' dir='ltr'>quod</span> 
     </span>
    </p>
   </div>
   <div class='ocr_carea' id='block_1_103' title="bbox 2184 5433 3765 5518">
    <p class='ocr_par' dir='ltr' id='par_1_103' title="bbox 2184 5433 3765 5518">
     <span class='ocr_line' id='line_1_103' title="bbox 2184 5433 3765 5518; baseline -0.013 -13"><span class='ocrx_word' id='word_1_766' title='bbox 2184 5451 2371 5505; x_wconf 89' lang='lat' dir='ltr'>multis</span> <span class='ocrx_word' id='word_1_767' title='bbox 2396 5447 2735 5518; x_wconf 90' lang='lat' dir='ltr'>impossibile</span> <span class='ocrx_word' id='word_1_768' title='bbox 2761 5445 2978 5501; x_wconf 85' lang='lat' dir='ltr'>videtur</span> <span class='ocrx_word' id='word_1_769' title='bbox 3001 5457 3109 5498; x_wconf 92' lang='lat' dir='ltr'>non</span> <span class='ocrx_word' id='word_1_770' title='bbox 3141 5435 3593 5509; x_wconf 79' lang='lat' dir='ltr'>intelligentibus,</span> <span class='ocrx_word' id='word_1_771' title='bbox 3616 5433 3765 5503; x_wconf 83' lang='lat' dir='ltr'>quod</span> 
     </span>
    </p>
   </div>
   <div class='ocr_carea' id='block_1_104' title="bbox 2183 5525 3764 5613">
    <p class='ocr_par' dir='ltr' id='par_1_104' title="bbox 2183 5525 3764 5613">
     <span class='ocr_line' id='line_1_104' title="bbox 2183 5525 3764 5613; baseline -0.011 -16"><span class='ocrx_word' id='word_1_772' title='bbox 2183 5540 2546 5613; x_wconf 91' lang='lat' dir='ltr'>permissione</span> <span class='ocrx_word' id='word_1_773' title='bbox 2574 5539 2760 5593; x_wconf 87' lang='lat' dir='ltr'>divina</span> <span class='ocrx_word' id='word_1_774' title='bbox 2794 5539 3025 5609; x_wconf 88' lang='lat' dir='ltr'>spiritus</span> <span class='ocrx_word' id='word_1_775' title='bbox 3053 5534 3329 5604; x_wconf 85' lang='lat' dir='ltr'>malignus</span> <span class='ocrx_word' id='word_1_776' title='bbox 3361 5529 3554 5585; x_wconf 91' lang='lat' dir='ltr'>oculos</span> <span class='ocrx_word' id='word_1_777' title='bbox 3582 5525 3764 5581; x_wconf 83' lang='lat' dir='ltr'>homi-</span> 
     </span>
    </p>
   </div>
   <div class='ocr_carea' id='block_1_105' title="bbox 2184 5616 3763 5693">
    <p class='ocr_par' dir='ltr' id='par_1_105' title="bbox 2184 5616 3763 5693">
     <span class='ocr_line' id='line_1_105' title="bbox 2184 5616 3763 5693; baseline -0.01 -5"><span class='ocrx_word' id='word_1_778' title='bbox 2184 5650 2314 5688; x_wconf 90' lang='lat' dir='ltr'>num</span> <span class='ocrx_word' id='word_1_779' title='bbox 2346 5632 2614 5687; x_wconf 88' lang='lat' dir='ltr'>mirandis</span> <span class='ocrx_word' id='word_1_780' title='bbox 2633 5629 3102 5686; x_wconf 82' lang='lat' dir='ltr'>ludiﬁcationibus</span> <span class='ocrx_word' id='word_1_781' title='bbox 3124 5626 3352 5680; x_wconf 86' lang='lat' dir='ltr'>illudere</span> <span class='ocrx_word' id='word_1_782' title='bbox 3382 5626 3582 5693; x_wconf 84' lang='lat' dir='ltr'>potest.</span> <span class='ocrx_word' id='word_1_783' title='bbox 3621 5638 3640 5671; x_wconf 78' lang='grc' dir='ltr'><strong><em>ι</em></strong></span> <span class='ocrx_word' id='word_1_784' title='bbox 3672 5616 3763 5673; x_wconf 82' lang='lat' dir='ltr'>Cl‘.</span> 
     </span>
    </p>
   </div>
   <div class='ocr_carea' id='block_1_106' title="bbox 2183 5712 3765 5781">
    <p class='ocr_par' dir='ltr' id='par_1_106' title="bbox 2183 5712 3765 5781">
     <span class='ocr_line' id='line_1_106' title="bbox 2183 5712 3765 5781; baseline -0.012 0"><span class='ocrx_word' id='word_1_785' title='bbox 2183 5727 2341 5781; x_wconf 85' lang='lat' dir='ltr'>Vinc.</span> <span class='ocrx_word' id='word_1_786' title='bbox 2371 5725 2574 5781; x_wconf 90' lang='lat' dir='ltr'>Bellov.</span> <span class='ocrx_word' id='word_1_787' title='bbox 2600 5725 2638 5780; x_wconf 93' lang='lat' dir='ltr'>l.</span> <span class='ocrx_word' id='word_1_788' title='bbox 2670 5726 2708 5781; x_wconf 93' lang='lat' dir='ltr'>l.</span> <span class='ocrx_word' id='word_1_789' title='bbox 2737 5734 2791 5779; x_wconf 88' lang='lat' dir='ltr'>et</span> <span class='ocrx_word' id='word_1_790' title='bbox 2808 5722 3009 5777; x_wconf 87' lang='lat' dir='ltr'>Fazelli</span> <span class='ocrx_word' id='word_1_791' title='bbox 3038 5722 3073 5774; x_wconf 94' lang='lat' dir='ltr'>I.</span> <span class='ocrx_word' id='word_1_792' title='bbox 3107 5721 3145 5774; x_wconf 92' lang='grc'>1.</span> <span class='ocrx_word' id='word_1_793' title='bbox 3167 5721 3225 5772; x_wconf 90' lang='lat' dir='ltr'>In</span> <span class='ocrx_word' id='word_1_794' title='bbox 3250 5715 3509 5773; x_wconf 87' lang='lat' dir='ltr'>Chronici</span> <span class='ocrx_word' id='word_1_795' title='bbox 3537 5712 3765 5767; x_wconf 88' lang='lat' dir='ltr'>Hirsau-</span> 
     </span>
    </p>
   </div>
   <div class='ocr_carea' id='block_1_107' title="bbox 2191 5801 3764 5892">
    <p class='ocr_par' dir='ltr' id='par_1_107' title="bbox 2191 5801 3764 5892">
     <span class='ocr_line' id='line_1_107' title="bbox 2191 5801 3764 5892; baseline -0.011 -17"><span class='ocrx_word' id='word_1_796' title='bbox 2191 5819 2396 5892; x_wconf 77' lang='lat' dir='ltr'>gieusis</span> <span class='ocrx_word' id='word_1_797' title='bbox 2429 5818 2672 5875; x_wconf 87' lang='lat' dir='ltr'>editione</span> <span class='ocrx_word' id='word_1_798' title='bbox 2721 5818 2891 5873; x_wconf 89' lang='lat' dir='ltr'>altera</span> <span class='ocrx_word' id='word_1_799' title='bbox 2936 5812 3312 5885; x_wconf 87' lang='lat' dir='ltr'>locupletiore,</span> <span class='ocrx_word' id='word_1_800' title='bbox 3348 5809 3409 5865; x_wconf 90' lang='grc'>8.</span> <span class='ocrx_word' id='word_1_801' title='bbox 3438 5806 3578 5864; x_wconf 77' lang='lat' dir='ltr'>Galli</span> <span class='ocrx_word' id='word_1_802' title='bbox 3624 5801 3764 5859; x_wconf 77' lang='grc'>1600</span> 
     </span>
    </p>
   </div>
  </div>
