4040 6556
332 315 407 372 «15
1838 311 2044 368 VITAE
2063 349 2077 364 .

3521 305 3595 357 ω
3632 276 3639 283 .

319 447 358 495 a
412 428 607 507 magis
662 427 823 491 facta
869 428 1078 492 medio
1119 446 1273 492 aevo
1316 446 1506 509 saepe
1554 434 1901 492 narrantur.
1933 440 1981 488 A
2008 424 2192 486 vertit
2246 423 2354 507 (3).
2390 426 2590 503 Atque
2632 420 2879 484 incolae
2912 418 3119 481 Siwah
3148 426 3319 480 Uasrs
3364 415 3590 479 hodie-

321 531 603 603 Faustus,
658 536 727 590 ut
780 546 977 591 unum
1030 536 1270 592 tantum
1318 529 1606 609 prodam,
1643 545 1897 591 currum

319 627 512 691 foeno
547 635 875 695 oneratum
905 629 1205 691 devorare
1239 647 1311 691 ac
1357 634 1575 707 postea
1608 643 1898 689 evomere

320 727 586 801 videtur,
644 730 809 803 vina,
868 747 1031 809 quae
1097 735 1497 809 compotores
1566 734 1807 809 optant,
1863 744 1899 789 e

318 845 538 890 mensa
562 828 751 904 elicit,
776 829 1112 909 efficitque,
1134 837 1203 892 ut
1221 830 1488 909 quisque
1522 846 1708 891 nares
1737 836 1900 891 cete-

320 944 536 991 rorum
563 946 681 1008 pro
710 929 844 991 uvis
865 929 1089 992 habeat
1127 929 1490 1011 (1).Neque,
1514 934 1724 990 utrum
1751 927 1900 990 dae-

321 1028 527 1090 monis
569 1045 693 1108 Ope
733 1046 949 1107 magus
994 1028 1335 1108 Aegyptius
1374 1042 1575 1107 equae
1621 1024 1900 1105 speciem

319 1128 701 1207 suggesserit
744 1126 1038 1202 feminae,
1078 1146 1115 1189 a
1149 1126 1424 1189 Palladio
1470 1132 1531 1187 et
1585 1124 1748 1187 libro
1791 1141 1896 1186 se-

319 1228 530 1293 cundo
560 1228 900 1293 edocemur
959 1225 1064 1308 (2).
1119 1228 1191 1287 In
1223 1224 1589 1305 apocrypha
1623 1224 1684 1284 S.
1721 1222 1897 1285 Basi-

318 1327 387 1390 lii
416 1330 539 1389 vita
576 1364 651 1373 ——
692 1328 944 1391 saeculo
972 1334 1078 1406 45
1118 1344 1259 1388 mea
1297 1325 1553 1405 quidem
1592 1322 1899 1386 sententia

321 1436 545 1492 octavo
570 1428 664 1490 vel
696 1444 866 1493 nono
884 1426 1239 1506 conscripta
1265 1461 1339 1469 —
1369 1424 1447 1486 de
1477 1428 1753 1485 amatore
1782 1428 1901 1483 tra-

318 1535 508 1607 ditur,
558 1534 669 1613 qui
720 1532 1022 1597 suadente
1077 1546 1259 1607 mago
1307 1525 1626 1589 diabolum
1689 1524 1899 1603 ipsum

318 1635 469 1710 adit,
496 1633 665 1712 apud
704 1649 894 1712 quem
954 1647 1070 1711 per
1111 1628 1329 1689 literas
1362 1625 1602 1687 Christo
1658 1638 1896 1684 renun-

316 1735 453 1808 tiat,
487 1732 599 1796 sed
620 1732 854 1813 nuptiis
874 1730 1050 1794 factis
1078 1728 1157 1791 ad
1187 1725 1638 1809 poenitentiam
1655 1740 1721 1786 se
1752 1738 1901 1785 con-

2004 517 2153 579 dum
2184 534 2399 595 magos
2432 515 2548 577 sibi
2585 532 2863 577 amorem
2894 512 3227 574 mulierum
3252 510 3591 573 conciliare

2000 633 2187 697 posse
2230 616 2494 679 credunt
2531 613 2638 695 (4).

2082 720 2193 793 46
2214 719 2368 792 Iam,
2395 715 2719 798 quomodo
2738 715 3041 777 Macarius
3069 713 3369 776 feminam
3398 731 3434 775 a
3452 731 3589 776 ma-

2006 817 2068 895 gi
2096 818 2449 898 praestigiis
2475 817 2695 892 solvat,
2716 814 3171 879 animadvertel
3196 814 3591 876 Orationibus

2001 918 2081 981 ad
2109 918 2305 979 Deum
2343 918 2699 997 praemissis
2727 917 3041 980 infelicem
3074 934 3237 996 aqua
3256 915 3588 978 benedicta

2004 1035 2042 1080 a
2091 1035 2335 1081 summo
2378 1018 2529 1081 inde
2568 1020 2802 1082 vertice
2852 1018 3072 1099 capitis
3116 1017 3474 1093 madefacit,
3519 1021 3591 1078 ut

2000 1120 2314 1182 Palladius
2375 1126 2605 1196 narrat,
2657 1120 2799 1184 oleo
2851 1126 3066 1183 sancto
3130 1120 3444 1200 perungit,
3501 1124 3592 1181 te-

2000 1218 2376 1281 stantelibro
2404 1218 2709 1281 secundo.
2737 1220 2915 1292 Quod
2946 1219 3201 1298 quidem
3226 1225 3587 1297 utrumque,

2002 1324 2064 1379 et
2078 1316 2287 1379 oleum
2304 1324 2363 1380 et
2383 1335 2545 1398 aqua
2563 1319 2915 1394 benedicta,
2948 1319 3114 1398 apud
3128 1336 3310 1381 senes
3326 1319 3592 1398 Aegypti

1998 1417 2065 1478 in
2095 1436 2215 1479 usu
2265 1418 2384 1480 fuit
2423 1419 2503 1480 ad
2550 1436 2882 1495 magorum
2908 1419 3183 1481 fallacias
3199 1419 3588 1480 evertendas.

2000 1518 2134 1579 Olei
2159 1538 2309 1581 usus
2343 1520 2421 1582 ad
2464 1521 2777 1583 curandos
2802 1522 3110 1596 infirmos,
3152 1539 3353 1601 aquae
3390 1522 3589 1583 bene-

2002 1620 2203 1683 dictae
2245 1626 2319 1683 ad
2376 1639 2703 1700 magorum
2760 1624 3219 1686 incantationes
3264 1623 3593 1686 solvendas

2002 1720 2397 1802 frequentior
2425 1723 2621 1787 fuisse
2648 1725 2915 1789 videtur.
2957 1730 3131 1806 Aqua
3166 1724 3495 1787 benedicta
3532 1730 3593 1785 et

320 1954 385 2013 Τ.
430 1955 532 2025 lp.
572 1953 698 2021 155,
730 1953 944 2016 eadem,
988 1958 1050 2005 ut
1094 1949 1330 2015 videtur,
1376 1943 1778 2002 historiuncula
1827 1940 1896 1995 ad
1935 1922 1977 1977 Β
2008 1941 2093 1995 cia
2127 1942 2342 1999 occulta
2385 1952 2514 2001 sunt
2565 1946 2758 2009 multa,
2800 1945 3006 2001 iniusta
3059 1946 3232 2001 nulla.
3282 1944 3395 2002 Nec
3452 1961 3588 2003 sane

320 2066 376 2102 a.
425 2048 565 2106 1015
602 2048 734 2102 haec
765 2045 1003 2100 traditur
1043 2063 1055 2098 ε
1100 2063 1119 2094 ι
1157 2042 1319 2098 Circa
1368 2040 1503 2093 haec
1534 2046 1779 2106 tempora
1813 2048 1901 2088 res

317 2142 569 2194 miranda
621 2138 921 2208 contigisse
965 2138 1021 2190 in
1056 2133 1371 2206 Burgundia
1416 2132 1648 2202 legitur,
1690 2128 1759 2182 de
1795 2142 1901 2196 qua

319 2229 479 2282 inulti
551 2227 827 2297 sapientes
880 2224 1252 2280 diversimode
1316 2222 1634 2292 opinantur.
1706 2215 1903 2271 Mulier

320 2321 589 2389 quaedam
636 2332 804 2388 saga,
859 2317 1050 2386 quales
1091 2315 1255 2385 vulgo
1302 2321 1449 2367 recte
1498 2311 1772 2364 maleficas
1806 2321 1903 2377 ap-

320 2413 622 2483 pellamus,
660 2410 912 2464 iuvenem
934 2406 1206 2479 quendam
1247 2406 1444 2477 poculo
1471 2409 1760 2458 excantato
1784 2399 1904 2455 dia—

321 2504 519 2558 bolicis
567 2516 675 2556 non
720 2501 945 2555 dubium
983 2499 1325 2555 carminibus
1366 2498 1421 2550 in
1472 2496 1702 2550 bestiam
1750 2506 1902 2548 com-

318 2603 568 2651 mutasse
604 2595 722 2649 visa
770 2601 875 2659 est,
927 2594 1005 2647 ita
1038 2593 1185 2664 quod
1228 2590 1485 2645 omnibus
1507 2629 1521 2652 ,
1552 2586 1646 2658 qui
1677 2599 1798 2640 eam
1832 2583 1906 2637 vi-

317 2688 539 2752 derant,
569 2703 678 2742 non
716 2686 901 2752 homo,
935 2685 1030 2741 sed
1063 2685 1254 2740 asinus
1281 2682 1598 2753 apparebat.
1635 2677 1791 2744 Quae
1818 2690 1906 2730 res

317 2796 487 2851 quam
521 2782 593 2836 sit
627 2779 805 2836 facilis
832 2779 1179 2850 permittente
1211 2777 1341 2842 Deo,
1391 2790 1456 2829 ac
1503 2786 1666 2843 sagae
1705 2782 1907 2837 coope-

319 2880 481 2927 rante
538 2869 792 2936 diabolo,
849 2870 956 2923 iam
1031 2866 1238 2922 dudum
1292 2865 1562 2921 sententia
1620 2863 1905 2915 doctorum

324 2964 669 3033 exploratum
694 2962 996 3031 ,habemus,
1037 2960 1131 3029 qui
1160 2958 1512 3019 conﬁrmant,
1549 2953 1769 3009 diabolo
1800 2964 1907 3004 non

327 3072 459 3111 esse
486 3055 722 3118 difﬁcile,
760 3054 922 3108 modo
956 3054 1343 3121 cunctipotens
1380 3045 1691 3118 permiserit
1739 3042 1904 3106 Deus,

320 3146 608 3200 hominum
640 3144 892 3215 decipere
918 3158 1165 3204 sensus.)

395 3238 475 3308 (Ι)
524 3238 619 3293 Die
664 3238 805 3308 Sage
847 3254 955 3291 von
1014 3236 1217 3293 Doctor
1258 3233 1535 3291 Iohannes
1584 3228 1755 3284 Faust
1800 3242 1902 3281 un-

314 3338 457 3384 ters.
488 3346 594 3384 von
625 3328 688 3383 Η.
729 3329 963 3389 Diintzer
991 3326 1128 3391 1846
1154 3342 1209 3396 p.
1244 3325 1367 3378 177.
1397 3324 1524 3378 203.
1559 3323 1647 3376 70.
1685 3319 1902 3374 Similia

316 3418 569 3489 prodigia
619 3420 671 3472 in
728 3418 931 3488 oppido
985 3416 1304 3471 Crucenaco
1362 3413 1625 3483 magister
1680 3409 1903 3465 Theodo

317 3508 514 3578 Magus
547 3508 695 3562 fecit.
735 3507 807 3561 De
840 3522 950 3577 quo
988 3504 1327 3559 Trithemius
1375 3503 1428 3556 in
1480 3502 1676 3556 chron.
1724 3499 1903 3568 Span-

317 3602 490 3656 heim.
527 3600 592 3654 ad
624 3614 676 3655 a.
711 3598 851 3653 1262
871 3598 958 3653 ed.
991 3596 1244 3652 Francof.
1283 3610 1335 3657 a.
1374 3593 1505 3649 1601
1547 3608 1597 3663 p.
1627 3591 1735 3645 284
1768 3590 1905 3645 haec

314 3702 512 3747 narrat
537 3710 551 3744 :
585 3710 604 3743 ι
633 3693 790 3745 Anno
817 3689 1047 3753 Joannis
1069 3688 1282 3743 abbatis
1304 3687 1466 3741 huius
1489 3683 1809 3740 monasterii
1831 3680 1903 3743 Χ,

312 3786 475 3839 venit
512 3783 732 3854 quidam
788 3784 951 3838 homo
1009 3799 1077 3837 ex
1129 3780 1375 3852 partibus
1426 3776 1780 3833 inferioribus
1836 3774 1905 3829 ad

314 3888 505 3931 terras
541 3878 692 3938 istas,
727 3875 821 3944 qui
856 3874 1154 3930 vocabatur
1191 3870 1450 3941 magister
1492 3868 1739 3933 Theodo,
1779 3881 1901 3921 ma-

314 3983 425 4033 gus
455 3974 509 4020 et
542 3966 925 4036 praestigiator
966 3963 1331 4027 admirabilis,
1371 3960 1465 4030 qui
1511 3959 1680 4013 multa
1725 3964 1780 4012 et
1817 3957 1903 4010 in-

316 4059 619 4121 credibilia
656 4057 785 4122 fecit
816 4055 1085 4126 prodigia.
1117 4052 1255 4108 Nam
1303 4055 1358 4106 in
1404 4051 1607 4121 Oppido
1636 4049 1904 4107 Greutze-~

318 4153 495 4209 nacht
537 4164 722 4204 coram
772 4149 922 4203 omni
969 4146 1174 4218 populo
1216 4144 1433 4215 publice
1471 4143 1529 4196 in
1576 4142 1697 4197 foro
1740 4146 1906 4209 caput

318 4243 517 4298 tamuli
547 4243 631 4295 sui
665 4238 992 4309 amputavit,
1025 4234 1171 4306 quod
1193 4242 1316 4305 post
1348 4233 1588 4303 spatium
1623 4228 1787 4284 unius
1825 4227 1907 4282 di-

318 4334 527 4389 midiae
556 4334 729 4387 horae
751 4331 969 4401 corpori
1001 4328 1235 4384 iacentis
1269 4324 1534 4382 restituit.
1578 4321 1716 4378 Cum
1750 4320 1907 4375 cani-

318 4430 428 4483 bus
468 4429 523 4480 in
575 4440 699 4481 aere
736 4424 895 4496 quasi
929 4422 996 4477 ad
1026 4419 1338 4476 venandum
1368 4416 1650 4471 ambulare
1684 4412 1909 4468 videba-

317 4531 433 4584 tur,
481 4518 787 4575 ascendens
830 4524 995 4586 atque
1045 4510 1410 4575 descendens,
1456 4516 1512 4565 et
1564 4508 1812 4565 clamans
1850 4504 1907 4559 in

2005 2033 2302 2098 daemones
2340 2046 2566 2094 naturas
2609 2046 2821 2103 creant,
2862 2039 2908 2094 si
2959 2039 3165 2108 aliquid
3205 2039 3314 2094 tale
3347 2040 3580 2104 faciunt,

2005 2124 2073 2180 de
2101 2128 2355 2195 qualibus
2384 2128 2542 2185 factis
2584 2130 2688 2185 ista
2734 2130 2964 2184 vertitur
2991 2133 3279 2201 quaestio;
3330 2133 3426 2188 sed
3462 2149 3591 2202 spe-

2005 2217 2090 2272 cie
2119 2227 2297 2281 tenus,
2326 2236 2468 2290 quae
2489 2237 2520 2279 a
2548 2236 2677 2276 vero
2703 2221 2812 2276 Deo
2838 2229 2967 2275 sunt
2990 2231 3193 2285 creata,
3219 2231 3584 2287 commutant,

2006 2317 2067 2364 ut
2092 2311 2380 2366 videantur
2404 2328 2527 2369 esse
2552 2314 2698 2383 quod
2735 2330 2847 2368 non
2872 2322 3022 2369 sunt.
3046 2314 3162 2369 Non
3191 2316 3377 2385 itaque
3404 2316 3587 2371 solum

2007 2402 2271 2468 animum,
2310 2404 2403 2459 sed
2436 2420 2538 2459 nec
2568 2420 2771 2475 corpus
2800 2405 3023 2475 quidem
3059 2407 3170 2460 ulla
3217 2407 3433 2463 ratione
3467 2422 3592 2462 ere.

2007 2492 2238 2549 diderim
2263 2494 2589 2555 daemonum
2624 2504 2741 2551 arte
2768 2497 2855 2552 vel
2880 2504 3147 2566 potestate
3172 2498 3227 2552 in
3255 2500 3502 2554 membra
3532 2507 3590 2559 et

2009 2583 2339 2643 lineamenta
2377 2588 2630 2642 bestialia
2675 2588 2943 2646 veraciter
2976 2604 3137 2658 posse
3168 2591 3443 2656 converti,
3484 2591 3587 2645 sed

2009 2676 2411 2745 phantasticum
2448 2679 2706 2743 hominis,
2742 2681 2887 2750 quod
2921 2681 3087 2741 etiam
3131 2681 3429 2752 cogitando
3477 2683 3596 2745 sive

2010 2769 2334 2823 somniando
2361 2786 2458 2841 per
2484 2787 2666 2825 rerum
2702 2773 3126 2834 innumerabilia
3166 2788 3367 2842 genera
3400 2774 3579 2831 varia.

2010 2870 2127 2927 tur,
2154 2872 2210 2917 et
2249 2879 2373 2915 cum
2425 2878 2627 2934 corpus
2670 2880 2780 2918 non
2827 2865 2918 2928 sit,
2957 2878 3252 2934 corporum
3292 2872 3475 2921 tamen
3519 2867 3594 2922 si-

2009 2956 2167 3011 miles
2220 2955 2359 3008 mira
2416 2956 2692 3010 celeritate
2752 2955 2956 3013 formas
3014 2958 3189 3028 capit,
3250 2958 3443 3028 sopitis
3498 2968 3594 3015 aut

2010 3049 2290 3117 oppressis
2326 3049 2607 3118 corporeis
2643 3050 2883 3105 hominis
2936 3051 3213 3114 sensibus,
3250 3049 3316 3102 ad
3356 3050 3598 3104 aliorum.

2011 3156 2233 3195 sensum
2269 3141 2457 3196 nescio
2488 3158 2598 3211 quo
2638 3140 2899 3197 ineffabili
2928 3142 3092 3195 modo
3124 3142 3294 3212 ﬁgura
3324 3157 3593 3212 corporea

2012 3246 2174 3300 posse
2214 3230 2461 3301 perduci,
2508 3233 2584 3287 ita
2620 3240 2680 3287 ut
2725 3248 2960 3302 corpora
2999 3236 3117 3304 ipsa
3163 3235 3444 3288 hominum
3494 3235 3596 3288 ali.

2008 3322 2133 3377 cubi
2171 3323 2407 3387 iaceant,
2446 3323 2685 3379 viventia
2715 3325 2963 3395 quidem,
3020 3328 3114 3381 sed
3166 3326 3338 3380 multo
3369 3326 3597 3396 gravius

2012 3422 2177 3484 atque
2210 3414 2594 3472 vehementius
2622 3432 2789 3486 quam
2820 3432 3030 3475 somno.
3052 3417 3170 3471 suis
3203 3417 3462 3472 sensibus
3496 3419 3595 3472 ob-

2008 3507 2239 3573 seratis;
2284 3508 2691 3578 phantasticmn
2737 3516 2919 3563 autem
2955 3509 3089 3581 illud
3132 3509 3297 3563 veluti
3327 3524 3594 3579 corpora.-

2005 3606 2122 3654 tum
2157 3600 2213 3655 in
2245 3601 2478 3663 alicuius
2528 3602 2783 3657 animalis
2826 3600 3001 3673 effigie
3045 3609 3307 3672 appareat
3338 3602 3600 3659 sensibus

2006 3690 2220 3754 alienis,
2273 3692 2510 3761 talisque
2557 3693 2737 3753 etiam'
2767 3694 2872 3749 sibi
2902 3695 3091 3763 homo
3148 3708 3271 3750 esse
3318 3694 3591 3760 videatur,

2006 3783 2147 3838 sicut
2175 3785 2303 3840 talis
2339 3785 2443 3840 sibi
2472 3786 2643 3842 videri
2674 3794 2861 3857 posset
2904 3786 2960 3843 in
3002 3789 3237 3852 somnis,
3272 3798 3327 3845 et
3354 3796 3587 3857 portare

2004 3890 2207 3940 onera;
2234 3892 2373 3948 quae
2401 3892 2593 3942 onera,
2622 3880 2667 3932 si
2696 3895 2824 3933 vera
2854 3888 2983 3934 sunt
3013 3895 3267 3950 corpora,
3302 3888 3595 3950 portantur

2006 3984 2036 4022 a
2064 3970 2446 4037 daemonibus,
2482 3980 2540 4039 ut
2570 3973 2829 4027 illudatur
2856 3974 3195 4037 hominibus,
3221 3974 3421 4045 partim
3460 3989 3595 4036 vera

2006 4074 2232 4115 onerum
2261 4076 2516 4133 corpora,
2547 4065 2747 4133 partim
2784 4066 3158 4119 iumentorum
3187 4065 3325 4121 falsa
3350 4081 3589 4121 cernen-

2006 4151 2174 4207 tibus.
2214 4172 2231 4203 ι
2276 4152 2333 4208 S.
2358 4154 2497 4225 Aug.
2529 4154 2667 4227 Opp.
2706 4156 2791 4211 ed.
2827 4155 3002 4226 Migne
3030 4155 3095 4210 T.
3140 4154 3235 4210 νυ
3262 4173 3319 4227 p.
3357 4157 3466 4211 574
3500 4172 3591 4228 sq.

2079 4242 2156 4313 (5)
2196 4243 2323 4299 Vita
2369 4244 2425 4299 S.
2472 4245 2693 4313 Basilii,
2737 4247 3006 4317 scriptore
3053 4246 3594 4318 Pseudo-Ampbilo-

2007 4335 2156 4401 chio,
2188 4351 2311 4407 cap.
2345 4336 2400 4402 8,
2425 4335 2540 4391 VV.
2576 4336 2684 4392 PP.
2710 4336 2896 4394 Bosw.
2928 4356 2980 4409 p.
3012 4338 3137 4404 156,
3169 4340 3193 4392 1
3223 4355 3345 4409 sqq.
3370 4338 3446 4393 cf.
3477 4338 3592 4401 AA.

2013 4423 2112 4481 SS.
2146 4425 2282 4489 Boil.
2321 4426 2482 4493 Junii
2515 4427 2579 4483 T.
2614 4428 2656 4481 ll
2685 4445 2738 4499 μ,
2783 4430 2885 4487 5οἸ
2931 4446 3052 4501 sqq.
3104 4428 3221 4486 Hoc
3264 4430 3594 4500 antiquissi-

2009 4533 2160 4573 mum
2213 4520 2358 4589 pacti
2411 4534 2535 4574 cum
2586 4519 2806 4575 diabolo
2850 4521 2971 4575 initi
3026 4523 3340 4592 exemplum
3390 4532 3497 4587 est,
3545 4524 3600 4581 si

318 4609 613 4665 altissimis
668 4607 827 4679 quasi
889 4622 920 4661 a
972 4604 1221 4661 remotis.
1280 4603 1572 4656 Armatum
1622 4598 1903 4654 hominem
1942 4604 2676 4679 DPseudo-Amphilochius
2722 4609 2986 4675 fabulam,
3023 4627 3189 4681 quam
3222 4612 3301 4666 ab
3335 4610 3587 4675 Helladio

320 4701 630 4755 devorasse
682 4699 998 4769 putabatur.
1061 4695 1274 4751 Currus
1330 4706 1551 4763 quoque
1597 4689 1763 4761 lignis
1813 4702 1912 4743 seu

323 4794 491 4847 foeno
522 4800 783 4848 oneratos
812 4806 936 4845 cum
962 4790 1120 4860 equis
1144 4787 1447 4851 devoravit,
1488 4784 1634 4840 sicut
1658 4779 1915 4837 nescien-

325 4895 409 4941 tes
445 4885 671 4940 modum
714 4884 1000 4953 putabant.
1042 4880 1163 4934 Alia
1197 4894 1418 4950 quoque
1461 4872 1732 4944 stupenda
1763 4870 1911 4938 fecit,

323 4993 469 5049 quae
498 4976 668 5031 scribi
708 4976 813 5030 hoc
844 4974 901 5028 in
933 4973 1057 5033 loco
1080 4970 1417 5042 superfluum
1444 4969 1597 5023 duxi.
1634 4985 1653 5017 ι

399 5067 484 5136 (‘2)
543 5064 729 5136 Magos
780 5065 889 5119 vim
935 5079 1097 5120 suam
1147 5063 1217 5117 ad
1274 5062 1522 5132 prodigia
1575 5060 1823 5116 facienda
1878 5075 1910 5115 a

324 5158 599 5214 daemone
624 5164 874 5226 repetere
909 5155 1057 5211 credi
1093 5155 1253 5210 solet.
1286 5153 1363 5209 De
1400 5152 1669 5224 prodigiis
1700 5162 1909 5217 autem,

326 5262 470 5317 quae
496 5245 781 5301 daemonis
797 5261 900 5316 ope
915 5244 1105 5311 edunt,
1128 5243 1186 5299 S.
1204 5243 1548 5314 Augustinus
1570 5245 1605 5297 ι.
1625 5243 1665 5297 1.
1697 5263 1711 5298 ;
1750 5262 1769 5295 ι
1794 5242 1914 5297 ῐῖίικ

328 5338 578 5393 missime
604 5347 837 5407 tamen,i
932 5337 1130 5407 inquit,
1168 5356 1187 5389 ‹
1218 5335 1556 5392 credendum
1588 5346 1696 5401 est,
1730 5337 1915 5391 omni-

330 5434 611 5495 potentem
648 5425 815 5480 Deum
846 5425 1033 5481 omnia
1079 5442 1242 5496 posse
1274 5425 1456 5482 facere
1480 5442 1623 5496 quae
1651 5427 1910 5492 voluerit,

329 5521 447 5575 sive
493 5519 848 5586 vindicando,
897 5520 1013 5575 sive
1056 5519 1406 5589 praestando,
1462 5535 1567 5576 nec
1619 5519 1917 5575 daemones

332 5613 540 5689 aliquid
570 5613 783 5683 cperari
823 5612 1126 5669 secundum
1159 5622 1389 5669 naturae
1418 5629 1553 5669 suae
1587 5613 1910 5684 potentiam,

332 5705 460 5773 quia
494 5714 553 5760 et
585 5705 701 5775 ipsa
733 5704 981 5775 angelica
1010 5712 1263 5759 creatura
1288 5713 1392 5770 est,
1421 5705 1548 5760 licet
1576 5704 1802 5775 preprio
1841 5704 1912 5759 sit

334 5797 469 5857 vitio
498 5800 760 5870 maligna,
796 5798 902 5857 nisi
929 5800 1076 5872 quod
1098 5798 1190 5856 ille
1216 5799 1546 5874 permiserit,
1581 5799 1742 5857 cuius
1768 5797 1915 5853 iudi-

2010 4695 2196 4751 Basilii
2226 4698 2479 4753 ministro
2529 4714 2589 4754 se
2621 4700 2904 4768 accepisse
2938 4699 3128 4764 refert,
3181 4715 3373 4755 revera
3412 4716 3443 4756 e
3475 4703 3591 4760 vita.

2014 4780 2072 4835 S.
2106 4780 2313 4845 Basilii,
2355 4798 2516 4853 quam
2560 4783 2839 4840 Helladius
2871 4784 3115 4855 scripsit,
3161 4793 3445 4840 mutuatus
3480 4793 3589 4839 est.

2012 4872 2349 4930 Foederibus
2401 4873 2692 4947 Theophili
2734 4877 3067 4932 vicedomini
3114 4878 3249 4945 (AA.
3300 4876 3400 4931 SS.
3452 4876 3591 4931 Boll.

2013 4963 2174 5022 Febr.
2200 4964 2265 5022 Τ.
2303 4967 2400 5036 1p.
2432 4967 2557 5021 484.
2598 4967 2740 5032 888;
2779 4967 3021 5025 Sommer
3048 4967 3115 5024 de
3144 4968 3434 5039 Tthphili
3468 4984 3599 5026 cum

2013 5060 2229 5115 diabolo
2257 5060 2472 5115 l'oedere
2498 5062 2672 5115 Berol.
2704 5062 2887 5123 1844),
2916 5060 3160 5113 Militarii
3186 5059 3366 5130 (Mone
3396 5062 3597 5115 Anzei-

2011 5167 2102 5223 ger
2140 5151 2281 5206 1854
2308 5168 2360 5223 p.
2411 5152 2519 5207 266
2565 5154 2734 5223 sqq.),
2782 5154 3061 5209 lleliodori
3095 5152 3227 5225 (Vit.
3281 5154 3340 5208 S.
3391 5151 3597 5221 Leonis

2012 5244 2273 5301 Cataniae
2302 5244 2483 5315 Episc.
2518 5246 2628 5299 AA.
2656 5245 2757 5300 SS.
2790 5246 2926 5300 Boll.
2967 5245 3127 5299 Febr.
3156 5244 3222 5300 Τί.
3256 5244 3323 5299 lll
3354 5263 3410 5315 p.
3435 5246 3594 5319 224),

2014 5338 2247 5392 aliorum
2279 5353 2405 5393 cum
2443 5338 2662 5392 diabolo
2708 5338 2831 5393 ictis
2874 5354 2983 5393 non
3019 5353 3172 5393 amor
3216 5339 3431 5409 puellae
3470 5338 3599 5393 inii-

2016 5429 2268 5494 eiendus,
2301 5430 2399 5485 sed
2424 5429 2683 5496 honores,
2715 5429 2958 5493 divitiae,
2989 5437 3137 5486 artes
3158 5430 3407 5501 magicae
3426 5445 3594 5500 expe-

2019 5528 2232 5575 tuntur.

2091 5614 2166 5683 (4)
2210 5612 2273 5667 V.
2313 5612 2582 5675 Minutoli,
2626 5612 2785 5669 Reise
2827 5631 2952 5668 zum
2984 5613 3207 5685 Tempel
3248 5616 3345 5671 des
3371 5615 3594 5686 Jupiter

2018 5705 2253 5760 Ammon
2280 5706 2334 5760 in
2376 5706 2472 5761 der
2496 5706 2777 5776 libyschen
2808 5705 3120 5763 Winsteund
3134 5709 3271 5764 nach
3289 5705 3597 5778 Oberaegy-

2020 5806 2177 5870 plen,
2197 5797 2452 5869 herausg.
2479 5813 2588 5854 von
2609 5796 2702 5853 Dr.
2728 5795 2989 5862 Toelken.
3015 5793 3197 5852 Berlin
3223 5796 3360 5853 1824
3380 5812 3435 5869 p.
3464 5796 3593 5858 179.
