4040 6598
438 316 510 373 «Π
1271 320 1373 379 SS.
1415 321 1881 380 MACARIORUM
1921 318 2240 376 AEGYPTII
2279 318 2369 375 ET
2402 317 2872 375 ALEXANDRINI
3632 316 3706 379 48

441 429 587 493 oleo
616 435 833 493 sancto
853 432 1154 495 Macarius
1180 433 1634 499 Aleiandrinus
1665 436 2024 500 daemonia—
2050 440 2093 494 A
2123 435 2292 515 typis
2325 435 2609 497 nondum
2645 433 2893 512 vulgata
2922 437 3034 505 est,
3067 430 3207 493 fuse
3248 436 3524 494 narrant.
3557 433 3704 494 Cas-

442 546 590 592 cum
642 536 820 593 curat
849 530 960 612 (1).
1002 536 1179 613 Aqua
1203 533 1309 597 illa
1347 536 1409 596 S.
1442 536 1723 600 Hilarion
1743 537 2018 598 incanta-

443 632 650 694 tiones
709 648 1030 711 magorum
1092 651 1127 695 a
1173 635 1417 697 stabulo
1462 636 1596 697 Itali
1642 636 1861 698 avertit
1906 635 2012 717 (2),

441 734 845 797 Macedonius
866 735 1189 798 mulierem
1214 737 1521 800 daemone
1550 738 1848 817 ingluviei
1866 736 2020 800 libe-

446 842 540 896 rat
627 836 735 914 (3),
799 835 1057 898 insanae
1141 836 1431 899 medetur
1505 836 1614 917 (4),
1683 838 2018 918 Aphraates

447 952 678 1014 equum
748 936 1151 1015 Imperatoris
1207 944 1383 1000 sanat
1437 939 1546 1019 (5),
1597 938 1867 1002 locustas
1917 958 2019 1002 ar-

446 1042 547 1096 cet
575 1032 682 1114 (6).
715 1039 891 1115 Aqua
932 1053 969 1097 a
1007 1038 1265 1100 senibus
1322 1038 1655 1102 benedicta
1689 1065 1718 1097 ‹‹
1753 1041 2023 1105 salutare

447 1131 853 1212 pharmacum
878 1158 906 1189 »
926 1142 1202 1209 vocatur,
1224 1154 1351 1216 quo
1383 1145 1444 1199 et
1462 1138 1668 1200 morbi
1697 1139 2021 1219 depellun-

447 1239 572 1305 tur,
604 1237 664 1291 et
694 1231 1033 1295 daemones
1072 1232 1290 1311 fugere
1352 1242 1660 1313 Coguntur
1681 1235 1787 1314 (7).
1820 1238 2018 1298 Exor-

447 1330 678 1393 cismos
708 1337 917 1394 tamen
951 1350 986 1395 a
1018 1335 1274 1397 senibus
1313 1336 1392 1398 ad
1429 1336 1801 1401 daemonem
1842 1356 2020 1401 emo-

447 1431 721 1494 vendum
749 1433 1061 1496 adhibitos
1082 1453 1219 1498 esse
1244 1454 1375 1498 non
1398 1438 1627 1517 reperi.

526 1534 724 1595 Porro
759 1552 1032 1609 causam,
1065 1554 1179 1599 cur
1222 1554 1441 1616 magus
1480 1538 1750 1601 feminae
1796 1556 2029 1602 nocere

452 1635 751 1713 potuerit,
766 1636 1067 1699 Macarius
1096 1636 1259 1700 hanc
1278 1637 1533 1713 indicat,
1554 1639 1725 1718 quod
1745 1640 2030 1720 quinque

452 1750 527 1795 ea
555 1731 1053 1798 hebdomadibus
1090 1754 1218 1799 non
1266 1738 1601 1801 accesserit
1636 1738 1715 1801 ad
1758 1740 2025 1802 inteme-
2063 1780 2105 1838 Β

451 1838 582 1897 rata
614 1834 834 1897 Christi
862 1838 1177 1917 mysteria.
1217 1840 1452 1913 Quibus
1503 1843 1711 1905 verbis
1752 1842 2031 1905 euchari-

453 1931 633 1993 stiam
658 1933 945 2012 intelligi,
969 1936 1069 1997 vix
1098 1936 1415 2016 ambigere
1440 1940 1695 2019 poteris.
1728 1941 2029 2003 Euchari-

453 2033 570 2096 stia
601 2040 810 2097 autem
846 2036 1172 2099 illusiones
1203 2038 1581 2102 daemonum
1603 2041 1801 2104 arceri
1820 2049 1947 2117 aut,
1980 2043 2033 2104 si

452 2133 979 2211 adhibitae-sunt,
1030 2136 1290 2211 destrui,
1356 2141 1723 2220 saepissime
1783 2141 2030 2219 legitur.

453 2233 805 2310 Cassianus,
826 2243 897 2297 ut
917 2254 1113 2298 unum
1142 2255 1178 2299 e
1219 2239 1432 2301 multis
1473 2241 1833 2322 exemplum
1875 2243 2030 2305 affe-

453 2351 687 2411 ramus,
713 2335 1295 2417 iuvenem,sumpto
1324 2358 1485 2420 pane
1508 2342 1782 2416 caelesti,
1814 2343 1891 2403 ab
1912 2342 2031 2403 im-

455 2433 687 2514 pudica
731 2434 1111 2497 daemonum
1155 2435 1445 2501 illusione
1501 2438 1833 2502 liberatum
1898 2456 2035 2501 esse

454 2536 644 2599 tradit
679 2535 788 2615 (8).
818 2539 1019 2617 Atque
1056 2536 1176 2600 alia
1226 2538 1535 2620 exempla,
1562 2541 1790 2620 quibus
1812 2540 2040 2603 eucha-

456 2637 632 2701 ristia
666 2638 1033 2719 praestigias
1072 2639 1453 2701 daemonum
1485 2640 1719 2704 solutas
1753 2659 1889 2704 esse
1920 2643 2037 2704 d0-

458 2754 698 2814 cemur,
731 2739 938 2801 Delrio
966 2740 1304 2819 congessit,
1343 2740 1422 2802 ad
1464 2741 1643 2803 cuius
1672 2741 1901 2803 librum
1923 2742 2035 2804 de-

456 2855 739 2917 regamus
774 2838 879 2920 (9).
927 2840 990 2900 Si
1018 2856 1166 2901 vero
1219 2839 1436 2903 intima
1488 2858 1631 2903 cum
1660 2841 1765 2913 47
1798 2842 2039 2905 Christo

459 2939 929 3004 consociatione
970 2947 1032 3003 et
1065 2939 1288 3002 crebro
1318 2940 1395 3003 ad
1440 2942 1576 3004 eius
1604 2944 1901 3022 mysteria
1930 2961 2036 3006 ac-

460 3057 643 3105 cessu
674 3040 958 3102 fallaciae
1005 3041 1387 3104 daemonum
1431 3040 1771 3117 eliduntur,
1803 3051 2038 3123 quanto

2128 538 2304 599 siano
2352 536 2611 616 quidem
2652 552 2785 597 rem
2826 558 2854 589 «
2912 532 3381 612 antiquissimus
3436 531 3709 596 anacho-

2128 644 2261 700 reta
2286 660 2315 693 ››
2345 638 2642 700 Nesteros
2665 636 2977 716 exposuit,
2998 642 3068 697 ut
3099 633 3482 709 ostenderet,
3498 640 3709 715 patres

2130 756 2260 802 non
2323 739 2446 800 nisi
2504 744 2780 801 extrema
2826 744 2887 799 et
2936 733 3278 799 inevitabili
3334 734 3707 797 necessitate

2129 846 2381 903 coactos
2412 840 2589 915 signa
2612 839 2861 901 fecisse.
2890 841 2974 901 Ac
2990 839 3288 899 Nesteros
3322 836 3708 897 haereticum

2122 940 2459 1020 appellavit
2478 939 2769 1003 Eunomii
2794 944 3163 1000 sectatorem
3183 955 3198 1011 ;
3216 937 3377 998 liber
3397 934 3710 997 secundus

2128 1065 2157 1097 ‹‹
2191 1041 2587 1114 Hieracitam,
2615 1039 2785 1120 quod
2808 1056 3007 1119 genus
3030 1037 3366 1099 haereseos
3392 1034 3712 1096 invenitur

2127 1142 2295 1223 apud
2329 1147 2679 1221 Aegyptum
2715 1162 2744 1196 »
2776 1143 2977 1201 vocat.
3009 1138 3295 1215 Eumque
3332 1132 3711 1196 Hieracitam

2128 1242 2347 1316 fuisse,
2392 1240 2539 1320 quia
2590 1236 3122 1301 resurrectionem
3169 1231 3375 1296 carnis
3437 1229 3709 1307 negavit,

2129 1340 2516 1422 probabilius
2546 1344 2662 1414 est,
2700 1334 3127 1408 Eunomianis,
3168 1338 3391 1412 utpote
3445 1329 3711 1390 Ariano-

2128 1459 2269 1504 rum
2286 1440 2562 1514 asseclis,
2582 1439 2662 1501 de
2687 1438 2964 1499 trinitate
3001 1434 3353 1497 errantibus
3380 1431 3526 1513 (12).
3553 1433 3715 1493 Hae—

2131 1545 2381 1619 reticus,
2407 1548 2537 1605 arte
2566 1540 2890 1603 dialectica
2918 1554 3093 1608 usus,
3126 1534 3545 1597 sinceritatem
3567 1530 3715 1593 ﬁdei

2130 1641 2477 1705 catholicae
2505 1641 2872 1702 subvertere
2894 1634 3238 1697 conabatur
3267 1637 3329 1693 et
3360 1655 3387 1687 α
3421 1644 3715 1708 magnam

2132 1743 2257 1804 iam
2303 1739 2766 1803 multitudinem
2813 1734 3148 1797 hominum
3185 1731 3541 1810 deceperat,
3579 1751 3606 1783 »
3648 1732 3718 1787 ut

2133 1843 2484 1915 Cassianus,
2508 1864 2535 1896 α
2563 1856 2679 1921 per
2704 1838 2963 1901 multam
2992 1833 3295 1914 loquendi
3336 1838 3535 1895 artem
3568 1830 3715 1910 plu-

2133 1945 2326 2007 rimos
2353 1942 2637 2017 fratrum,
2661 1940 2772 2021 qui
2805 1938 3168 2002 habitabant
3187 1935 3255 1998 in
3287 1950 3524 2008 eremo,
3556 1949 3717 1995 con-

2133 2046 2434 2120 turbarat,
2463 2068 2491 2101 ››
2534 2050 2605 2105 ut
2634 2041 2796 2104 liber
2816 2038 3134 2103 secundus
3161 2035 3474 2117 perhibet.
3508 2036 3713 2095 Maca-

2135 2150 2264 2210 rius
2290 2147 2503 2226 igitur,
2537 2162 2573 2207 a
2600 2142 2925 2206 catholicis
2953 2140 3124 2213 viris,
3158 2136 3269 2218 qui
3298 2136 3477 2198 ruina
3508 2138 3719 2195 tantae

2134 2247 2559 2311 ‘subversionis
2581 2243 2940 2325 gravissime
2971 2240 3408 2312 movebantur,
3438 2241 3717 2314 rogatus,

2135 2357 2205 2410 ut
2235 2348 2553 2429 simplices
2573 2353 2685 2425 48
2712 2345 2958 2409 animos
2990 2341 3184 2404 totius
3212 2337 3480 2418 Aegypti
3515 2337 3595 2398 ab
3615 2336 3717 2396 in-

2140 2449 2448 2512 fidelitatis
2480 2447 2803 2525 naufragio
2822 2446 3135 2517 liberaret,
3154 2442 3405 2505 advenit
3428 2439 3576 2519 (13),
3592 2455 3721 2518 quo

2138 2555 2471 2630 praesente
2513 2547 2867 2610 haereticus
2895 2561 3151 2628 pravam
3190 2543 3378 2605 ﬁdem
3409 2557 3585 2603 suam
3627 2538 3727 2599 iti—

2138 2651 2283 2713 dem
2326 2665 2605 2712 asserere
2650 2665 2840 2710 ausus
2902 2652 2998 2709 est
3055 2643 3203 2724 (14).
3259 2645 3416 2704 Tum
3468 2645 3725 2702 sanctus

2140 2776 2171 2810 α
2206 2750 2612 2814 Aristotelicis
2666 2748 2865 2829 spinis
2910 2770 2939 2803 »
2983 2744 3327 2825 impeditus
3374 2741 3522 2822 (15),
3557 2756 3723 2819 quo-

2139 2852 2308 2915 niam
2334 2851 2523 2912 verba
2550 2848 2857 2929 simplicia
2887 2846 3127 2909 callidis
3156 2842 3542 2922 argumentis
3573 2839 3725 2901 elidi

2139 2959 2203 3015 et
2232 2952 2420 3014 ﬁdem
2449 2950 2711 3012 fratrum
2739 2948 3083 3029 periclitari
3108 2946 3350 3007 videret
3373 2944 3524 3024 (16),
3557 2941 3724 3003 mul-

2139 3051 2404 3131 tiloquio
2452 3048 2751 3111 haeretici
2788 3046 3132 3128 apostolica
3187 3046 3487 3107 brevitate
3536 3044 3729 3104 ﬁnem

461 3141 661 3221 magis
705 3142 1078 3222 praestigiae
1116 3142 1470 3215 hominum,
1512 3144 1742 3222 quibus
1771 3143 2041 3207 daemon
2068 3126 2110 3183 ο
2146 3126 2483 3231 imponens
2534 3148 2653 3228 (17)
2698 3165 2710 3208 :
2744 3126 2924 3223 Quid,
2964 3145 3195 3224 inquit,
3245 3161 3407 3224 Opus
3453 3149 3567 3216 est,
3611 3158 3731 3203 nos

461 3240 588 3304 vim
618 3240 893 3304 nocendi
916 3241 1296 3322 suppeditat,
1344 3241 1663 3303 diluentur
1694 3238 1708 3302 l

545 3344 573 3419 §
601 3339 694 3403 14.
718 3341 839 3404 Sed
859 3347 1249 3403 transeamus
1268 3340 1345 3404 ad
1367 3348 1597 3416 cetera,
1618 3358 1779 3421 quae
1802 3342 1881 3405 de
1910 3346 2039 3406 Ma-

468 3442 638 3507 cario
664 3443 973 3523 Aegyptio
1001 3443 1314 3505 Palladius
1345 3444 1576 3505 retulit.
1627 3445 1714 3505 De
1749 3444 2040 3508 cuniculo

465 3558 503 3605 a
547 3543 816 3605 Macario
864 3549 1027 3618 acto,
1069 3560 1185 3624 per
1222 3556 1434 3623 quem.
1477 3544 1526 3606 si
1558 3545 1668 3624 qui
1706 3544 1763 3606 ei
1796 3546 2044 3607 molesti

467 3647 666 3719 erant,
687 3642 755 3704 in
780 3643 1149 3723 speluncam
1180 3644 1411 3727 abibat,
1433 3645 1601 3725 apud
1622 3644 1825 3707 solum
1841 3646 2041 3708 Palla-

464 3743 641 3809 dium
669 3743 959 3823 legimus.
992 3745 1079 3807 De
1134 3752 1383 3811 mortuo
1421 3764 1591 3821 vero,
1642 3766 1827 3827 quem
1868 3767 2045 3811 resu-

466 3844 726 3921 scitavit,
750 3851 818 3908 ut
835 3844 1151 3908 haeretico
1172 3848 1696 3910 resurrectionem
1713 3867 2050 3930 corporum

470 3948 1062 4028 persuaderet,liber
1072 3949 1391 4011 secundus
1406 3949 1526 4029 (10)
1539 3952 1883 4020 ,Cassianus
1896 3952 1949 4031 (1
1966 3953 2018 4032 1)
2032 3999 2045 4023 ,

468 4062 587 4111 nec
615 4063 747 4110 non
790 4048 1111 4128 appendix
1149 4049 1229 4112 ad
1272 4049 1841 4130 ApOphthegmata,
1884 4068 2047 4131 quae

539 4218 617 4291 (1)
656 4217 740 4273 Cf.
772 4218 919 4274 infra
962 4218 1139 4290 Caput
1179 4218 1267 4274 Ill.

542 4309 621 4383 (2)
661 4309 786 4365 Vita
827 4310 887 4365 S.
932 4309 1199 4370 Hilarion.
1249 4330 1372 4386 cap.
1414 4316 1504 4378 M,
1556 4314 1664 4369 νγ.
1707 4315 1811 4369 PP.
1862 4314 2049 4369 Rosw.

472 4419 530 4476 p.
568 4403 746 4469 79,1.

542 4494 622 4569 (ὅ)
674 4490 791 4551 νγ.
832 4495 937 4553 PP.
968 4495 1152 4556 Rosw.
1173 4499 1273 4558 lib.
1306 4497 1379 4554 1X
1409 4514 1530 4568 cap.
1562 4500 1629 4554 15
1659 4515 1712 4569 p.
1738 4498 1865 4565 850,
1901 4498 1949 4554 1.

547 4590 624 4662 (ι)
663 4586 801 4647 Ibid.

547 4682 625 4754 (5)
667 4681 804 4739 Ibid.
840 4697 961 4753 cap.
995 4683 1029 4739 8
1066 4700 1119 4755 p.
1152 4680 1278 4751 821,
1317 4687 1367 4740 1.

547 4776 627 4847 (6)
666 4774 803 4830 lbid.
830 4792 882 4846 ρ.
914 4775 1040 4841 821,
1067 4777 1122 4830 2.

549 4867 626 4939 (7)
666 4866 806 4924 Ibid.
840 4884 961 4937 cap.
987 4867 1049 4921 21
1084 4884 1138 4939 p.
1176 4868 1304 4932 840,
1337 4869 1392 4922 2.

548 4961 626 5032 (8)
662 4961 858 5018 Collat.
912 4959 1055 5016 XXII
1096 4978 1217 5033 cap.
1261 4964 1317 5017 6.
1366 4962 1619 5017 Cassiani
1665 4960 1804 5032 Opp.
1837 4959 1923 5017 ed.
1953 4959 2059 5013 Cas

479 5070 645 5111 meus
675 5071 731 5125 p.
758 5056 887 5119 581,
930 5053 1111 5126 Migne
1137 5071 1192 5124 p.
1219 5054 1379 5109 1225.

550 5148 627 5218 (9)
666 5145 954 5216 Disquisit.
1012 5150 1209 5217 magic.
1268 5147 1363 5202 lib.
1413 5144 1483 5200 VI
1540 5161 1659 5215 cap.
1711 5145 1755 5198 ll
1806 5143 1954 5199 Sect.
1998 5142 2064 5197 ΙΙΙ

481 5238 545 5305 Q.
569 5240 603 5294 5
625 5239 711 5295 ed.
742 5238 885 5311 Mog.
914 5234 1055 5293 1624
1081 5254 1134 5308 p.
1170 5237 1277 5293 985
1302 5254 1425 5310 sqq.

552 5331 667 5402 (l0)
708 5331 842 5402 Cap.
870 5331 940 5384 28
970 5329 1085 5384 νγ.
1115 5329 1221 5386 ΡΡ.
1256 5329 1440 5387 Rosw.
1472 5347 1525 5402 p.
1562 5332 1690 5394 480,
1723 5330 1777 5383 2.

557 5424 675 5495 (11)
733 5424 874 5480 Coll.
902 5421 994 5478 XV
1047 5440 1169 5494 cap.
1223 5426 1277 5480 3.
1313 5424 1565 5481 Cassiani
1604 5426 1742 5495 Opp.
1791 5423 1877 5477 ed.
1934 5421 2064 5476 Gaz.

485 5532 539 5587 Γ.
572 5515 699 5581 468,
731 5514 910 5586 Migne
933 5530 986 5585 ρ.
1017 5514 1141 5570 995.

556 5609 671 5679 (12)
722 5607 1024 5663 Eunomius
1055 5624 1287 5678 corpora
1342 5619 1721 5665 resurrectura
1772 5624 1896 5663 esse
1952 5624 2062 5662 non

486 5701 703 5771 negavit
725 5718 740 5767 ;
762 5713 889 5757 nam
918 5699 972 5752 in
995 5699 1118 5754 lidei
1141 5701 1493 5757 confessione
1516 5717 1646 5756 sua:
1678 5720 1696 5752 ι
1722 5697 2055 5761 Ροειιωορ,ι

486 5796 688 5867 inquit,
720 5811 739 5846 ι
762 5791 1041 5849 credimus
1077 5792 1131 5848 in
1157 5808 1299 5864 eam,
1325 5810 1467 5867 quae
1495 5810 1591 5867 per
1610 5792 1951 5850 Salvatorcm
1978 5793 2069 5846 lu—

2149 3250 2353 3313 verbis
2401 3247 2785 3311 contendere
2820 3246 2898 3309 ad
2945 3244 3419 3307 subversionem
3460 3242 3728 3304 audien-

2147 3351 2302 3413 tium
2319 3346 2349 3410 Ὺ
2366 3350 2673 3412 Exeamus
2688 3346 2765 3409 ad
2787 3345 3119 3425 sepulchra
3140 3351 3201 3407 et
3222 3361 3453 3405 nomen
3485 3341 3734 3405 Domini

2150 3468 2343 3531 super
2374 3455 2715 3522 mortuum,
2748 3446 2857 3527 qui
2900 3446 3141 3526 primus
3180 3445 3472 3506 inventus
3515 3442 3730 3517 fuerit,

2148 3553 2518 3614 invocemus
2547 3554 2629 3623 et,
2654 3548 2758 3611 cui
2788 3554 3073 3609 nostrum
3104 3545 3489 3608 concesserit
3514 3543 3731 3606 Domi-

2151 3672 2294 3729 nus,
2325 3652 2625 3715 suscitare
2663 3655 3003 3723 mortuum,
3047 3649 3248 3710 sciant
3296 3664 3538 3721 omnes,
3586 3645 3735 3725 quia

2149 3754 2317 3816 illius
2373 3752 2528 3815 ﬁdes
2579 3752 2882 3833 probatur
2915 3768 2951 3813 a
3000 3751 3128 3811 Deo
3182 3748 3478 3831 (18).Qui
3523 3762 3735 3809 sermo

2155 3852 2471 3925 omnibus,
2504 3853 2614 3931 qui
2648 3850 2928 3925 aderant,
2966 3848 3262 3911 fratribus
3307 3848 3561 3928 placuit.
3605 3848 3735 3908 Iam

2146 3971 2296 4016 vero
2334 3953 2607 4015 narratio
2636 3950 2903 4013 Cassiani
2939 3949 3171 4010 differt.
3218 3949 3405 4010 Libro
3434 3948 3603 4009 enim
3631 3961 3736 4007 se-

2147 4054 2361 4119 cundo
2402 4051 2705 4114 Macarius
2732 4066 2876 4112 cum
2912 4048 3225 4111 Hieracita
3269 4049 3496 4123 statim,
3525 4055 3597 4109 ut
3640 4045 3735 4107 vi-

2155 4231 2278 4277 tura
2314 4231 2423 4286 est,
2452 4221 2913 4279 resurrectionem
2944 4232 3261 4288 corporum,
3288 4216 3484 4271 borum
3526 4214 3739 4269 scilicet

2160 4317 2405 4385 ipsorum
2422 4331 2563 4385 quae
2579 4313 2845 4369 dissoluta
2866 4318 3015 4375 sunt,
3045 4323 3155 4365 una
3171 4324 3294 4363 cum
3310 4307 3549 4378 propriis
3567 4322 3739 4361 mem-

2160 4408 2274 4464 hris
2291 4423 2355 4462 ac
2368 4406 2637 4478 partibus,
2654 4406 2809 4460 nullo
2827 4404 3118 4459 deﬁciente
3139 4410 3233 4455 aut
3253 4401 3543 4455 immutato
3557 4415 3624 4453 ex
3648 4399 3737 4465 iis,

2089 4503 2131 4557 [Ἰ
2159 4516 2299 4569 quae
2323 4500 2759 4569 uniuscuiusque
2781 4512 2982 4568 corpus
2999 4496 3422 4566 componebant.
3446 4494 3576 4548 dum
3596 4493 3742 4547 vive.

2160 4602 2241 4646 ret
2265 4612 2309 4645 ι.
2336 4592 2580 4661 Basnage
2599 4592 2745 4644 lectt.
2768 4588 2977 4657 antiqq.
2999 4584 3063 4639 T.
3084 4585 3125 4647 l,
3148 4585 3267 4639 180.
3291 4583 3363 4640 De
3381 4583 3736 4638 Eunomioct’.

2160 4686 2290 4740 ibid.
2321 4702 2373 4755 p.
2401 4684 2504 4737 172
2532 4700 2654 4753 sqq.
2686 4680 3073 4736 Tiliemontius
3094 4677 3408 4744 (Mémoires
3438 4676 3528 4731 ed.
3567 4675 3736 4728 Brux.

2163 4779 2301 4832 1719
2329 4777 2390 4832 Τ.
2427 4777 2492 4831 Ill
2524 4776 2584 4831 P.
2620 4773 2684 4828 Ill
2713 4790 2767 4845 p.
2801 4773 2928 4843 998)
2966 4780 3173 4833 monet,
3204 4770 3531 4831 Hieracitas,
3559 4767 3656 4836 qui
3686 4777 3743 4821 et.

2161 4872 2228 4927 de
2243 4870 2514 4929 Trinitate
2534 4869 2673 4924 falsa
2705 4868 3018 4927 docuerint,
3061 4863 3437 4918 Eunomianos
3475 4860 3740 4930 appellari

2166 4976 2347 5032 posse.
2389 4960 2493 5015 Sed
2526 4961 2615 5016 hic
2637 4960 2706 5015 de
2739 4959 3022 5014 baeretico
3083 4954 3286 5026 agitur,
3318 4954 3411 5024 qui
3446 4964 3742 5022 corporum

2168 5055 2635 5107 resurrectionem
2681 5051 2921 5121 negarit,
2960 5046 3107 5118 quod
3142 5061 3311 5115 quum
3356 5045 3412 5098 in
3454 5043 3742 5099 Eunomia-

2164 5160 2266 5200 nos
2297 5160 2407 5198 non
2441 5144 2623 5209 cadat,
2663 5144 2754 5199 ille
2794 5142 3103 5196 haereticus
3138 5136 3516 5193 Eunomianus
3560 5133 3741 5188 vocari

2165 5251 2392 5309 prorsus
2420 5237 2628 5305 nequit.

2236 5332 2350 5401 (ιδ)
2386 5329 2541 5385 Cass.

2237 5424 2352 5494 (11)
2389 5422 2510 5477 Lib.
2542 5436 2653 5476 sec.

2236 5516 2351 5585 (15)
2391 5513 2550 5568 Cass.

2237 5608 2349 5675 (16)
2390 5605 2507 5660 Lib.
2532 5620 2645 5661 sec.

2236 5699 2351 5767 (17)
2392 5698 2549 5753 Cass.

2247 5791 2359 5863 (18)
2395 5788 2514 5845 Lib.
2551 5804 2661 5845 sec.
2716 5844 2719 5847 .
