4040 6556
228 356 292 413 49
1110 347 1117 356 ’
1728 357 1958 414 VlTAE.
3400 368 3481 427 ω

220 466 421 541 detur,
444 465 522 528 ad
551 467 885 547 sepulchra
921 470 1113 545 venit,
1162 486 1435 550 eumque
1482 471 1786 549 hortatur,
1822 485 1862 541 Α
1893 476 2014 537 tios
2058 474 2312 536 demum
2347 473 2496 538 inde
2542 490 2578 537 a
2616 476 2679 536 S.
2716 475 2991 538 Antonio
3037 476 3329 553 oltinuit,
3361 498 3474 560 qui

222 572 287 628 ut
318 574 637 630 mortuum
670 569 736 630 in
777 572 1034 633 nomine
1072 573 1321 633 Domini
1391 580 1628 635 evocet.
1668 576 1790 637 Sed

219 666 525 729 Hieracita
558 686 571 728 :
608 672 724 744 Tu,
772 670 998 750 inquit,
1032 672 1142 752 qui
1180 673 1586 753 proposuisti,
1618 676 1793 756 prior

219 784 431 829 evoca.
478 771 779 831 Macarius
836 771 1047 850 igitur,
1120 772 1187 834 in
1245 773 1593 836 orationem
1646 784 1792 839 ante

216 867 409 928 Deum
433 874 800 946 prostratus,
815 879 1150 952 postquam
1171 872 1551 936 sufﬁcienter
1571 876 1788 952 oravit,

217 966 468 1030 elevatis
515 988 761 1031 sursum
808 971 1006 1034 oculis
1056 990 1070 1033 :
1118 973 1405 1048 Domine,
1473 976 1592 1051 ait,
1651 977 1792 1057 quis

216 1075 498 1129 nostrum
530 1071 763 1133 rectam
786 1073 971 1134 ﬁdem
1002 1080 1235 1148 teneat,
1259 1077 1520 1138 ostende
1551 1077 1791 1140 elevato

216 1164 340 1227 hoc
366 1175 638 1230 mortuo.
662 1170 730 1230 Id
759 1188 903 1231 cum
924 1171 1201 1246 dixisset,
1216 1171 1422 1235 fratris
1440 1175 1789 1252 cuiusdam,

215 1266 326 1344 qui
363 1284 567 1346 nuper
613 1270 894 1349 sepultus
936 1279 1091 1347 erat,
1126 1291 1359 1336 nomen
1387 1282 1627 1338 evocat.
1657 1279 1791 1350 Quo

214 1363 292 1425 de
349 1366 591 1429 tumulo
646 1370 1093 1450 respondente,
1148 1374 1519 1437 accedentes
1570 1374 1792 1437 fratres

214 1467 542 1542 continuo,
568 1486 731 1549 quae
761 1474 1158 1553 superposita
1177 1474 1445 1549 fuerant,
1474 1476 1788 1552 auferunt,

214 1569 273 1624 et
300 1565 597 1630 eductum
629 1586 663 1631 e
687 1571 1023 1650 sepulchro
1049 1574 1255 1637 vivum
1286 1575 1605 1637 exhibent.
1635 1576 1790 1638 Hie-

212 1666 404 1729 racita
438 1679 612 1744 Vero,
652 1672 761 1733 ubi
800 1672 956 1734 haec.
999 1675 1168 1750 vidit,
1208 1676 1682 1756 obstupefactus
1724 1678 1792 1740 in

208 1763 428 1843 fugam
448 1770 708 1832 vertitur
727 1778 787 1832 et
805 1790 841 1835 a
870 1772 1164 1837 fratribus
1185 1777 1425 1839 cunctis
1450 1778 1790 1858 insequen-

209 1864 381 1927 tibus
414 1875 586 1930 extra
625 1871 930 1934 terminos
964 1878 1164 1936 terrae
1200 1875 1369 1937 illius
1403 1876 1785 1939 exturbatur.

205 1971 395 2049 Apud
430 1973 788 2037 Cassianum
817 1995 967 2040 vero
1008 1997 1108 2040 res
1145 1979 1325 2041 aliter
1351 1998 1419 2041 se
1455 1978 1667 2042 habet.
1702 1979 1792 2040 Ibi

209 2072 383 2133 enim
420 2091 549 2135 non
579 2077 785 2137 statim
807 2078 886 2140 ad
916 2079 1246 2158 sepulchra
1273 2080 1647 2160 procedunt,
1680 2079 1792 2141 sed

206 2168 589 2247 haereticus,
616 2194 812 2255 quum
841 2177 942 2240 illa
977 2179 1096 2240 sibi
1116 2197 1152 2241 a
1179 2180 1447 2242 Macario
1468 2180 1792 2260 prOposita

205 2280 377 2335 esset
407 2274 729 2340 doctrinae
757 2280 1069 2358 probatio,
1113 2298 1323 2343 coram
1352 2281 1791 2344 circumstante

203 2374 401 2454 plebe
434 2378 675 2455 pudore
713 2381 1088 2443 constrictus
1110 2380 1395 2443 assentiri
1415 2400 1481 2442 se
1518 2381 1788 2455 simulat,

203 2492 411 2553 seque
442 2478 713 2539 crastino
755 2479 857 2541 die
898 2479 1259 2542 adfuturum
1294 2480 1621 2560 promittit.
1664 2481 1787 2543 Po-

201 2576 429 2638 stridie
441 2584 645 2640 autem
669 2581 1181 2660 exspectantibus
1195 2580 1511 2655 omnibus,
1530 2581 1638 2661 qui
1652 2599 1794 2661 spe-

202 2676 439 2737 ctaculi
477 2678 813 2757 cupiditate
841 2679 952 2754 49
974 2682 1274 2743 commoti
1300 2682 1603 2745 adlocum
1633 2700 1788 2744 con-

199 2774 451 2836 dictum
521 2778 863 2840 studiosius
920 2782 1375 2857 conﬂuxerant,
1438 2782 1599 2845 mala
1645 2800 1794 2846 con-

198 2873 472 2935 scientia
498 2876 884 2939 inﬁdelitatis
909 2896 1058 2941 suae
1087 2881 1418 2941 exterritus
1446 2880 1688 2959 aufugit
1716 2899 1789 2945 ac

198 2972 502 3050 protinus
539 2992 575 3036 e
602 2982 775 3038 terra
803 2978 1069 3058 Aegypti
1092 2979 1379 3041 decessit.
1424 2981 1617 3051 Quem
1645 2982 1789 3060 qui-

199 3072 356 3135 dem
393 3076 717 3152 Macarius,
755 3095 959 3158 usque
997 3080 1075 3143 ad
1113 3076 1333 3142 horam
1381 3099 1610 3146 nonam
1648 3100 1790 3144 cum

1818 1843 1865 1903 Β

1892 575 2217 655 pulverem
2236 574 2479 656 pulveri
2494 576 2888 639 reddendum
2930 592 3068 638 esse
3092 578 3338 638 censuit
3363 579 3467 657 (1).

1892 677 2222 737 Praeterea
2274 677 2511 739 mumia
2562 677 2690 753 illa,
2738 685 3074 758 postquam
3106 675 3314 739 locuta
3356 686 3472 754 est,

1892 776 2103 838 denuo
2134 776 2387 851 dormit,
2415 796 2452 840 a
2483 778 2749 841 Domino
2784 776 3210 840 resuscitanda
3248 778 3314 839 in
3346 778 3471 839 ﬁne

1892 882 2294 957 temporum;
2338 878 2530 940 frater
2582 896 2732 941 vero
2780 877 2929 940 libri
2977 877 3261 952 secundi,
3308 884 3471 939 terra

1892 978 2161 1052 detecta,
2195 980 2412 1057 surgit,
2446 979 2678 1060 prodit,
2720 997 2840 1042 nec
2887 996 3031 1041 eum
3051 978 3117 1039 in
3163 979 3470 1041 tumulum

1891 1080 2219 1142 revertisse
2273 1080 2561 1159 legimus.
2600 1080 2837 1142 Deinde
2891 1081 3062 1160 quod
3119 1079 3472 1141 haereticus

1892 1181 2061 1261 apud
2107 1183 2466 1243 Cassianum
2518 1188 2763 1243 secreto
2802 1180 3063 1259 aufugit,
3114 1180 3275 1242 libro
3322 1198 3470 1242 vero

1892 1281 2174 1343 secundo
2208 1298 2243 1343 a
2270 1281 2538 1343 Macario
2563 1280 2886 1343 convictus
2918 1281 3191 1360 fugatur,
3216 1281 3469 1343 levioris

1890 1380 2196 1443 momenti
2226 1381 2576 1442 differentia
2613 1386 2729 1442 est.

1969 1479 2094 1541 Sed
2135 1478 2595 1542 narrationibus
2632 1478 2777 1541 libri
2803 1478 3067 1543 secundi
3097 1486 3159 1541 et
3198 1480 3471 1543 Cassiani

1889 1578 2079 1657 longe
2123 1578 2442 1659 capiosior
2475 1586 2569 1642 est
2606 1579 2736 1655 illa,
2776 1598 2938 1660 quae
2966 1582 3033 1642 in
3073 1581 3191 1643 ista
3219 1581 3474 1661 ApOph-

1889 1674 2279 1753 thegmatum
2313 1676 2663 1756 appendice
2692 1678 2860 1757 typis
2891 1677 3177 1739 nondum
3222 1677 3471 1755 vulgata

1892 1782 2113 1838 exstat.
2142 1778 2358 1850 Quam,
2392 1776 2509 1838 etsi
2535 1775 2724 1855 longa
2752 1777 2830 1837 sit
2859 1782 2920 1837 et
2943 1776 3340 1856 amplificata,
3370 1782 3469 1837 ta—

1894 1892 2040 1936 men
2088 1876 2195 1947 50
2236 1893 2433 1954 quum
2492 1875 2797 1955 quaedam
2848 1873 3076 1937 habeat
3121 1882 3473 1937 memoratu

1894 1971 2103 2051 digna,
2161 1973 2354 2035 latine
2411 1972 2719 2035 redditam
2773 1974 3081 2052 integram
3146 1992 3472 2054 apponere

1891 2072 2127 2153 placuit
2157 2090 2172 2134 :

1975 2195 2005 2227 «
2041 2174 2247 2234 Senex
2273 2173 2527 2236 tradidit
2553 2174 2632 2236 de
2652 2174 2873 2237 abbate
2892 2175 3184 2237 Macario.
3216 2178 3286 2238 In
3308 2182 3474 2239 terra

1891 2275 2218 2338 Arsenoita
2236 2275 2584 2339 monachus
2608 2276 2863 2355 quidam
2886 2276 3165 2350 sedebat,
3190 2278 3299 2356 qui
3317 2276 3474 2338 mul-

1890 2382 1990 2438 tos
2018 2393 2218 2439 annos
2248 2377 2435 2439 vitam
2467 2383 2825 2439 sanctorum
2857 2383 3089 2454 egerat.
3123 2377 3253 2450 Cui,
3276 2394 3473 2456 quum

1893 2480 2129 2559 gloriae
2173 2480 2441 2561 cupidus
2464 2486 2651 2553 esset,
2683 2488 2944 2560 prOpter
2972 2481 3307 2558 superbam
3340 2479 3472 2540 ela—

1891 2580 2128 2642 tionem
2161 2585 2222 2641 et
2246 2580 2661 2642 temeritatem
2688 2578 2945 2659 spiritus
2974 2578 3274 2659 pythonis
3298 2579 3470 2640 inse-

1892 2680 2005 2754 dit,
2039 2680 2149 2761 qui
2168 2681 2441 2761 primum
2473 2697 2509 2741 a
2536 2697 2680 2741 vera
2711 2679 2833 2741 ﬁde
2863 2696 3009 2741 eum
3044 2677 3308 2757 depulit,
3339 2683 3472 2739 tum

1891 2778 1971 2842 ad
2001 2781 2346 2844 doctrinam
2369 2797 2613 2853 eorum,
2637 2779 2746 2858 qui
2769 2778 3119 2840 Hieracitae
3141 2785 3467 2849 vocantur,

1891 2880 2172 2943 adduxit.
2219 2884 2421 2959 Atque
2462 2878 2531 2939 hi
2573 2877 2949 2940 Salvatorem
3000 2876 3339 2937 humanam
3378 2892 3477 2935 as-

1892 2982 2232 3062 sumpsisse
2279 2995 2556 3052 carnem,
2606 2983 3043 3055 nostrumque,
3096 2991 3223 3054 quo
3270 2972 3476 3033 vestiti

1894 3102 2130 3159 sumus,
2172 3101 2402 3163 corpus
2444 3078 2802 3143 resuscitari
2845 3076 3098 3155 negant.
3147 3075 3288 3136 Tria
3334 3089 3476 3135 esse

195 3175 611 3240 multitudine
668 3180 1101 3259 praestolatus,
1163 3199 1360 3260 quum
1442 3183 1788 3246 declinasse
1816 3187 1859 3243 C
1893 3186 2201 3267 principia
2245 3185 2435 3249 iidem
2474 3183 2713 3255 dicunt,
2772 3181 2993 3252 Deum,
3046 3176 3367 3255 materiam
3412 3178 3475 3235 et

194 3276 470 3351 videret,
494 3286 811 3360 assumpta
833 3280 1019 3360 plebe
1034 3281 1113 3344 ad
1134 3281 1467 3361 sepulchra
1489 3284 1785 3363 perrexit,

195 3382 260 3439 et
324 3383 651 3438 mortuum
714 3397 750 3440 e
803 3380 1196 3460 temporibus
1258 3380 1657 3443 Pharaonum
1709 3381 1789 3443 ad

193 3476 727 3555 respondendum
781 3479 900 3541 sibi
960 3480 1260 3554 evocavit,
1311 3498 1499 3559 quem
1561 3479 1789 3542 deinde

188 3593 357 3639 cum
410 3579 633 3641 ceteris
678 3580 745 3641 in
800 3598 953 3660 pace
1011 3580 1284 3643 dormire
1341 3580 1537 3642 iussit.
1591 3585 1789 3661 Atque

191 3679 508 3741 Nesteros
562 3680 734 3742 addit
766 3702 781 3742 :
820 3706 849 3739 «
883 3685 1050 3744 Haec
1097 3684 1285 3761 igitur
1318 3683 1452 3745 eius
1496 3683 1786 3759 [Macarii]

193 3780 405 3841 virtus
435 3787 497 3842 et
518 3782 734 3859 gratia,
769 3790 1070 3861 quantum
1111 3782 1179 3843 in
1207 3783 1347 3862 ipso
1373 3782 1509 3857 fuit,
1540 3799 1791 3863 semper

190 3880 475 3943 fortasse
514 3881 819 3956 latuisset,
864 3883 985 3943 nisi
1025 3900 1170 3944 eum
1210 3881 1547 3944 necessitas
1599 3882 1790 3943 totius

1886 3285 2144 3358 malum,
2194 3285 2425 3364 quibus
2484 3282 2752 3362 quisque
2798 3283 3219 3349 construatur,
3260 3291 3473 3352 neque

1886 3387 2088 3447 Deum
2116 3386 2391 3447 Verbum
2422 3383 2746 3445 hominem
2779 3397 2917 3443 esse
2954 3378 3185 3440 factum
3220 3375 3477 3456 perfec-

1886 3491 2147 3566 tumque
2168 3486 2492 3547 hominem
2511 3482 2950 3562 assumpsisse,
2974 3495 3185 3557 neque
3209 3475 3472 3539 omnino

1888 3588 2119 3650 servari
2171 3604 2422 3649 causam
2479 3582 2763 3647 omnium
2807 3598 3018 3645 rerum
3059 3579 3466 3642 etfectricem.

1886 3689 1977 3749 Ita
2004 3703 2154 3749 vero
2184 3687 2322 3766 ipse
2353 3701 2687 3766 perversus
2730 3683 2969 3745 animas
2999 3680 3247 3743 seduxit
3283 3678 3472 3757 quin-

1889 3794 2129 3866 gentas.
2180 3787 2361 3861 Quod
2407 3786 2618 3849 effecit
2660 3783 2854 3845 multa
2884 3781 3097 3844 multis
3126 3786 3186 3842 et
3215 3778 3479 3857 quidem

1886 3889 2071 3952 variis
2098 3905 2354 3968 prorsus
2386 3886 2590 3948 modis
2625 3881 2970 3963 loquendo,
2992 3880 3309 3943 interitum
3347 3878 3479 3940 sci-.

190 3983 573 4062 provinciae
603 3984 1033 4064 periclitantis,
1071 3990 1131 4046 et
1161 4001 1301 4062 erga
1326 3983 1629 4045 Christum
1661 3982 1794 4061 ple—
1887 3990 2057 4065 licet,
2087 3990 2362 4064 inventa,
2386 3988 2733 4066 mortisque
2755 3984 3145 4065 despectum.
3176 3982 3305 4042 Nec
3340 3995 3477 4042 non

191 4100 275 4144 ηδ
318 4083 585 4147 άθνοίίο
631 4102 932 4164 δηιοτείῧὲ
979 4084 1261 4146 δίηοθΐυε
1287 4083 1455 4145 ίδῐιιά
1496 4100 1790 4144 exercere
1891 4090 2222 4157 daemonia
2262 4089 2521 4151 eiecisse
2566 4086 2884 4148 ferebatur
2930 4081 3281 4145 secundum
3318 4079 3474 4141 illud

188 4183 583 4245 πηίΐᾶουῖοω
613 4186 1043 4265 compulisset
1078 4186 1252 4257 QUOd
1278 4184 1498 4263 utique
1523 4190 1593 4245 ut
1613 4184 1691 4244 ab
1714 4200 1789 4244 80
1888 4192 1957 4253 in
1993 4190 2329 4269 evangeliis
2368 4207 2380 4250 :
2413 4188 2598 4267 Signa
2618 4185 2849 4249 facient
2872 4189 2932 4245 et
2960 4182 3268 4263 prodigia,
3292 4186 3380 4251 ut,
3421 4180 3475 4241 si

189 4284 412 4359 ﬁeret,
440 4303 568 4347 non
586 4286 915 4348 ostentatio
933 4286 1188 4364 gloriae.
1221 4285 1332 4346 sed
1360 4284 1580 4347 caritas
1625 4283 1796 4345 Chri-
1893 4288 2023 4353 fieri
2059 4290 2279 4370 possit,
2314 4288 2500 4351 etiam
2540 4286 2725 4350 electi
2762 4284 3164 4347 seducantur.
3213 4278 3474 4341 Multum

187 4386 273 4447 sti
304 4392 379 4447 et
401 4387 593 4448 totius
624 4386 827 4466 plebis
855 4387 1110 4449 extorsit
1134 4386 1392 4460 utilitas;
1428 4391 1497 4447 ut
1537 4386 1790 4447 beatum
1894 4392 2060 4454 enim
2100 4391 2420 4471 principes
2449 4389 2825 4450 daemonum
2860 4385 2927 4445 in
2950 4383 3072 4445 hoc
3096 4396 3327 4460 genere
3363 4396 3473 4440 va-

188 4504 470 4566 quoque
508 4487 748 4549 Heliam
779 4487 1000 4551 fecisse
1016 4492 1248 4567 Regum
1285 4487 1474 4549 lectio
1522 4486 1788 4549 manife-
1828 4544 1868 4567 ῃ
1893 4484 2024 4552 lent
2047 4490 2126 4551 ad
2144 4489 2249 4551 illa
2270 4489 2565 4551 nimirum
2584 4487 2720 4567 ipsa
2743 4481 3088 4553 abolenda;
3117 4497 3259 4541 nam
3277 4477 3477 4538 liben-

187 4594 344 4661 stat,
380 4587 493 4667 qui
512 4587 725 4666 ignem
753 4590 830 4650 de
861 4589 1035 4650 caelo
1067 4606 1256 4668 super
1272 4588 1505 4650 hostias
1527 4588 1791 4668 imposi-

186 4695 289 4750 tas
330 4707 500 4769 pure
530 4690 768 4751 idcirco
803 4690 1188 4752 descendere
1217 4690 1574 4770 postulavit,
1596 4697 1665 4751 ut
1686 4707 1795 4769 pe-

187 4790 589 4854 riclitantem
610 4791 1313 4871 PseudOprOphetarum
1336 4790 1688 4871 praestigiis
1716 4791 1792 4851 ﬁ-

187 4891 351 4953 dem
374 4892 569 4953 totius
590 4892 812 4973 pepuli
828 4893 1143 4954 liberaret.
1163 4916 1190 4949 »
1214 4894 1307 4953 En
1330 4893 1476 4954 satis
1504 4910 1793 4970 magnam

187 4990 674 5055 differentiam!
718 4994 904 5055 Libro
956 4993 1124 5054 enim
1146 4995 1427 5055 secundo
1472 5000 1566 5055 est
1588 4993 1794 5054 fratris

185 5091 533 5156 cuiusdam
582 5110 813 5173 corpus
848 5093 1193 5167 humatum,
1246 5093 1418 5174 quod
1475 5101 1790 5166 evocatur,

185 5194 376 5274 apud
438 5194 800 5256 Cassianum
848 5195 1103 5273 antiqua
1146 5194 1381 5256 mumia
1436 5210 1469 5254 e
1504 5200 1793 5273 tempore

186 5296 633 5357 Pharaonum.
665 5297 794 5368 Qua
824 5296 987 5357 idem
1023 5296 1354 5358 occasione
1386 5296 1526 5357 data
1551 5299 1798 5374 Aegyp-

187 5398 440 5459 tiorum
462 5414 729 5472 morem,
756 5395 990 5459 ob'Nili
1018 5396 1492 5458 inundationem
1525 5413 1790 5475 corpora

187 5497 652 5561 defunctorum
696 5498 1033 5576 pigmentis
1072 5497 1501 5559 redolentibus
1542 5497 1792 5558 condita

188 5594 583 5658 editioribus
600 5594 843 5657 cellulis
863 5596 1270 5668 recondendi,
1284 5596 1542 5657 uberius
1564 5595 1794 5656 descri-

186 5694 312 5757 bit.
356 5697 511 5757 Nam
550 5713 687 5757 mos
710 5713 977 5777 corpora
1014 5695 1315 5757 humandi
1344 5696 1512 5775 apud
1540 5701 1789 5777 Acgyp-

1894 4598 1989 4653 ter
2012 4589 2414 4653 consentiunt
2445 4588 2512 4649 in
2550 4586 2871 4669 interitum
2908 4582 3279 4645 animatum.
3326 4577 3477 4639 Loci

1894 4692 2083 4769 igitur
2113 4691 2451 4771 epiSCOpus
2480 4706 2622 4751 cum
2645 4687 2814 4749 clero
2837 4702 2951 4747 suo
2982 4684 3180 4744 virum
3209 4678 3319 4740 Dei
3355 4680 3477 4739 Ma-

1896 4792 2134 4855 carium
2168 4792 2456 4853 abbatem
2477 4789 2650 4862 adiit,
2677 4805 2804 4867 quo
2843 4801 3085 4848 summa
3121 4800 3265 4845 cum
3308 4797 3478 4841 reve-

1896 4893 2097 4956 rentia
2129 4891 2391 4955 salutato
2426 4908 2440 4951 :
2481 4889 2544 4949 Si
2573 4888 2687 4962 vis,
2716 4887 2942 4966 inquit,
2984 4883 3126 4946 veni
3165 4879 3477 4957 nobisque

1901 5010 2221 5056 succurre.
2271 4992 2428 5053 Nam
2452 4990 2505 5051 si
2524 4995 2585 5050 te
2604 4987 2937 5068 superstite
2957 4983 3334 5045 vicinitatem
3367 4996 3481 5041 no-

1900 5103 2090 5156 stram
2112 5111 2241 5157 non
2270 5109 2633 5173 purgamus,
2666 5105 2886 5151 omnes
2913 5086 3001 5147 illi
3023 5082 3475 5151 adhaerebunt,

1902 5203 1963 5258 et
1993 5194 2283 5257 facillime
2305 5195 2431 5267 fiet,
2455 5199 2524 5254 ut
2551 5191 2764 5271 plures
2794 5188 3002 5262 etiam,
3029 5203 3217 5266 quam
3240 5184 3476 5245 hucus-

1902 5316 2048 5377 que,
2092 5295 2288 5359 errori
2329 5294 2593 5357 subiecti
2636 5292 3034 5353 seducantur.
3077 5287 3185 5349 Cui
3226 5287 3333 5348 ille
3371 5304 3476 5347 re-

1900 5396 2174 5476 spondet
2201 5397 2389 5458 :Ecce
2419 5411 2536 5467 ego
2567 5391 2850 5473 plebeius
2887 5388 3079 5451 homo
3107 5387 3259 5467 quid
3290 5387 3347 5448 ei
3382 5387 3477 5447 fa-

1899 5494 2098 5560 ciam?
2118 5496 2466 5577 Episcopus
2492 5500 2699 5556 autem
2716 5489 2982 5572 perstitit
2998 5488 3480 5550 venerabundus

1900 5606 1961 5658 et
1995 5615 2007 5657 :
2043 5598 2156 5671 Ita,
2188 5595 2415 5675 inquit,
2449 5594 2723 5667 confido,
2760 5592 2813 5654 si
2855 5597 2925 5652 tu
2972 5589 3241 5663 veneris,
3280 5589 3474 5649 Deum

1900 5698 2369 5777 paciﬁcaturum
2407 5693 2751 5759 Ecclesiam
2789 5702 3003 5765 suam;
3064 5707 3252 5767 saepe
3310 5686 3477 5748 enim

267 5856 363 5926 (ι)
399 5854 497 5911 νη.
533 5856 591 5911 S.
621 5857 822 5913 Anton.
857 5875 976 5929 cap.
1009 5860 1098 5924 90,
1132 5859 1188 5916 S.
1221 5860 1418 5913 Athan.
1471 5856 1605 5929 Opp.
1664 5862 1700 5913 ι.
1746 5864 1781 5914 l.
1826 5875 1875 5930 p.
1903 5859 2022 5913 (380.
