4040 6586
572 358 639 417 5|

1447 363 1550 422 SS.
1592 365 2057 427 MACARIORUM
2093 372 2414 433 AEGYPTII
2455 377 2545 434 ET
2570 351 3041 433 ALEXANDRINI

3774 378 3839 433 5‘2

573 492 638 535 in
667 474 705 534 li
749 490 1230 555 praposueram,
1254 493 1332 539 ao
1352 481 1414 538 te
1444 478 1781 557 proficisci,
1808 482 1918 544 sed
1948 485 2161 564 prohi—
2189 509 2235 563 Α
2263 490 2587 553 bilitatem.
2621 492 2767 553 Post
2800 489 2953 552 haec
3001 488 3305 551 Macarius
3337 488 3656 554 haeretico
3690 509 3705 552 :
3733 493 3833 555 Vi-

577 574 713 637 liuit
752 575 977 651 clerus,
1013 593 1094 639 ne
1142 577 1476 639 mundanis
1515 578 1878 645 hominibus
1926 584 2161 649 derisui

580 676 818 737 fierem.
853 679 983 738 Iam
1028 695 1176 740 vero
1216 695 1346 740 non
1388 680 1659 760 amplius
1686 682 1898 747 ferens
1942 686 2163 766 pepuli

579 777 1053 855 corruptionem
1098 785 1160 839 et
1199 779 1384 840 etiam
1423 781 1555 854 Dei,
1586 782 1695 861 qui
1743 784 1827 846 ait
1859 802 1871 846 :
1906 786 2164 865 Sangui-

581 893 723 937 nem
750 878 945 955 ipsius
973 896 1270 959 quaeram
1298 897 1331 941 e
1356 898 1545 943 manu
1566 890 1792 959 vestra,
1817 890 2163 952 accusatio-

584 992 727 1035 nem
773 976 999 1037 timens
1039 984 1099 1039 te
1147 978 1295 1052 adii,
1327 980 1554 1042 missus
1590 1000 1625 1043 a
1674 984 1826 1046 Deo.
1870 986 2028 1048 Tum
2058 988 2164 1051 ille

581 1077 871 1148 surrexit,
905 1093 1179 1156 eumque
1207 1078 1282 1139 ad
1315 1080 1712 1145 seductorem
1750 1094 2002 1149 secutus
2045 1098 2160 1152 est.

582 1178 774 1248 Quem
810 1177 909 1237 ubi
945 1178 1115 1252 vidit,
1151 1181 1453 1261 episcopo
1496 1201 1509 1243 :
1560 1185 1697 1260 Hic,
1727 1187 1953 1266 inquit,
1985 1191 2166 1269 spiri-

581 1284 713 1337 tum
744 1278 1095 1359 principem
1132 1280 1343 1357 habet,
1395 1300 1668 1366 eumque
1718 1288 2010 1352 eiiciendi
2060 1295 2162 1366 51,

580 1395 790 1438 meum
817 1397 979 1459 opus
1008 1399 1139 1443 non
1182 1400 1320 1445 esse
1362 1386 1553 1460 scito;
1597 1406 1741 1449 nam
1794 1397 2012 1453 contra
2048 1391 2167 1454 hos

581 1479 836 1557 spiritus
882 1482 1165 1544 nondum
1208 1486 1468 1547 omnino
1511 1490 1761 1550 certavi.
1813 1491 1947 1553 Duo
1997 1493 2167 1554 enim

580 1580 830 1657 agmina
868 1583 1249 1646 daemonum
1299 1604 1438 1649 esse
1488 1590 1686 1651 sancti
1729 1590 1926 1668 aiunt,
1968 1611 2167 1655 unum

582 1696 828 1757 eorum,
866 1684 976 1762 qui
1006 1684 1300 1749 libidines
1330 1690 1583 1768 corpori
1612 1690 1976 1768 infundunt,
2008 1695 2165 1756 alte-

583 1806 721 1850 rum
764 1807 1005 1865 eorum,
1037 1793 1147 1872 qui
1191 1794 1546 1874 Spirituales
1581 1797 1853 1859 afferunt
1896 1815 2163 1860 errores.

581 1889 758 1959 Quod
804 1890 1058 1968 quidem
1090 1891 1355 1954 alterum
1396 1912 1595 1973 genus
1642 1897 1893 1960 difﬁcile
1938 1906 2033 1961 est
2088 1900 2164 1961 ad

580 1989 1025 2067 subigendum.
1050 1993 1172 2053 Eos
1202 1992 1367 2054 enim
1392 2001 1637 2057 satanas
1668 1996 1943 2059 immittit
1971 1999 2167 2076 magis

583 2096 645 2149 et
695 2090 1131 2152 seductoribus
1168 2098 1230 2154 et
1276 2092 1731 2157 haeresiarchis
1771 2104 1831 2159 et
1874 2098 2168 2161 veneficis

582 2198 645 2251 et
679 2190 732 2251 si
770 2191 876 2270 qui
917 2192 1022 2253 alii
1062 2192 1125 2253 id
1176 2195 1425 2271 generis
1468 2202 1633 2257 sunt.
1677 2201 1752 2257 At
1783 2198 2163 2279 episcopus:

581 2290 741 2363 Quid
778 2308 951 2369 ergo,
984 2292 1211 2372 inquit,
1255 2294 1605 2357 faciemus?
1644 2299 2015 2378 Respondet
2065 2316 2166 2360 se—

582 2409 707 2452 nex
743 2410 756 2452 :
787 2393 1083 2455 Precibus
1112 2411 1274 2473 opus
1303 2402 1426 2469 est;
1452 2413 1596 2457 nam
1628 2414 1837 2459 sermo
1865 2415 1994 2459 non
2017 2415 2165 2478 pro-

584 2494 732 2555 ficit.
765 2494 993 2555 Iubent
1028 2494 1216 2573 igitur
1244 2495 1593 2575 procedere
1624 2497 2048 2576 seductorem,
2079 2498 2169 2560 is-

583 2610 709 2673 que
729 2594 806 2656 ad
842 2612 951 2656 eos
989 2612 1276 2673 egressus
1305 2602 1421 2659 est.
1448 2598 1645 2670 Quem
1681 2597 1889 2659 statim
1919 2599 2168 2679 episco—

583 2717 703 2779 pus
731 2699 944 2777 lingua
969 2701 1264 2762 adortus:
1298 2703 1440 2776 Cur,
1463 2701 1693 2783 inquit,
1719 2708 1898 2764 tanto
1927 2709 2173 2784 tempo-

582 2800 667 2861 ris
726 2802 929 2880 spatio
967 2800 1298 2862 nobiscum
1332 2818 1462 2863 non
1495 2802 2021 2865 communicasti?
2062 2803 2172 2864 Cui

580 2900 734 2963 ille:
776 2902 950 2976 Quia,
1000 2902 1229 2982 inquit,
1285 2919 1417 2964 non
1466 2910 1632 2965 recte
1698 2904 1963 2965 sentitis.
2013 2906 2171 2965 Tum

582 3006 834 3063 sanctus
873 3001 1179 3063 Macarius
1223 3019 1236 3062 :
1283 3003 1460 3064 Tune
1496 3002 1706 3081 igitur,
1747 3004 1975 3084 inquit,
2001 3011 2171 3067 recte

582 3102 777 3163 sentis
796 3099 825 3161 ‘l
842 3103 1003 3162 Sane
1024 3100 1303 3180 quidem,
1317 3102 1424 3164 ille
1448 3104 1811 3182 respondet.
1827 3106 2128 3168 Macarius
2154 3124 2166 3168 :

586 3203 747 3275 Quid
803 3220 953 3264 vero
1007 3209 1124 3279 est,
1184 3201 1358 3282 quod
1412 3211 1481 3265 tu
1530 3204 1765 3266 sentis?
1811 3206 1922 3268 Ille
1960 3225 1972 3267 :
2010 3209 2172 3270 Num

584 3311 755 3366 recte
784 3302 1080 3377 creditur,
1109 3321 1364 3366 carnem
1406 3310 1468 3366 et
1502 3323 1643 3368 ossa
1666 3307 1997 3370 suscitari?
2025 3309 2175 3370 San-

584 3414 720 3468 ctus
761 3407 1103 3486 respondet
1144 3424 1157 3466 :
1190 3406 1255 3466 Si
1288 3423 1367 3468 ex
1408 3408 1591 3470 nobis
1626 3408 1965 3488 loquimur,
2008 3411 2173 3474 bene

584 3505 885 3587 loqueris.
923 3508 1030 3570 Sin
1074 3508 1299 3570 veritas
1337 3508 1403 3570 id
1440 3508 1658 3584 voluit,
1691 3511 1842 3590 quid
1872 3510 2175 3590 obloque-

586 3608 713 3672 ris?
768 3610 893 3671 Sed
931 3628 1012 3673 ne
1061 3610 1257 3673 multa
1302 3612 1492 3673 verba
1556 3611 1918 3691 perdamus,
1969 3612 2174 3676 dicam

582 3710 719 3784 tibi,
768 3710 922 3789 quid
980 3711 1361 3785 sentiamus;
1420 3711 1650 3791 quibus
1688 3712 1741 3773 si
1785 3713 2170 3789 assentieris,

566 3815 747 3878 bene
787 3816 1016 3893 facies;
1052 3818 1149 3879 sin
1192 3818 1427 3891 minus,
1457 3818 1586 3880 Deo
1618 3835 1957 3897 repugnas,
1993 3820 2174 3882 cuius

582 3917 876 3997 dogmata
922 3920 1191 4000 spernis.
1235 3924 1310 3981 At
1352 3919 1461 3982 ille
1494 3936 1508 3981 :
1546 3921 1703 3999 Ego,
1732 3920 1963 4000 inquit,
1994 3922 2173 4002 prior

582 4019 772 4081 ﬁdem
802 4037 1005 4082 meam
1032 4038 1369 4101 exponam.
1398 4023 1555 4083 Tum
1586 4022 1925 4085 Macarius:
1951 4025 2167 4100 Prava,

583 4123 690 4197 ait,
728 4123 884 4185 fides
904 4142 983 4185 ne
1014 4124 1397 4201 nominetur,
1430 4125 1543 4187 sed
1580 4125 1863 4188 dicamus
1910 4124 2173 4188 catholi-

583 4242 720 4285 cam
737 4224 1051 4289 Ecclesiae
1074 4225 1374 4287 fidem.Et
1394 4224 1599 4289 statim
1622 4226 1827 4288 innuit
1839 4227 2166 4308 episcopo,

580 4331 651 4390 ut
688 4343 827 4387 eam
863 4326 1249 4405 profiteatur.
1294 4327 1412 4402 Qui
1452 4327 1894 4391 circumstante
1927 4328 2169 4410 pepulo

581 4427 803 4507 incipit
842 4427 1029 4488 fidem
1078 4427 1163 4490 ita
1209 4444 1532 4509 exponere
1566 4446 1579 4489 :
1609 4429 1808 4492 Credo
1855 4429 1923 4491 in
1967 4446 2168 4493 unum

580 4528 802 4603 Deum,
843 4529 1089 4589 Patrem
1127 4530 1652 4610 omnipotentem,
1678 4536 1738 4593 et
1773 4530 1840 4595 in
1874 4547 2169 4593 coessen-

580 4628 727 4691 tiale
790 4629 924 4690 eius
978 4630 1280 4705 Verbum,
1356 4649 1471 4711 per
1544 4631 1718 4711 quod
1783 4648 1934 4693 aeva
1996 4630 2166 4709 fecit,

580 4730 752 4809 quod
792 4730 856 4791 in
902 4731 1447 4793 consummatione
1480 4736 1839 4811 temporum
1867 4730 1934 4792 in
1963 4730 2168 4793 aboli-

578 4837 817 4897 tionem
870 4836 1111 4915 peecati
1159 4836 1450 4916 apparuit
1502 4835 1569 4897 in
1620 4854 1832 4911 carne,
1880 4854 2070 4916 quam
2134 4854 2169 4899 e

578 4944 791 4998 sancta
823 4937 1014 4999 Maria
1034 4936 1273 5015 virgine
1307 4944 1694 5017 susceperat,
1721 4937 1893 5017 quod
1917 4937 2165 5000 crucifi-

577 5056 749 5112 xum,
781 5046 1099 5099 mortuum
1128 5045 1189 5101 et
1221 5039 1539 5119 sepultum
1586 5047 1704 5113 est,
1730 5045 1792 5100 et
1832 5039 2170 5101 resurrexit

576 5142 757 5203 tertia
779 5142 904 5217 die,
925 5141 1229 5222 sedetque
1241 5142 1317 5204 ad
1337 5142 1618 5204 dextram
1639 5142 1857 5217 Patris,
1871 5159 1943 5204 ac
1957 5141 2167 5203 denuo

576 5250 909 5304 venturum
932 5250 1025 5305 est
1046 5242 1114 5304 in
1134 5249 1423 5323 tempore
1442 5242 1972 5317 futuro,iudicare
1993 5242 2167 5305 vivos

579 5348 642 5402 et
688 5347 1003 5416 mortuos;
1061 5347 1124 5404 et
1172 5341 1238 5403 in
1283 5341 1585 5422 Spiritum
1631 5348 1941 5415 sanctum,
1999 5340 2168 5402 Patri

578 5442 842 5522 eiusque
862 5444 1067 5506 Verbo
1097 5441 1615 5517 coessentialem;
1646 5441 1836 5504 credo
1866 5441 1934 5503 in
1964 5458 2169 5503 resur-

578 5543 928 5605 rectionem
976 5560 1236 5624 quoque
1272 5543 1518 5605 animae
1563 5548 1625 5604 et
1663 5543 1971 5623 corporis,
2008 5542 2169 5606 sicut

581 5642 921 5723 Apostolus
976 5643 1101 5705 ait:
1163 5643 1520 5706 Seminatur
1569 5660 1802 5723 corpus
1853 5643 2162 5719 naturale,

581 5744 916 5808 suscitatur
944 5762 1177 5825 corpus
1208 5744 1553 5825 spirituale,
1585 5751 1647 5806 et
1676 5764 1892 5807 rursus
1925 5763 1937 5805 :
1972 5746 2168 5825 Opor-

580 5851 669 5912 tet
696 5845 866 5911 enim
896 5844 1305 5934 corruptibile
1345 5844 1466 5910 hoc
1496 5844 1760 5909 induere
1790 5846 2167 5928 incorrupti-

2264 591 2398 664 des,
2442 591 2671 670 inquit,
2714 589 2865 670 quid
2907 589 3092 651 dicat.
3135 590 3195 649 Is
3257 605 3406 651 vero
3452 591 3833 670 respondet:

2263 690 2414 752 Mihi
2460 691 2716 771 quidem
2752 708 2787 752 e
2822 690 3028 751 verbis
3066 688 3197 752 noli
3231 690 3420 752 fidem
3450 694 3555 764 52
3593 692 3837 763 afferre,

2264 784 2375 846 sed
2421 800 2638 846 eamus
2673 783 2751 844 ad
2791 782 3159 863 sepulchra;
3209 782 3262 844 si
3302 801 3500 845 unum
3533 802 3611 846 ex
3637 785 3725 847 ibi
3754 786 3841 847 ia-

2265 885 2551 947 centibus
2582 883 2996 957 suscitaveris,
3026 884 3217 947 sciam
3244 900 3355 946 vos
3384 884 3549 946 bene
3584 886 3842 957 sentire;

2266 986 2405 1066 ipse
2455 1002 2573 1065 ego
2604 985 2877 1046 animam
2915 984 3051 1046 sine
3090 1000 3360 1063 corpore
3389 984 3671 1047 afferam.
3702 986 3848 1047 San-

2267 1092 2402 1148 ctus
2436 1100 2585 1147 vero
2623 1085 2926 1147 Macarius
2951 1084 3033 1147 ad
3060 1080 3449 1164 episcopum
3471 1102 3843 1147 conversus:

2266 1186 2551 1267 Multum,
2572 1186 2801 1266 inquit,
2826 1186 3003 1249 nefas
3023 1204 3195 1261 sane,
3220 1187 3419 1248 Deum
3440 1192 3705 1262 tentare,
3732 1203 3843 1248 ne-

2268 1295 2392 1358 que
2422 1279 2817 1358 dignaturum
2851 1295 2989 1340 esse
3020 1297 3165 1341 eum
3195 1286 3457 1359 prOpter
3475 1298 3674 1341 unum
3710 1281 3849 1342 dae-

2267 1380 2624 1442 moniacum
2680 1386 2923 1442 tantum
2994 1380 3203 1443 facere
3264 1380 3514 1457 signum
3571 1382 3844 1445 confido.

2268 1483 2635 1562 Respondet
2668 1484 3007 1564 episcopus
3040 1502 3053 1544 :
3088 1483 3367 1559 Minime,
3393 1491 3592 1563 pater,
3615 1501 3846 1546 verun-

2269 1588 2479 1643 tamen
2510 1590 2771 1663 prOpter
2799 1591 2995 1647 totam
3024 1584 3430 1647 vicinitatem.
3469 1587 3645 1647 Tunc
3672 1586 3847 1647 abie-

2270 1689 2415 1743 runt
2449 1682 2527 1744 ad
2560 1683 2915 1763 sepulchra.
2958 1685 3186 1765 Incipit
3216 1685 3529 1747 Hieracita
3558 1685 3850 1747 invocare

2271 1782 2669 1858 daemonem,
2716 1784 2826 1846 sed
2872 1785 3130 1846 minime
3178 1786 3382 1865 potuit
3408 1786 3679 1847 animam
3715 1801 3855 1847 evo-

2201 1877 2240 1933 Β
2271 1902 2412 1947 care
2457 1892 2715 1947 tenuem
2764 1904 2836 1955 ac
2893 1885 3147 1947 nudam.
3212 1888 3415 1959 Quum
3462 1886 3654 1965 igitur
3697 1884 3854 1947 nihil

2270 1986 2580 2049 effecisset
2602 2024 2660 2032 —
2704 1988 2828 2069 ipsi
2866 1989 3032 2050 enim
3054 2004 3270 2050 revera
3299 1988 3693 2067 repugnabat
3722 1987 3856 2068 Spi-

2269 2089 2424 2150 ritus
2470 2096 2720 2152 sanctus
2752 2126 2824 2134 —
2854 2090 2932 2152 iis
2965 2108 2978 2151 :
3011 2092 3277 2172 PrOpter
3324 2089 3854 2163 incredulitatem,

2268 2190 2497 2270 inquit,
2532 2197 2797 2253 vestram
2818 2208 2948 2253 non
2974 2207 3235 2271 possum
3268 2191 3539 2253 animam
3568 2207 3852 2252 evocare.

2270 2293 2489 2353 Statim
2517 2292 2818 2355 Macarius
2845 2293 3206 2371 indignatus
3228 2310 3432 2372 genua
3454 2293 3667 2364 ﬂectit,
3696 2291 3856 2353 nihil

2270 2410 2420 2455 vero
2449 2394 2757 2475 promisit,
2784 2401 2844 2456 et
2877 2414 3074 2475 quum
3114 2413 3305 2457 unam
3348 2395 3567 2457 horam
3606 2395 3672 2456 in
3712 2411 3858 2455 ora-

2270 2496 2443 2558 tione
2492 2504 2984 2577 perseverasset,
3042 2497 3111 2559 in
3174 2503 3519 2578 conspectu
3573 2498 3860 2560 omnium

2272 2597 2563 2672 surrexit,
2614 2604 2675 2660 et
2729 2597 3071 2678 sepulchro
3127 2600 3336 2680 palma
3373 2600 3622 2680 pulsato
3646 2637 3723 2645 —
3752 2602 3864 2664 ba-

2272 2698 2398 2761 culi
2457 2699 2647 2774 enim,
2716 2700 2946 2780 quibus
2999 2701 3297 2764 monachi
3360 2702 3528 2764 illius
3582 2704 3863 2782 regionis

2271 2808 2557 2877 utuntur,
2605 2803 2761 2865 rami
2818 2802 3170 2883 palmarum
3226 2812 3373 2866 sunt
3422 2838 3497 2849 ——
3534 2803 3863 2866 hominem

2272 2904 2529 2965 suscitat
2564 2921 2696 2965 non
2740 2903 2807 2964 in
2840 2910 3005 2966 terra
3054 2903 3399 2979 defossum,
3432 2922 3639 2985 nuper
3686 2922 3860 2967 mor-

2272 3004 2600 3077 tuum,sed
2632 3022 2710 3066 ex
2736 3004 3009 3085 antiquis
3040 3004 3338 3085 aliquem.
3363 3008 3520 3067 Tum
3546 3006 3865 3069 Hieracita

2273 3112 2496 3169 vocato
2528 3124 2540 3166 :
2567 3108 2826 3179 Quaere,
2865 3106 3093 3187 inquit,
3128 3124 3206 3169 ex
3235 3106 3381 3182 hoc,
3416 3126 3567 3169 num
3592 3108 3867 3171 suscite-

2201 3220 2246 3283 ο
2277 3210 2378 3267 tur
2398 3222 2650 3285 corpus.
2677 3206 2791 3279 Qui
2820 3211 2991 3268 tanto
3024 3206 3205 3285 signo
3237 3208 3648 3281 exanimatus,
3680 3215 3864 3287 post-

2277 3324 2465 3386 quam
2489 3306 2759 3369 daemon
2788 3307 2867 3369 ab
2898 3323 2974 3368 eo
2996 3306 3303 3382 discessit,
3327 3307 3405 3369 ad
3439 3308 3637 3387 pedes
3664 3307 3869 3369 sancti

2275 3408 2645 3489 provolutus
2666 3414 2759 3470 est
2779 3425 2923 3471 cum
2943 3414 3171 3471 cuncto
3199 3407 3464 3488 populo.
3485 3410 3691 3482 Quum
3712 3426 3866 3471 vero

2276 3526 2420 3571 eum
2451 3510 2739 3572 occidere
2773 3517 3175 3590 quaererent,
3210 3511 3514 3573 Macarius
3558 3528 3669 3573 eos
3718 3529 3871 3591 pro-

2275 3609 2499 3686 hibuit,
2530 3619 2721 3692 atque
2752 3612 2818 3673 in
2849 3629 3133 3674 eremum
3171 3630 3313 3675 eum
3346 3612 3628 3674 abduxit.
3657 3613 3871 3673 Susci-

2273 3716 2436 3773 tatus
2468 3718 2700 3787 autem,
2721 3713 3163 3791 interrogatus,
3188 3730 3342 3774 num
3373 3712 3683 3775 Christum
3715 3729 3881 3793 pro:

2274 3812 2578 3889 ﬁteretur,
2596 3814 2826 3877 dixisse
2843 3814 3060 3889 fertur,
3078 3830 3146 3876 se
3168 3832 3249 3876 ne
3269 3813 3578 3877 audivisse
3602 3815 3879 3895 quidem

2275 3912 2354 3975 de
2373 3930 2449 3976 eo
2466 3914 2533 3975 in
2549 3915 2669 3976 vita
2686 3933 2818 3977 sua.
2844 3914 3189 3978 Pharaonis
3206 3915 3375 3977 enim
3393 3914 3555 3993 regis
3572 3922 3696 3977 tem
3703 3932 3873 3995 pore

2273 4032 2342 4077 se
2365 4014 2596 4078 obiisse
2615 4016 2790 4091 dixit,
2815 4016 3089 4098 ideoque
3111 4022 3257 4079 ante
3278 4016 3619 4079 adventum
3636 4016 3879 4079 Christi

2271 4116 2447 4178 vixit.
2469 4118 2665 4191 Quem
2687 4136 2884 4199 quum
2910 4119 3287 4200 baptizasset
3304 4118 3629 4192 Macarius,
3644 4135 3883 4180 secum

2272 4218 2492 4281 habuit
2535 4226 2663 4282 tres
2709 4237 2934 4295 annos,
2968 4220 3199 4300 quibus
3237 4219 3466 4300 elapsis
3502 4237 3713 4282 veram
3757 4219 3883 4283 ille

2272 4320 2719 4383 dormitionem
2748 4322 3061 4396 dormivit,
3094 4322 3202 4397 ita,
3236 4328 3306 4384 ut
3344 4323 3403 4383 ei
3440 4330 3692 4403 aptetur
3716 4340 3873 4384 ver-

2269 4422 2423 4485 bum
2450 4423 2737 4486 Domini:
2772 4424 2990 4502 Neque
3032 4423 3135 4486 hic
3166 4425 3470 4505 peccavit,
3498 4442 3707 4503 neque
3743 4442 3877 4504 pa-

2199 4570 2243 4622 D
2272 4528 2483 4585 rentes
2520 4523 2676 4599 eius,
2713 4523 2831 4586 sed
2852 4528 2923 4584 ut
2942 4522 3255 4586 reveletur
3283 4523 3479 4603 gloria
3502 4524 3633 4585 Dei.
3666 4526 3882 4585 Inter-

2272 4624 2513 4703 rogavit
2553 4632 2763 4686 autem
2801 4625 3142 4708 episcopus
3183 4632 3468 4688 sanctum
3496 4626 3876 4699 Macarium,

2270 4740 2350 4785 an
2381 4740 2509 4785 non
2528 4722 2726 4803 gloria
2754 4724 2821 4785 in
2842 4741 2954 4786 cor
2975 4724 3111 4786 eius
3146 4723 3522 4796 ascenderit,
3556 4728 3682 4783 tam
3704 4720 3883 4783 mul-

2270 4828 2349 4887 tis
2391 4832 2536 4888 ante
2586 4844 2731 4888 eum
2771 4825 3337 4907 procumbentibus
3380 4823 3461 4887 ob
3501 4830 3749 4885 tantum
3790 4824 3884 4885 si-

2271 4946 2487 5007 gnum.
2523 4929 2633 4989 Cui
2662 4928 3004 5009 respondet
3039 4947 3051 4989 :
3086 4928 3270 4989 Cuius
3303 4945 3413 4991 cor
3442 4927 3641 4988 otium
3672 4925 3883 4988 habet

2270 5029 2533 5107 gloriam
2560 5027 2889 5091 hominum
2918 5028 3325 5109 respiciendi,
3365 5029 3419 5090 is
3456 5028 3655 5089 Deum
3701 5045 3883 5090 non-

2270 5130 2419 5191 dum
2448 5128 2762 5206 cognovit.
2794 5131 2855 5189 Is
2888 5128 3079 5201 enim,
3112 5126 3422 5208 quidquid
3454 5125 3621 5199 facit,
3657 5123 3883 5187 homi-

2269 5231 2455 5292 nibus
2483 5229 2650 5291 facit.
2682 5229 2797 5302 Qui
2824 5247 2969 5291 vero
2989 5229 3216 5308 dignus
3240 5235 3333 5291 est
3363 5227 3612 5289 habitus
3648 5226 3885 5290 afﬂatu

2268 5335 2402 5409 Dei,
2437 5335 2491 5397 is
2529 5334 2599 5397 in
2639 5334 2836 5397 multo
2876 5334 3217 5398 certamine
3248 5339 3551 5407 versatur,
3571 5332 3763 5410 quasi
3802 5332 3881 5393 in

2268 5436 2575 5500 novacula
2637 5443 2850 5511 staret,
2904 5438 3157 5510 timens,
3217 5454 3299 5498 ne
3354 5434 3625 5498 decidat.
3693 5434 3881 5495 Talis

2266 5561 2467 5607 unum
2513 5542 2717 5605 solum
2775 5541 2965 5603 habet
3015 5542 3421 5616 desiderium,
3485 5538 3883 5617 egrediendi

2269 5650 2374 5723 53
2404 5644 2641 5706 scilicet
2673 5660 2709 5705 e
2751 5660 3042 5723 corpore.
3077 5643 3251 5716 Quod
3282 5659 3430 5703 vero
3470 5641 3546 5703 ad
3590 5640 3877 5718 gloriam

2269 5745 2509 5819 attinet,
2538 5744 2693 5806 haec
2723 5743 2781 5804 ci
2816 5760 2896 5803 ne
2942 5742 3006 5802 in
3053 5751 3327 5805 mentem
3371 5742 3629 5821 quidem
3661 5740 3873 5801 venit.

2268 5848 2444 5912 llanc
2471 5854 2681 5911 autem
2709 5845 2767 5909 ei
2807 5844 3155 5908 doctrinam
3186 5845 3396 5910 dedit:
3428 5843 3649 5906 Adduc
3670 5839 3874 5909 mihi.
