4040 6526
192 373 263 431 55
1728 368 1961 423 VITAE.
3406 366 3477 427 5‘

184 483 419 565 inquit,
458 483 734 564 aliquem
773 486 839 547 in
888 489 1043 550 mari
1082 489 1508 554 ambulantem
1539 498 1599 554 et
1635 458 1778 553 coe-
1810 496 1850 549 A
1878 506 1999 569 pus
2038 489 2324 568 exponit,
2375 486 2498 550 ﬁde
2544 503 2623 549 ne
2668 505 2867 550 unum
2920 488 3179 567 quidem
3218 487 3471 570 legitur,

187 584 319 646 lum
351 602 563 647 versus
594 585 812 649 oculos
848 587 914 649 in
959 589 1183 673 solem,
1214 592 1394 654 cuius
1430 592 1619 654 radiis
1652 610 1785 653 sus-

188 694 490 762 tentetur,
552 687 964 767 defigentem;
990 692 1088 753 cui
1127 693 1268 772 quis
1298 692 1642 774 praecipiat
1676 710 1689 753 :
1721 693 1784 755 Si

184 786 424 857 locum,
458 789 525 849 in
546 806 674 869 quo
704 790 1009 867 ambulas,
1038 792 1333 872 adspicis,
1357 795 1423 855 in
1446 812 1617 856 mare
1640 793 1784 857 sub-

185 888 520 964 nlergeris,
540 891 693 969 quid
717 892 773 952 ei
800 892 1064 966 accidet,
1082 894 1133 955 si
1159 894 1535 957 inobediens
1556 894 1783 958 fuerit?

185 988 299 1061 Ita,
320 990 429 1068 qui
450 989 512 1050 in
536 990 795 1068 gloriam
813 994 925 1054 Dei
943 994 1161 1056 oculos
1180 996 1470 1069 intendit,
1492 997 1776 1074 gloriam,

187 1107 355 1169 quae
388 1091 467 1151 ab
502 1090 865 1154 hominibus
894 1095 1207 1173 provenit,
1242 1096 1512 1175 pedibus
1559 1096 1777 1159 calcat.

187 1192 366 1251 Hanc
397 1198 607 1252 autem
639 1192 691 1253 si
728 1195 1009 1273 respicit,
1035 1195 1113 1256 ab
1152 1194 1255 1256 illa
1295 1196 1548 1257 decidit.
1580 1201 1627 1257 A
1656 1215 1780 1276 qua

189 1291 243 1351 si
304 1291 631 1366 deciderit,
664 1294 874 1355 multis
928 1294 1066 1357 aliis
1114 1296 1444 1357 affectibus
1488 1297 1775 1373 agitatur.

190 1394 409 1455 Cetera
450 1412 599 1456 vero
649 1394 835 1457 huius
888 1397 1108 1472 sancti,
1178 1415 1366 1478 quam
1422 1398 1779 1459 misericors

187 1494 380 1556 fuerit
412 1503 475 1558 et
505 1497 839 1571 fraternus,
872 1505 933 1559 et
970 1506 1268 1578 quantam
1315 1499 1602 1561 habuerit
1645 1500 1776 1560 dis-

188 1598 541 1659 cretionem
554 1599 618 1660 in
634 1601 1129 1679 operibus,nunc
1149 1601 1404 1680 quidem
1420 1600 1648 1682 silebo(
1654 1600 1706 1684 1)
1721 1650 1732 1661 .
1748 1626 1774 1657 »

266 1700 440 1762 Haec
476 1700 665 1777 igitur
710 1702 979 1764 narratio
1014 1719 1049 1763 a
1086 1702 1329 1764 duabus
1358 1702 1515 1777 istis,
1554 1721 1709 1782 quas
1743 1722 1778 1765 e

185 1799 354 1861 libro
402 1801 683 1863 secundo
724 1809 783 1863 et
814 1818 848 1863 e
884 1802 1175 1865 Cassiano
1200 1821 1390 1883 supra
1429 1804 1773 1879 attulimus,

185 1919 266 1962 eo
305 1902 705 1982 potissimum
752 1902 983 1976 differt,
1027 1904 1199 1982 quod
1255 1906 1689 1967 resuscitatum
1740 1924 1775 1967 a

182 2001 462 2063 Macario
510 2002 891 2081 baptizatum
930 2019 1068 2063 esse
1122 2010 1184 2063 et
1228 2004 1427 2066 tribus
1476 2004 1658 2066 annis
1707 2005 1774 2065 in

184 2119 409 2163 eremo
450 2103 772 2165 transactis
812 2102 1022 2164 denuo
1076 2103 1306 2165 obiisse
1357 2104 1562 2180 docet,
1602 2105 1773 2185 quod

182 2198 352 2263 liber
378 2202 696 2263 secundus
728 2219 853 2263 non
891 2202 1078 2264 habet
1121 2211 1180 2265 et
1204 2204 1528 2265 Cassianus
1557 2212 1773 2285 aperte

183 2309 401 2378 negat.
445 2302 702 2375 Quando
732 2301 888 2364 vela
917 2320 1045 2382 quo
1088 2305 1358 2366 narratio
1392 2305 1625 2384 scripta
1671 2306 1771 2380 sit,

185 2417 401 2480 neque
442 2419 519 2463 ex
550 2420 622 2464 ea
650 2403 1031 2482 ipsa,neque
1048 2404 1300 2465 aliunde
1324 2406 1470 2466 satis
1502 2414 1770 2468 constat.

182 2500 396 2577 Fides,
463 2520 648 2581 quam
730 2504 1068 2583 episcopus
1144 2507 1427 2584 exponit,
1474 2508 1775 2586 Spiritum

179 2606 479 2661 sanctum
530 2601 696 2662 Patri
743 2609 803 2662 et
832 2602 984 2665 Filio
1039 2615 1363 2681 ὀμοοὺσιον
1398 2614 1598 2668 vocat.
1646 2610 1774 2679 Qua

179 2716 342 2760 voce
372 2698 653 2778 synodus
677 2700 1366 2781 ConstantinOpolitana
1399 2710 1459 2764 et
1489 2703 1776 2782 symbola

180 2798 337 2860 ﬁdei
386 2800 465 2860 de
492 2798 724 2878 Spiritu
768 2806 984 2861 sancto
1024 2818 1150 2862 non
1197 2809 1461 2863 utuntur
1506 2800 1613 2882 (2).
1652 2802 1775 2863 Sed

179 2897 494 2975 Spiritum
523 2897 688 2958 Patri
720 2902 779 2958 et
802 2896 955 2958 Filio
980 2909 1305 2975 ὀμοούσιον
1332 2898 1455 2961 iam
1490 2900 1551 2959 S.
1581 2900 1772 2970 Atha-

178 2997 404 3058 nasius
438 2997 712 3077 appellat
759 2998 864 3076 (3).
915 2997 1023 3069 54
1064 3000 1243 3061 Unde
1279 3000 1613 3063 verisimile
1658 3008 1772 3077 est,

178 3115 325 3159 eam
363 3117 580 3161 vocem
613 3100 676 3160 in
709 3103 1158 3181 Aegyptiorum
1188 3101 1476 3163 formulis
1503 3102 1651 3164 fidei
1670 3121 1777 3164 an-

1883 589 2219 651 formulam
2275 595 2598 668 totamque
2637 588 2842 661 istam,
2895 589 2996 651 cui
3053 589 3287 651 inserta
3342 598 3473 671 est,

1884 692 2309 755 narrationem
2346 692 2493 753 satis
2521 691 2843 771 antiquam
2870 709 3007 753 esse
3044 691 3227 754 facile
3264 696 3472 757 credi-

1884 793 2071 855 deris.
2129 793 2473 855 Hieracitas
2536 793 3060 854 resurrectionem
3131 811 3473 875 corporum

1882 912 2145 974 negasse
2200 897 2261 955 S.
2314 893 2705 975 Epiphanius
2737 893 2943 967 docet,
2978 895 3087 973 qui
3121 895 3471 959 doctrinam

1883 1015 2102 1059 eorum
2140 996 2309 1074 large
2348 995 2637 1076 exposuit
2668 994 2771 1074 (4).
2824 996 3039 1073 Neque
3064 1013 3210 1057 vero
3241 997 3301 1056 S.
3327 996 3475 1076 Epi-

1882 1098 2176 1179 phanius,
2216 1114 2426 1176 neque
2481 1097 2541 1157 S.
2593 1096 2863 1157 Hilarius
2910 1097 3017 1177 (5),
3067 1115 3276 1175 neque
3314 1096 3474 1158 alius

1882 1199 2241 1278 quisquam,
2274 1203 2580 1276 quantum
2626 1196 2905 1269 invenio,
2937 1196 3164 1270 retulit,
3199 1198 3477 1260 Hieraci-

1882 1304 1975 1358 tas
2030 1298 2145 1357 tria
2170 1314 2380 1358 rerum
2431 1296 2741 1375 principia
2782 1296 3110 1373 agnovisse
3150 1304 3231 1371 et,
3273 1298 3473 1359 Deum

1879 1398 2157 1460 Verbum
2207 1398 2530 1459 hominem
2582 1396 2813 1462 factum
2874 1414 3030 1471 esse,
3095 1415 3475 1477 causamque

1882 1500 2165 1562 omnium
2206 1517 2419 1561 rerum
2458 1499 2842 1561 effectricem
2891 1498 3144 1572 servari,
3176 1499 3474 1561 inﬁtiatos

1882 1617 2043 1662 esse.
2087 1600 2263 1662 Unde
2318 1599 2492 1662 hisce
2543 1617 2702 1662 nova
2755 1598 2964 1677 aliqua
3012 1598 3090 1660 de
3144 1598 3474 1671 Hieracitis

1882 1698 2483 1779 edocemur,quibus
2504 1698 2913 1760 fundamenta
2926 1698 3472 1778 doctrinae,quam

1879 1800 2358 1878 proﬁtebantur,
2420 1799 2757 1860 dilucidius
2827 1805 3323 1876 cognoscuntur.
3381 1798 3468 1860 Ad

1878 1900 2035 1961 illud
2066 1918 2211 1962 vero
2242 1901 2635 1962 enuntiatum
2666 1900 2938 1974 Macarii,
2976 1916 3044 1960 se
3075 1904 3293 1960 contra
3323 1897 3469 1959 dae-

1878 2020 2102 2065 mones
2147 2002 2468 2083 principes
2502 2000 2659 2062 nihil
2700 2000 2929 2074 valere,
2982 1999 3157 2078 quod
3206 2006 3469 2078 spectat,

1876 2104 2046 2166 idem
2098 2105 2161 2165 S.
2198 2103 2508 2165 Antonius
2551 2118 2808 2181 quoque
2840 2099 3159 2181 professus
3192 2105 3283 2159 est
3313 2106 3472 2161 teste

1876 2205 2153 2268 Palladio
2184 2204 2288 2285 (6).
2320 2207 2631 2265 Mortuum
2664 2202 2741 2263 ad
2775 2198 3292 2280 respondendum
3318 2216 3470 2261 evo-

1878 2311 2082 2365 catum
2109 2321 2246 2365 esse
2277 2303 2541 2379 legimus
2562 2302 2627 2362 in
2654 2301 2815 2361 libro
2846 2299 3155 2360 Samuelis
3187 2299 3295 2377 (7).
3319 2300 3472 2359 Um-

1876 2403 2026 2465 brae
2080 2410 2473 2465 mortuorum
2522 2408 2821 2463 evocatae
2866 2418 3003 2462 esse
3056 2400 3353 2463 dicuntur
3402 2400 3472 2460 in

1874 2507 2136 2569 Homeri
2181 2516 2406 2579 Νεκυίᾳ
2432 2502 2539 2584 (8),
2572 2502 2740 2582 apud
2778 2505 3095 2564 Lucanum
3138 2501 3246 2579 (9),
3287 2500 3469 2561 Taci-

1876 2614 2008 2669 tum
2064 2604 2222 2686 (10),
2266 2603 2538 2665 Plinium
2590 2601 2742 2681 (11),
2806 2601 3257 2661 Philostratum
3310 2597 3466 2678 (1'2),

1876 2709 2139 2769 Dionem
2204 2705 2482 2767 Cassium
2534 2701 2682 2785 (13),
2743 2700 2848 2771 55
2896 2701 3053 2762 alios
3092 2699 3240 2780 (14).
3288 2697 3471 2778 Apud

1878 2826 2039 2890 quos
2061 2807 2323 2869 umbrae
2350 2805 2773 2880 interrogatae
2798 2809 2906 2863 aut
2929 2800 3339 2879 respondent,
3362 2806 3472 2861 aut

1878 2908 2265 2989 respondere
2309 2905 2692 2978 detrectant;
2735 2902 2964 2964 deinde
2990 2902 3068 2963 ad
3096 2900 3334 2961 inferos
3363 2918 3467 2961 re-

1876 3018 2203 3073 vertuntur
2240 3006 2386 3087 (15).
2429 3007 2657 3077 Moses,
2690 3021 2771 3064 ne
2814 3001 3029 3063 Iudaei
3072 3018 3312 3079 magos,
3357 3000 3469 3080 qui

1875 3116 2302 3189 νεκρομαντεῖα
2328 3104 2589 3178 faciunt,
2624 3104 2890 3177 adirent,
2923 3102 3062 3180 lege
3094 3102 3289 3163 vetuit
3318 3098 3464 3180 (16).

180 3200 371 3280 tiquo
394 3220 512 3263 usu
547 3209 860 3281 receptam
889 3202 1103 3264 fuisse.
1136 3203 1289 3275 Quia
1315 3220 1465 3265 vero
1488 3204 1767 3278 everbis,
1797 3225 1846 3291 ρ
1873 3218 2311 3290 Νεκρομαντεῖα
2353 3205 2785 3286 superstitiosa
2825 3220 2961 3265 esse
2997 3203 3212 3264 Cicero
3251 3207 3466 3263 osten-

178 3300 423 3380 quibus
480 3302 837 3381 symbolum
888 3304 1649 3384 Constantinopolitanum
1691 3307 1770 3367 de

176 3398 425 3479 Spiritu
447 3406 663 3463 sancto
708 3400 1011 3477 loauitur,
1037 3403 1105 3463 in
1136 3403 1262 3479 illa,
1300 3422 1489 3485 quam
1521 3407 1771 3487 episco-

246 3576 333 3645 (1)
378 3575 583 3634 Textus
612 3592 843 3648 graecus
868 3579 1069 3651 legitur
1096 3581 1238 3637 infra
1269 3584 1325 3639 in
1366 3584 1559 3641 harum
1602 3602 1772 3658 quae-

173 3669 433 3727 Stionum
458 3669 770 3740 Appendice
792 3672 975 3741 priore
997 3674 1100 3729 sub
1127 3672 1188 3729 V.

246 3758 333 3827 (2)
391 3758 707 3829 Symbolum
768 3763 988 3817 concilii
1045 3764 1642 3837 ConstantinOpolitani
1700 3768 1769 3824 de

175 3847 400 3916 Spiritu
434 3858 625 3902 sancto
652 3850 785 3904 haec
810 3851 1008 3906 habet:
1064 3872 1081 3904 σ
1123 3855 1233 3908 Καὶ
1277 3854 1651 3930 [πιστεύομεν]
1689 3860 1770 3923 εἰς

171 3935 235 3989 τὸ
274 3936 506 4007 πνεῦμα
524 3938 584 3990 τὸ
608 3939 783 4007 ἅγιον,
821 3941 882 3994 τὸ
921 3943 1132 4013 κύριον,
1165 3945 1225 3997 τὸ
1275 3943 1558 4012 ζωοποιὸν,
1610 3948 1671 4001 τὸ
1708 3950 1772 4003 ὲκ

171 4029 268 4081 τοῦ
308 4029 527 4101 πατρὸς
570 4032 1022 4104 ἐκπορευόμενον,
1076 4036 1136 4089 τὸ
1187 4037 1283 4091 σὺν
1323 4039 1489 4109 πατρὶ
1532 4040 1627 4092 καὶ
1671 4040 1773 4109 υἱῷ

172 4123 773 4193 συμπροσκυνούμενον
798 4126 891 4178 καὶ
929 4126 1403 4199 συνδοξαξόμενον,
1434 4129 1496 4181 τὸ
1522 4129 1767 4199 λαλῆσαν

168 4212 258 4265 διὰ
279 4212 402 4266 τῶν
421 4215 716 4286 προφητῶν
751 4235 795 4271 ι.
838 4215 1011 4273 Mansi
1044 4218 1215 4274 Conc.
1244 4220 1423 4290 Ampi.
1444 4219 1581 4276 Coll.
1610 4219 1677 4275 Τ.
1701 4218 1767 4276 Ill

171 4323 226 4378 p.
264 4308 403 4364 565.
436 4310 631 4365 Iisdem
669 4310 784 4366 fere
805 4312 987 4368 verbis
1015 4312 1082 4369 de
1112 4313 1318 4385 Spiritu
1354 4323 1548 4372 sancto
1583 4326 1767 4374 cetera

168 4415 404 4470 quoque
438 4400 561 4456 ﬁdei
585 4402 829 4473 sylnbola
865 4402 1182 4473 loquuntur.

243 4491 329 4561 (5)
380 4508 399 4545 ι
428 4494 539 4547 Καὶ
560 4495 659 4548 οὐκ
706 4496 918 4567 ἄδηλον,
938 4496 1022 4549 ὅτι
1037 4496 1138 4550 οὐκ
1168 4496 1282 4551 ἔστι
1326 4497 1433 4552 τῶν
1464 4498 1675 4554 πολλῶν
1702 4499 1766 4553 τὸ

168 4586 435 4658 πνεῦμα,
487 4588 602 4642 ἀλλ’
639 4590 763 4644 οὐδὲ
809 4591 1058 4660 ἄγγελος,
1105 4591 1221 4645 ἀλλ’
1265 4592 1337 4645 ἓνι
1359 4593 1439 4652 ὅν.
1478 4594 1677 4662 μᾶλλον
1710 4594 1767 4649 δὲ

165 4681 265 4735 τοῦ
306 4681 477 4748 λόγου
511 4682 628 4747 ἐνὸς
658 4683 810 4748 ὄντος
848 4684 996 4751 ῐδιον,
1031 4686 1125 4739 καὶ
1160 4684 1255 4739 τοῦ
1292 4685 1415 4740 θεοῦ
1458 4687 1575 4751 ἐνὸς
1617 4686 1769 4751 ὄντος

166 4773 308 4827 [διον
360 4775 458 4827 καὶ
505 4776 786 4844 ὁμοούσιόν
825 4779 993 4833 ἐστι.»
1061 4776 1120 4831 8.
1149 4777 1349 4832 Athan.
1374 4778 1471 4850 Ep.
1502 4779 1568 4833 ad
1610 4780 1769 4834 Sera-

168 4865 329 4933 pion.
359 4879 481 4933 cap.
509 4864 599 4920 27.
629 4865 688 4921 S.
714 4868 911 4921 Athan.
954 4868 1091 4937 Opp.
1124 4869 1210 4923 ed.
1251 4867 1437 4924 Petav.
1464 4871 1602 4924 1777
1656 4870 1719 4924 T.
1751 4870 1768 4926 Ι

167 4956 230 5010 P.
264 4957 309 5010 ll
344 4974 401 5028 p.
435 4958 560 5013 510.
587 4958 644 5014 S.
686 4961 1018 5017 Athanasius
1043 4961 1306 5033 Spiritum
1349 4973 1598 5018 sanctum
1645 4981 1767 5019 culn

164 5053 340 5107 Patre
369 5061 423 5106 et
446 5051 583 5105 Filio
610 5054 852 5109 eiusdem
877 5056 1339 5126 substantiaehﬁ;
1362 5055 1531 5126 αὐτῆς
1560 5056 1768 5129 οὐσίας)

163 5160 294 5200 esse
319 5144 420 5198 ait.
450 5144 523 5197 De
553 5145 765 5198 lncarn.
792 5152 985 5200 contra
1013 5146 1197 5200 Arian.
1244 5162 1365 5217 cap.
1400 5146 1453 5202 9.
1493 5147 1581 5203 19.
1627 5148 1764 5219 Opp.

164 5238 227 5292 S.
252 5239 472 5294 Athan.
506 5238 542 5291 1.
569 5238 603 5292 Ι.
630 5253 684 5308 p.
714 5238 837 5295 701.
859 5238 984 5293 708.
1006 5238 1268 5309 Spiritum
1296 5253 1549 5296 sanctum
1577 5241 1673 5295 σὺν
1691 5241 1769 5311 τῷ

163 5332 347 5403 πατρὶ
374 5330 468 5383 καὶ
490 5329 568 5401 τῷ
592 5330 692 5401 υἱῷ
720 5331 816 5400 τῆς
855 5334 985 5402 μιᾶς
1015 5333 1109 5385 καὶ
1146 5332 1243 5402 τῆς
1279 5332 1451 5401 αὐτῆς
1486 5333 1673 5396 οὐσίας
1706 5350 1766 5386 τε

162 5426 263 5477 καὶ
288 5422 546 5488 ἐξουσίας
578 5439 702 5480 esse
732 5423 890 5479 docet
921 5424 1188 5480 Damasus
1216 5439 1354 5495 papa
1399 5425 1680 5495 (566-384)
1710 5427 1765 5479 ill

162 5516 433 5586 epistola,
486 5530 651 5587 quam
720 5516 939 5587 scripsit
990 5515 1219 5571 Paulino
1264 5518 1522 5588 episcopo
1571 5519 1758 5575 Antio-

161 5610 380 5664 cheno.
425 5607 602 5665 Mansi
661 5607 832 5663 Conc.
888 5608 1069 5678 Ampi.
1123 5608 1260 5663 Coll.
1314 5608 1379 5665 T.
1435 5609 1501 5664 Ill
1544 5628 1597 5681 p.
1634 5613 1759 5669 488.

167 5701 438 5755 Sanctam
461 5700 761 5754 trinitatem
785 5699 1306 5754 consubstantialem
1336 5701 1638 5771 (ὁμοούσιον
1662 5706 1761 5777 τὴν

162 5794 342 5863 ἁγίαν
391 5794 607 5866 τριάδα)
639 5792 919 5864 praedicat
957 5790 1204 5848 Melctius
1238 5794 1532 5865 episc0pus
1562 5797 1757 5852 Antio--

158 5888 410 5944 ιιιευιη.
436 5884 571 5944 Ibid.
598 5902 655 5958 p.
683 5885 807 5943 339.
836 5884 920 5944 Cf.
955 5884 1014 5942 S.
1034 5885 1302 5957 Epiphan.
1332 5888 1486 5944 llaer.
1517 5887 1583 5945 76
1612 5898 1665 5946 ct
1699 5892 1755 5948 in

1871 3314 1960 3376 dit
1986 3311 2132 3394 (17).
2172 3304 2597 3371 Tertullianus
2630 3305 2771 3367 illas
2800 3304 3080 3366 manium
3126 3302 3469 3382 apparitio-

1871 3434 1984 3480 nes
2030 3413 2308 3477 fallacias
2348 3411 2730 3473 daemonum
2782 3405 3061 3487 appellat
3102 3404 3246 3485 (18).
3287 3402 3467 3476 Quod

1870 3589 2169 3644 Ancorato.
2222 3586 2459 3657 Spiritus
2501 3584 2650 3639 Patri
2701 3601 2719 3635 ς
2759 3580 3250 3638 consubstantialis
3282 3598 3301 3631 ι
3355 3580 3465 3633 iam

1870 3686 2098 3733 vocatur
2122 3680 2177 3732 in
2214 3679 2433 3746 liturgia
2455 3674 2513 3729 8.
2543 3673 2722 3728 lacobi
2752 3672 2939 3727 fratris
2971 3671 3207 3735 Domini,
3236 3670 3309 3725 cf.
3333 3669 3466 3724 Bin-

1869 3772 2026 3827 terim
2054 3768 2596 3840 Denkwilrdlgkeiten
2635 3765 2699 3822 T.
2735 3765 2803 3820 1V
2834 3766 2894 3820 P.
2921 3766 2963 3819 ll
2990 3782 3044 3836 p.
3072 3764 3195 3819 149.

1949 3876 2026 3945 (4)
2052 3874 2212 3931 Haer.
2254 3873 2345 3927 67.

1946 3981 2021 4051 (5)
2048 3979 2290 4035 Hilarius
2320 3979 2386 4033 de
2419 3978 2647 4033 Hieraca
2680 3976 2925 4048 disputat
2952 3975 3026 4031 De
3067 3974 3221 4030 Trin.
3248 3974 3346 4029 lib.
3372 3970 3465 4039 Ἡ,

1882 4065 1972 4120 12.
2006 4065 2063 4120 8.
2089 4066 2257 4119 Hilar.
2285 4064 2426 4137 Opp.
2449 4081 2569 4120 cur.
2609 4064 2788 4135 Migne
2817 4064 2881 4118 Τ.
2913 4063 2951 4117 ll
2975 4079 3029 4134 p.
3064 4064 3165 4117 165
3198 4080 3319 4134 sqq.

1943 4169 2021 4243 (6)
2052 4171 2188 4228 Hist.
2213 4171 2379 4227 Laus.
2410 4186 2531 4243 cap.
2568 4171 2638 4226 29
2660 4170 2799 4243 Opp.
2825 4170 3027 4227 Meurs.
3058 4171 3094 4225 l.
3120 4171 3157 4226 Ι.
3188 4185 3244 4242 p.
3275 4169 3404 4225 435.

1943 4279 2022 4350 (7)
2047 4279 2196 4334 Sam.
2228 4280 2270 4343 ι,
2299 4278 2390 4335 28.

1942 4372 2019 4441 (8)
2045 4371 2147 4427 Od.
2180 4370 2273 4435 XI,
2297 4372 2368 4426 25
2395 4387 2517 4443 sqq.

1941 4466 2018 4536 (9)
2042 4464 2235 4520 Phars.
2265 4463 2358 4531 Vl,
2390 4465 2495 4519 6'52
2526 4479 2651 4535 sqq.

1942 4556 2057 4626 (10)
2080 4556 2277 4611 Annal.
2307 4556 2376 4621 ll,
2401 4556 2493 4611 εδ.

1942 4650 1991 4719 (1
2008 4650 2057 4718 1)
2080 4648 2207 4703 Nat.
2234 4647 2368 4703 Hist.
2390 4646 2562 4711 xxx,
2590 4646 2644 4705 6.

1944 4743 2056 4813 (12)
2079 4742 2187 4797 Vit.
2212 4743 2384 4813 Apoll.
2418 4743 2591 4810 Tyan.
2620 4738 2706 4807 ιν,
2733 4741 2818 4795 16.

1945 4836 2056 4909 (15)
2084 4837 2223 4891 Hist.
2251 4836 2409 4907 ltom.
2439 4834 2700 4893 LXXVII.
2732 4835 2818 4887 15.

1949 4927 2066 4996 (14)
2103 4925 2235 4979 Hor.
2281 4935 2384 4980 sat.
2406 4923 2447 4991 l,
2472 4925 2525 4990 8,
2555 4925 2647 4977 41.
2680 4923 2842 4978 Plura
2869 4926 3115 4997 exempla
3142 4926 3303 4982 habet
3338 4925 3462 4982 Del-

1872 5018 1955 5073 rio
1982 5019 2267 5089 Disquisit.
2311 5018 2510 5087 magic.
2552 5016 2617 5082 ll,
2656 5017 2721 5082 Q.
2752 5017 2844 5070 26.

1944 5122 2055 5196 (15)
2086 5122 2406 5194 Apollonius
2422 5122 2586 5193 (apud
2620 5120 3003 5176 l‘hilostralum
3029 5122 3065 5175 1.
3094 5122 3235 5191 l.)de
3265 5122 3456 5177 umbra

1870 5215 2114 5283 Achillis,
2140 5230 2301 5286 quam
2330 5224 2587 5270 evocarat
2621 5234 2634 5269 :
2674 5234 2693 5267 ‹
2738 5215 3324 5285 Ταῦτα,ἰη‹ιυίι,εῐπὼν
3361 5260 3373 5271 .
3404 5256 3453 5273 ..

1868 5307 2081 5378 ἀπῆλθε
2110 5308 2206 5374 ξὺν
2228 5308 2480 5379 ἀστραπῇ
2502 5307 2716 5379 μετρίᾳ,
2732 5307 2826 5361 καὶ
2848 5307 2957 5378 γὰρ
2976 5308 3039 5377 δὴ
3059 5307 3153 5361 καὶ
3170 5309 3457 5380 ἀλεκτρυό-

1867 5415 1956 5462 νες
1990 5399 2091 5469 ἤδη
2119 5398 2260 5469 ᾠδῆς
2292 5399 2544 5468 ἥπτοντο.
2588 5397 2687 5453 Ed.
2732 5396 2934 5453 Olearii
2972 5395 3123 5468 Lips.
3172 5400 3308 5456 1709
3352 5399 3450 5457 fol.

1866 5506 1923 5561 p.
1958 5490 2084 5545 154.

1937 5592 2052 5661 (16)
2078 5588 2123 5645 ν
2159 5591 2293 5647 Mos.
2331 5590 2519 5659 XVIII,
2553 5591 2727 5648 11.1"
2758 5593 2893 5651 Mos.
2938 5592 3080 5662 XIX,
3113 5594 3201 5652 '51.

1936 5698 2047 5765 (17)
2073 5695 2239 5753 Tusc.
2268 5697 2409 5767 disp.
2435 5696 2478 5761 l,
2511 5697 2599 5751 16.

1937 5803 2047 5874 (18)
2072 5803 2192 5859 Lib.
2252 5803 2319 5859 de
2379 5804 2559 5859 anima
2607 5819 2730 5876 cap.
2784 5807 2872 5862 57.
2910 5806 3138 5863 Tertull.
3173 5808 3305 5880 Opp.
3348 5812 3435 5870 ed.

1863 5898 2070 5954 Semlcr
2108 5896 2172 5953 T.
2215 5894 2279 5952 IV
2319 5914 2373 5968 p.
2410 5897 2679 5971 281sqq.,
2735 5899 2912 5971 Migne
2966 5900 3168 5960 Patrol.
3242 5904 3305 5959 Τ.
3371 5902 3436 5958 ll.
