  <div class='ocr_page' id='page_1' title='image "/cluster/home/n/w/nwhite01/storage/ocr_20150623/34/hvd.32044019207760/039.png"; bbox 0 0 4040 6566; ppageno 0'>
   <div class='ocr_carea' id='block_1_1' title="bbox 623 345 3884 417">
    <p class='ocr_par' dir='ltr' id='par_1_1' title="bbox 623 345 3884 417">
     <span class='ocr_line' id='line_1_1' title="bbox 623 345 3884 417; baseline -0.006 -1"><span class='ocrx_word' id='word_1_1' title='bbox 623 360 693 417; x_wconf 88' lang='grc'><strong>55</strong></span> <span class='ocrx_word' id='word_1_2' title='bbox 1495 356 1598 415; x_wconf 90' lang='lat' dir='ltr'><strong>SS.</strong></span> <span class='ocrx_word' id='word_1_3' title='bbox 1635 355 2102 413; x_wconf 76' lang='lat' dir='ltr'><strong>MACARIORUM</strong></span> <span class='ocrx_word' id='word_1_4' title='bbox 2142 349 2468 411; x_wconf 73' lang='lat' dir='ltr'><strong>AEGYPTII</strong></span> <span class='ocrx_word' id='word_1_5' title='bbox 2510 348 2598 404; x_wconf 84' lang='grc' dir='ltr'><strong>ΕΤ</strong></span> <span class='ocrx_word' id='word_1_6' title='bbox 2635 347 3106 405; x_wconf 71' lang='lat' dir='ltr'><strong>ALEXANDRINI</strong></span> <span class='ocrx_word' id='word_1_7' title='bbox 3818 345 3884 398; x_wconf 62' lang='lat' dir='ltr'><strong>t5</strong></span> 
     </span>
    </p>
   </div>
   <div class='ocr_carea' id='block_1_2' title="bbox 618 461 3882 555">
    <p class='ocr_par' dir='ltr' id='par_1_2' title="bbox 618 461 3882 555">
     <span class='ocr_line' id='line_1_2' title="bbox 618 461 3882 555; baseline -0.004 -20"><span class='ocrx_word' id='word_1_8' title='bbox 618 470 791 535; x_wconf 87' lang='lat' dir='ltr'><strong>idem</strong></span> <span class='ocrx_word' id='word_1_9' title='bbox 820 469 952 534; x_wconf 78' lang='lat' dir='ltr'><strong>fere</strong></span> <span class='ocrx_word' id='word_1_10' title='bbox 988 478 1321 534; x_wconf 89' lang='lat' dir='ltr'><strong>senserunt</strong></span> <span class='ocrx_word' id='word_1_11' title='bbox 1350 474 1411 533; x_wconf 99' lang='grc'><strong>8.</strong></span> <span class='ocrx_word' id='word_1_12' title='bbox 1444 473 1947 555; x_wconf 84' lang='lat' dir='ltr'><strong>Chrysostomus,</strong></span> <span class='ocrx_word' id='word_1_13' title='bbox 1983 474 2047 534; x_wconf 94' lang='grc'><strong>8.</strong></span> <span class='ocrx_word' id='word_1_14' title='bbox 2072 477 2198 533; x_wconf 89' lang='lat' dir='ltr'><strong>Au-</strong></span> <span class='ocrx_word' id='word_1_15' title='bbox 2230 479 2276 533; x_wconf 83' lang='lat' dir='ltr'><strong>A</strong></span> <span class='ocrx_word' id='word_1_16' title='bbox 2304 466 2835 529; x_wconf 81' lang='lat' dir='ltr'><strong>resurrectionem</strong></span> <span class='ocrx_word' id='word_1_17' title='bbox 2886 463 3237 526; x_wconf 85' lang='lat' dir='ltr'><strong>Hieracitae</strong></span> <span class='ocrx_word' id='word_1_18' title='bbox 3300 461 3618 542; x_wconf 84' lang='lat' dir='ltr'><strong>probaret,</strong></span> <span class='ocrx_word' id='word_1_19' title='bbox 3680 476 3882 541; x_wconf 89' lang='lat' dir='ltr'><strong>neque</strong></span> 
     </span>
    </p>
   </div>
   <div class='ocr_carea' id='block_1_3' title="bbox 618 570 2199 653">
    <p class='ocr_par' dir='ltr' id='par_1_3' title="bbox 618 570 2199 653">
     <span class='ocr_line' id='line_1_3' title="bbox 618 570 2199 653; baseline 0.001 -23"><span class='ocrx_word' id='word_1_20' title='bbox 618 570 927 647; x_wconf 79' lang='lat' dir='ltr'><strong>gustinus,</strong></span> <span class='ocrx_word' id='word_1_21' title='bbox 951 570 1055 631; x_wconf 82' lang='lat' dir='ltr'><strong>alii</strong></span> <span class='ocrx_word' id='word_1_22' title='bbox 1096 571 1203 651; x_wconf 92' lang='lat'>(1).</span> <span class='ocrx_word' id='word_1_23' title='bbox 1238 574 1365 634; x_wconf 91' lang='lat' dir='ltr'><strong>Nec</strong></span> <span class='ocrx_word' id='word_1_24' title='bbox 1411 573 1619 635; x_wconf 90' lang='lat' dir='ltr'><strong>minus</strong></span> <span class='ocrx_word' id='word_1_25' title='bbox 1660 580 1918 653; x_wconf 90' lang='lat' dir='ltr'><strong>postero</strong></span> <span class='ocrx_word' id='word_1_26' title='bbox 1942 588 2199 651; x_wconf 91' lang='lat' dir='ltr'><strong>quoque</strong></span> 
     </span>
    </p>
   </div>
   <div class='ocr_carea' id='block_1_4' title="bbox 619 672 2199 752">
    <p class='ocr_par' dir='ltr' id='par_1_4' title="bbox 619 672 2199 752">
     <span class='ocr_line' id='line_1_4' title="bbox 619 672 2199 752; baseline 0.002 -20"><span class='ocrx_word' id='word_1_27' title='bbox 619 688 775 733; x_wconf 87' lang='lat' dir='ltr'><strong>aevo</strong></span> <span class='ocrx_word' id='word_1_28' title='bbox 812 672 1115 751; x_wconf 82' lang='lat' dir='ltr'><strong>imagines</strong></span> <span class='ocrx_word' id='word_1_29' title='bbox 1156 680 1548 735; x_wconf 89' lang='lat' dir='ltr'><strong>mortuorum</strong></span> <span class='ocrx_word' id='word_1_30' title='bbox 1588 692 1624 736; x_wconf 91' lang='lat' dir='ltr'><strong>a</strong></span> <span class='ocrx_word' id='word_1_31' title='bbox 1665 675 1861 752; x_wconf 85' lang='lat' dir='ltr'><strong>magis</strong></span> <span class='ocrx_word' id='word_1_32' title='bbox 1900 674 2199 735; x_wconf 78' lang='lat' dir='ltr'><strong>excitatae</strong></span> 
     </span>
    </p>
   </div>
   <div class='ocr_carea' id='block_1_5' title="bbox 621 771 2199 853">
    <p class='ocr_par' dir='ltr' id='par_1_5' title="bbox 621 771 2199 853">
     <span class='ocr_line' id='line_1_5' title="bbox 621 771 2199 853; baseline 0.003 -22"><span class='ocrx_word' id='word_1_33' title='bbox 621 787 759 833; x_wconf 86' lang='lat' dir='ltr'><strong>esse</strong></span> <span class='ocrx_word' id='word_1_34' title='bbox 803 771 1114 848; x_wconf 83' lang='lat' dir='ltr'><strong>leguntur.</strong></span> <span class='ocrx_word' id='word_1_35' title='bbox 1169 774 1291 847; x_wconf 91' lang='lat' dir='ltr'><strong>Sic,</strong></span> <span class='ocrx_word' id='word_1_36' title='bbox 1331 780 1399 834; x_wconf 89' lang='lat' dir='ltr'><strong>ut</strong></span> <span class='ocrx_word' id='word_1_37' title='bbox 1439 773 1595 835; x_wconf 90' lang='lat' dir='ltr'><strong>haec</strong></span> <span class='ocrx_word' id='word_1_38' title='bbox 1629 779 1868 835; x_wconf 91' lang='lat' dir='ltr'><strong>tantum</strong></span> <span class='ocrx_word' id='word_1_39' title='bbox 1909 773 2199 853; x_wconf 76' lang='lat' dir='ltr'><strong>exempla</strong></span> 
     </span>
    </p>
   </div>
   <div class='ocr_carea' id='block_1_6' title="bbox 619 862 2195 952">
    <p class='ocr_par' dir='ltr' id='par_1_6' title="bbox 619 862 2195 952">
     <span class='ocr_line' id='line_1_6' title="bbox 619 862 2195 952; baseline 0.001 -20"><span class='ocrx_word' id='word_1_40' title='bbox 619 872 909 952; x_wconf 85' lang='lat' dir='ltr'><strong>prodam,</strong></span> <span class='ocrx_word' id='word_1_41' title='bbox 942 872 1169 933; x_wconf 89' lang='lat' dir='ltr'><strong>Basilio</strong></span> <span class='ocrx_word' id='word_1_42' title='bbox 1198 873 1563 952; x_wconf 89' lang='lat' dir='ltr'><strong>imperatori</strong></span> <span class='ocrx_word' id='word_1_43' title='bbox 1592 862 1703 934; x_wconf 88' lang='lat' dir='ltr'><strong>ﬁlii</strong></span> <span class='ocrx_word' id='word_1_44' title='bbox 1734 873 1955 935; x_wconf 88' lang='lat' dir='ltr'><strong>umbra</strong></span> <span class='ocrx_word' id='word_1_45' title='bbox 1975 891 2009 935; x_wconf 89' lang='lat' dir='ltr'><strong>a</strong></span> <span class='ocrx_word' id='word_1_46' title='bbox 2040 874 2195 934; x_wconf 90' lang='lat' dir='ltr'><strong>San-</strong></span> 
     </span>
    </p>
   </div>
   <div class='ocr_carea' id='block_1_7' title="bbox 621 973 2197 1055">
    <p class='ocr_par' dir='ltr' id='par_1_7' title="bbox 621 973 2197 1055">
     <span class='ocr_line' id='line_1_7' title="bbox 621 973 2197 1055; baseline 0.001 -22"><span class='ocrx_word' id='word_1_47' title='bbox 621 974 919 1035; x_wconf 89' lang='lat' dir='ltr'><strong>tabarcno</strong></span> <span class='ocrx_word' id='word_1_48' title='bbox 954 973 1268 1035; x_wconf 84' lang='lat' dir='ltr'><strong>monacho</strong></span> <span class='ocrx_word' id='word_1_49' title='bbox 1323 973 1674 1035; x_wconf 88' lang='lat' dir='ltr'><strong>ostenditur</strong></span> <span class='ocrx_word' id='word_1_50' title='bbox 1726 974 1841 1055; x_wconf 76' lang='lat'>(2);</span> <span class='ocrx_word' id='word_1_51' title='bbox 1895 992 1929 1035; x_wconf 91' lang='lat' dir='ltr'><strong>a</strong></span> <span class='ocrx_word' id='word_1_52' title='bbox 1973 976 2197 1034; x_wconf 88' lang='lat' dir='ltr'><strong>Fausto</strong></span> 
     </span>
    </p>
   </div>
   <div class='ocr_carea' id='block_1_8' title="bbox 617 1074 2199 1137">
    <p class='ocr_par' dir='ltr' id='par_1_8' title="bbox 617 1074 2199 1137">
     <span class='ocr_line' id='line_1_8' title="bbox 617 1074 2199 1137; baseline 0.001 -3"><span class='ocrx_word' id='word_1_53' title='bbox 617 1074 856 1135; x_wconf 79' lang='lat' dir='ltr'><strong>Helena</strong></span> <span class='ocrx_word' id='word_1_54' title='bbox 876 1074 1327 1135; x_wconf 86' lang='lat' dir='ltr'><strong>formosissima</strong></span> <span class='ocrx_word' id='word_1_55' title='bbox 1344 1074 1577 1136; x_wconf 87' lang='lat' dir='ltr'><strong>femina</strong></span> <span class='ocrx_word' id='word_1_56' title='bbox 1606 1074 1995 1137; x_wconf 87' lang='lat' dir='ltr'><strong>scholaribus</strong></span> <span class='ocrx_word' id='word_1_57' title='bbox 2018 1091 2199 1135; x_wconf 88' lang='lat' dir='ltr'><strong>mon-</strong></span> 
     </span>
    </p>
   </div>
   <div class='ocr_carea' id='block_1_9' title="bbox 618 1172 2199 1254">
    <p class='ocr_par' dir='ltr' id='par_1_9' title="bbox 618 1172 2199 1254">
     <span class='ocr_line' id='line_1_9' title="bbox 618 1172 2199 1254; baseline -0.003 -18"><span class='ocrx_word' id='word_1_58' title='bbox 618 1181 847 1236; x_wconf 91' lang='lat' dir='ltr'><strong>stratur</strong></span> <span class='ocrx_word' id='word_1_59' title='bbox 889 1173 996 1254; x_wconf 89' lang='lat'><strong>(3).</strong></span> <span class='ocrx_word' id='word_1_60' title='bbox 1034 1176 1123 1235; x_wconf 90' lang='lat' dir='ltr'><strong>Ab</strong></span> <span class='ocrx_word' id='word_1_61' title='bbox 1170 1176 1270 1235; x_wconf 90' lang='lat' dir='ltr'><strong>his</strong></span> <span class='ocrx_word' id='word_1_62' title='bbox 1320 1176 1509 1252; x_wconf 81' lang='lat' dir='ltr'><strong>igitur</strong></span> <span class='ocrx_word' id='word_1_63' title='bbox 1562 1191 1889 1251; x_wconf 83' lang='lat' dir='ltr'><strong>magorum</strong></span> <span class='ocrx_word' id='word_1_64' title='bbox 1939 1172 2199 1235; x_wconf 84' lang='lat' dir='ltr'><strong>fallaciis</strong></span> 
     </span>
    </p>
   </div>
   <div class='ocr_carea' id='block_1_10' title="bbox 615 1270 2193 1351">
    <p class='ocr_par' dir='ltr' id='par_1_10' title="bbox 615 1270 2193 1351">
     <span class='ocr_line' id='line_1_10' title="bbox 615 1270 2193 1351; baseline -0.004 -16"><span class='ocrx_word' id='word_1_65' title='bbox 615 1281 721 1335; x_wconf 91' lang='lat' dir='ltr'><strong>aut</strong></span> <span class='ocrx_word' id='word_1_66' title='bbox 751 1274 1035 1335; x_wconf 91' lang='lat' dir='ltr'><strong>ludibriis</strong></span> <span class='ocrx_word' id='word_1_67' title='bbox 1069 1273 1364 1336; x_wconf 88' lang='lat' dir='ltr'><strong>miracula</strong></span> <span class='ocrx_word' id='word_1_68' title='bbox 1393 1290 1617 1334; x_wconf 91' lang='lat' dir='ltr'><strong>senum</strong></span> <span class='ocrx_word' id='word_1_69' title='bbox 1648 1272 1835 1351; x_wconf 88' lang='lat' dir='ltr'><strong>plane</strong></span> <span class='ocrx_word' id='word_1_70' title='bbox 1872 1270 2193 1331; x_wconf 86' lang='lat' dir='ltr'><strong>diﬂ&#39;erunt.</strong></span> 
     </span>
    </p>
   </div>
   <div class='ocr_carea' id='block_1_11' title="bbox 614 1372 2198 1452">
    <p class='ocr_par' dir='ltr' id='par_1_11' title="bbox 614 1372 2198 1452">
     <span class='ocr_line' id='line_1_11' title="bbox 614 1372 2198 1452; baseline -0.003 -18"><span class='ocrx_word' id='word_1_71' title='bbox 614 1373 735 1445; x_wconf 89' lang='lat' dir='ltr'><strong>Qui</strong></span> <span class='ocrx_word' id='word_1_72' title='bbox 780 1391 911 1435; x_wconf 90' lang='lat' dir='ltr'><strong>non</strong></span> <span class='ocrx_word' id='word_1_73' title='bbox 958 1391 1285 1452; x_wconf 83' lang='lat' dir='ltr'><strong>magorum</strong></span> <span class='ocrx_word' id='word_1_74' title='bbox 1336 1374 1533 1435; x_wconf 90' lang='lat' dir='ltr'><strong>instar</strong></span> <span class='ocrx_word' id='word_1_75' title='bbox 1586 1372 1891 1449; x_wconf 78' lang='lat' dir='ltr'><strong>imagines</strong></span> <span class='ocrx_word' id='word_1_76' title='bbox 1950 1376 2198 1431; x_wconf 89' lang='lat' dir='ltr'><strong>tantum</strong></span> 
     </span>
    </p>
   </div>
   <div class='ocr_carea' id='block_1_12' title="bbox 616 1470 2197 1554">
    <p class='ocr_par' dir='ltr' id='par_1_12' title="bbox 616 1470 2197 1554">
     <span class='ocr_line' id='line_1_12' title="bbox 616 1470 2197 1554; baseline -0.003 -19"><span class='ocrx_word' id='word_1_77' title='bbox 616 1474 911 1549; x_wconf 75' lang='lat' dir='ltr'><strong>efferunt,</strong></span> <span class='ocrx_word' id='word_1_78' title='bbox 943 1474 1054 1535; x_wconf 91' lang='lat' dir='ltr'><strong>sed</strong></span> <span class='ocrx_word' id='word_1_79' title='bbox 1082 1474 1307 1535; x_wconf 90' lang='lat' dir='ltr'><strong>Christi</strong></span> <span class='ocrx_word' id='word_1_80' title='bbox 1336 1490 1483 1554; x_wconf 85' lang='lat' dir='ltr'><strong>cpe,</strong></span> <span class='ocrx_word' id='word_1_81' title='bbox 1516 1478 1585 1534; x_wconf 92' lang='lat' dir='ltr'><strong>ut</strong></span> <span class='ocrx_word' id='word_1_82' title='bbox 1620 1472 1829 1534; x_wconf 89' lang='lat' dir='ltr'><strong>anima</strong></span> <span class='ocrx_word' id='word_1_83' title='bbox 1862 1470 1929 1532; x_wconf 90' lang='lat' dir='ltr'><strong>in</strong></span> <span class='ocrx_word' id='word_1_84' title='bbox 1964 1487 2197 1549; x_wconf 91' lang='lat' dir='ltr'><strong>corpus</strong></span> 
     </span>
    </p>
   </div>
   <div class='ocr_carea' id='block_1_13' title="bbox 612 1571 2194 1653">
    <p class='ocr_par' dir='ltr' id='par_1_13' title="bbox 612 1571 2194 1653">
     <span class='ocr_line' id='line_1_13' title="bbox 612 1571 2194 1653; baseline -0.002 -18"><span class='ocrx_word' id='word_1_85' title='bbox 612 1573 853 1649; x_wconf 85' lang='lat' dir='ltr'><strong>redeat,</strong></span> <span class='ocrx_word' id='word_1_86' title='bbox 900 1582 1195 1653; x_wconf 90' lang='lat' dir='ltr'><strong>totusque</strong></span> <span class='ocrx_word' id='word_1_87' title='bbox 1249 1574 1442 1636; x_wconf 90' lang='lat' dir='ltr'><strong>homo</strong></span> <span class='ocrx_word' id='word_1_88' title='bbox 1491 1574 1835 1647; x_wconf 86' lang='lat' dir='ltr'><strong>reviviscat,</strong></span> <span class='ocrx_word' id='word_1_89' title='bbox 1897 1571 2194 1633; x_wconf 75' lang='lat' dir='ltr'><strong>efﬁciunt.</strong></span> 
     </span>
    </p>
   </div>
   <div class='ocr_carea' id='block_1_14' title="bbox 616 1673 2199 1755">
    <p class='ocr_par' dir='ltr' id='par_1_14' title="bbox 616 1673 2199 1755">
     <span class='ocr_line' id='line_1_14' title="bbox 616 1673 2199 1755; baseline -0.001 -21"><span class='ocrx_word' id='word_1_90' title='bbox 616 1676 990 1737; x_wconf 90' lang='lat' dir='ltr'><strong>Submersos</strong></span> <span class='ocrx_word' id='word_1_91' title='bbox 1030 1675 1311 1755; x_wconf 88' lang='lat' dir='ltr'><strong>quidem,</strong></span> <span class='ocrx_word' id='word_1_92' title='bbox 1359 1674 1696 1736; x_wconf 70' lang='lat' dir='ltr'><strong>suﬂ‘ocatos</strong></span> <span class='ocrx_word' id='word_1_93' title='bbox 1735 1680 1797 1734; x_wconf 90' lang='lat' dir='ltr'><strong>et</strong></span> <span class='ocrx_word' id='word_1_94' title='bbox 1826 1673 1961 1735; x_wconf 93' lang='lat' dir='ltr'><strong>sine</strong></span> <span class='ocrx_word' id='word_1_95' title='bbox 2000 1673 2199 1753; x_wconf 90' lang='lat' dir='ltr'><strong>bapti-</strong></span> 
     </span>
    </p>
   </div>
   <div class='ocr_carea' id='block_1_15' title="bbox 614 1772 2270 1875">
    <p class='ocr_par' dir='ltr' id='par_1_15' title="bbox 614 1772 2270 1875">
     <span class='ocr_line' id='line_1_15' title="bbox 614 1772 2270 1875; baseline 0.001 -43"><span class='ocrx_word' id='word_1_96' title='bbox 614 1790 751 1833; x_wconf 90' lang='lat' dir='ltr'><strong>smo</strong></span> <span class='ocrx_word' id='word_1_97' title='bbox 786 1782 1068 1835; x_wconf 92' lang='lat' dir='ltr'><strong>mortuos</strong></span> <span class='ocrx_word' id='word_1_98' title='bbox 1086 1791 1306 1834; x_wconf 90' lang='lat' dir='ltr'><strong>senum</strong></span> <span class='ocrx_word' id='word_1_99' title='bbox 1333 1792 1456 1853; x_wconf 86' lang='lat' dir='ltr'><strong>ope</strong></span> <span class='ocrx_word' id='word_1_100' title='bbox 1485 1774 1582 1834; x_wconf 92' lang='lat' dir='ltr'><strong>vel</strong></span> <span class='ocrx_word' id='word_1_101' title='bbox 1612 1773 1895 1835; x_wconf 86' lang='lat' dir='ltr'><strong>oratione</strong></span> <span class='ocrx_word' id='word_1_102' title='bbox 1927 1772 2195 1835; x_wconf 87' lang='lat' dir='ltr'><strong>resusci-</strong></span> <span class='ocrx_word' id='word_1_103' title='bbox 2232 1823 2270 1875; x_wconf 75' lang='grc' dir='ltr'>Β</span> 
     </span>
    </p>
   </div>
   <div class='ocr_carea' id='block_1_16' title="bbox 613 1876 2189 1957">
    <p class='ocr_par' dir='ltr' id='par_1_16' title="bbox 613 1876 2189 1957">
     <span class='ocr_line' id='line_1_16' title="bbox 613 1876 2189 1957; baseline 0.003 -24"><span class='ocrx_word' id='word_1_104' title='bbox 613 1880 774 1934; x_wconf 86' lang='lat' dir='ltr'><strong>tatos</strong></span> <span class='ocrx_word' id='word_1_105' title='bbox 829 1892 988 1948; x_wconf 91' lang='lat' dir='ltr'><strong>esse,</strong></span> <span class='ocrx_word' id='word_1_106' title='bbox 1041 1877 1280 1937; x_wconf 88' lang='lat' dir='ltr'><strong>centies</strong></span> <span class='ocrx_word' id='word_1_107' title='bbox 1320 1876 1546 1953; x_wconf 80' lang='lat' dir='ltr'><strong>legitur</strong></span> <span class='ocrx_word' id='word_1_108' title='bbox 1599 1876 1705 1957; x_wconf 82' lang='grc'>(4).</span> <span class='ocrx_word' id='word_1_109' title='bbox 1756 1878 1804 1937; x_wconf 86' lang='grc' dir='ltr'>Ε</span> <span class='ocrx_word' id='word_1_110' title='bbox 1854 1877 2085 1956; x_wconf 81' lang='lat' dir='ltr'><strong>quibus</strong></span> <span class='ocrx_word' id='word_1_111' title='bbox 2124 1878 2189 1952; x_wconf 88' lang='lat' dir='ltr'><strong>ii,</strong></span> 
     </span>
    </p>
   </div>
   <div class='ocr_carea' id='block_1_17' title="bbox 612 1975 2188 2059">
    <p class='ocr_par' dir='ltr' id='par_1_17' title="bbox 612 1975 2188 2059">
     <span class='ocr_line' id='line_1_17' title="bbox 612 1975 2188 2059; baseline 0.003 -24"><span class='ocrx_word' id='word_1_112' title='bbox 612 1975 717 2055; x_wconf 85' lang='lat' dir='ltr'><strong>qui</strong></span> <span class='ocrx_word' id='word_1_113' title='bbox 771 1977 1240 2051; x_wconf 89' lang='lat' dir='ltr'><strong>resuscitantur,</strong></span> <span class='ocrx_word' id='word_1_114' title='bbox 1295 1984 1363 2039; x_wconf 91' lang='lat' dir='ltr'><strong>ut</strong></span> <span class='ocrx_word' id='word_1_115' title='bbox 1418 1978 1797 2058; x_wconf 84' lang='lat' dir='ltr'><strong>baptismum</strong></span> <span class='ocrx_word' id='word_1_116' title='bbox 1855 1979 2188 2059; x_wconf 87' lang='lat' dir='ltr'><strong>accipiant,</strong></span> 
     </span>
    </p>
   </div>
   <div class='ocr_carea' id='block_1_18' title="bbox 611 2075 2189 2160">
    <p class='ocr_par' dir='ltr' id='par_1_18' title="bbox 611 2075 2189 2160">
     <span class='ocr_line' id='line_1_18' title="bbox 611 2075 2189 2160; baseline 0.004 -25"><span class='ocrx_word' id='word_1_117' title='bbox 611 2075 709 2136; x_wconf 93' lang='lat' dir='ltr'><strong>vel</strong></span> <span class='ocrx_word' id='word_1_118' title='bbox 739 2076 907 2138; x_wconf 87' lang='lat' dir='ltr'><strong>aliud</strong></span> <span class='ocrx_word' id='word_1_119' title='bbox 934 2076 1087 2156; x_wconf 91' lang='lat' dir='ltr'><strong>ipsis</strong></span> <span class='ocrx_word' id='word_1_120' title='bbox 1112 2077 1326 2140; x_wconf 82' lang='lat' dir='ltr'><strong>aliisve</strong></span> <span class='ocrx_word' id='word_1_121' title='bbox 1354 2078 1505 2141; x_wconf 88' lang='lat' dir='ltr'><strong>utile</strong></span> <span class='ocrx_word' id='word_1_122' title='bbox 1527 2097 1691 2160; x_wconf 92' lang='lat' dir='ltr'><strong>opus</strong></span> <span class='ocrx_word' id='word_1_123' title='bbox 1720 2085 2044 2159; x_wconf 82' lang='lat' dir='ltr'><strong>peragant,</strong></span> <span class='ocrx_word' id='word_1_124' title='bbox 2079 2096 2189 2141; x_wconf 81' lang='lat' dir='ltr'><strong>ex-</strong></span> 
     </span>
    </p>
   </div>
   <div class='ocr_carea' id='block_1_19' title="bbox 612 2176 2189 2256">
    <p class='ocr_par' dir='ltr' id='par_1_19' title="bbox 612 2176 2189 2256">
     <span class='ocr_line' id='line_1_19' title="bbox 612 2176 2189 2256; baseline 0.003 -20"><span class='ocrx_word' id='word_1_125' title='bbox 612 2176 785 2256; x_wconf 89' lang='lat' dir='ltr'><strong>pleto</strong></span> <span class='ocrx_word' id='word_1_126' title='bbox 825 2177 946 2240; x_wconf 91' lang='lat' dir='ltr'><strong>hoc</strong></span> <span class='ocrx_word' id='word_1_127' title='bbox 988 2195 1252 2240; x_wconf 90' lang='lat' dir='ltr'><strong>munere</strong></span> <span class='ocrx_word' id='word_1_128' title='bbox 1283 2181 1487 2241; x_wconf 88' lang='lat' dir='ltr'><strong>statim</strong></span> <span class='ocrx_word' id='word_1_129' title='bbox 1519 2180 1729 2243; x_wconf 90' lang='lat' dir='ltr'><strong>denuo</strong></span> <span class='ocrx_word' id='word_1_130' title='bbox 1750 2180 1909 2242; x_wconf 90' lang='lat' dir='ltr'><strong>mori</strong></span> <span class='ocrx_word' id='word_1_131' title='bbox 1944 2179 2148 2242; x_wconf 90' lang='lat' dir='ltr'><strong>solent</strong></span> <span class='ocrx_word' id='word_1_132' title='bbox 2174 2197 2189 2253; x_wconf 92' lang='lat'>;</span> 
     </span>
    </p>
   </div>
   <div class='ocr_carea' id='block_1_20' title="bbox 611 2279 2191 2361">
    <p class='ocr_par' dir='ltr' id='par_1_20' title="bbox 611 2279 2191 2361">
     <span class='ocr_line' id='line_1_20' title="bbox 611 2279 2191 2361; baseline 0.002 -23"><span class='ocrx_word' id='word_1_133' title='bbox 611 2279 807 2339; x_wconf 86' lang='lat' dir='ltr'><strong>ceteri</strong></span> <span class='ocrx_word' id='word_1_134' title='bbox 857 2296 1047 2359; x_wconf 82' lang='lat' dir='ltr'><strong>saepe</strong></span> <span class='ocrx_word' id='word_1_135' title='bbox 1104 2287 1212 2358; x_wconf 78' lang='lat'><strong>56</strong></span> <span class='ocrx_word' id='word_1_136' title='bbox 1253 2280 1514 2359; x_wconf 86' lang='lat' dir='ltr'><strong>longum</strong></span> <span class='ocrx_word' id='word_1_137' title='bbox 1569 2282 1756 2343; x_wconf 89' lang='lat' dir='ltr'><strong>etiam</strong></span> <span class='ocrx_word' id='word_1_138' title='bbox 1803 2289 2055 2361; x_wconf 89' lang='lat' dir='ltr'><strong>tempus</strong></span> <span class='ocrx_word' id='word_1_139' title='bbox 2098 2281 2191 2341; x_wconf 90' lang='lat' dir='ltr'><strong>vi-</strong></span> 
     </span>
    </p>
   </div>
   <div class='ocr_carea' id='block_1_21' title="bbox 613 2380 2193 2462">
    <p class='ocr_par' dir='ltr' id='par_1_21' title="bbox 613 2380 2193 2462">
     <span class='ocr_line' id='line_1_21' title="bbox 613 2380 2193 2462; baseline 0.003 -23"><span class='ocrx_word' id='word_1_140' title='bbox 613 2387 766 2440; x_wconf 91' lang='lat' dir='ltr'><strong>vunt</strong></span> <span class='ocrx_word' id='word_1_141' title='bbox 823 2380 929 2461; x_wconf 86' lang='lat'>(5).</span> <span class='ocrx_word' id='word_1_142' title='bbox 1013 2382 1135 2444; x_wconf 87' lang='lat' dir='ltr'><strong>Sed</strong></span> <span class='ocrx_word' id='word_1_143' title='bbox 1191 2390 1474 2444; x_wconf 89' lang='lat' dir='ltr'><strong>mortuos</strong></span> <span class='ocrx_word' id='word_1_144' title='bbox 1532 2383 1611 2445; x_wconf 93' lang='lat' dir='ltr'><strong>ad</strong></span> <span class='ocrx_word' id='word_1_145' title='bbox 1673 2382 2193 2462; x_wconf 90' lang='lat' dir='ltr'><strong>respondendum</strong></span> 
     </span>
    </p>
   </div>
   <div class='ocr_carea' id='block_1_22' title="bbox 613 2483 2192 2561">
    <p class='ocr_par' dir='ltr' id='par_1_22' title="bbox 613 2483 2192 2561">
     <span class='ocr_line' id='line_1_22' title="bbox 613 2483 2192 2561; baseline 0.004 -23"><span class='ocrx_word' id='word_1_146' title='bbox 613 2489 905 2543; x_wconf 90' lang='lat' dir='ltr'><strong>evocatos</strong></span> <span class='ocrx_word' id='word_1_147' title='bbox 925 2498 1062 2543; x_wconf 90' lang='lat' dir='ltr'><strong>esse</strong></span> <span class='ocrx_word' id='word_1_148' title='bbox 1093 2500 1232 2544; x_wconf 91' lang='lat' dir='ltr'><strong>raro</strong></span> <span class='ocrx_word' id='word_1_149' title='bbox 1247 2483 1585 2545; x_wconf 88' lang='lat' dir='ltr'><strong>invenitur.</strong></span> <span class='ocrx_word' id='word_1_150' title='bbox 1612 2483 1915 2545; x_wconf 88' lang='lat' dir='ltr'><strong>Macarius</strong></span> <span class='ocrx_word' id='word_1_151' title='bbox 1942 2486 2192 2561; x_wconf 83' lang='lat' dir='ltr'><strong>Aegyp-</strong></span> 
     </span>
    </p>
   </div>
   <div class='ocr_carea' id='block_1_23' title="bbox 609 2580 2191 2662">
    <p class='ocr_par' dir='ltr' id='par_1_23' title="bbox 609 2580 2191 2662">
     <span class='ocr_line' id='line_1_23' title="bbox 609 2580 2191 2662; baseline 0.002 -23"><span class='ocrx_word' id='word_1_152' title='bbox 609 2580 734 2641; x_wconf 92' lang='lat' dir='ltr'><strong>tius</strong></span> <span class='ocrx_word' id='word_1_153' title='bbox 767 2581 927 2643; x_wconf 85' lang='lat' dir='ltr'><strong>duos</strong></span> <span class='ocrx_word' id='word_1_154' title='bbox 952 2582 1107 2644; x_wconf 90' lang='lat' dir='ltr'><strong>alios</strong></span> <span class='ocrx_word' id='word_1_155' title='bbox 1129 2582 1483 2657; x_wconf 87' lang='lat' dir='ltr'><strong>defunctos,</strong></span> <span class='ocrx_word' id='word_1_156' title='bbox 1517 2599 1648 2644; x_wconf 93' lang='lat' dir='ltr'><strong>non</strong></span> <span class='ocrx_word' id='word_1_157' title='bbox 1678 2582 1959 2662; x_wconf 87' lang='lat' dir='ltr'><strong>quidem,</strong></span> <span class='ocrx_word' id='word_1_158' title='bbox 1990 2587 2061 2642; x_wconf 93' lang='lat' dir='ltr'><strong>ut</strong></span> <span class='ocrx_word' id='word_1_159' title='bbox 2089 2598 2191 2642; x_wconf 89' lang='lat' dir='ltr'><strong>re-</strong></span> 
     </span>
    </p>
   </div>
   <div class='ocr_carea' id='block_1_24' title="bbox 611 2683 2196 2759">
    <p class='ocr_par' dir='ltr' id='par_1_24' title="bbox 611 2683 2196 2759">
     <span class='ocr_line' id='line_1_24' title="bbox 611 2683 2196 2759; baseline 0.002 -18"><span class='ocrx_word' id='word_1_160' title='bbox 611 2689 966 2759; x_wconf 89' lang='lat' dir='ltr'><strong>surgerent,</strong></span> <span class='ocrx_word' id='word_1_161' title='bbox 1018 2684 1130 2746; x_wconf 91' lang='lat' dir='ltr'><strong>sed</strong></span> <span class='ocrx_word' id='word_1_162' title='bbox 1169 2691 1240 2746; x_wconf 91' lang='lat' dir='ltr'><strong>ut</strong></span> <span class='ocrx_word' id='word_1_163' title='bbox 1291 2702 1325 2746; x_wconf 93' lang='lat' dir='ltr'><strong>e</strong></span> <span class='ocrx_word' id='word_1_164' title='bbox 1371 2684 1616 2746; x_wconf 92' lang='lat' dir='ltr'><strong>tumulo</strong></span> <span class='ocrx_word' id='word_1_165' title='bbox 1657 2684 1776 2746; x_wconf 86' lang='lat' dir='ltr'><strong>sibi</strong></span> <span class='ocrx_word' id='word_1_166' title='bbox 1811 2683 1889 2746; x_wconf 91' lang='lat' dir='ltr'><strong>ad</strong></span> <span class='ocrx_word' id='word_1_167' title='bbox 1926 2683 2196 2744; x_wconf 90' lang='lat' dir='ltr'><strong>interro-</strong></span> 
     </span>
    </p>
   </div>
   <div class='ocr_carea' id='block_1_25' title="bbox 612 2777 2186 2861">
    <p class='ocr_par' dir='ltr' id='par_1_25' title="bbox 612 2777 2186 2861">
     <span class='ocr_line' id='line_1_25' title="bbox 612 2777 2186 2861; baseline -0.003 -20"><span class='ocrx_word' id='word_1_168' title='bbox 612 2786 751 2858; x_wconf 85' lang='lat' dir='ltr'><strong>gata</strong></span> <span class='ocrx_word' id='word_1_169' title='bbox 787 2781 1266 2860; x_wconf 86' lang='lat' dir='ltr'><strong>responderent,</strong></span> <span class='ocrx_word' id='word_1_170' title='bbox 1294 2782 1575 2859; x_wconf 81' lang='lat' dir='ltr'><strong>coegisse</strong></span> <span class='ocrx_word' id='word_1_171' title='bbox 1604 2779 1713 2861; x_wconf 84' lang='lat'>(6).</span> <span class='ocrx_word' id='word_1_172' title='bbox 1747 2786 1935 2858; x_wconf 90' lang='lat' dir='ltr'><strong>atque</strong></span> <span class='ocrx_word' id='word_1_173' title='bbox 1976 2777 2186 2853; x_wconf 90' lang='lat' dir='ltr'><strong>etiam,</strong></span> 
     </span>
    </p>
   </div>
   <div class='ocr_carea' id='block_1_26' title="bbox 608 2880 2192 2960">
    <p class='ocr_par' dir='ltr' id='par_1_26' title="bbox 608 2880 2192 2960">
     <span class='ocr_line' id='line_1_26' title="bbox 608 2880 2192 2960; baseline -0.001 -19"><span class='ocrx_word' id='word_1_174' title='bbox 608 2888 679 2941; x_wconf 89' lang='lat' dir='ltr'><strong>ut</strong></span> <span class='ocrx_word' id='word_1_175' title='bbox 697 2882 977 2942; x_wconf 90' lang='lat' dir='ltr'><strong>cranium</strong></span> <span class='ocrx_word' id='word_1_176' title='bbox 1004 2882 1267 2943; x_wconf 87' lang='lat' dir='ltr'><strong>alicuius</strong></span> <span class='ocrx_word' id='word_1_177' title='bbox 1290 2880 1591 2952; x_wconf 81' lang='lat' dir='ltr'><strong>defuncti,</strong></span> <span class='ocrx_word' id='word_1_178' title='bbox 1614 2880 1785 2960; x_wconf 92' lang='lat' dir='ltr'><strong>quod</strong></span> <span class='ocrx_word' id='word_1_179' title='bbox 1816 2896 2007 2959; x_wconf 91' lang='lat' dir='ltr'><strong>super</strong></span> <span class='ocrx_word' id='word_1_180' title='bbox 2026 2885 2192 2940; x_wconf 89' lang='lat' dir='ltr'><strong>terra</strong></span> 
     </span>
    </p>
   </div>
   <div class='ocr_carea' id='block_1_27' title="bbox 607 2976 2185 3061">
    <p class='ocr_par' dir='ltr' id='par_1_27' title="bbox 607 2976 2185 3061">
     <span class='ocr_line' id='line_1_27' title="bbox 607 2976 2185 3061; baseline -0.001 -21"><span class='ocrx_word' id='word_1_181' title='bbox 607 2979 869 3055; x_wconf 90' lang='lat' dir='ltr'><strong>invenit,</strong></span> <span class='ocrx_word' id='word_1_182' title='bbox 893 2980 1010 3042; x_wconf 91' lang='lat' dir='ltr'><strong>sibi</strong></span> <span class='ocrx_word' id='word_1_183' title='bbox 1042 2981 1120 3042; x_wconf 91' lang='lat' dir='ltr'><strong>de</strong></span> <span class='ocrx_word' id='word_1_184' title='bbox 1143 2981 1367 3061; x_wconf 88' lang='lat' dir='ltr'><strong>poenis</strong></span> <span class='ocrx_word' id='word_1_185' title='bbox 1386 2979 1618 3044; x_wconf 90' lang='lat' dir='ltr'><strong>inferni</strong></span> <span class='ocrx_word' id='word_1_186' title='bbox 1647 2979 2019 3058; x_wconf 88' lang='lat' dir='ltr'><strong>loqueretur</strong></span> <span class='ocrx_word' id='word_1_187' title='bbox 2074 2976 2185 3059; x_wconf 91' lang='lat'><strong>(7),</strong></span> 
     </span>
    </p>
   </div>
   <div class='ocr_carea' id='block_1_28' title="bbox 611 3080 2185 3159">
    <p class='ocr_par' dir='ltr' id='par_1_28' title="bbox 611 3080 2185 3159">
     <span class='ocr_line' id='line_1_28' title="bbox 611 3080 2185 3159; baseline -0.001 -18"><span class='ocrx_word' id='word_1_188' title='bbox 611 3080 896 3143; x_wconf 75' lang='lat' dir='ltr'><strong>effecisse</strong></span> <span class='ocrx_word' id='word_1_189' title='bbox 950 3081 1168 3143; x_wconf 89' lang='lat' dir='ltr'><strong>fertur.</strong></span> <span class='ocrx_word' id='word_1_190' title='bbox 1230 3084 1510 3143; x_wconf 89' lang='lat' dir='ltr'><strong>Mortuus</strong></span> <span class='ocrx_word' id='word_1_191' title='bbox 1544 3098 1695 3143; x_wconf 89' lang='lat' dir='ltr'><strong>vero</strong></span> <span class='ocrx_word' id='word_1_192' title='bbox 1729 3080 1808 3141; x_wconf 90' lang='lat' dir='ltr'><strong>ad</strong></span> <span class='ocrx_word' id='word_1_193' title='bbox 1846 3096 2185 3159; x_wconf 90' lang='lat' dir='ltr'><strong>corporum</strong></span> 
     </span>
    </p>
   </div>
   <div class='ocr_carea' id='block_1_29' title="bbox 2304 561 3881 647">
    <p class='ocr_par' dir='ltr' id='par_1_29' title="bbox 2304 561 3881 647">
     <span class='ocr_line' id='line_1_29' title="bbox 2304 561 3881 647; baseline -0.005 -18"><span class='ocrx_word' id='word_1_194' title='bbox 2304 566 2559 647; x_wconf 87' lang='lat' dir='ltr'><strong>quando</strong></span> <span class='ocrx_word' id='word_1_195' title='bbox 2581 571 2642 627; x_wconf 89' lang='lat' dir='ltr'><strong>et</strong></span> <span class='ocrx_word' id='word_1_196' title='bbox 2669 584 2794 646; x_wconf 91' lang='lat' dir='ltr'><strong>qua</strong></span> <span class='ocrx_word' id='word_1_197' title='bbox 2823 565 3030 628; x_wconf 91' lang='lat' dir='ltr'><strong>oblata</strong></span> <span class='ocrx_word' id='word_1_198' title='bbox 3060 563 3395 626; x_wconf 88' lang='lat' dir='ltr'><strong>occasione</strong></span> <span class='ocrx_word' id='word_1_199' title='bbox 3429 561 3492 623; x_wconf 90' lang='lat' dir='ltr'><strong>id</strong></span> <span class='ocrx_word' id='word_1_200' title='bbox 3518 561 3751 623; x_wconf 86' lang='lat' dir='ltr'><strong>factum</strong></span> <span class='ocrx_word' id='word_1_201' title='bbox 3784 564 3881 635; x_wconf 80' lang='lat' dir='ltr'><strong>sit,</strong></span> 
     </span>
    </p>
   </div>
   <div class='ocr_carea' id='block_1_30' title="bbox 2301 662 3883 742">
    <p class='ocr_par' dir='ltr' id='par_1_30' title="bbox 2301 662 3883 742">
     <span class='ocr_line' id='line_1_30' title="bbox 2301 662 3883 742; baseline -0.004 -13"><span class='ocrx_word' id='word_1_202' title='bbox 2301 668 2495 741; x_wconf 88' lang='lat' dir='ltr'><strong>addit,</strong></span> <span class='ocrx_word' id='word_1_203' title='bbox 2538 666 2903 740; x_wconf 88' lang='lat' dir='ltr'><strong>credideris,</strong></span> <span class='ocrx_word' id='word_1_204' title='bbox 2936 664 3135 727; x_wconf 90' lang='lat' dir='ltr'><strong>varias</strong></span> <span class='ocrx_word' id='word_1_205' title='bbox 3170 662 3249 724; x_wconf 92' lang='lat' dir='ltr'><strong>de</strong></span> <span class='ocrx_word' id='word_1_206' title='bbox 3283 662 3403 724; x_wconf 94' lang='lat' dir='ltr'><strong>hoc</strong></span> <span class='ocrx_word' id='word_1_207' title='bbox 3442 662 3733 742; x_wconf 87' lang='lat' dir='ltr'><strong>prodigio</strong></span> <span class='ocrx_word' id='word_1_208' title='bbox 3766 662 3883 723; x_wconf 90' lang='lat' dir='ltr'><strong>iam</strong></span> 
     </span>
    </p>
   </div>
   <div class='ocr_carea' id='block_1_31' title="bbox 2300 762 3885 843">
    <p class='ocr_par' dir='ltr' id='par_1_31' title="bbox 2300 762 3885 843">
     <span class='ocr_line' id='line_1_31' title="bbox 2300 762 3885 843; baseline -0.004 -18"><span class='ocrx_word' id='word_1_209' title='bbox 2300 764 2426 825; x_wconf 90' lang='lat' dir='ltr'><strong>illis</strong></span> <span class='ocrx_word' id='word_1_210' title='bbox 2449 764 2708 826; x_wconf 89' lang='lat' dir='ltr'><strong>Palladii</strong></span> <span class='ocrx_word' id='word_1_211' title='bbox 2730 763 3123 843; x_wconf 87' lang='lat' dir='ltr'><strong>temporibus</strong></span> <span class='ocrx_word' id='word_1_212' title='bbox 3159 762 3468 823; x_wconf 80' lang='lat' dir='ltr'><strong>exstitisse</strong></span> <span class='ocrx_word' id='word_1_213' title='bbox 3502 762 3885 823; x_wconf 82' lang='lat' dir='ltr'><strong>narrationes</strong></span> 
     </span>
    </p>
   </div>
   <div class='ocr_carea' id='block_1_32' title="bbox 2302 862 3885 948">
    <p class='ocr_par' dir='ltr' id='par_1_32' title="bbox 2302 862 3885 948">
     <span class='ocr_line' id='line_1_32' title="bbox 2302 862 3885 948; baseline -0.005 -18"><span class='ocrx_word' id='word_1_214' title='bbox 2302 884 2689 948; x_wconf 85' lang='lat' dir='ltr'><strong>magnopere</strong></span> <span class='ocrx_word' id='word_1_215' title='bbox 2708 866 2871 927; x_wconf 91' lang='lat' dir='ltr'><strong>inter</strong></span> <span class='ocrx_word' id='word_1_216' title='bbox 2900 882 2965 927; x_wconf 90' lang='lat' dir='ltr'><strong>se</strong></span> <span class='ocrx_word' id='word_1_217' title='bbox 2998 864 3449 943; x_wconf 88' lang='lat' dir='ltr'><strong>discrepantes.</strong></span> <span class='ocrx_word' id='word_1_218' title='bbox 3480 864 3648 935; x_wconf 89' lang='lat' dir='ltr'><strong>Quae</strong></span> <span class='ocrx_word' id='word_1_219' title='bbox 3678 862 3727 922; x_wconf 93' lang='lat' dir='ltr'><strong>si</strong></span> <span class='ocrx_word' id='word_1_220' title='bbox 3761 879 3885 923; x_wconf 88' lang='lat' dir='ltr'><strong>non</strong></span> 
     </span>
    </p>
   </div>
   <div class='ocr_carea' id='block_1_33' title="bbox 2304 964 3886 1047">
    <p class='ocr_par' dir='ltr' id='par_1_33' title="bbox 2304 964 3886 1047">
     <span class='ocr_line' id='line_1_33' title="bbox 2304 964 3886 1047; baseline -0.004 -16"><span class='ocrx_word' id='word_1_221' title='bbox 2304 972 2704 1045; x_wconf 76' lang='lat' dir='ltr'><strong>exstitissent,</strong></span> <span class='ocrx_word' id='word_1_222' title='bbox 2727 968 3038 1033; x_wconf 90' lang='lat' dir='ltr'><strong>Palladius</strong></span> <span class='ocrx_word' id='word_1_223' title='bbox 3065 967 3387 1029; x_wconf 90' lang='lat' dir='ltr'><strong>historiam</strong></span> <span class='ocrx_word' id='word_1_224' title='bbox 3420 966 3695 1047; x_wconf 86' lang='lat' dir='ltr'><strong>prodigii</strong></span> <span class='ocrx_word' id='word_1_225' title='bbox 3725 964 3886 1026; x_wconf 89' lang='lat' dir='ltr'><strong>haud</strong></span> 
     </span>
    </p>
   </div>
   <div class='ocr_carea' id='block_1_34' title="bbox 2302 1072 2637 1134">
    <p class='ocr_par' dir='ltr' id='par_1_34' title="bbox 2302 1072 2637 1134">
     <span class='ocr_line' id='line_1_34' title="bbox 2302 1072 2637 1134; baseline 0.003 -2"><span class='ocrx_word' id='word_1_226' title='bbox 2302 1072 2637 1134; x_wconf 79' lang='lat' dir='ltr'><strong>omisisset.</strong></span> 
     </span>
    </p>
   </div>
   <div class='ocr_carea' id='block_1_35' title="bbox 2383 1169 3887 1250">
    <p class='ocr_par' dir='ltr' id='par_1_35' title="bbox 2383 1169 3887 1250">
     <span class='ocr_line' id='line_1_35' title="bbox 2383 1169 3887 1250; baseline -0.002 -17"><span class='ocrx_word' id='word_1_227' title='bbox 2383 1177 2410 1248; x_wconf 83' lang='lat'>§</span> <span class='ocrx_word' id='word_1_228' title='bbox 2451 1172 2542 1233; x_wconf 89' lang='grc'><strong>15.</strong></span> <span class='ocrx_word' id='word_1_229' title='bbox 2581 1174 2667 1234; x_wconf 91' lang='lat' dir='ltr'><strong>De</strong></span> <span class='ocrx_word' id='word_1_230' title='bbox 2715 1172 2827 1234; x_wconf 91' lang='lat' dir='ltr'><strong>illo</strong></span> <span class='ocrx_word' id='word_1_231' title='bbox 2873 1170 3298 1245; x_wconf 88' lang='lat' dir='ltr'><strong>adolescente,</strong></span> <span class='ocrx_word' id='word_1_232' title='bbox 3333 1169 3441 1250; x_wconf 93' lang='lat' dir='ltr'><strong>qui</strong></span> <span class='ocrx_word' id='word_1_233' title='bbox 3488 1176 3612 1230; x_wconf 89' lang='lat' dir='ltr'><strong>tam</strong></span> <span class='ocrx_word' id='word_1_234' title='bbox 3658 1169 3887 1233; x_wconf 91' lang='lat' dir='ltr'><strong>multos</strong></span> 
     </span>
    </p>
   </div>
   <div class='ocr_carea' id='block_1_36' title="bbox 2301 1272 3882 1353">
    <p class='ocr_par' dir='ltr' id='par_1_36' title="bbox 2301 1272 3882 1353">
     <span class='ocr_line' id='line_1_36' title="bbox 2301 1272 3882 1353; baseline -0.003 -18"><span class='ocrx_word' id='word_1_235' title='bbox 2301 1290 2497 1353; x_wconf 90' lang='lat' dir='ltr'><strong>panes</strong></span> <span class='ocrx_word' id='word_1_236' title='bbox 2515 1273 2886 1335; x_wconf 87' lang='lat' dir='ltr'><strong>comedebat</strong></span> <span class='ocrx_word' id='word_1_237' title='bbox 2905 1273 3206 1351; x_wconf 89' lang='lat' dir='ltr'><strong>cibosque</strong></span> <span class='ocrx_word' id='word_1_238' title='bbox 3224 1288 3514 1333; x_wconf 86' lang='lat' dir='ltr'><strong>comesos</strong></span> <span class='ocrx_word' id='word_1_239' title='bbox 3535 1272 3882 1343; x_wconf 86' lang='lat' dir='ltr'><strong>evomebat,</strong></span> 
     </span>
    </p>
   </div>
   <div class='ocr_carea' id='block_1_37' title="bbox 2272 1358 3885 1452">
    <p class='ocr_par' dir='ltr' id='par_1_37' title="bbox 2272 1358 3885 1452">
     <span class='ocr_line' id='line_1_37' title="bbox 2272 1358 3885 1452; baseline -0.001 -19"><span class='ocrx_word' id='word_1_240' title='bbox 2272 1358 2337 1433; x_wconf 12' lang='lat' dir='ltr'><strong>Aa</strong></span> <span class='ocrx_word' id='word_1_241' title='bbox 2386 1373 2652 1435; x_wconf 89' lang='lat' dir='ltr'><strong>Macario</strong></span> <span class='ocrx_word' id='word_1_242' title='bbox 2709 1372 3018 1452; x_wconf 88' lang='lat' dir='ltr'><strong>Aegyptio</strong></span> <span class='ocrx_word' id='word_1_243' title='bbox 3076 1379 3293 1434; x_wconf 86' lang='lat' dir='ltr'><strong>sanato</strong></span> <span class='ocrx_word' id='word_1_244' title='bbox 3351 1370 3523 1433; x_wconf 91' lang='lat' dir='ltr'><strong>solus</strong></span> <span class='ocrx_word' id='word_1_245' title='bbox 3576 1370 3885 1432; x_wconf 88' lang='lat' dir='ltr'><strong>Palladius</strong></span> 
     </span>
    </p>
   </div>
   <div class='ocr_carea' id='block_1_38' title="bbox 2299 1472 3889 1552">
    <p class='ocr_par' dir='ltr' id='par_1_38' title="bbox 2299 1472 3889 1552">
     <span class='ocr_line' id='line_1_38' title="bbox 2299 1472 3889 1552; baseline 0 -19"><span class='ocrx_word' id='word_1_246' title='bbox 2299 1472 2508 1534; x_wconf 88' lang='lat' dir='ltr'><strong>tradit.</strong></span> <span class='ocrx_word' id='word_1_247' title='bbox 2540 1473 2879 1535; x_wconf 90' lang='lat' dir='ltr'><strong>Hominem</strong></span> <span class='ocrx_word' id='word_1_248' title='bbox 2907 1472 3239 1546; x_wconf 91' lang='lat' dir='ltr'><strong>illustrem,</strong></span> <span class='ocrx_word' id='word_1_249' title='bbox 3272 1472 3441 1552; x_wconf 91' lang='lat' dir='ltr'><strong>quia</strong></span> <span class='ocrx_word' id='word_1_250' title='bbox 3463 1472 3771 1535; x_wconf 88' lang='lat' dir='ltr'><strong>daemone</strong></span> <span class='ocrx_word' id='word_1_251' title='bbox 3796 1472 3889 1533; x_wconf 85' lang='lat' dir='ltr'><strong>fu-</strong></span> 
     </span>
    </p>
   </div>
   <div class='ocr_carea' id='block_1_39' title="bbox 2301 1574 3887 1656">
    <p class='ocr_par' dir='ltr' id='par_1_39' title="bbox 2301 1574 3887 1656">
     <span class='ocr_line' id='line_1_39' title="bbox 2301 1574 3887 1656; baseline 0.002 -22"><span class='ocrx_word' id='word_1_252' title='bbox 2301 1574 2469 1637; x_wconf 90' lang='lat' dir='ltr'><strong>rioso</strong></span> <span class='ocrx_word' id='word_1_253' title='bbox 2490 1575 2595 1646; x_wconf 85' lang='lat'><strong>57</strong></span> <span class='ocrx_word' id='word_1_254' title='bbox 2614 1581 2959 1656; x_wconf 90' lang='lat' dir='ltr'><strong>occupatus</strong></span> <span class='ocrx_word' id='word_1_255' title='bbox 2986 1575 3219 1655; x_wconf 90' lang='lat' dir='ltr'><strong>pariter</strong></span> <span class='ocrx_word' id='word_1_256' title='bbox 3240 1576 3497 1656; x_wconf 86' lang='lat' dir='ltr'><strong>prOpria</strong></span> <span class='ocrx_word' id='word_1_257' title='bbox 3518 1575 3887 1637; x_wconf 85' lang='lat' dir='ltr'><strong>comedebat</strong></span> 
     </span>
    </p>
   </div>
   <div class='ocr_carea' id='block_1_40' title="bbox 2302 1674 3887 1755">
    <p class='ocr_par' dir='ltr' id='par_1_40' title="bbox 2302 1674 3887 1755">
     <span class='ocr_line' id='line_1_40' title="bbox 2302 1674 3887 1755; baseline 0.003 -22"><span class='ocrx_word' id='word_1_258' title='bbox 2302 1680 2726 1749; x_wconf 83' lang='lat' dir='ltr'><strong>excrementa,</strong></span> <span class='ocrx_word' id='word_1_259' title='bbox 2775 1674 3012 1735; x_wconf 89' lang='lat' dir='ltr'><strong>sanavit</strong></span> <span class='ocrx_word' id='word_1_260' title='bbox 3054 1676 3116 1736; x_wconf 95' lang='grc'><strong>8.</strong></span> <span class='ocrx_word' id='word_1_261' title='bbox 3152 1676 3459 1738; x_wconf 89' lang='lat' dir='ltr'><strong>Antonius</strong></span> <span class='ocrx_word' id='word_1_262' title='bbox 3510 1675 3618 1755; x_wconf 87' lang='lat'><strong>(9).</strong></span> <span class='ocrx_word' id='word_1_263' title='bbox 3669 1677 3887 1738; x_wconf 88' lang='lat' dir='ltr'><strong>Mulier</strong></span> 
     </span>
    </p>
   </div>
   <div class='ocr_carea' id='block_1_41' title="bbox 2301 1772 3884 1854">
    <p class='ocr_par' dir='ltr' id='par_1_41' title="bbox 2301 1772 3884 1854">
     <span class='ocr_line' id='line_1_41' title="bbox 2301 1772 3884 1854; baseline 0.004 -22"><span class='ocrx_word' id='word_1_264' title='bbox 2301 1772 2632 1849; x_wconf 89' lang='lat' dir='ltr'><strong>quaedam,</strong></span> <span class='ocrx_word' id='word_1_265' title='bbox 2667 1792 2830 1854; x_wconf 91' lang='lat' dir='ltr'><strong>quae</strong></span> <span class='ocrx_word' id='word_1_266' title='bbox 2874 1775 3155 1854; x_wconf 90' lang='lat' dir='ltr'><strong>quotidie</strong></span> <span class='ocrx_word' id='word_1_267' title='bbox 3197 1775 3447 1854; x_wconf 87' lang='lat' dir='ltr'><strong>triginta</strong></span> <span class='ocrx_word' id='word_1_268' title='bbox 3483 1776 3744 1854; x_wconf 87' lang='lat' dir='ltr'><strong>gallinas</strong></span> <span class='ocrx_word' id='word_1_269' title='bbox 3775 1794 3884 1839; x_wconf 93' lang='lat' dir='ltr'><strong>co-</strong></span> 
     </span>
    </p>
   </div>
   <div class='ocr_carea' id='block_1_42' title="bbox 2297 1874 3885 1958">
    <p class='ocr_par' dir='ltr' id='par_1_42' title="bbox 2297 1874 3885 1958">
     <span class='ocr_line' id='line_1_42' title="bbox 2297 1874 3885 1958; baseline 0.004 -25"><span class='ocrx_word' id='word_1_270' title='bbox 2297 1874 2590 1936; x_wconf 86' lang='lat' dir='ltr'><strong>medebat</strong></span> <span class='ocrx_word' id='word_1_271' title='bbox 2638 1894 2846 1956; x_wconf 87' lang='lat' dir='ltr'><strong>neque</strong></span> <span class='ocrx_word' id='word_1_272' title='bbox 2890 1876 3014 1939; x_wconf 92' lang='lat' dir='ltr'><strong>cibi</strong></span> <span class='ocrx_word' id='word_1_273' title='bbox 3059 1877 3415 1939; x_wconf 87' lang='lat' dir='ltr'><strong>aviditatem</strong></span> <span class='ocrx_word' id='word_1_274' title='bbox 3467 1877 3722 1958; x_wconf 78' lang='lat' dir='ltr'><strong>explere</strong></span> <span class='ocrx_word' id='word_1_275' title='bbox 3767 1895 3885 1958; x_wconf 92' lang='lat' dir='ltr'><strong>po-</strong></span> 
     </span>
    </p>
   </div>
   <div class='ocr_carea' id='block_1_43' title="bbox 2295 1974 3886 2059">
    <p class='ocr_par' dir='ltr' id='par_1_43' title="bbox 2295 1974 3886 2059">
     <span class='ocr_line' id='line_1_43' title="bbox 2295 1974 3886 2059; baseline 0.004 -25"><span class='ocrx_word' id='word_1_276' title='bbox 2295 1978 2483 2049; x_wconf 89' lang='lat' dir='ltr'><strong>terat,</strong></span> <span class='ocrx_word' id='word_1_277' title='bbox 2531 1982 2745 2037; x_wconf 90' lang='lat' dir='ltr'><strong>sanata</strong></span> <span class='ocrx_word' id='word_1_278' title='bbox 2789 1982 2943 2038; x_wconf 91' lang='lat' dir='ltr'><strong>esta</strong></span> <span class='ocrx_word' id='word_1_279' title='bbox 2972 1977 3419 2040; x_wconf 90' lang='lat' dir='ltr'><strong>S.Macedonio</strong></span> <span class='ocrx_word' id='word_1_280' title='bbox 3458 1974 3605 2059; x_wconf 91' lang='lat'>(10).</span> <span class='ocrx_word' id='word_1_281' title='bbox 3655 1978 3886 2041; x_wconf 89' lang='lat' dir='ltr'><strong>Adole-</strong></span> 
     </span>
    </p>
   </div>
   <div class='ocr_carea' id='block_1_44' title="bbox 2294 2076 3884 2159">
    <p class='ocr_par' dir='ltr' id='par_1_44' title="bbox 2294 2076 3884 2159">
     <span class='ocr_line' id='line_1_44' title="bbox 2294 2076 3884 2159; baseline 0.004 -23"><span class='ocrx_word' id='word_1_282' title='bbox 2294 2076 2495 2137; x_wconf 90' lang='lat' dir='ltr'><strong>scenti</strong></span> <span class='ocrx_word' id='word_1_283' title='bbox 2539 2076 2643 2139; x_wconf 91' lang='lat' dir='ltr'><strong>isti</strong></span> <span class='ocrx_word' id='word_1_284' title='bbox 2672 2079 2962 2141; x_wconf 90' lang='lat' dir='ltr'><strong>morbum</strong></span> <span class='ocrx_word' id='word_1_285' title='bbox 2991 2080 3219 2159; x_wconf 90' lang='lat' dir='ltr'><strong>ingerit</strong></span> <span class='ocrx_word' id='word_1_286' title='bbox 3256 2080 3525 2143; x_wconf 87' lang='lat' dir='ltr'><strong>daemon</strong></span> <span class='ocrx_word' id='word_1_287' title='bbox 3563 2080 3884 2159; x_wconf 89' lang='lat' dir='ltr'><strong>ingluviei,</strong></span> 
     </span>
    </p>
   </div>
   <div class='ocr_carea' id='block_1_45' title="bbox 2296 2174 3881 2259">
    <p class='ocr_par' dir='ltr' id='par_1_45' title="bbox 2296 2174 3881 2259">
     <span class='ocr_line' id='line_1_45' title="bbox 2296 2174 3881 2259; baseline 0.003 -24"><span class='ocrx_word' id='word_1_288' title='bbox 2296 2174 2406 2253; x_wconf 87' lang='lat' dir='ltr'><strong>qui</strong></span> <span class='ocrx_word' id='word_1_289' title='bbox 2444 2191 2521 2235; x_wconf 79' lang='lat' dir='ltr'><strong>ex</strong></span> <span class='ocrx_word' id='word_1_290' title='bbox 2557 2175 2778 2238; x_wconf 90' lang='lat' dir='ltr'><strong>ordine</strong></span> <span class='ocrx_word' id='word_1_291' title='bbox 2813 2183 2905 2237; x_wconf 90' lang='lat' dir='ltr'><strong>est</strong></span> <span class='ocrx_word' id='word_1_292' title='bbox 2940 2195 3183 2252; x_wconf 92' lang='lat' dir='ltr'><strong>eorum,</strong></span> <span class='ocrx_word' id='word_1_293' title='bbox 3217 2178 3326 2259; x_wconf 87' lang='lat' dir='ltr'><strong>qui</strong></span> <span class='ocrx_word' id='word_1_294' title='bbox 3358 2178 3528 2257; x_wconf 90' lang='lat' dir='ltr'><strong>ignei</strong></span> <span class='ocrx_word' id='word_1_295' title='bbox 3558 2187 3881 2241; x_wconf 88' lang='lat' dir='ltr'><strong>vocantur.</strong></span> 
     </span>
    </p>
   </div>
   <div class='ocr_carea' id='block_1_46' title="bbox 2293 2274 3885 2360">
    <p class='ocr_par' dir='ltr' id='par_1_46' title="bbox 2293 2274 3885 2360">
     <span class='ocr_line' id='line_1_46' title="bbox 2293 2274 3885 2360; baseline 0.006 -25"><span class='ocrx_word' id='word_1_296' title='bbox 2293 2276 2366 2335; x_wconf 72' lang='lat' dir='ltr'><strong>Ia</strong></span> <span class='ocrx_word' id='word_1_297' title='bbox 2394 2274 2517 2336; x_wconf 87' lang='lat' dir='ltr'><strong>vita</strong></span> <span class='ocrx_word' id='word_1_298' title='bbox 2553 2277 2615 2337; x_wconf 93' lang='grc'><strong>8.</strong></span> <span class='ocrx_word' id='word_1_299' title='bbox 2663 2278 2940 2353; x_wconf 86' lang='lat' dir='ltr'><strong>Antonii,</strong></span> <span class='ocrx_word' id='word_1_300' title='bbox 2992 2279 3098 2341; x_wconf 92' lang='lat' dir='ltr'><strong>ubi</strong></span> <span class='ocrx_word' id='word_1_301' title='bbox 3145 2278 3225 2340; x_wconf 92' lang='lat' dir='ltr'><strong>de</strong></span> <span class='ocrx_word' id='word_1_302' title='bbox 3267 2278 3682 2343; x_wconf 90' lang='lat' dir='ltr'><strong>daemonibus</strong></span> <span class='ocrx_word' id='word_1_303' title='bbox 3714 2280 3885 2360; x_wconf 87' lang='lat' dir='ltr'><strong>large</strong></span> 
     </span>
    </p>
   </div>
   <div class='ocr_carea' id='block_1_47' title="bbox 2296 2375 3887 2459">
    <p class='ocr_par' dir='ltr' id='par_1_47' title="bbox 2296 2375 3887 2459">
     <span class='ocr_line' id='line_1_47' title="bbox 2296 2375 3887 2459; baseline 0.005 -24"><span class='ocrx_word' id='word_1_304' title='bbox 2296 2375 2785 2457; x_wconf 69' lang='lat' dir='ltr'><strong>aiisseritur(11),</strong></span> <span class='ocrx_word' id='word_1_305' title='bbox 2816 2378 2976 2441; x_wconf 89' lang='lat' dir='ltr'><strong>ordo</strong></span> <span class='ocrx_word' id='word_1_306' title='bbox 2994 2379 3249 2459; x_wconf 90' lang='lat' dir='ltr'><strong>quidem</strong></span> <span class='ocrx_word' id='word_1_307' title='bbox 3278 2379 3611 2457; x_wconf 89' lang='lat' dir='ltr'><strong>igneorum</strong></span> <span class='ocrx_word' id='word_1_308' title='bbox 3634 2380 3887 2444; x_wconf 86' lang='lat' dir='ltr'><strong>daemo-</strong></span> 
     </span>
    </p>
   </div>
   <div class='ocr_carea' id='block_1_48' title="bbox 2292 2476 3884 2561">
    <p class='ocr_par' dir='ltr' id='par_1_48' title="bbox 2292 2476 3884 2561">
     <span class='ocr_line' id='line_1_48' title="bbox 2292 2476 3884 2561; baseline 0.005 -24"><span class='ocrx_word' id='word_1_309' title='bbox 2292 2476 2448 2538; x_wconf 87' lang='lat' dir='ltr'><strong>hum</strong></span> <span class='ocrx_word' id='word_1_310' title='bbox 2478 2495 2607 2540; x_wconf 90' lang='lat' dir='ltr'><strong>non</strong></span> <span class='ocrx_word' id='word_1_311' title='bbox 2638 2478 3062 2559; x_wconf 90' lang='lat' dir='ltr'><strong>distinguitur.</strong></span> <span class='ocrx_word' id='word_1_312' title='bbox 3101 2482 3188 2544; x_wconf 89' lang='lat' dir='ltr'><strong>De</strong></span> <span class='ocrx_word' id='word_1_313' title='bbox 3232 2482 3528 2561; x_wconf 91' lang='lat' dir='ltr'><strong>gradibus</strong></span> <span class='ocrx_word' id='word_1_314' title='bbox 3553 2501 3702 2545; x_wconf 87' lang='lat' dir='ltr'><strong>vero</strong></span> <span class='ocrx_word' id='word_1_315' title='bbox 3731 2484 3884 2545; x_wconf 89' lang='lat' dir='ltr'><strong>dae-</strong></span> 
     </span>
    </p>
   </div>
   <div class='ocr_carea' id='block_1_49' title="bbox 2294 2585 3883 2660">
    <p class='ocr_par' dir='ltr' id='par_1_49' title="bbox 2294 2585 3883 2660">
     <span class='ocr_line' id='line_1_49' title="bbox 2294 2585 3883 2660; baseline 0 -17"><span class='ocrx_word' id='word_1_316' title='bbox 2294 2599 2556 2645; x_wconf 74' lang='lat' dir='ltr'><strong>monum</strong></span> <span class='ocrx_word' id='word_1_317' title='bbox 2584 2585 2867 2646; x_wconf 87' lang='lat' dir='ltr'><strong>scribens</strong></span> <span class='ocrx_word' id='word_1_318' title='bbox 2892 2586 3272 2649; x_wconf 91' lang='lat' dir='ltr'><strong>Trithemius</strong></span> <span class='ocrx_word' id='word_1_319' title='bbox 3305 2603 3320 2647; x_wconf 91' lang='lat'><strong>:</strong></span> <span class='ocrx_word' id='word_1_320' title='bbox 3356 2609 3385 2643; x_wconf 83' lang='lat'>«</span> <span class='ocrx_word' id='word_1_321' title='bbox 3412 2586 3604 2649; x_wconf 91' lang='lat' dir='ltr'><strong>Multa</strong></span> <span class='ocrx_word' id='word_1_322' title='bbox 3631 2588 3825 2660; x_wconf 86' lang='lat' dir='ltr'><strong>enim,</strong></span> <span class='ocrx_word' id='word_1_323' title='bbox 3856 2612 3883 2643; x_wconf 67' lang='grc' dir='ltr'>υ</span> 
     </span>
    </p>
   </div>
   <div class='ocr_carea' id='block_1_50' title="bbox 2291 2682 3887 2764">
    <p class='ocr_par' dir='ltr' id='par_1_50' title="bbox 2291 2682 3887 2764">
     <span class='ocr_line' id='line_1_50' title="bbox 2291 2682 3887 2764; baseline 0.005 -21"><span class='ocrx_word' id='word_1_324' title='bbox 2291 2682 2520 2762; x_wconf 87' lang='lat' dir='ltr'><strong>inquit,</strong></span> <span class='ocrx_word' id='word_1_325' title='bbox 2548 2707 2575 2741; x_wconf 89' lang='grc'><strong>‹‹</strong></span> <span class='ocrx_word' id='word_1_326' title='bbox 2594 2692 2740 2746; x_wconf 92' lang='lat' dir='ltr'><strong>sunt</strong></span> <span class='ocrx_word' id='word_1_327' title='bbox 2768 2703 3000 2764; x_wconf 90' lang='lat' dir='ltr'><strong>genera</strong></span> <span class='ocrx_word' id='word_1_328' title='bbox 3016 2686 3422 2763; x_wconf 91' lang='lat' dir='ltr'><strong>daemonum,</strong></span> <span class='ocrx_word' id='word_1_329' title='bbox 3446 2694 3505 2751; x_wconf 92' lang='lat' dir='ltr'><strong>et</strong></span> <span class='ocrx_word' id='word_1_330' title='bbox 3521 2689 3707 2750; x_wconf 89' lang='lat' dir='ltr'><strong>certis</strong></span> <span class='ocrx_word' id='word_1_331' title='bbox 3722 2689 3887 2751; x_wconf 90' lang='lat' dir='ltr'><strong>inter</strong></span> 
     </span>
    </p>
   </div>
   <div class='ocr_carea' id='block_1_51' title="bbox 2294 2783 3886 2867">
    <p class='ocr_par' dir='ltr' id='par_1_51' title="bbox 2294 2783 3886 2867">
     <span class='ocr_line' id='line_1_51' title="bbox 2294 2783 3886 2867; baseline 0.005 -25"><span class='ocrx_word' id='word_1_332' title='bbox 2294 2798 2362 2843; x_wconf 88' lang='lat' dir='ltr'><strong>sc</strong></span> <span class='ocrx_word' id='word_1_333' title='bbox 2396 2783 2693 2860; x_wconf 84' lang='lat' dir='ltr'><strong>gradibus</strong></span> <span class='ocrx_word' id='word_1_334' title='bbox 2727 2784 2979 2860; x_wconf 89' lang='lat' dir='ltr'><strong>distant,</strong></span> <span class='ocrx_word' id='word_1_335' title='bbox 3010 2786 3252 2848; x_wconf 90' lang='lat' dir='ltr'><strong>ratione</strong></span> <span class='ocrx_word' id='word_1_336' title='bbox 3280 2786 3591 2863; x_wconf 91' lang='lat' dir='ltr'><strong>locorum,</strong></span> <span class='ocrx_word' id='word_1_337' title='bbox 3624 2788 3691 2847; x_wconf 93' lang='lat' dir='ltr'><strong>in</strong></span> <span class='ocrx_word' id='word_1_338' title='bbox 3722 2806 3886 2867; x_wconf 90' lang='lat' dir='ltr'><strong>quae</strong></span> 
     </span>
    </p>
   </div>
   <div class='ocr_carea' id='block_1_52' title="bbox 2293 2881 3886 2966">
    <p class='ocr_par' dir='ltr' id='par_1_52' title="bbox 2293 2881 3886 2966">
     <span class='ocr_line' id='line_1_52' title="bbox 2293 2881 3886 2966; baseline 0.006 -25"><span class='ocrx_word' id='word_1_339' title='bbox 2293 2881 2591 2945; x_wconf 89' lang='lat' dir='ltr'><strong>cadentes</strong></span> <span class='ocrx_word' id='word_1_340' title='bbox 2637 2901 2674 2946; x_wconf 89' lang='lat' dir='ltr'><strong>a</strong></span> <span class='ocrx_word' id='word_1_341' title='bbox 2723 2885 3039 2966; x_wconf 89' lang='lat' dir='ltr'><strong>principio</strong></span> <span class='ocrx_word' id='word_1_342' title='bbox 3101 2893 3249 2949; x_wconf 92' lang='lat' dir='ltr'><strong>sunt</strong></span> <span class='ocrx_word' id='word_1_343' title='bbox 3296 2887 3555 2950; x_wconf 90' lang='lat' dir='ltr'><strong>detrusi.</strong></span> <span class='ocrx_word' id='word_1_344' title='bbox 3606 2890 3886 2952; x_wconf 86' lang='lat' dir='ltr'><strong>Primum</strong></span> 
     </span>
    </p>
   </div>
   <div class='ocr_carea' id='block_1_53' title="bbox 2293 2980 3882 3066">
    <p class='ocr_par' dir='ltr' id='par_1_53' title="bbox 2293 2980 3882 3066">
     <span class='ocr_line' id='line_1_53' title="bbox 2293 2980 3882 3066; baseline 0.006 -26"><span class='ocrx_word' id='word_1_345' title='bbox 2293 2980 2549 3058; x_wconf 91' lang='lat' dir='ltr'><strong>quidem</strong></span> <span class='ocrx_word' id='word_1_346' title='bbox 2588 2998 2788 3060; x_wconf 87' lang='lat' dir='ltr'><strong>genus</strong></span> <span class='ocrx_word' id='word_1_347' title='bbox 2814 2983 3199 3047; x_wconf 89' lang='lat' dir='ltr'><strong>daemonum</strong></span> <span class='ocrx_word' id='word_1_348' title='bbox 3221 2986 3578 3066; x_wconf 89' lang='lat' dir='ltr'><strong>appellatur</strong></span> <span class='ocrx_word' id='word_1_349' title='bbox 3601 2987 3882 3065; x_wconf 87' lang='lat' dir='ltr'><strong>igneum.</strong></span> 
     </span>
    </p>
   </div>
   <div class='ocr_carea' id='block_1_54' title="bbox 2293 3081 3880 3167">
    <p class='ocr_par' dir='ltr' id='par_1_54' title="bbox 2293 3081 3880 3167">
     <span class='ocr_line' id='line_1_54' title="bbox 2293 3081 3880 3167; baseline 0.005 -26"><span class='ocrx_word' id='word_1_350' title='bbox 2293 3081 2473 3153; x_wconf 90' lang='lat' dir='ltr'><strong>Quod</strong></span> <span class='ocrx_word' id='word_1_351' title='bbox 2527 3083 2693 3145; x_wconf 90' lang='lat' dir='ltr'><strong>circa</strong></span> <span class='ocrx_word' id='word_1_352' title='bbox 2746 3084 3141 3164; x_wconf 90' lang='lat' dir='ltr'><strong>superiorem</strong></span> <span class='ocrx_word' id='word_1_353' title='bbox 3204 3094 3578 3167; x_wconf 87' lang='lat' dir='ltr'><strong>pervagatur</strong></span> <span class='ocrx_word' id='word_1_354' title='bbox 3636 3106 3880 3162; x_wconf 89' lang='lat' dir='ltr'><strong>aerem,</strong></span> 
     </span>
    </p>
   </div>
   <div class='ocr_carea' id='block_1_55' title="bbox 608 3170 3887 3263">
    <p class='ocr_par' dir='ltr' id='par_1_55' title="bbox 608 3170 3887 3263">
     <span class='ocr_line' id='line_1_55' title="bbox 608 3170 3887 3263; baseline 0.004 -23"><span class='ocrx_word' id='word_1_355' title='bbox 608 3182 1135 3243; x_wconf 88' lang='lat' dir='ltr'><strong>resurrectionem</strong></span> <span class='ocrx_word' id='word_1_356' title='bbox 1170 3181 1562 3261; x_wconf 89' lang='lat' dir='ltr'><strong>probandam</strong></span> <span class='ocrx_word' id='word_1_357' title='bbox 1608 3179 2010 3243; x_wconf 86' lang='lat' dir='ltr'><strong>resuscitatus</strong></span> <span class='ocrx_word' id='word_1_358' title='bbox 2049 3194 2185 3239; x_wconf 88' lang='lat' dir='ltr'><strong>esse</strong></span> <span class='ocrx_word' id='word_1_359' title='bbox 2215 3170 2257 3229; x_wconf 84' lang='lat' dir='ltr'>C</span> <span class='ocrx_word' id='word_1_360' title='bbox 2290 3197 2409 3242; x_wconf 91' lang='lat' dir='ltr'><strong>nec</strong></span> <span class='ocrx_word' id='word_1_361' title='bbox 2456 3199 2739 3263; x_wconf 87' lang='lat' dir='ltr'><strong>unquam</strong></span> <span class='ocrx_word' id='word_1_362' title='bbox 2787 3194 2933 3248; x_wconf 90' lang='lat' dir='ltr'><strong>ante</strong></span> <span class='ocrx_word' id='word_1_363' title='bbox 2981 3187 3200 3250; x_wconf 91' lang='lat' dir='ltr'><strong>iudicii</strong></span> <span class='ocrx_word' id='word_1_364' title='bbox 3246 3189 3413 3251; x_wconf 90' lang='lat' dir='ltr'><strong>diem</strong></span> <span class='ocrx_word' id='word_1_365' title='bbox 3464 3189 3543 3251; x_wconf 89' lang='lat' dir='ltr'><strong>ad</strong></span> <span class='ocrx_word' id='word_1_366' title='bbox 3584 3190 3887 3253; x_wconf 88' lang='lat' dir='ltr'><strong>inferiora</strong></span> 
     </span>
    </p>
   </div>
   <div class='ocr_carea' id='block_1_56' title="bbox 608 3275 2187 3362">
    <p class='ocr_par' dir='ltr' id='par_1_56' title="bbox 608 3275 2187 3362">
     <span class='ocr_line' id='line_1_56' title="bbox 608 3275 2187 3362; baseline -0.001 -21"><span class='ocrx_word' id='word_1_367' title='bbox 608 3279 675 3341; x_wconf 88' lang='lat' dir='ltr'><strong>in</strong></span> <span class='ocrx_word' id='word_1_368' title='bbox 729 3281 852 3343; x_wconf 91' lang='lat' dir='ltr'><strong>vita</strong></span> <span class='ocrx_word' id='word_1_369' title='bbox 896 3282 958 3341; x_wconf 94' lang='grc'><strong>8.</strong></span> <span class='ocrx_word' id='word_1_370' title='bbox 1014 3283 1263 3344; x_wconf 88' lang='lat' dir='ltr'><strong>Patricii</strong></span> <span class='ocrx_word' id='word_1_371' title='bbox 1310 3298 1567 3362; x_wconf 91' lang='lat' dir='ltr'><strong>quoque</strong></span> <span class='ocrx_word' id='word_1_372' title='bbox 1630 3280 1818 3360; x_wconf 90' lang='lat' dir='ltr'><strong>plane</strong></span> <span class='ocrx_word' id='word_1_373' title='bbox 1876 3275 2187 3341; x_wconf 90' lang='lat' dir='ltr'><strong>consimili</strong></span> 
     </span>
    </p>
   </div>
   <div class='ocr_carea' id='block_1_57' title="bbox 608 3379 2182 3462">
    <p class='ocr_par' dir='ltr' id='par_1_57' title="bbox 608 3379 2182 3462">
     <span class='ocr_line' id='line_1_57' title="bbox 608 3379 2182 3462; baseline -0.001 -23"><span class='ocrx_word' id='word_1_374' title='bbox 608 3379 800 3441; x_wconf 89' lang='lat' dir='ltr'><strong>modo</strong></span> <span class='ocrx_word' id='word_1_375' title='bbox 852 3381 1117 3444; x_wconf 87' lang='lat' dir='ltr'><strong>traditur</strong></span> <span class='ocrx_word' id='word_1_376' title='bbox 1195 3381 1300 3462; x_wconf 87' lang='lat'>(8).</span> <span class='ocrx_word' id='word_1_377' title='bbox 1370 3381 1524 3455; x_wconf 91' lang='lat' dir='ltr'><strong>Quia</strong></span> <span class='ocrx_word' id='word_1_378' title='bbox 1577 3379 1890 3444; x_wconf 89' lang='lat' dir='ltr'><strong>Palladius</strong></span> <span class='ocrx_word' id='word_1_379' title='bbox 1954 3383 2182 3452; x_wconf 89' lang='lat' dir='ltr'><strong>narrat,</strong></span> 
     </span>
    </p>
   </div>
   <div class='ocr_carea' id='block_1_58' title="bbox 608 3479 2187 3543">
    <p class='ocr_par' dir='ltr' id='par_1_58' title="bbox 608 3479 2187 3543">
     <span class='ocr_line' id='line_1_58' title="bbox 608 3479 2187 3543; baseline -0.001 -3"><span class='ocrx_word' id='word_1_380' title='bbox 608 3486 1001 3541; x_wconf 88' lang='lat' dir='ltr'><strong>constantem</strong></span> <span class='ocrx_word' id='word_1_381' title='bbox 1028 3482 1094 3542; x_wconf 93' lang='lat' dir='ltr'><strong>in</strong></span> <span class='ocrx_word' id='word_1_382' title='bbox 1117 3481 1453 3543; x_wconf 89' lang='lat' dir='ltr'><strong>solitudine</strong></span> <span class='ocrx_word' id='word_1_383' title='bbox 1468 3481 1698 3543; x_wconf 89' lang='lat' dir='ltr'><strong>famam</strong></span> <span class='ocrx_word' id='word_1_384' title='bbox 1715 3480 1906 3541; x_wconf 90' lang='lat' dir='ltr'><strong>fuisse</strong></span> <span class='ocrx_word' id='word_1_385' title='bbox 1923 3479 2002 3541; x_wconf 93' lang='lat' dir='ltr'><strong>de</strong></span> <span class='ocrx_word' id='word_1_386' title='bbox 2022 3495 2187 3539; x_wconf 91' lang='lat' dir='ltr'><strong>mor-</strong></span> 
     </span>
    </p>
   </div>
   <div class='ocr_carea' id='block_1_59' title="bbox 607 3576 2185 3658">
    <p class='ocr_par' dir='ltr' id='par_1_59' title="bbox 607 3576 2185 3658">
     <span class='ocr_line' id='line_1_59' title="bbox 607 3576 2185 3658; baseline 0.001 -20"><span class='ocrx_word' id='word_1_387' title='bbox 607 3580 741 3651; x_wconf 85' lang='lat' dir='ltr'><strong>tuo,</strong></span> <span class='ocrx_word' id='word_1_388' title='bbox 775 3576 964 3658; x_wconf 83' lang='lat' dir='ltr'><strong>quem</strong></span> <span class='ocrx_word' id='word_1_389' title='bbox 986 3581 1288 3642; x_wconf 86' lang='lat' dir='ltr'><strong>Macarius</strong></span> <span class='ocrx_word' id='word_1_390' title='bbox 1320 3581 1723 3656; x_wconf 88' lang='lat' dir='ltr'><strong>resuscitarit,</strong></span> <span class='ocrx_word' id='word_1_391' title='bbox 1753 3586 1823 3642; x_wconf 92' lang='lat' dir='ltr'><strong>ut</strong></span> <span class='ocrx_word' id='word_1_392' title='bbox 1844 3594 2185 3658; x_wconf 92' lang='lat' dir='ltr'><strong>corporum</strong></span> 
     </span>
    </p>
   </div>
   <div class='ocr_carea' id='block_1_60' title="bbox 608 3718 2197 3798">
    <p class='ocr_par' dir='ltr' id='par_1_60' title="bbox 608 3718 2197 3798">
     <span class='ocr_line' id='line_1_60' title="bbox 608 3718 2197 3798; baseline 0.001 -23"><span class='ocrx_word' id='word_1_393' title='bbox 608 3736 665 3791; x_wconf 92' lang='lat' dir='ltr'><strong>p.</strong></span> <span class='ocrx_word' id='word_1_394' title='bbox 699 3718 801 3773; x_wconf 66' lang='lat'><strong>747</strong></span> <span class='ocrx_word' id='word_1_395' title='bbox 839 3736 959 3792; x_wconf 81' lang='lat' dir='ltr'><strong>sqq.</strong></span> <span class='ocrx_word' id='word_1_396' title='bbox 989 3719 1135 3777; x_wconf 88' lang='lat' dir='ltr'><strong>Sauli</strong></span> <span class='ocrx_word' id='word_1_397' title='bbox 1170 3720 1474 3778; x_wconf 90' lang='lat' dir='ltr'><strong>Samuclem</strong></span> <span class='ocrx_word' id='word_1_398' title='bbox 1497 3739 1622 3779; x_wconf 88' lang='lat' dir='ltr'><strong>vere</strong></span> <span class='ocrx_word' id='word_1_399' title='bbox 1655 3723 1975 3798; x_wconf 66' lang='lat' dir='ltr'><strong>apparuisse</strong></span> <span class='ocrx_word' id='word_1_400' title='bbox 2008 3721 2197 3778; x_wconf 80' lang='lat' dir='ltr'><strong>docuit</strong></span> 
     </span>
    </p>
   </div>
   <div class='ocr_carea' id='block_1_61' title="bbox 606 3808 2085 3882">
    <p class='ocr_par' dir='ltr' id='par_1_61' title="bbox 606 3808 2085 3882">
     <span class='ocr_line' id='line_1_61' title="bbox 606 3808 2085 3882; baseline 0.003 -17"><span class='ocrx_word' id='word_1_401' title='bbox 606 3808 807 3866; x_wconf 79' lang='lat' dir='ltr'><strong>Justin.</strong></span> <span class='ocrx_word' id='word_1_402' title='bbox 844 3808 1009 3881; x_wconf 79' lang='lat' dir='ltr'><strong>Resp.</strong></span> <span class='ocrx_word' id='word_1_403' title='bbox 1043 3814 1109 3867; x_wconf 86' lang='lat' dir='ltr'><strong>ad</strong></span> <span class='ocrx_word' id='word_1_404' title='bbox 1135 3811 1357 3879; x_wconf 85' lang='lat' dir='ltr'><strong>Quaest.</strong></span> <span class='ocrx_word' id='word_1_405' title='bbox 1390 3814 1459 3869; x_wconf 71' lang='lat'><strong>52</strong></span> <span class='ocrx_word' id='word_1_406' title='bbox 1492 3812 1739 3882; x_wconf 87' lang='lat' dir='ltr'><strong>Quaestt.</strong></span> <span class='ocrx_word' id='word_1_407' title='bbox 1786 3815 2085 3870; x_wconf 84' lang='lat' dir='ltr'><strong>Christian.</strong></span> 
     </span>
    </p>
   </div>
   <div class='ocr_carea' id='block_1_62' title="bbox 678 3900 2189 3976">
    <p class='ocr_par' dir='ltr' id='par_1_62' title="bbox 678 3900 2189 3976">
     <span class='ocr_line' id='line_1_62' title="bbox 678 3900 2189 3976; baseline 0.005 -22"><span class='ocrx_word' id='word_1_408' title='bbox 678 3902 755 3971; x_wconf 96' lang='grc'><strong>(1)</strong></span> <span class='ocrx_word' id='word_1_409' title='bbox 788 3900 847 3956; x_wconf 86' lang='lat' dir='ltr'><strong>S.</strong></span> <span class='ocrx_word' id='word_1_410' title='bbox 882 3902 1169 3974; x_wconf 87' lang='lat' dir='ltr'><strong>Cbrysost.</strong></span> <span class='ocrx_word' id='word_1_411' title='bbox 1213 3904 1403 3959; x_wconf 83' lang='lat' dir='ltr'><strong>honiil.</strong></span> <span class='ocrx_word' id='word_1_412' title='bbox 1456 3906 1523 3960; x_wconf 68' lang='lat'><strong>29</strong></span> <span class='ocrx_word' id='word_1_413' title='bbox 1574 3906 1629 3960; x_wconf 93' lang='lat' dir='ltr'><strong>in</strong></span> <span class='ocrx_word' id='word_1_414' title='bbox 1660 3903 1877 3969; x_wconf 87' lang='lat' dir='ltr'><strong>Matth.,</strong></span> <span class='ocrx_word' id='word_1_415' title='bbox 1921 3904 2061 3976; x_wconf 87' lang='lat' dir='ltr'><strong>Opp.</strong></span> <span class='ocrx_word' id='word_1_416' title='bbox 2100 3905 2189 3961; x_wconf 89' lang='lat' dir='ltr'><strong>ed.</strong></span> 
     </span>
    </p>
   </div>
   <div class='ocr_carea' id='block_1_63' title="bbox 552 3991 2191 4070">
    <p class='ocr_par' dir='ltr' id='par_1_63' title="bbox 552 3991 2191 4070">
     <span class='ocr_line' id='line_1_63' title="bbox 552 3991 2191 4070; baseline 0.007 -26"><span class='ocrx_word' id='word_1_417' title='bbox 552 4016 555 4021; x_wconf 53' lang='grc'>‹</span> <span class='ocrx_word' id='word_1_418' title='bbox 613 3991 966 4053; x_wconf 84' lang='lat' dir='ltr'><strong>Montfaucon</strong></span> <span class='ocrx_word' id='word_1_419' title='bbox 984 3995 1046 4050; x_wconf 87' lang='grc' dir='ltr'><strong>Τ.</strong></span> <span class='ocrx_word' id='word_1_420' title='bbox 1073 3994 1162 4049; x_wconf 80' lang='lat' dir='ltr'><strong>Vll</strong></span> <span class='ocrx_word' id='word_1_421' title='bbox 1192 4012 1246 4067; x_wconf 93' lang='lat' dir='ltr'><strong>p.</strong></span> <span class='ocrx_word' id='word_1_422' title='bbox 1272 3997 1379 4052; x_wconf 80' lang='lat'><strong>566</strong></span> <span class='ocrx_word' id='word_1_423' title='bbox 1405 4014 1550 4068; x_wconf 86' lang='lat' dir='ltr'><strong>sqq.,</strong></span> <span class='ocrx_word' id='word_1_424' title='bbox 1574 3996 1632 4053; x_wconf 91' lang='lat' dir='ltr'><strong>S.</strong></span> <span class='ocrx_word' id='word_1_425' title='bbox 1655 4000 1794 4070; x_wconf 85' lang='lat' dir='ltr'><strong>Aug.</strong></span> <span class='ocrx_word' id='word_1_426' title='bbox 1818 3999 1886 4054; x_wconf 90' lang='lat' dir='ltr'><strong>de</strong></span> <span class='ocrx_word' id='word_1_427' title='bbox 1915 3999 2078 4055; x_wconf 87' lang='lat' dir='ltr'><strong>Civit.</strong></span> <span class='ocrx_word' id='word_1_428' title='bbox 2096 4000 2191 4057; x_wconf 88' lang='lat' dir='ltr'><strong>Dei</strong></span> 
     </span>
    </p>
   </div>
   <div class='ocr_carea' id='block_1_64' title="bbox 609 4083 2194 4164">
    <p class='ocr_par' dir='ltr' id='par_1_64' title="bbox 609 4083 2194 4164">
     <span class='ocr_line' id='line_1_64' title="bbox 609 4083 2194 4164; baseline 0.006 -26"><span class='ocrx_word' id='word_1_429' title='bbox 609 4084 708 4139; x_wconf 62' lang='lat' dir='ltr'><strong>lib.</strong></span> <span class='ocrx_word' id='word_1_430' title='bbox 729 4083 797 4149; x_wconf 85' lang='grc' dir='ltr'><strong>Χ,</strong></span> <span class='ocrx_word' id='word_1_431' title='bbox 827 4084 859 4139; x_wconf 89' lang='lat'><strong>9</strong></span> <span class='ocrx_word' id='word_1_432' title='bbox 891 4102 1009 4155; x_wconf 85' lang='lat' dir='ltr'><strong>sqq.</strong></span> <span class='ocrx_word' id='word_1_433' title='bbox 1039 4094 1092 4141; x_wconf 92' lang='lat' dir='ltr'><strong>et</strong></span> <span class='ocrx_word' id='word_1_434' title='bbox 1114 4089 1341 4157; x_wconf 89' lang='lat' dir='ltr'><strong>passim.</strong></span> <span class='ocrx_word' id='word_1_435' title='bbox 1374 4088 1459 4143; x_wconf 83' lang='lat' dir='ltr'><strong>Cf.</strong></span> <span class='ocrx_word' id='word_1_436' title='bbox 1497 4088 1699 4150; x_wconf 83' lang='lat' dir='ltr'><strong>Justin.</strong></span> <span class='ocrx_word' id='word_1_437' title='bbox 1726 4092 1884 4162; x_wconf 90' lang='lat' dir='ltr'><strong>Apol.</strong></span> <span class='ocrx_word' id='word_1_438' title='bbox 1918 4092 1966 4146; x_wconf 90' lang='lat' dir='ltr'><strong>ll</strong></span> <span class='ocrx_word' id='word_1_439' title='bbox 1996 4108 2119 4164; x_wconf 88' lang='lat' dir='ltr'><strong>cap.</strong></span> <span class='ocrx_word' id='word_1_440' title='bbox 2159 4092 2194 4147; x_wconf 82' lang='lat'><strong>5</strong></span> 
     </span>
    </p>
   </div>
   <div class='ocr_carea' id='block_1_65' title="bbox 608 4176 2192 4253">
    <p class='ocr_par' dir='ltr' id='par_1_65' title="bbox 608 4176 2192 4253">
     <span class='ocr_line' id='line_1_65' title="bbox 608 4176 2192 4253; baseline 0.006 -21"><span class='ocrx_word' id='word_1_441' title='bbox 608 4191 731 4245; x_wconf 63' lang='lat' dir='ltr'><strong>sqq.</strong></span> <span class='ocrx_word' id='word_1_442' title='bbox 761 4178 846 4231; x_wconf 89' lang='lat' dir='ltr'><strong>ed.</strong></span> <span class='ocrx_word' id='word_1_443' title='bbox 900 4176 1076 4234; x_wconf 86' lang='lat' dir='ltr'><strong>Paris.</strong></span> <span class='ocrx_word' id='word_1_444' title='bbox 1121 4180 1259 4234; x_wconf 80' lang='grc'><strong>1658</strong></span> <span class='ocrx_word' id='word_1_445' title='bbox 1296 4196 1347 4249; x_wconf 91' lang='lat' dir='ltr'><strong>p.</strong></span> <span class='ocrx_word' id='word_1_446' title='bbox 1393 4181 1462 4235; x_wconf 84' lang='lat'><strong>65</strong></span> <span class='ocrx_word' id='word_1_447' title='bbox 1514 4198 1662 4253; x_wconf 85' lang='lat' dir='ltr'><strong>sqq.,</strong></span> <span class='ocrx_word' id='word_1_448' title='bbox 1709 4183 1799 4238; x_wconf 88' lang='lat' dir='ltr'><strong>ed.</strong></span> <span class='ocrx_word' id='word_1_449' title='bbox 1858 4184 1987 4239; x_wconf 90' lang='lat' dir='ltr'><strong>Otto</strong></span> <span class='ocrx_word' id='word_1_450' title='bbox 2031 4186 2192 4242; x_wconf 89' lang='lat' dir='ltr'><strong>lenae</strong></span> 
     </span>
    </p>
   </div>
   <div class='ocr_carea' id='block_1_66' title="bbox 609 4265 2192 4345">
    <p class='ocr_par' dir='ltr' id='par_1_66' title="bbox 609 4265 2192 4345">
     <span class='ocr_line' id='line_1_66' title="bbox 609 4265 2192 4345; baseline 0.009 -28"><span class='ocrx_word' id='word_1_451' title='bbox 609 4266 748 4319; x_wconf 69' lang='grc'>1849.</span> <span class='ocrx_word' id='word_1_452' title='bbox 772 4265 874 4323; x_wconf 90' lang='grc' dir='ltr'><strong>Τ.Ι</strong></span> <span class='ocrx_word' id='word_1_453' title='bbox 903 4284 955 4338; x_wconf 92' lang='lat' dir='ltr'><strong>p.</strong></span> <span class='ocrx_word' id='word_1_454' title='bbox 991 4268 1098 4323; x_wconf 70' lang='lat'><strong>295</strong></span> <span class='ocrx_word' id='word_1_455' title='bbox 1124 4284 1281 4340; x_wconf 85' lang='lat' dir='ltr'><strong>sqq.;</strong></span> <span class='ocrx_word' id='word_1_456' title='bbox 1313 4270 1461 4343; x_wconf 79' lang='lat' dir='ltr'><strong>Orig.</strong></span> <span class='ocrx_word' id='word_1_457' title='bbox 1491 4284 1679 4329; x_wconf 89' lang='lat' dir='ltr'><strong>contra</strong></span> <span class='ocrx_word' id='word_1_458' title='bbox 1702 4274 1920 4333; x_wconf 87' lang='lat' dir='ltr'><strong>Celsum</strong></span> <span class='ocrx_word' id='word_1_459' title='bbox 1953 4275 1994 4345; x_wconf 88' lang='lat' dir='ltr'><strong>l,</strong></span> <span class='ocrx_word' id='word_1_460' title='bbox 2039 4277 2107 4333; x_wconf 87' lang='grc'><strong>68</strong></span> <span class='ocrx_word' id='word_1_461' title='bbox 2137 4285 2192 4334; x_wconf 89' lang='lat' dir='ltr'><strong>et</strong></span> 
     </span>
    </p>
   </div>
   <div class='ocr_carea' id='block_1_67' title="bbox 609 4373 833 4427">
    <p class='ocr_par' dir='ltr' id='par_1_67' title="bbox 609 4373 833 4427">
     <span class='ocr_line' id='line_1_67' title="bbox 609 4373 833 4427; baseline 0 -18"><span class='ocrx_word' id='word_1_462' title='bbox 609 4373 833 4427; x_wconf 69' lang='lat' dir='ltr'><strong>passum.</strong></span> 
     </span>
    </p>
   </div>
   <div class='ocr_carea' id='block_1_68' title="bbox 678 4449 2181 4526">
    <p class='ocr_par' dir='ltr' id='par_1_68' title="bbox 678 4449 2181 4526">
     <span class='ocr_line' id='line_1_68' title="bbox 678 4449 2181 4526; baseline 0.01 -25"><span class='ocrx_word' id='word_1_463' title='bbox 678 4450 754 4519; x_wconf 70' lang='lat' dir='ltr'>(it)</span> <span class='ocrx_word' id='word_1_464' title='bbox 809 4449 1035 4507; x_wconf 81' lang='lat' dir='ltr'><strong>Michael</strong></span> <span class='ocrx_word' id='word_1_465' title='bbox 1090 4452 1287 4526; x_wconf 84' lang='lat' dir='ltr'><strong>Glycas</strong></span> <span class='ocrx_word' id='word_1_466' title='bbox 1334 4456 1520 4512; x_wconf 89' lang='lat' dir='ltr'><strong>annal.</strong></span> <span class='ocrx_word' id='word_1_467' title='bbox 1564 4455 1699 4513; x_wconf 87' lang='lat' dir='ltr'><strong>Pars</strong></span> <span class='ocrx_word' id='word_1_468' title='bbox 1754 4455 1824 4513; x_wconf 84' lang='lat' dir='ltr'><strong>IV</strong></span> <span class='ocrx_word' id='word_1_469' title='bbox 1887 4459 1974 4516; x_wconf 90' lang='lat' dir='ltr'><strong>ed.</strong></span> <span class='ocrx_word' id='word_1_470' title='bbox 2007 4457 2181 4516; x_wconf 88' lang='lat' dir='ltr'><strong>Bonn.</strong></span> 
     </span>
    </p>
   </div>
   <div class='ocr_carea' id='block_1_69' title="bbox 608 4540 815 4609">
    <p class='ocr_par' dir='ltr' id='par_1_69' title="bbox 608 4540 815 4609">
     <span class='ocr_line' id='line_1_69' title="bbox 608 4540 815 4609; baseline 0.01 -15"><span class='ocrx_word' id='word_1_471' title='bbox 608 4556 661 4609; x_wconf 86' lang='lat' dir='ltr'><strong>p.</strong></span> <span class='ocrx_word' id='word_1_472' title='bbox 692 4540 815 4596; x_wconf 72' lang='lat'><strong>550.</strong></span> 
     </span>
    </p>
   </div>
   <div class='ocr_carea' id='block_1_70' title="bbox 673 4632 2181 4709">
    <p class='ocr_par' dir='ltr' id='par_1_70' title="bbox 673 4632 2181 4709">
     <span class='ocr_line' id='line_1_70' title="bbox 673 4632 2181 4709; baseline 0.009 -24"><span class='ocrx_word' id='word_1_473' title='bbox 673 4632 749 4702; x_wconf 84' lang='lat'>(&#39;5)</span> <span class='ocrx_word' id='word_1_474' title='bbox 807 4632 870 4688; x_wconf 84' lang='grc' dir='ltr'>Η.</span> <span class='ocrx_word' id='word_1_475' title='bbox 920 4634 1158 4691; x_wconf 79' lang='lat' dir='ltr'><strong>Dﬁntzcr</strong></span> <span class='ocrx_word' id='word_1_476' title='bbox 1191 4636 1288 4692; x_wconf 91' lang='lat' dir='ltr'><strong>Die</strong></span> <span class='ocrx_word' id='word_1_477' title='bbox 1335 4636 1472 4709; x_wconf 82' lang='lat' dir='ltr'><strong>Sage</strong></span> <span class='ocrx_word' id='word_1_478' title='bbox 1506 4654 1614 4694; x_wconf 85' lang='lat' dir='ltr'><strong>von</strong></span> <span class='ocrx_word' id='word_1_479' title='bbox 1660 4638 1861 4695; x_wconf 89' lang='lat' dir='ltr'><strong>Doctor</strong></span> <span class='ocrx_word' id='word_1_480' title='bbox 1901 4640 2181 4699; x_wconf 82' lang='lat' dir='ltr'><strong>Johannes</strong></span> 
     </span>
    </p>
   </div>
   <div class='ocr_carea' id='block_1_71' title="bbox 604 4725 2201 4809">
    <p class='ocr_par' dir='ltr' id='par_1_71' title="bbox 604 4725 2201 4809">
     <span class='ocr_line' id='line_1_71' title="bbox 604 4725 2201 4809; baseline 0.008 -29"><span class='ocrx_word' id='word_1_481' title='bbox 604 4725 773 4782; x_wconf 82' lang='lat' dir='ltr'><strong>Faust</strong></span> <span class='ocrx_word' id='word_1_482' title='bbox 805 4744 858 4798; x_wconf 92' lang='lat' dir='ltr'><strong>p.</strong></span> <span class='ocrx_word' id='word_1_483' title='bbox 894 4728 1024 4799; x_wconf 75' lang='lat'><strong>175;</strong></span> <span class='ocrx_word' id='word_1_484' title='bbox 1050 4730 1123 4786; x_wconf 89' lang='lat' dir='ltr'><strong>cf.</strong></span> <span class='ocrx_word' id='word_1_485' title='bbox 1158 4732 1291 4788; x_wconf 87' lang='lat' dir='ltr'><strong>ibid.</strong></span> <span class='ocrx_word' id='word_1_486' title='bbox 1333 4749 1387 4804; x_wconf 92' lang='lat' dir='ltr'><strong>p.</strong></span> <span class='ocrx_word' id='word_1_487' title='bbox 1415 4733 1517 4788; x_wconf 84' lang='grc'><strong>159</strong></span> <span class='ocrx_word' id='word_1_488' title='bbox 1549 4750 1670 4806; x_wconf 85' lang='lat' dir='ltr'><strong>sqq.</strong></span> <span class='ocrx_word' id='word_1_489' title='bbox 1699 4734 1877 4793; x_wconf 86' lang='lat' dir='ltr'><strong>Delrio</strong></span> <span class='ocrx_word' id='word_1_490' title='bbox 1916 4738 2201 4809; x_wconf 75' lang='lat' dir='ltr'><strong>Disquisit-</strong></span> 
     </span>
    </p>
   </div>
   <div class='ocr_carea' id='block_1_72' title="bbox 605 4820 934 4890">
    <p class='ocr_par' dir='ltr' id='par_1_72' title="bbox 605 4820 934 4890">
     <span class='ocr_line' id='line_1_72' title="bbox 605 4820 934 4890; baseline 0.006 -17"><span class='ocrx_word' id='word_1_491' title='bbox 605 4820 800 4890; x_wconf 81' lang='lat' dir='ltr'><strong>magic.</strong></span> <span class='ocrx_word' id='word_1_492' title='bbox 834 4820 869 4874; x_wconf 90' lang='grc' dir='ltr'>Ι.</span> <span class='ocrx_word' id='word_1_493' title='bbox 896 4821 934 4875; x_wconf 93' lang='lat' dir='ltr'><strong>l.</strong></span> 
     </span>
    </p>
   </div>
   <div class='ocr_carea' id='block_1_73' title="bbox 673 4911 2172 4980">
    <p class='ocr_par' dir='ltr' id='par_1_73' title="bbox 673 4911 2172 4980">
     <span class='ocr_line' id='line_1_73' title="bbox 673 4911 2172 4980; baseline 0.009 -14"><span class='ocrx_word' id='word_1_494' title='bbox 673 4913 747 4980; x_wconf 76' lang='grc'>(4)</span> <span class='ocrx_word' id='word_1_495' title='bbox 772 4911 831 4968; x_wconf 86' lang='lat' dir='ltr'><strong>In</strong></span> <span class='ocrx_word' id='word_1_496' title='bbox 863 4914 1037 4969; x_wconf 83' lang='lat' dir='ltr'><strong>indice</strong></span> <span class='ocrx_word' id='word_1_497' title='bbox 1059 4917 1253 4972; x_wconf 80' lang='lat' dir='ltr'><strong>morali</strong></span> <span class='ocrx_word' id='word_1_498' title='bbox 1290 4917 1535 4975; x_wconf 81' lang='lat' dir='ltr'><strong>cuiusvis</strong></span> <span class='ocrx_word' id='word_1_499' title='bbox 1580 4919 1695 4976; x_wconf 85' lang='lat' dir='ltr'><strong>fere</strong></span> <span class='ocrx_word' id='word_1_500' title='bbox 1737 4921 1871 4976; x_wconf 88' lang='lat' dir='ltr'><strong>tomi</strong></span> <span class='ocrx_word' id='word_1_501' title='bbox 1912 4922 2027 4976; x_wconf 89' lang='lat' dir='ltr'><strong>AA.</strong></span> <span class='ocrx_word' id='word_1_502' title='bbox 2070 4920 2172 4979; x_wconf 84' lang='lat' dir='ltr'><strong>SS.</strong></span> 
     </span>
    </p>
   </div>
   <div class='ocr_carea' id='block_1_74' title="bbox 599 5002 2035 5083">
    <p class='ocr_par' dir='ltr' id='par_1_74' title="bbox 599 5002 2035 5083">
     <span class='ocr_line' id='line_1_74' title="bbox 599 5002 2035 5083; baseline 0.008 -26"><span class='ocrx_word' id='word_1_503' title='bbox 599 5002 735 5057; x_wconf 88' lang='lat' dir='ltr'><strong>Boll.</strong></span> <span class='ocrx_word' id='word_1_504' title='bbox 773 5021 819 5059; x_wconf 92' lang='lat' dir='ltr'><strong>s.</strong></span> <span class='ocrx_word' id='word_1_505' title='bbox 854 5023 908 5061; x_wconf 75' lang='grc' dir='ltr'>ν.</span> <span class='ocrx_word' id='word_1_506' title='bbox 935 5018 1174 5063; x_wconf 80' lang='lat' dir='ltr'><strong>mortuus</strong></span> <span class='ocrx_word' id='word_1_507' title='bbox 1197 5010 1428 5079; x_wconf 88' lang='lat' dir='ltr'><strong>plurima</strong></span> <span class='ocrx_word' id='word_1_508' title='bbox 1451 5012 1696 5083; x_wconf 82' lang='lat' dir='ltr'><strong>exempla</strong></span> <span class='ocrx_word' id='word_1_509' title='bbox 1721 5013 2035 5069; x_wconf 89' lang='lat' dir='ltr'><strong>laudantur.</strong></span> 
     </span>
    </p>
   </div>
   <div class='ocr_carea' id='block_1_75' title="bbox 670 5092 2173 5173">
    <p class='ocr_par' dir='ltr' id='par_1_75' title="bbox 670 5092 2173 5173">
     <span class='ocr_line' id='line_1_75' title="bbox 670 5092 2173 5173; baseline 0.011 -28"><span class='ocrx_word' id='word_1_510' title='bbox 670 5092 745 5162; x_wconf 76' lang='lat'>(5)</span> <span class='ocrx_word' id='word_1_511' title='bbox 778 5093 1023 5152; x_wconf 83' lang='lat' dir='ltr'><strong>Mortuus</strong></span> <span class='ocrx_word' id='word_1_512' title='bbox 1051 5098 1378 5163; x_wconf 84' lang='lat' dir='ltr'><strong>monachus,</strong></span> <span class='ocrx_word' id='word_1_513' title='bbox 1410 5114 1441 5152; x_wconf 90' lang='lat' dir='ltr'><strong>a</strong></span> <span class='ocrx_word' id='word_1_514' title='bbox 1470 5098 1528 5155; x_wconf 90' lang='lat' dir='ltr'><strong>S.</strong></span> <span class='ocrx_word' id='word_1_515' title='bbox 1561 5102 1841 5173; x_wconf 82' lang='lat' dir='ltr'><strong>Comgallo</strong></span> <span class='ocrx_word' id='word_1_516' title='bbox 1875 5106 2173 5160; x_wconf 86' lang='lat' dir='ltr'><strong>resuscita-</strong></span> 
     </span>
    </p>
   </div>
   <div class='ocr_carea' id='block_1_76' title="bbox 597 5189 2168 5262">
    <p class='ocr_par' dir='ltr' id='par_1_76' title="bbox 597 5189 2168 5262">
     <span class='ocr_line' id='line_1_76' title="bbox 597 5189 2168 5262; baseline 0.011 -23"><span class='ocrx_word' id='word_1_517' title='bbox 597 5195 709 5252; x_wconf 87' lang='lat' dir='ltr'><strong>tus,</strong></span> <span class='ocrx_word' id='word_1_518' title='bbox 740 5189 1053 5257; x_wconf 86' lang='lat' dir='ltr'><strong>quindecim</strong></span> <span class='ocrx_word' id='word_1_519' title='bbox 1086 5198 1278 5262; x_wconf 86' lang='lat' dir='ltr'><strong>postea</strong></span> <span class='ocrx_word' id='word_1_520' title='bbox 1312 5207 1490 5261; x_wconf 85' lang='lat' dir='ltr'><strong>annos</strong></span> <span class='ocrx_word' id='word_1_521' title='bbox 1529 5194 1687 5250; x_wconf 79' lang='lat' dir='ltr'><strong>vixit.</strong></span> <span class='ocrx_word' id='word_1_522' title='bbox 1726 5195 1840 5251; x_wconf 85' lang='lat' dir='ltr'><strong>AA.</strong></span> <span class='ocrx_word' id='word_1_523' title='bbox 1889 5195 1990 5252; x_wconf 91' lang='lat' dir='ltr'><strong>SS.</strong></span> <span class='ocrx_word' id='word_1_524' title='bbox 2029 5197 2168 5257; x_wconf 91' lang='lat' dir='ltr'><strong>Boll.</strong></span> 
     </span>
    </p>
   </div>
   <div class='ocr_carea' id='block_1_77' title="bbox 594 5277 1219 5351">
    <p class='ocr_par' dir='ltr' id='par_1_77' title="bbox 594 5277 1219 5351">
     <span class='ocr_line' id='line_1_77' title="bbox 594 5277 1219 5351; baseline 0.016 -19"><span class='ocrx_word' id='word_1_525' title='bbox 594 5277 724 5333; x_wconf 81' lang='lat' dir='ltr'><strong>Mai.</strong></span> <span class='ocrx_word' id='word_1_526' title='bbox 755 5278 819 5334; x_wconf 81' lang='grc' dir='ltr'>Τ.</span> <span class='ocrx_word' id='word_1_527' title='bbox 851 5279 894 5335; x_wconf 90' lang='grc' dir='ltr'><strong>ιι</strong></span> <span class='ocrx_word' id='word_1_528' title='bbox 928 5282 1219 5351; x_wconf 67' lang='lat' dir='ltr'><strong>p.581,d.</strong></span> 
     </span>
    </p>
   </div>
   <div class='ocr_carea' id='block_1_78' title="bbox 667 5370 1547 5448">
    <p class='ocr_par' dir='ltr' id='par_1_78' title="bbox 667 5370 1547 5448">
     <span class='ocr_line' id='line_1_78' title="bbox 667 5370 1547 5448; baseline 0.01 -24"><span class='ocrx_word' id='word_1_529' title='bbox 667 5371 748 5441; x_wconf 87' lang='lat'>(6)</span> <span class='ocrx_word' id='word_1_530' title='bbox 776 5370 861 5426; x_wconf 82' lang='lat' dir='ltr'><strong>cr.</strong></span> <span class='ocrx_word' id='word_1_531' title='bbox 894 5372 1037 5427; x_wconf 88' lang='lat' dir='ltr'><strong>infra</strong></span> <span class='ocrx_word' id='word_1_532' title='bbox 1065 5375 1255 5448; x_wconf 86' lang='lat' dir='ltr'><strong>Capita</strong></span> <span class='ocrx_word' id='word_1_533' title='bbox 1284 5374 1352 5431; x_wconf 83' lang='lat' dir='ltr'><strong>IV</strong></span> <span class='ocrx_word' id='word_1_534' title='bbox 1381 5385 1437 5433; x_wconf 89' lang='lat' dir='ltr'><strong>et</strong></span> <span class='ocrx_word' id='word_1_535' title='bbox 1457 5375 1547 5433; x_wconf 79' lang='lat' dir='ltr'><strong>vr.</strong></span> 
     </span>
    </p>
   </div>
   <div class='ocr_carea' id='block_1_79' title="bbox 665 5461 1361 5535">
    <p class='ocr_par' dir='ltr' id='par_1_79' title="bbox 665 5461 1361 5535">
     <span class='ocr_line' id='line_1_79' title="bbox 665 5461 1361 5535; baseline 0.014 -23"><span class='ocrx_word' id='word_1_536' title='bbox 665 5461 747 5527; x_wconf 74' lang='lat'>(7)</span> <span class='ocrx_word' id='word_1_537' title='bbox 778 5462 861 5517; x_wconf 82' lang='lat' dir='ltr'><strong>Cf.</strong></span> <span class='ocrx_word' id='word_1_538' title='bbox 895 5463 1038 5519; x_wconf 80' lang='lat' dir='ltr'><strong>infra</strong></span> <span class='ocrx_word' id='word_1_539' title='bbox 1064 5466 1241 5535; x_wconf 89' lang='lat' dir='ltr'><strong>Caput</strong></span> <span class='ocrx_word' id='word_1_540' title='bbox 1272 5467 1361 5523; x_wconf 85' lang='lat' dir='ltr'><strong>Vl.</strong></span> 
     </span>
    </p>
   </div>
   <div class='ocr_carea' id='block_1_80' title="bbox 664 5554 2164 5639">
    <p class='ocr_par' dir='ltr' id='par_1_80' title="bbox 664 5554 2164 5639">
     <span class='ocr_line' id='line_1_80' title="bbox 664 5554 2164 5639; baseline 0.01 -31"><span class='ocrx_word' id='word_1_541' title='bbox 664 5554 743 5623; x_wconf 84' lang='lat'>(8)</span> <span class='ocrx_word' id='word_1_542' title='bbox 774 5555 1032 5621; x_wconf 87' lang='lat' dir='ltr'><strong>Patricio,</strong></span> <span class='ocrx_word' id='word_1_543' title='bbox 1066 5559 1360 5618; x_wconf 80' lang='lat' dir='ltr'><strong>Hiberniae</strong></span> <span class='ocrx_word' id='word_1_544' title='bbox 1388 5565 1661 5635; x_wconf 85' lang='lat' dir='ltr'><strong>apostolo,</strong></span> <span class='ocrx_word' id='word_1_545' title='bbox 1709 5567 1952 5639; x_wconf 79' lang='lat' dir='ltr'><strong>regulus,</strong></span> <span class='ocrx_word' id='word_1_546' title='bbox 2004 5584 2164 5639; x_wconf 89' lang='lat' dir='ltr'><strong>quem</strong></span> 
     </span>
    </p>
   </div>
   <div class='ocr_carea' id='block_1_81' title="bbox 2293 3280 3888 3373">
    <p class='ocr_par' dir='ltr' id='par_1_81' title="bbox 2293 3280 3888 3373">
     <span class='ocr_line' id='line_1_81' title="bbox 2293 3280 3888 3373; baseline 0.008 -31"><span class='ocrx_word' id='word_1_547' title='bbox 2293 3280 2701 3363; x_wconf 90' lang='lat' dir='ltr'><strong>demergitur,</strong></span> <span class='ocrx_word' id='word_1_548' title='bbox 2734 3288 2844 3350; x_wconf 92' lang='lat' dir='ltr'><strong>sed</strong></span> <span class='ocrx_word' id='word_1_549' title='bbox 2870 3289 3171 3352; x_wconf 91' lang='lat' dir='ltr'><strong>continuo</strong></span> <span class='ocrx_word' id='word_1_550' title='bbox 3202 3292 3318 3353; x_wconf 91' lang='lat' dir='ltr'><strong>sub</strong></span> <span class='ocrx_word' id='word_1_551' title='bbox 3350 3290 3715 3370; x_wconf 89' lang='lat' dir='ltr'><strong>regionibus</strong></span> <span class='ocrx_word' id='word_1_552' title='bbox 3744 3310 3888 3373; x_wconf 86' lang='lat' dir='ltr'><strong>per-</strong></span> 
     </span>
    </p>
   </div>
   <div class='ocr_carea' id='block_1_82' title="bbox 2290 3386 3885 3453">
    <p class='ocr_par' dir='ltr' id='par_1_82' title="bbox 2290 3386 3885 3453">
     <span class='ocr_line' id='line_1_82' title="bbox 2290 3386 3885 3453; baseline 0.008 -12"><span class='ocrx_word' id='word_1_553' title='bbox 2290 3390 2618 3447; x_wconf 89' lang='lat' dir='ltr'><strong>manentes</strong></span> <span class='ocrx_word' id='word_1_554' title='bbox 2651 3386 2977 3450; x_wconf 91' lang='lat' dir='ltr'><strong>lunaribus</strong></span> <span class='ocrx_word' id='word_1_555' title='bbox 3010 3387 3256 3451; x_wconf 90' lang='lat' dir='ltr'><strong>nullum</strong></span> <span class='ocrx_word' id='word_1_556' title='bbox 3299 3388 3535 3451; x_wconf 91' lang='lat' dir='ltr'><strong>habent</strong></span> <span class='ocrx_word' id='word_1_557' title='bbox 3572 3408 3718 3452; x_wconf 91' lang='lat' dir='ltr'><strong>cum</strong></span> <span class='ocrx_word' id='word_1_558' title='bbox 3758 3390 3885 3453; x_wconf 90' lang='lat' dir='ltr'><strong>ho-</strong></span> 
     </span>
    </p>
   </div>
   <div class='ocr_carea' id='block_1_83' title="bbox 2290 3480 3892 3570">
    <p class='ocr_par' dir='ltr' id='par_1_83' title="bbox 2290 3480 3892 3570">
     <span class='ocr_line' id='line_1_83' title="bbox 2290 3480 3892 3570; baseline 0.009 -30"><span class='ocrx_word' id='word_1_559' title='bbox 2290 3480 2566 3547; x_wconf 88' lang='lat' dir='ltr'><strong>minibus</strong></span> <span class='ocrx_word' id='word_1_560' title='bbox 2586 3486 2651 3547; x_wconf 95' lang='lat' dir='ltr'><strong>in</strong></span> <span class='ocrx_word' id='word_1_561' title='bbox 2681 3493 2843 3550; x_wconf 89' lang='lat' dir='ltr'><strong>terra</strong></span> <span class='ocrx_word' id='word_1_562' title='bbox 2864 3490 3507 3570; x_wconf 77' lang='lat' dir='ltr'><strong>commercium(12).»</strong></span> <span class='ocrx_word' id='word_1_563' title='bbox 3534 3494 3731 3565; x_wconf 89' lang='lat' dir='ltr'><strong>Quam</strong></span> <span class='ocrx_word' id='word_1_564' title='bbox 3751 3493 3892 3555; x_wconf 85' lang='lat' dir='ltr'><strong>Tri-</strong></span> 
     </span>
    </p>
   </div>
   <div class='ocr_carea' id='block_1_84' title="bbox 2290 3579 3891 3669">
    <p class='ocr_par' dir='ltr' id='par_1_84' title="bbox 2290 3579 3891 3669">
     <span class='ocr_line' id='line_1_84' title="bbox 2290 3579 3891 3669; baseline 0.009 -27"><span class='ocrx_word' id='word_1_565' title='bbox 2290 3579 2514 3646; x_wconf 88' lang='lat' dir='ltr'><strong>themii</strong></span> <span class='ocrx_word' id='word_1_566' title='bbox 2564 3586 3057 3669; x_wconf 90' lang='lat' dir='ltr'><strong>descriptionem</strong></span> <span class='ocrx_word' id='word_1_567' title='bbox 3115 3591 3450 3669; x_wconf 90' lang='lat' dir='ltr'><strong>igneorum</strong></span> <span class='ocrx_word' id='word_1_568' title='bbox 3500 3593 3891 3656; x_wconf 85' lang='lat' dir='ltr'><strong>daemonum</strong></span> 
     </span>
    </p>
   </div>
   <div class='ocr_carea' id='block_1_85' title="bbox 2300 3727 3891 3807">
    <p class='ocr_par' dir='ltr' id='par_1_85' title="bbox 2300 3727 3891 3807">
     <span class='ocr_line' id='line_1_85' title="bbox 2300 3727 3891 3807; baseline 0.01 -27"><span class='ocrx_word' id='word_1_569' title='bbox 2300 3740 2446 3782; x_wconf 91' lang='lat' dir='ltr'><strong>rum.</strong></span> <span class='ocrx_word' id='word_1_570' title='bbox 2483 3747 2502 3781; x_wconf 82' lang='grc' dir='ltr'><strong>ι</strong></span> <span class='ocrx_word' id='word_1_571' title='bbox 2546 3727 2821 3789; x_wconf 90' lang='lat' dir='ltr'><strong>Patricius</strong></span> <span class='ocrx_word' id='word_1_572' title='bbox 2852 3748 2976 3789; x_wconf 92' lang='lat' dir='ltr'><strong>cum</strong></span> <span class='ocrx_word' id='word_1_573' title='bbox 3007 3736 3197 3805; x_wconf 80' lang='lat' dir='ltr'><strong>regulo</strong></span> <span class='ocrx_word' id='word_1_574' title='bbox 3220 3744 3274 3791; x_wconf 90' lang='lat' dir='ltr'><strong>et</strong></span> <span class='ocrx_word' id='word_1_575' title='bbox 3298 3736 3456 3807; x_wconf 90' lang='lat' dir='ltr'><strong>plebe</strong></span> <span class='ocrx_word' id='word_1_576' title='bbox 3485 3737 3653 3793; x_wconf 87' lang='lat' dir='ltr'><strong>multa</strong></span> <span class='ocrx_word' id='word_1_577' title='bbox 3692 3739 3760 3795; x_wconf 92' lang='lat' dir='ltr'><strong>ad</strong></span> <span class='ocrx_word' id='word_1_578' title='bbox 3798 3747 3891 3795; x_wconf 90' lang='lat' dir='ltr'><strong>tu-</strong></span> 
     </span>
    </p>
   </div>
   <div class='ocr_carea' id='block_1_86' title="bbox 2293 3818 3892 3899">
    <p class='ocr_par' dir='ltr' id='par_1_86' title="bbox 2293 3818 3892 3899">
     <span class='ocr_line' id='line_1_86' title="bbox 2293 3818 3892 3899; baseline 0.009 -27"><span class='ocrx_word' id='word_1_579' title='bbox 2293 3818 2501 3873; x_wconf 89' lang='lat' dir='ltr'><strong>mulum</strong></span> <span class='ocrx_word' id='word_1_580' title='bbox 2534 3826 2792 3879; x_wconf 87' lang='lat' dir='ltr'><strong>accessit.</strong></span> <span class='ocrx_word' id='word_1_581' title='bbox 2823 3824 2995 3891; x_wconf 82' lang='lat' dir='ltr'><strong>Quem</strong></span> <span class='ocrx_word' id='word_1_582' title='bbox 3021 3841 3146 3881; x_wconf 92' lang='lat' dir='ltr'><strong>cum</strong></span> <span class='ocrx_word' id='word_1_583' title='bbox 3195 3825 3394 3883; x_wconf 90' lang='lat' dir='ltr'><strong>baculo</strong></span> <span class='ocrx_word' id='word_1_584' title='bbox 3429 3826 3557 3884; x_wconf 85' lang='lat' dir='ltr'><strong>Jesu</strong></span> <span class='ocrx_word' id='word_1_585' title='bbox 3607 3830 3892 3899; x_wconf 85' lang='lat' dir='ltr'><strong>signasset</strong></span> 
     </span>
    </p>
   </div>
   <div class='ocr_carea' id='block_1_87' title="bbox 2294 3910 3884 3986">
    <p class='ocr_par' dir='ltr' id='par_1_87' title="bbox 2294 3910 3884 3986">
     <span class='ocr_line' id='line_1_87' title="bbox 2294 3910 3884 3986; baseline 0.008 -21"><span class='ocrx_word' id='word_1_586' title='bbox 2294 3910 2636 3986; x_wconf 89' lang='lat' dir='ltr'><strong>humumque</strong></span> <span class='ocrx_word' id='word_1_587' title='bbox 2666 3919 2786 3972; x_wconf 89' lang='lat' dir='ltr'><strong>erui</strong></span> <span class='ocrx_word' id='word_1_588' title='bbox 2818 3919 3065 3985; x_wconf 86' lang='lat' dir='ltr'><strong>fecisset,</strong></span> <span class='ocrx_word' id='word_1_589' title='bbox 3102 3918 3248 3974; x_wconf 87' lang='lat' dir='ltr'><strong>facta</strong></span> <span class='ocrx_word' id='word_1_590' title='bbox 3294 3921 3543 3976; x_wconf 89' lang='lat' dir='ltr'><strong>oratione</strong></span> <span class='ocrx_word' id='word_1_591' title='bbox 3596 3921 3884 3977; x_wconf 86' lang='lat' dir='ltr'><strong>hominem</strong></span> 
     </span>
    </p>
   </div>
   <div class='ocr_carea' id='block_1_88' title="bbox 2293 4003 3889 4070">
    <p class='ocr_par' dir='ltr' id='par_1_88' title="bbox 2293 4003 3889 4070">
     <span class='ocr_line' id='line_1_88' title="bbox 2293 4003 3889 4070; baseline 0.008 -12"><span class='ocrx_word' id='word_1_592' title='bbox 2293 4003 2348 4059; x_wconf 90' lang='lat' dir='ltr'><strong>in</strong></span> <span class='ocrx_word' id='word_1_593' title='bbox 2400 4007 2820 4067; x_wconf 84' lang='lat' dir='ltr'><strong>admirationem</strong></span> <span class='ocrx_word' id='word_1_594' title='bbox 2861 4014 3107 4067; x_wconf 92' lang='lat' dir='ltr'><strong>omnium</strong></span> <span class='ocrx_word' id='word_1_595' title='bbox 3145 4021 3201 4069; x_wconf 85' lang='lat' dir='ltr'><strong>et</strong></span> <span class='ocrx_word' id='word_1_596' title='bbox 3241 4012 3715 4069; x_wconf 87' lang='lat' dir='ltr'><strong>conﬁrmationem</strong></span> <span class='ocrx_word' id='word_1_597' title='bbox 3760 4015 3889 4070; x_wconf 87' lang='lat' dir='ltr'><strong>ﬁdei</strong></span> 
     </span>
    </p>
   </div>
   <div class='ocr_carea' id='block_1_89' title="bbox 2291 4097 3886 4174">
    <p class='ocr_par' dir='ltr' id='par_1_89' title="bbox 2291 4097 3886 4174">
     <span class='ocr_line' id='line_1_89' title="bbox 2291 4097 3886 4174; baseline 0.003 -21"><span class='ocrx_word' id='word_1_598' title='bbox 2291 4097 2593 4155; x_wconf 88' lang='lat' dir='ltr'><strong>catholicae</strong></span> <span class='ocrx_word' id='word_1_599' title='bbox 2622 4105 2992 4158; x_wconf 87' lang='lat' dir='ltr'><strong>resuscitavit.</strong></span> <span class='ocrx_word' id='word_1_600' title='bbox 3027 4102 3131 4169; x_wconf 86' lang='lat' dir='ltr'><strong>Qui</strong></span> <span class='ocrx_word' id='word_1_601' title='bbox 3163 4118 3372 4174; x_wconf 90' lang='lat' dir='ltr'><strong>poenas</strong></span> <span class='ocrx_word' id='word_1_602' title='bbox 3399 4103 3597 4159; x_wconf 83' lang='lat' dir='ltr'><strong>inferni</strong></span> <span class='ocrx_word' id='word_1_603' title='bbox 3630 4116 3886 4169; x_wconf 86' lang='lat' dir='ltr'><strong>enarrat,</strong></span> 
     </span>
    </p>
   </div>
   <div class='ocr_carea' id='block_1_90' title="bbox 2291 4189 3893 4269">
    <p class='ocr_par' dir='ltr' id='par_1_90' title="bbox 2291 4189 3893 4269">
     <span class='ocr_line' id='line_1_90' title="bbox 2291 4189 3893 4269; baseline 0.004 -25"><span class='ocrx_word' id='word_1_604' title='bbox 2291 4189 2602 4259; x_wconf 88' lang='lat' dir='ltr'><strong>baptizatur</strong></span> <span class='ocrx_word' id='word_1_605' title='bbox 2627 4202 2682 4249; x_wconf 89' lang='lat' dir='ltr'><strong>et</strong></span> <span class='ocrx_word' id='word_1_606' title='bbox 2720 4195 3053 4251; x_wconf 89' lang='lat' dir='ltr'><strong>eucharistia</strong></span> <span class='ocrx_word' id='word_1_607' title='bbox 3086 4205 3344 4267; x_wconf 87' lang='lat' dir='ltr'><strong>percepta</strong></span> <span class='ocrx_word' id='word_1_608' title='bbox 3384 4196 3440 4249; x_wconf 91' lang='lat' dir='ltr'><strong>in</strong></span> <span class='ocrx_word' id='word_1_609' title='bbox 3467 4196 3657 4252; x_wconf 85' lang='lat' dir='ltr'><strong>eodem</strong></span> <span class='ocrx_word' id='word_1_610' title='bbox 3700 4200 3893 4269; x_wconf 87' lang='lat' dir='ltr'><strong>sepul-</strong></span> 
     </span>
    </p>
   </div>
   <div class='ocr_carea' id='block_1_91' title="bbox 2290 4281 3887 4359">
    <p class='ocr_par' dir='ltr' id='par_1_91' title="bbox 2290 4281 3887 4359">
     <span class='ocr_line' id='line_1_91' title="bbox 2290 4281 3887 4359; baseline 0.002 -22"><span class='ocrx_word' id='word_1_611' title='bbox 2290 4281 2425 4337; x_wconf 88' lang='lat' dir='ltr'><strong>chro</strong></span> <span class='ocrx_word' id='word_1_612' title='bbox 2465 4284 2521 4338; x_wconf 90' lang='lat' dir='ltr'><strong>in</strong></span> <span class='ocrx_word' id='word_1_613' title='bbox 2566 4284 2796 4341; x_wconf 91' lang='lat' dir='ltr'><strong>Domino</strong></span> <span class='ocrx_word' id='word_1_614' title='bbox 2834 4288 3056 4343; x_wconf 89' lang='lat' dir='ltr'><strong>dormit.</strong></span> <span class='ocrx_word' id='word_1_615' title='bbox 3117 4286 3305 4359; x_wconf 87' lang='lat' dir='ltr'><strong>Neque</strong></span> <span class='ocrx_word' id='word_1_616' title='bbox 3328 4289 3619 4358; x_wconf 90' lang='lat' dir='ltr'><strong>quisquam</strong></span> <span class='ocrx_word' id='word_1_617' title='bbox 3661 4305 3887 4353; x_wconf 78' lang='lat' dir='ltr'><strong>eorum,</strong></span> 
     </span>
    </p>
   </div>
   <div class='ocr_carea' id='block_1_92' title="bbox 2291 4376 3891 4453">
    <p class='ocr_par' dir='ltr' id='par_1_92' title="bbox 2291 4376 3891 4453">
     <span class='ocr_line' id='line_1_92' title="bbox 2291 4376 3891 4453; baseline 0.008 -26"><span class='ocrx_word' id='word_1_618' title='bbox 2291 4376 2382 4444; x_wconf 91' lang='lat' dir='ltr'><strong>qui</strong></span> <span class='ocrx_word' id='word_1_619' title='bbox 2418 4377 2665 4444; x_wconf 84' lang='lat' dir='ltr'><strong>aderant,</strong></span> <span class='ocrx_word' id='word_1_620' title='bbox 2704 4379 2772 4435; x_wconf 90' lang='lat' dir='ltr'><strong>de</strong></span> <span class='ocrx_word' id='word_1_621' title='bbox 2798 4382 3209 4438; x_wconf 84' lang='lat' dir='ltr'><strong>resurrectione</strong></span> <span class='ocrx_word' id='word_1_622' title='bbox 3253 4395 3593 4438; x_wconf 89' lang='lat' dir='ltr'><strong>mortuorum</strong></span> <span class='ocrx_word' id='word_1_623' title='bbox 3641 4386 3891 4453; x_wconf 81' lang='lat' dir='ltr'><strong>amplius</strong></span> 
     </span>
    </p>
   </div>
   <div class='ocr_carea' id='block_1_93' title="bbox 2291 4465 3886 4544">
    <p class='ocr_par' dir='ltr' id='par_1_93' title="bbox 2291 4465 3886 4544">
     <span class='ocr_line' id='line_1_93' title="bbox 2291 4465 3886 4544; baseline 0.006 -24"><span class='ocrx_word' id='word_1_624' title='bbox 2291 4465 2577 4523; x_wconf 90' lang='lat' dir='ltr'><strong>dubitavit.</strong></span> <span class='ocrx_word' id='word_1_625' title='bbox 2612 4467 2723 4523; x_wconf 86' lang='lat' dir='ltr'><strong>AA.</strong></span> <span class='ocrx_word' id='word_1_626' title='bbox 2760 4468 2860 4525; x_wconf 89' lang='lat' dir='ltr'><strong>SS.</strong></span> <span class='ocrx_word' id='word_1_627' title='bbox 2889 4470 3023 4527; x_wconf 91' lang='lat' dir='ltr'><strong>Boll.</strong></span> <span class='ocrx_word' id='word_1_628' title='bbox 3057 4472 3216 4527; x_wconf 78' lang='lat' dir='ltr'><strong>Mart.</strong></span> <span class='ocrx_word' id='word_1_629' title='bbox 3251 4470 3315 4526; x_wconf 87' lang='grc' dir='ltr'>Τ.</span> <span class='ocrx_word' id='word_1_630' title='bbox 3343 4471 3388 4527; x_wconf 83' lang='lat' dir='ltr'><strong>Il</strong></span> <span class='ocrx_word' id='word_1_631' title='bbox 3434 4489 3488 4544; x_wconf 93' lang='lat' dir='ltr'><strong>p.</strong></span> <span class='ocrx_word' id='word_1_632' title='bbox 3523 4472 3650 4535; x_wconf 82' lang='lat'><strong>557,</strong></span> <span class='ocrx_word' id='word_1_633' title='bbox 3698 4490 3753 4529; x_wconf 89' lang='lat' dir='ltr'><strong>e.</strong></span> <span class='ocrx_word' id='word_1_634' title='bbox 3792 4476 3886 4535; x_wconf 87' lang='lat' dir='ltr'><strong>At,</strong></span> 
     </span>
    </p>
   </div>
   <div class='ocr_carea' id='block_1_94' title="bbox 2214 4559 3888 4637">
    <p class='ocr_par' dir='ltr' id='par_1_94' title="bbox 2214 4559 3888 4637">
     <span class='ocr_line' id='line_1_94' title="bbox 2214 4559 3888 4637; baseline 0.005 -26"><span class='ocrx_word' id='word_1_635' title='bbox 2214 4562 2263 4620; x_wconf 77' lang='grc' dir='ltr'>Ι)</span> <span class='ocrx_word' id='word_1_636' title='bbox 2291 4559 2525 4628; x_wconf 90' lang='lat' dir='ltr'><strong>inquies,</strong></span> <span class='ocrx_word' id='word_1_637' title='bbox 2549 4563 2821 4631; x_wconf 88' lang='lat' dir='ltr'><strong>quomodo</strong></span> <span class='ocrx_word' id='word_1_638' title='bbox 2838 4563 3020 4630; x_wconf 91' lang='lat' dir='ltr'><strong>homo,</strong></span> <span class='ocrx_word' id='word_1_639' title='bbox 3039 4565 3131 4637; x_wconf 90' lang='lat' dir='ltr'><strong>qui</strong></span> <span class='ocrx_word' id='word_1_640' title='bbox 3146 4580 3351 4635; x_wconf 89' lang='lat' dir='ltr'><strong>poenas</strong></span> <span class='ocrx_word' id='word_1_641' title='bbox 3368 4564 3567 4619; x_wconf 86' lang='lat' dir='ltr'><strong>inferni</strong></span> <span class='ocrx_word' id='word_1_642' title='bbox 3591 4566 3888 4629; x_wconf 81' lang='lat' dir='ltr'><strong>sustinuit.</strong></span> 
     </span>
    </p>
   </div>
   <div class='ocr_carea' id='block_1_95' title="bbox 2290 4652 3893 4729">
    <p class='ocr_par' dir='ltr' id='par_1_95' title="bbox 2290 4652 3893 4729">
     <span class='ocr_line' id='line_1_95' title="bbox 2290 4652 3893 4729; baseline 0.005 -24"><span class='ocrx_word' id='word_1_643' title='bbox 2290 4652 2580 4721; x_wconf 85' lang='lat' dir='ltr'><strong>baptizari,</strong></span> <span class='ocrx_word' id='word_1_644' title='bbox 2617 4655 3008 4711; x_wconf 88' lang='lat' dir='ltr'><strong>eucharistiam</strong></span> <span class='ocrx_word' id='word_1_645' title='bbox 3036 4659 3319 4729; x_wconf 86' lang='lat' dir='ltr'><strong>percipere</strong></span> <span class='ocrx_word' id='word_1_646' title='bbox 3340 4664 3395 4714; x_wconf 89' lang='lat' dir='ltr'><strong>et</strong></span> <span class='ocrx_word' id='word_1_647' title='bbox 3418 4658 3620 4713; x_wconf 87' lang='lat' dir='ltr'><strong>salvari</strong></span> <span class='ocrx_word' id='word_1_648' title='bbox 3654 4661 3893 4727; x_wconf 86' lang='lat' dir='ltr'><strong>potest?</strong></span> 
     </span>
    </p>
   </div>
   <div class='ocr_carea' id='block_1_96' title="bbox 2287 4744 3889 4815">
    <p class='ocr_par' dir='ltr' id='par_1_96' title="bbox 2287 4744 3889 4815">
     <span class='ocr_line' id='line_1_96' title="bbox 2287 4744 3889 4815; baseline 0.005 -16"><span class='ocrx_word' id='word_1_649' title='bbox 2287 4744 2488 4801; x_wconf 87' lang='lat' dir='ltr'><strong>Eadem</strong></span> <span class='ocrx_word' id='word_1_650' title='bbox 2536 4748 2832 4805; x_wconf 87' lang='lat' dir='ltr'><strong>difﬁcultas</strong></span> <span class='ocrx_word' id='word_1_651' title='bbox 2873 4750 3038 4804; x_wconf 89' lang='lat' dir='ltr'><strong>etiam</strong></span> <span class='ocrx_word' id='word_1_652' title='bbox 3090 4751 3145 4805; x_wconf 91' lang='lat' dir='ltr'><strong>in</strong></span> <span class='ocrx_word' id='word_1_653' title='bbox 3188 4751 3503 4805; x_wconf 90' lang='lat' dir='ltr'><strong>narratione</strong></span> <span class='ocrx_word' id='word_1_654' title='bbox 3559 4750 3627 4805; x_wconf 90' lang='lat' dir='ltr'><strong>de</strong></span> <span class='ocrx_word' id='word_1_655' title='bbox 3658 4754 3889 4815; x_wconf 86' lang='lat' dir='ltr'><strong>cranio,</strong></span> 
     </span>
    </p>
   </div>
   <div class='ocr_carea' id='block_1_97' title="bbox 2287 4839 3886 4914">
    <p class='ocr_par' dir='ltr' id='par_1_97' title="bbox 2287 4839 3886 4914">
     <span class='ocr_line' id='line_1_97' title="bbox 2287 4839 3886 4914; baseline 0.004 -22"><span class='ocrx_word' id='word_1_656' title='bbox 2287 4839 2431 4908; x_wconf 87' lang='lat' dir='ltr'><strong>quod</strong></span> <span class='ocrx_word' id='word_1_657' title='bbox 2463 4839 2697 4896; x_wconf 82' lang='lat' dir='ltr'><strong>Macario</strong></span> <span class='ocrx_word' id='word_1_658' title='bbox 2723 4841 2991 4913; x_wconf 80' lang='lat' dir='ltr'><strong>Aegyptio</strong></span> <span class='ocrx_word' id='word_1_659' title='bbox 3028 4842 3095 4897; x_wconf 93' lang='lat' dir='ltr'><strong>de</strong></span> <span class='ocrx_word' id='word_1_660' title='bbox 3143 4844 3333 4914; x_wconf 90' lang='lat' dir='ltr'><strong>poenis</strong></span> <span class='ocrx_word' id='word_1_661' title='bbox 3370 4843 3570 4899; x_wconf 88' lang='lat' dir='ltr'><strong>inferni</strong></span> <span class='ocrx_word' id='word_1_662' title='bbox 3605 4846 3886 4914; x_wconf 86' lang='lat' dir='ltr'><strong>loquitur.</strong></span> 
     </span>
    </p>
   </div>
   <div class='ocr_carea' id='block_1_98' title="bbox 2283 4932 3892 5007">
    <p class='ocr_par' dir='ltr' id='par_1_98' title="bbox 2283 4932 3892 5007">
     <span class='ocr_line' id='line_1_98' title="bbox 2283 4932 3892 5007; baseline 0.003 -22"><span class='ocrx_word' id='word_1_663' title='bbox 2283 4932 2548 4985; x_wconf 89' lang='lat' dir='ltr'><strong>occurrit.</strong></span> <span class='ocrx_word' id='word_1_664' title='bbox 2580 4932 2655 4987; x_wconf 90' lang='lat' dir='ltr'><strong>De</strong></span> <span class='ocrx_word' id='word_1_665' title='bbox 2678 4949 2786 5003; x_wconf 86' lang='lat' dir='ltr'><strong>qua</strong></span> <span class='ocrx_word' id='word_1_666' title='bbox 2818 4934 2961 4989; x_wconf 82' lang='lat' dir='ltr'><strong>infra</strong></span> <span class='ocrx_word' id='word_1_667' title='bbox 2989 4935 3121 5005; x_wconf 82' lang='lat' dir='ltr'><strong>Cap.</strong></span> <span class='ocrx_word' id='word_1_668' title='bbox 3155 4933 3238 4988; x_wconf 83' lang='lat' dir='ltr'><strong>Vl.</strong></span> <span class='ocrx_word' id='word_1_669' title='bbox 3286 4934 3393 4991; x_wconf 90' lang='lat' dir='ltr'><strong>Sed</strong></span> <span class='ocrx_word' id='word_1_670' title='bbox 3426 4934 3650 4989; x_wconf 85' lang='lat' dir='ltr'><strong>Patricii</strong></span> <span class='ocrx_word' id='word_1_671' title='bbox 3690 4938 3892 5007; x_wconf 82' lang='lat' dir='ltr'><strong>prodi-</strong></span> 
     </span>
    </p>
   </div>
   <div class='ocr_carea' id='block_1_99' title="bbox 2280 5023 3892 5095">
    <p class='ocr_par' dir='ltr' id='par_1_99' title="bbox 2280 5023 3892 5095">
     <span class='ocr_line' id='line_1_99' title="bbox 2280 5023 3892 5095; baseline 0.007 -21"><span class='ocrx_word' id='word_1_672' title='bbox 2280 5023 2429 5092; x_wconf 81' lang='lat' dir='ltr'><strong>gium</strong></span> <span class='ocrx_word' id='word_1_673' title='bbox 2459 5023 2560 5087; x_wconf 91' lang='lat' dir='ltr'><strong>illi,</strong></span> <span class='ocrx_word' id='word_1_674' title='bbox 2588 5024 2733 5095; x_wconf 86' lang='lat' dir='ltr'><strong>quod</strong></span> <span class='ocrx_word' id='word_1_675' title='bbox 2786 5027 2841 5079; x_wconf 92' lang='lat' dir='ltr'><strong>in</strong></span> <span class='ocrx_word' id='word_1_676' title='bbox 2896 5026 3278 5083; x_wconf 82' lang='lat' dir='ltr'><strong>resuscitando</strong></span> <span class='ocrx_word' id='word_1_677' title='bbox 3338 5036 3554 5083; x_wconf 85' lang='lat' dir='ltr'><strong>mortuo</strong></span> <span class='ocrx_word' id='word_1_678' title='bbox 3596 5030 3892 5085; x_wconf 79' lang='lat' dir='ltr'><strong>Macarius</strong></span> 
     </span>
    </p>
   </div>
   <div class='ocr_carea' id='block_1_100' title="bbox 2278 5112 2965 5181">
    <p class='ocr_par' dir='ltr' id='par_1_100' title="bbox 2278 5112 2965 5181">
     <span class='ocr_line' id='line_1_100' title="bbox 2278 5112 2965 5181; baseline 0.003 -14"><span class='ocrx_word' id='word_1_679' title='bbox 2278 5112 2468 5181; x_wconf 81' lang='lat' dir='ltr'><strong>edidit,</strong></span> <span class='ocrx_word' id='word_1_680' title='bbox 2499 5116 2832 5169; x_wconf 89' lang='lat' dir='ltr'><strong>simillimum</strong></span> <span class='ocrx_word' id='word_1_681' title='bbox 2862 5124 2965 5172; x_wconf 91' lang='lat' dir='ltr'><strong>est.</strong></span> 
     </span>
    </p>
   </div>
   <div class='ocr_carea' id='block_1_101' title="bbox 2354 5205 3886 5282">
    <p class='ocr_par' dir='ltr' id='par_1_101' title="bbox 2354 5205 3886 5282">
     <span class='ocr_line' id='line_1_101' title="bbox 2354 5205 3886 5282; baseline 0.003 -21"><span class='ocrx_word' id='word_1_682' title='bbox 2354 5205 2430 5277; x_wconf 89' lang='lat'>(9)</span> <span class='ocrx_word' id='word_1_683' title='bbox 2468 5205 2576 5260; x_wconf 77' lang='lat' dir='ltr'><strong>Vit.</strong></span> <span class='ocrx_word' id='word_1_684' title='bbox 2606 5205 2664 5261; x_wconf 91' lang='lat' dir='ltr'><strong>S.</strong></span> <span class='ocrx_word' id='word_1_685' title='bbox 2704 5207 2949 5273; x_wconf 88' lang='lat' dir='ltr'><strong>Antonii,</strong></span> <span class='ocrx_word' id='word_1_686' title='bbox 2980 5208 3093 5262; x_wconf 80' lang='lat' dir='ltr'><strong>VV.</strong></span> <span class='ocrx_word' id='word_1_687' title='bbox 3126 5208 3231 5265; x_wconf 89' lang='lat' dir='ltr'><strong>PP.</strong></span> <span class='ocrx_word' id='word_1_688' title='bbox 3271 5210 3458 5268; x_wconf 83' lang='lat' dir='ltr'><strong>Rosw.</strong></span> <span class='ocrx_word' id='word_1_689' title='bbox 3497 5226 3619 5282; x_wconf 89' lang='lat' dir='ltr'><strong>cap.</strong></span> <span class='ocrx_word' id='word_1_690' title='bbox 3659 5211 3759 5278; x_wconf 82' lang='lat'><strong>56,</strong></span> <span class='ocrx_word' id='word_1_691' title='bbox 3823 5212 3886 5267; x_wconf 92' lang='lat' dir='ltr'><strong>S.</strong></span> 
     </span>
    </p>
   </div>
   <div class='ocr_carea' id='block_1_102' title="bbox 2277 5295 3134 5369">
    <p class='ocr_par' dir='ltr' id='par_1_102' title="bbox 2277 5295 3134 5369">
     <span class='ocr_line' id='line_1_102' title="bbox 2277 5295 3134 5369; baseline 0.005 -18"><span class='ocrx_word' id='word_1_692' title='bbox 2277 5296 2479 5351; x_wconf 83' lang='lat' dir='ltr'><strong>Athan.</strong></span> <span class='ocrx_word' id='word_1_693' title='bbox 2514 5295 2652 5365; x_wconf 90' lang='lat' dir='ltr'><strong>Opp.</strong></span> <span class='ocrx_word' id='word_1_694' title='bbox 2678 5311 2795 5365; x_wconf 87' lang='lat' dir='ltr'><strong>cap.</strong></span> <span class='ocrx_word' id='word_1_695' title='bbox 2831 5297 2900 5351; x_wconf 74' lang='grc'><strong>64</strong></span> <span class='ocrx_word' id='word_1_696' title='bbox 2930 5315 2983 5369; x_wconf 94' lang='lat' dir='ltr'><strong>p.</strong></span> <span class='ocrx_word' id='word_1_697' title='bbox 3012 5299 3134 5355; x_wconf 70' lang='grc'>674.</span> 
     </span>
    </p>
   </div>
   <div class='ocr_carea' id='block_1_103' title="bbox 2349 5385 3741 5464">
    <p class='ocr_par' dir='ltr' id='par_1_103' title="bbox 2349 5385 3741 5464">
     <span class='ocr_line' id='line_1_103' title="bbox 2349 5385 3741 5464; baseline 0.005 -24"><span class='ocrx_word' id='word_1_698' title='bbox 2349 5387 2460 5458; x_wconf 89' lang='grc'>(10)</span> <span class='ocrx_word' id='word_1_699' title='bbox 2491 5385 2606 5442; x_wconf 83' lang='lat' dir='ltr'><strong>VV.</strong></span> <span class='ocrx_word' id='word_1_700' title='bbox 2633 5386 2736 5443; x_wconf 89' lang='lat' dir='ltr'><strong>PP.</strong></span> <span class='ocrx_word' id='word_1_701' title='bbox 2758 5388 2942 5446; x_wconf 82' lang='lat' dir='ltr'><strong>Rosw.</strong></span> <span class='ocrx_word' id='word_1_702' title='bbox 2974 5392 3066 5445; x_wconf 92' lang='lat' dir='ltr'><strong>lib.</strong></span> <span class='ocrx_word' id='word_1_703' title='bbox 3108 5390 3177 5445; x_wconf 79' lang='lat' dir='ltr'><strong>lX</strong></span> <span class='ocrx_word' id='word_1_704' title='bbox 3198 5406 3319 5463; x_wconf 89' lang='lat' dir='ltr'><strong>cap.</strong></span> <span class='ocrx_word' id='word_1_705' title='bbox 3342 5394 3407 5447; x_wconf 80' lang='grc'><strong>1⁸5</strong></span> <span class='ocrx_word' id='word_1_706' title='bbox 3434 5409 3485 5464; x_wconf 89' lang='lat' dir='ltr'><strong>p.</strong></span> <span class='ocrx_word' id='word_1_707' title='bbox 3522 5394 3650 5458; x_wconf 80' lang='lat'><strong>850,</strong></span> <span class='ocrx_word' id='word_1_708' title='bbox 3685 5395 3741 5447; x_wconf 76' lang='grc'>1.</span> 
     </span>
    </p>
   </div>
   <div class='ocr_carea' id='block_1_104' title="bbox 2345 5479 3884 5557">
    <p class='ocr_par' dir='ltr' id='par_1_104' title="bbox 2345 5479 3884 5557">
     <span class='ocr_line' id='line_1_104' title="bbox 2345 5479 3884 5557; baseline 0.01 -21"><span class='ocrx_word' id='word_1_709' title='bbox 2345 5482 2461 5553; x_wconf 83' lang='grc'>(11)</span> <span class='ocrx_word' id='word_1_710' title='bbox 2492 5479 2612 5534; x_wconf 79' lang='lat' dir='ltr'><strong>Vita</strong></span> <span class='ocrx_word' id='word_1_711' title='bbox 2638 5479 2695 5535; x_wconf 89' lang='lat' dir='ltr'><strong>S.</strong></span> <span class='ocrx_word' id='word_1_712' title='bbox 2714 5482 2958 5548; x_wconf 87' lang='lat' dir='ltr'><strong>Antonii,</strong></span> <span class='ocrx_word' id='word_1_713' title='bbox 2983 5483 3040 5538; x_wconf 93' lang='grc'><strong>8.</strong></span> <span class='ocrx_word' id='word_1_714' title='bbox 3068 5486 3266 5539; x_wconf 82' lang='lat' dir='ltr'><strong>Athan.</strong></span> <span class='ocrx_word' id='word_1_715' title='bbox 3297 5485 3434 5557; x_wconf 90' lang='lat' dir='ltr'><strong>Opp.</strong></span> <span class='ocrx_word' id='word_1_716' title='bbox 3462 5503 3584 5557; x_wconf 86' lang='lat' dir='ltr'><strong>cap.</strong></span> <span class='ocrx_word' id='word_1_717' title='bbox 3623 5491 3884 5553; x_wconf 59' lang='lat'><strong>22—43.</strong></span> 
     </span>
    </p>
   </div>
   <div class='ocr_carea' id='block_1_105' title="bbox 2346 5573 3884 5649">
    <p class='ocr_par' dir='ltr' id='par_1_105' title="bbox 2346 5573 3884 5649">
     <span class='ocr_line' id='line_1_105' title="bbox 2346 5573 3884 5649; baseline 0.011 -21"><span class='ocrx_word' id='word_1_718' title='bbox 2346 5575 2457 5647; x_wconf 76' lang='grc'>(12)</span> <span class='ocrx_word' id='word_1_719' title='bbox 2480 5574 2565 5632; x_wconf 80' lang='lat' dir='ltr'><strong>Jo.</strong></span> <span class='ocrx_word' id='word_1_720' title='bbox 2595 5573 2882 5631; x_wconf 88' lang='lat' dir='ltr'><strong>Trithemii</strong></span> <span class='ocrx_word' id='word_1_721' title='bbox 2903 5576 3023 5633; x_wconf 85' lang='lat' dir='ltr'><strong>Lib.</strong></span> <span class='ocrx_word' id='word_1_722' title='bbox 3040 5592 3163 5633; x_wconf 73' lang='lat' dir='ltr'><strong>octo</strong></span> <span class='ocrx_word' id='word_1_723' title='bbox 3186 5582 3567 5649; x_wconf 84' lang='lat' dir='ltr'><strong>quaestionum</strong></span> <span class='ocrx_word' id='word_1_724' title='bbox 3597 5586 3664 5638; x_wconf 86' lang='lat' dir='ltr'><strong>ad</strong></span> <span class='ocrx_word' id='word_1_725' title='bbox 3693 5586 3884 5644; x_wconf 75' lang='lat' dir='ltr'><strong>Maxi-</strong></span> 
     </span>
    </p>
   </div>
   <div class='ocr_carea' id='block_1_106' title="bbox 594 5648 3884 5748">
    <p class='ocr_par' dir='ltr' id='par_1_106' title="bbox 594 5648 3884 5748">
     <span class='ocr_line' id='line_1_106' title="bbox 594 5648 3884 5748; baseline 0.01 -46"><span class='ocrx_word' id='word_1_726' title='bbox 594 5648 899 5748; x_wconf 77' lang='lat' dir='ltr'><strong>baptizarat</strong></span> <span class='ocrx_word' id='word_1_727' title='bbox 932 5671 946 5707; x_wconf 92' lang='lat'><strong>:</strong></span> <span class='ocrx_word' id='word_1_728' title='bbox 986 5651 1143 5713; x_wconf 73' lang='grc'>(81.»</span> <span class='ocrx_word' id='word_1_729' title='bbox 1199 5656 1398 5726; x_wconf 91' lang='lat' dir='ltr'><strong>inquit,</strong></span> <span class='ocrx_word' id='word_1_730' title='bbox 1433 5678 1451 5709; x_wconf 73' lang='grc' dir='ltr'><strong>ι</strong></span> <span class='ocrx_word' id='word_1_731' title='bbox 1484 5674 1643 5713; x_wconf 83' lang='lat' dir='ltr'><strong>avum</strong></span> <span class='ocrx_word' id='word_1_732' title='bbox 1685 5676 1867 5717; x_wconf 90' lang='lat' dir='ltr'><strong>meum</strong></span> <span class='ocrx_word' id='word_1_733' title='bbox 1908 5678 1939 5715; x_wconf 88' lang='lat' dir='ltr'><strong>a</strong></span> <span class='ocrx_word' id='word_1_734' title='bbox 1974 5663 2167 5718; x_wconf 87' lang='lat' dir='ltr'><strong>diebus</strong></span> <span class='ocrx_word' id='word_1_735' title='bbox 2270 5669 2556 5723; x_wconf 89' lang='lat' dir='ltr'><strong>milianum</strong></span> <span class='ocrx_word' id='word_1_736' title='bbox 2582 5669 2871 5725; x_wconf 87' lang='lat' dir='ltr'><strong>Caesarem</strong></span> <span class='ocrx_word' id='word_1_737' title='bbox 2907 5687 2960 5742; x_wconf 92' lang='lat' dir='ltr'><strong>q.</strong></span> <span class='ocrx_word' id='word_1_738' title='bbox 2999 5671 3083 5727; x_wconf 75' lang='lat' dir='ltr'><strong>\‘l.</strong></span> <span class='ocrx_word' id='word_1_739' title='bbox 3118 5648 3407 5739; x_wconf 13' lang='lat' dir='ltr'><strong>Cl&quot;.iDelrio</strong></span> <span class='ocrx_word' id='word_1_740' title='bbox 3426 5677 3714 5748; x_wconf 90' lang='lat' dir='ltr'><strong>Disquisit.</strong></span> <span class='ocrx_word' id='word_1_741' title='bbox 3746 5698 3884 5738; x_wconf 82' lang='lat' dir='ltr'><strong>ma-</strong></span> 
     </span>
    </p>
   </div>
   <div class='ocr_carea' id='block_1_107' title="bbox 596 5742 2165 5810">
    <p class='ocr_par' dir='ltr' id='par_1_107' title="bbox 596 5742 2165 5810">
     <span class='ocr_line' id='line_1_107' title="bbox 596 5742 2165 5810; baseline 0.011 -17"><span class='ocrx_word' id='word_1_742' title='bbox 596 5742 783 5795; x_wconf 85' lang='lat' dir='ltr'><strong>multis</strong></span> <span class='ocrx_word' id='word_1_743' title='bbox 819 5742 1183 5800; x_wconf 89' lang='lat' dir='ltr'><strong>incineratum</strong></span> <span class='ocrx_word' id='word_1_744' title='bbox 1220 5752 1641 5807; x_wconf 77' lang='lat' dir='ltr'><strong>resuscitaveris</strong></span> <span class='ocrx_word' id='word_1_745' title='bbox 1692 5752 1746 5806; x_wconf 90' lang='lat' dir='ltr'><strong>in</strong></span> <span class='ocrx_word' id='word_1_746' title='bbox 1788 5754 1988 5809; x_wconf 79' lang='lat' dir='ltr'><strong>virtute</strong></span> <span class='ocrx_word' id='word_1_747' title='bbox 2034 5754 2165 5810; x_wconf 80' lang='lat' dir='ltr'><strong>Jesu</strong></span> 
     </span>
    </p>
   </div>
   <div class='ocr_carea' id='block_1_108' title="bbox 592 5830 2163 5904">
    <p class='ocr_par' dir='ltr' id='par_1_108' title="bbox 592 5830 2163 5904">
     <span class='ocr_line' id='line_1_108' title="bbox 592 5830 2163 5904; baseline 0.009 -15"><span class='ocrx_word' id='word_1_748' title='bbox 592 5830 820 5902; x_wconf 83' lang='lat' dir='ltr'><strong>Christi,</strong></span> <span class='ocrx_word' id='word_1_749' title='bbox 878 5835 1103 5894; x_wconf 81' lang='lat' dir='ltr'><strong>ﬁrmiter</strong></span> <span class='ocrx_word' id='word_1_750' title='bbox 1143 5839 1363 5897; x_wconf 85' lang='lat' dir='ltr'><strong>credam</strong></span> <span class='ocrx_word' id='word_1_751' title='bbox 1411 5845 1869 5900; x_wconf 87' lang='lat' dir='ltr'><strong>resurrectionem</strong></span> <span class='ocrx_word' id='word_1_752' title='bbox 1919 5855 2163 5904; x_wconf 85' lang='lat' dir='ltr'><strong>mortuo-</strong></span> 
     </span>
    </p>
   </div>
   <div class='ocr_carea' id='block_1_109' title="bbox 2282 5760 3019 5833">
    <p class='ocr_par' dir='ltr' id='par_1_109' title="bbox 2282 5760 3019 5833">
     <span class='ocr_line' id='line_1_109' title="bbox 2282 5760 3019 5833; baseline 0.004 -18"><span class='ocrx_word' id='word_1_753' title='bbox 2282 5761 2387 5833; x_wconf 68' lang='grc' dir='ltr'><strong>είς.</strong></span> <span class='ocrx_word' id='word_1_754' title='bbox 2413 5761 2509 5819; x_wconf 88' lang='lat' dir='ltr'><strong>lib.</strong></span> <span class='ocrx_word' id='word_1_755' title='bbox 2537 5760 2580 5816; x_wconf 88' lang='grc' dir='ltr'><strong>ιι</strong></span> <span class='ocrx_word' id='word_1_756' title='bbox 2602 5760 2666 5829; x_wconf 85' lang='lat' dir='ltr'><strong>Q.</strong></span> <span class='ocrx_word' id='word_1_757' title='bbox 2692 5762 2763 5817; x_wconf 75' lang='lat' dir='ltr'><strong>s7</strong></span> <span class='ocrx_word' id='word_1_758' title='bbox 2787 5762 2934 5821; x_wconf 88' lang='lat' dir='ltr'><strong>Sect.</strong></span> <span class='ocrx_word' id='word_1_759' title='bbox 2965 5764 3019 5818; x_wconf 77' lang='lat'><strong>2.</strong></span> 
     </span>
    </p>
   </div>
  </div>
