4040 6570
143 371 202 427 57
1677 357 1835 413 VI'I‘A
1847 359 1907 414 Ε.
3355 355 3423 409 58

140 483 403 547 maxima
436 500 510 544 ex
540 487 720 563 parte
748 481 967 545 falsam
1000 499 1139 545 csse
1169 481 1335 545 bene
1362 480 1572 543 Delrio
1599 479 1730 542 ani-
1757 484 1801 538 A
1832 486 1894 538 te
1927 472 2075 557 (10).
2100 474 2457 553 Evagrium,
2489 473 2554 537 in
2596 477 2812 534 monte
2833 469 3067 532 Nitriae
3087 485 3283 550 quum
3304 469 3422 531 ha-

139 585 487 658 madvertit,
519 585 628 664 qui
678 593 888 647 tamen
944 582 1270 658 concedit,
1314 583 1538 659 igneos
1582 580 1729 643 ideo

138 687 346 748 vocari
375 686 740 758 daemones,
774 685 920 764 quia
948 685 1015 746 in
1053 683 1214 745 aeris
1245 683 1504 760 regione
1534 698 1727 761 supe-

138 787 304 847 riore
344 792 642 846 maneant
674 782 780 863 (1).
820 784 941 844 Sed
981 782 1293 845 Palladius
1328 782 1728 857 daemonem,

136 886 243 965 qui
272 885 745 947 adolescentem
774 885 959 946 istum
982 883 1275 963 agitabat,
1296 883 1554 961 igneum
1583 882 1730 943 ideo

134 991 340 1057 vocat,
376 983 523 1063 quia
568 982 715 1055 cibi,
758 1000 921 1063 quos
958 982 1180 1044 infelix
1218 982 1338 1044 iste
1377 981 1727 1055 evomebat,

138 1093 437 1164 tanquam
460 1086 607 1163 igne
636 1084 1203 1156 consumebantur;
1235 1098 1429 1161 quare
1460 1081 1731 1142 daemon

138 1186 243 1247 ille
272 1193 537 1266 propter
564 1193 849 1248 naturam
880 1202 1080 1259 suam,
1112 1201 1276 1264 quae
1304 1183 1434 1262 igni
1467 1199 1605 1244 com
1614 1200 1729 1262 pa-

140 1287 258 1347 rari
293 1293 524 1366 potest,
557 1304 768 1366 neque
796 1292 1059 1366 propter
1084 1302 1262 1346 suam
1292 1284 1359 1345 in
1388 1300 1533 1346 aere
1559 1282 1735 1345 habi-

138 1389 444 1448 tationem
483 1388 711 1465 igneus
748 1394 1025 1449 vocatur.
1058 1386 1441 1447 Adolescens
1466 1383 1733 1446 vinculis

140 1487 472 1550 adstrictus
517 1488 597 1549 ad
636 1487 975 1550 Macarium
1021 1485 1300 1559 ducitur;
1340 1483 1734 1546 daemoniaci

140 1589 331 1661 enim,
385 1606 467 1650 ne
516 1594 809 1664 noceant,
858 1586 1124 1651 vinculis
1169 1587 1515 1667 constringi
1564 1586 1731 1649 sole-

139 1691 289 1757 bant
327 1689 438 1770 (Ξ).

217 1795 246 1866 ς
284 1790 379 1852 16.
403 1792 453 1852 Ε
478 1790 687 1853 verbis
717 1789 993 1870 denique
1024 1787 1305 1865 Palladii,
1338 1790 1566 1871 quibus
1594 1808 1736 1853 nar-

138 1893 451 1954 rationem
480 1891 587 1954 ille
619 1892 699 1953 de
737 1890 1007 1954 Macario
1038 1890 1349 1970 Aegyptio
1392 1890 1736 1966 concludit,

139 1993 400 2072 quando
430 1993 531 2056 hic
562 1993 869 2055 Macarius
894 1998 1185 2054 mortuus
1215 1991 1313 2066 sit,
1340 1991 1737 2053 deﬁniamus.

137 2094 496 2157 Palladius:
525 2118 553 2152 «
580 2097 738 2174 Ego,
768 2116 797 2153 »
825 2095 1055 2176 inquit,
1092 2118 1120 2151 α
1148 2101 1433 2157 sanctum
1455 2093 1593 2173 ipse
1634 2092 1744 2162 58

140 2212 269 2257 non
297 2196 603 2270 conveni;
627 2212 795 2256 anno
824 2194 1017 2269 enim,
1050 2200 1388 2273 antequam
1416 2192 1483 2253 in
1518 2191 1740 2253 solitu-

141 2295 359 2357 dinem
379 2295 805 2372 ingrediebar,
825 2294 1066 2357 obierat
1083 2292 1189 2374 (3).
1210 2316 1239 2349 π
1264 2294 1449 2370 Ergo,
1481 2290 1737 2380 quando

144 2394 467 2456 Palladius
487 2393 891 2457 solitudinem
921 2395 1244 2473 ingressus
1265 2394 1364 2469 sit,
1397 2393 1739 2474 quaeritur.

142 2496 283 2572 Ipse
337 2510 405 2554 se
462 2491 900 2555 Alexandriam
947 2492 1194 2554 venisse
1226 2492 1418 2554 refert
1462 2492 1744 2554 secundo

140 2594 481 2656 consulatu
520 2593 861 2656 Theodosii
906 2594 1112 2671 Magni
1160 2592 1267 2673 (4).
1303 2595 1497 2667 Quem
1556 2591 1747 2670 gessit

138 2695 565 2769 Theodosius,
599 2694 774 2756 fastis
809 2694 1246 2757 consularibus
1280 2695 1568 2769 testibus,
1609 2694 1745 2757 col-

138 2796 276 2874 lega
308 2796 400 2856 Fl.
435 2795 736 2875 Cynegio,
769 2812 938 2857 anno
970 2795 1112 2856 Chr.
1149 2795 1261 2856 388
1294 2795 1402 2877 (5).
1432 2795 1748 2857 Palladius

140 2898 215 2957 ab
255 2897 510 2959 Isidoro
562 2895 941 2958 xenodocho
985 2896 1287 2959 Dorothei
1319 2896 1509 2971 senis,
1545 2911 1749 2976 prOpe

139 2997 593 3059 Alexandriam
649 2996 1020 3073 habitantis,
1070 2996 1440 3077 disciplinae
1484 2996 1750 3058 traditus

142 3106 255 3176 est,
292 3118 494 3180 quam
515 3116 647 3162 non
679 3106 843 3162 totos
870 3107 997 3162 tres
1019 3116 1223 3162 annos
1253 3098 1571 3173 sustinuit,
1602 3098 1749 3178 quia

1837 580 2098 641 bitasset
2129 577 2479 652 biennium,
2504 576 2690 638 tertio
2713 591 2882 637 anno
2905 574 3263 651 ingressum
3288 588 3428 635 esse

1837 678 2023 741 tradit
2052 676 2456 739 solitudinem
2486 674 2632 757 (11).
2676 674 2858 736 Unde
2885 674 3050 744 inter
3092 674 3425 735 adventum

1836 778 1903 840 in
1936 784 2152 839 monte
2192 783 2252 838 ct
2281 778 2619 839 adventum
2645 774 2713 837 in
2743 772 3082 836 solitudine
3115 770 3429 833 Palladius

1836 877 1975 958 ipse
2006 878 2391 953 distinguere
2418 876 2686 938 videtur.
2717 875 2896 949 Quod
2929 873 3270 936 Bollandus
3299 879 3427 935 sta-

1835 979 1953 1041 tuit
1966 977 2085 1057 (12)
2100 1027 2113 1050 ,
2127 978 2563 1039 Tillemontius
2581 978 2647 1039 in
2660 978 2955 1054 ambiguo
2969 976 3327 1057 relinquere
3340 975 3430 1036 vi-

1840 1079 2263 1159 detur(13).Ac
2276 1078 2647 1140 Bollandum
2661 1080 2859 1141 secuti
2878 1082 3264 1141 suntCaveus
3282 1078 3427 1159 (14),

1836 1181 2142 1242 Pessinus
2157 1178 2210 1257 (1
2226 1180 2280 1260 5)
2294 1180 2636 1253 ,Fabricius
2655 1179 2802 1259 (16),
2819 1180 2927 1250 59
2949 1181 3027 1241 de
3044 1180 3257 1241 Nessel
3282 1181 3429 1260 (17),

1836 1282 2062 1343 Pritius
2095 1281 2240 1363 (18).
2277 1282 2398 1343 Sed
2426 1298 2578 1343 num
2607 1289 2777 1343 recte
2807 1281 3068 1344 omnino
3097 1281 3429 1355 senserint,

1838 1382 2112 1459 ambigo.
2143 1382 2262 1443 Vix
2296 1382 2465 1444 enim
2500 1382 2761 1444 dubium
2801 1400 2940 1445 esse
2980 1382 3245 1456 videtur,
3279 1373 3431 1462 quin

1839 1485 2155 1548 Palladius
2202 1486 2415 1549 dicere
2464 1486 2758 1562 voluerit,
2832 1487 3173 1549 Macarium
3227 1489 3433 1564 Aegy-

1839 1588 2041 1667 ptium
2068 1606 2232 1649 anno
2264 1596 2596 1669 antequam
2625 1591 2754 1668 ipse
2768 1587 3208 1667 illasregioncs
3238 1606 3436 1647 acces-

1841 1690 1997 1750 serit
2032 1689 2287 1751 obiisse.
2318 1691 2519 1769 Atque
2550 1706 2735 1751 mons
2762 1689 2994 1751 Nitriae
3025 1688 3185 1751 Sceti
3220 1689 3438 1750 solitu-

1841 1788 1972 1850 dini
1991 1790 2412 1869 propinquior
2438 1790 2577 1865 fuit,
2609 1808 2796 1870 quam
2828 1789 3099 1853 Cellulae
3130 1789 3286 1869 (19);
3318 1808 3433 1851 nc-

1843 1907 1999 1970 que,
2051 1908 2163 1952 cur
2207 1890 2518 1953 Palladius
2560 1910 2794 1954 annum
2846 1893 3069 1955 mortis
3110 1892 3357 1955 Macarii
3401 1910 3434 1953 a

1842 1998 2131 2071 tempore
2162 1994 2466 2056 adventus
2498 1995 2593 2056 sui
2619 1996 2687 2056 in
2712 1994 2963 2057 Cellulis
2988 1994 3321 2065 deﬁnierit,
3344 1994 3437 2054 in-

1842 2093 2165 2172 telligitur.
2203 2096 2478 2169 Accedit,
2512 2096 2686 2175 quod
2716 2094 3029 2157 Palladius
3058 2094 3222 2156 inter
3246 2111 3435 2155 mon-

1842 2200 1971 2255 tem
1999 2196 2232 2258 Nitriae
2265 2202 2325 2259 et
2354 2198 2642 2259 intimam
2665 2197 3065 2259 solitudinem
3089 2195 3435 2275 distinguit,

1846 2310 2042 2372 quare
2073 2296 2346 2358 adventu
2373 2298 2440 2359 in
2470 2298 2812 2360 solitudine
2852 2298 3189 2359 adventum
3227 2298 3295 2359 in
3326 2299 3437 2358 Ni—

1845 2392 1961 2454 tria
2009 2393 2349 2473 signiﬁcari
2393 2397 2724 2477 probabile
2772 2404 2884 2460 est.
2930 2399 3056 2460 Nec
3095 2398 3438 2460 Palladium

1846 2494 2058 2557 dicere
2106 2496 2411 2573 voluisse,
2459 2499 2797 2560 Macarium
2843 2500 3222 2580 Aegyptium
3270 2518 3439 2563 anno

1847 2604 2186 2677 antequam
2224 2600 2364 2679 ipse
2411 2599 2480 2660 in
2523 2599 2926 2660 solitudinem
2963 2602 3164 2661 Scetis
3202 2603 3442 2664 venerit

1847 2730 1924 2741 —
1946 2713 2092 2758 nam
2114 2699 2427 2761 Palladius
2447 2698 2851 2761 solitudinem
2882 2701 3080 2762 Scetis
3110 2701 3205 2762 bis
3232 2702 3442 2763 invisit

1850 2833 1925 2843 —
1948 2799 2206 2875 obiisse,
2236 2800 2421 2863 facile
2451 2800 2703 2875 credes;
2735 2800 2801 2862 id
2832 2802 3001 2862 enim
3028 2801 3288 2864 Palladii
3309 2821 3446 2865 ver-

1850 2898 1949 2961 bis
1979 2917 2110 2962 non
2143 2901 2330 2962 inest.

1932 3003 2133 3075 Quare
2162 3000 2555 3081 probabilior
2584 3001 2895 3064 sententia
2913 2999 3071 3063 haec
3101 3019 3241 3064 esse
3263 3000 3443 3063 vide-

1850 3106 1985 3178 tur,
2048 3102 2387 3165 Macarium
2449 3102 2830 3182 Aegyptium
2881 3118 3049 3163 anno
3106 3109 3445 3182 antequam

138 3203 202 3263 in
248 3202 558 3264 morbum
605 3201 1050 3265 vehementem
1106 3200 1328 3264 incidit
1370 3200 1479 3282 (6).
1526 3202 1749 3264 Tribus
1776 3194 1819 3254 C
1851 3192 2166 3263 Palladius
2193 3201 2260 3262 in
2289 3207 2574 3263 montem
2615 3201 2850 3262 Nitriae
2878 3202 3071 3275 venit,
3103 3200 3148 3261 i.
3183 3218 3240 3262 e.
3277 3218 3447 3263 anno

141 3322 289 3367 vero
324 3305 514 3367 annis
545 3304 613 3366 in
651 3302 1071 3377 monasteriis,
1110 3319 1275 3383 quae
1324 3302 1562 3364 circum
1600 3301 1746 3365 Ale-

142 3403 480 3467 xandriam
510 3409 710 3478 erant,
733 3402 1005 3484 peractis
1030 3402 1098 3463 in
1126 3406 1409 3465 montem
1430 3400 1661 3463 Nitriae
1682 3418 1750 3463 se

136 3501 446 3577 contulit,
473 3501 585 3564 ubi
611 3518 849 3565 annum
879 3501 1194 3580 integrum
1220 3500 1413 3579 degit.
1446 3501 1606 3561 Tum
1634 3499 1748 3562 de-

134 3622 323 3665 mum
356 3605 429 3665 in
463 3604 753 3665 intimam
791 3602 1218 3677 solitudinem,
1264 3618 1391 3681 qua
1425 3600 1612 3663 Cellia
1640 3618 1753 3664 seu

134 3703 425 3766 Cellulae
455 3702 889 3781 significantur
922 3703 1030 3785 ('7),
1054 3702 1225 3764 venit
1249 3700 1358 3783 (8).
1386 3703 1569 3780 Ergo,
1596 3721 1751 3765 num

134 3806 308 3867 inter
340 3803 606 3867 Palladii
635 3803 975 3865 adventum
1001 3803 1069 3865 in
1099 3812 1383 3866 montem
1414 3809 1476 3865 et
1501 3803 1568 3865 in
1598 3802 1750 3866 soli-

133 3907 438 3969 tudinem
470 3904 985 3985 distinguendum
1023 3904 1124 3981 sit,
1167 3904 1509 3987 quaeritur.
1542 3904 1749 3967 Palla-

132 4009 282 4070 dius
317 4008 406 4069 de
435 4007 823 4070 habitatione
852 4023 965 4069 sua
996 4008 1065 4068 in
1091 4015 1297 4068 monte
1330 4023 1521 4087 saepe
1544 4004 1749 4088 loqui-

129 4118 237 4170 tur
274 4110 397 4190 (9).
424 4108 769 4171 Nathanael
799 4126 1019 4171 senem
1050 4108 1283 4170 obiisse
1314 4114 1521 4170 narrat
1555 4110 1745 4188 quin-

132 4212 360 4273 decim
410 4228 613 4273 annos
648 4216 794 4272 ante
837 4226 1020 4271 suum
1062 4209 1400 4272 adventum
1451 4209 1519 4271 in
1554 4228 1740 4273 mon-

208 4401 295 4469 (1)
322 4398 514 4453 Delrio
532 4396 777 4467 Disquis.
809 4396 1005 4466 magic.
1048 4396 1087 4449 l.
1112 4396 1149 4451 l.

205 4494 296 4561 (2)
335 4490 738 4544 Daemoniacos
768 4489 977 4543 catenis
1000 4494 1257 4543 oneratos
1283 4486 1481 4542 adduci
1509 4486 1647 4559 legis
1685 4487 1743 4542 in

130 4584 265 4639 Vita
287 4582 599 4638 Hilarionis
624 4595 783 4651 capp.
802 4581 891 4648 12,
917 4580 984 4635 15
1004 4619 1020 4645 ,
1038 4591 1094 4636 et
1116 4580 1421 4638 innumeris
1446 4582 1569 4639 aliis
1590 4582 1750 4638 locis.
1783 4596 1829 4652 ι)

206 4678 296 4747 (ὅ)
328 4676 517 4745 Supra
540 4690 595 4744 p.
630 4674 721 4729 4L

204 4770 291 4840 (4)
347 4767 492 4823 Hist.
554 4767 729 4823 Laus.
791 4766 879 4821 ed.
922 4764 1125 4822 Meurs.
1164 4780 1287 4837 cap.
1314 4766 1341 4821 1
1376 4763 1516 4838 Opp.
1545 4766 1751 4825 Meurs.

130 4863 166 4918 ι.
203 4865 243 4918 l.
280 4880 344 4934 p.
380 4862 509 4917 548.

206 4956 297 5024 (5)
352 4955 441 5009 Ab
498 4953 816 5009 Almeloven
856 4952 1007 5008 Fasti
1041 4950 1204 5007 Rom.
1246 4951 1477 5009 Consul.
1512 4951 1581 5007 ad
1615 4967 1749 5009 ann.

124 5047 275 5103 Chr.
326 5046 440 5103 588
486 5046 574 5101 ed.
613 5044 659 5101 Il
708 5044 1015 5100 Amstelod.
1062 5044 1201 5097 1740
1237 5059 1292 5112 p.
1345 5044 1468 5099 166.
1519 5043 1754 5100 Relandi

124 5139 296 5193 Fasti
382 5137 614 5193 Consul.
673 5138 737 5192 ad
776 5153 904 5191 ann.
955 5136 1087 5190 Chr.
1118 5136 1222 5190 588
1250 5135 1398 5194 Trai.
1442 5135 1562 5190 Bat.
1615 5137 1755 5190 1715

124 5250 183 5289 υ.
219 5233 371 5286 495.
413 5230 551 5283 Tah.
575 5228 907 5298 Chronolog.
945 5237 1096 5281 auct.
1125 5228 1193 5282 de
1220 5226 1501 5282 Graveson
1545 5227 1600 5281 in
1634 5227 1756 5283 eius

122 5328 286 5380 Ilist.
318 5324 467 5378 eccl.
501 5322 590 5377 ed.
624 5322 798 5376 Mansi
838 5320 900 5374 Τ.
945 5320 1015 5374 IX
1042 5317 1257 5390 (Venet.
1292 5318 1451 5388 I761)
1486 5334 1540 5389 p.
1572 5318 1662 5383 84,
1697 5318 1752 5373 2.

201 5417 295 5489 (6)
335 5415 487 5470 Hist.
525 5413 694 5469 Laus.
736 5413 825 5468 ed.
875 5411 1080 5467 Meurs.
1117 5416 1239 5483 cap.
1285 5409 1322 5463 2
1368 5408 1507 5481 Opp.
1548 5408 1752 5465 Meurs.

124 5514 163 5571 I.
204 5516 249 5569 l.
305 5529 371 5584 p.
398 5510 527 5567 549.
895 5534 899 5537 “

200 5607 291 5678 (7)
340 5605 486 5658 Ibid.
512 5618 633 5672 cap.
660 5601 722 5654 21
760 5600 901 5671 Opp.
925 5600 1127 5655 Meurs.
1154 5599 1189 5651 l.
1218 5598 1256 5653 l.
1300 5614 1355 5668 p.
1386 5598 1511 5653 596.

198 5699 290 5769 (Β)
336 5696 484 5751 Ibid.
519 5710 642 5764 cap.
674 5694 706 5748 8
731 5693 869 5762 Opp.
898 5692 1098 5746 Meurs.
1142 5692 1179 5745 l.
1224 5692 1263 5743 l.
1297 5707 1350 5760 p.
1393 5689 1522 5746 560.
1550 5688 1677 5746 561.

203 5794 290 5859 (ει)
334 5790 478 5844 Ibid.
509 5804 630 5857 cap.
670 5787 756 5842 10.
794 5788 879 5840 11.
916 5786 1001 5839 12.
1040 5786 1123 5839 15.

202 5889 338 5956 (10)
370 5881 508 5937 Ibid.
536 5879 743 5951 cap.9.l
783 5879 917 5950 Opp.
951 5878 1147 5934 Meurs.
1178 5878 1214 5932 l.
1241 5876 1276 5931 l.
1302 5891 1355 5946 p.
1382 5874 1506 5933 585.

1856 3301 1968 3363 390
2006 3300 2125 3382 (20)
2154 3318 2373 3364 mense
2416 3300 2821 3377 Januari0,ut
2848 3301 3289 3381 Martyrologia
3317 3308 3446 3364 tra-

1856 3404 2013 3466 dunt
2045 3403 2193 3486 (21),
2226 3409 2543 3465 mortuum
2562 3420 2723 3465 esse.
2746 3402 2924 3464 Unde
2950 3411 3130 3465 natus
3158 3410 3251 3464 est
3278 3421 3446 3466 anno

1855 3504 1995 3565 Chr.
2031 3503 2169 3579 300,
2203 3510 2264 3565 et
2305 3520 2589 3566 eremum
2622 3503 2873 3565 intravit
2910 3521 3079 3565 anno
3119 3503 3263 3567 Chr.
3307 3504 3444 3567 330.

1854 3606 2010 3667 Nam
2038 3605 2104 3666 in
2130 3603 2535 3667 solitudinem
2558 3604 2728 3666 venit
2744 3604 2997 3683 triginta
3017 3622 3219 3667 annos
3240 3613 3445 3681 natus,

1852 3706 1920 3769 in
1941 3725 2067 3787 qua
2088 3707 2412 3787 sexaginta
2431 3722 2633 3770 annos
2654 3723 2857 3788 usque
2879 3706 2958 3767 ad
2979 3714 3248 3769 mortem
3272 3726 3448 3771 suam

1855 3804 2149 3885 explevit.

1936 3910 1962 3983 §
1996 3906 2089 3968 17.
2122 3909 2439 3972 Hactenus
2467 3924 2564 3984 ea,
2604 3926 2767 3989 quae
2804 3908 2884 3972 ad
2910 3908 3169 3971 Palladii
3201 3909 3279 3971 dc
3315 3911 3445 3971 Ma-

1857 4008 2028 4069 cario
2060 4011 2368 4091 Aegyptio
2404 4010 2824 4073 narrationem
2860 4017 3036 4073 erant
3062 4011 3442 4073 annotanda.

1853 4110 2091 4184 Restat,
2112 4120 2181 4172 ut
2202 4112 2546 4187 videamus,
2571 4113 2895 4193 quomodo
2924 4130 3020 4189 ea,
3045 4132 3207 4194 quae
3238 4113 3446 4175 adhuc

1852 4226 1888 4271 e
1926 4212 2249 4277 codicibus
2287 4213 2884 4278 Vindobonensibus
2930 4216 3336 4297 protulimus,
3380 4216 3449 4278 in

1931 4399 2041 4469 (11)
2065 4400 2203 4459 Ibid.
2233 4417 2354 4475 cap.
2383 4403 2452 4458 88
2473 4401 2612 4475 Opp.
2639 4404 2840 4461 Meurs.
2866 4404 2904 4460 I.
2932 4405 2970 4461 l.
2995 4421 3051 4477 p.
3074 4406 3197 4460 553.

1930 4496 2043 4568 με)
2069 4496 2181 4555 AA.
2209 4496 2309 4555 ss.
2339 4498 2465 4555 Jan.
2499 4500 2563 4555 T.
2590 4501 2609 4555 1
2641 4516 2694 4570 p.
2729 4500 2891 4556 4007.

1929 4588 2041 4662 (15)
2073 4590 2199 4647 Not.
2225 4591 2255 4644 7
2281 4593 2350 4647 de
2390 4592 2594 4651 Macar.
2638 4594 2798 4666 Aeg.,
2843 4592 3135 4649 Mémoircs
3164 4592 3253 4649 cd.
3282 4593 3446 4652 Brux.

1859 4680 1925 4736 Τ.
1951 4681 2065 4736 VIII
2086 4682 2148 4738 Ρ.
2171 4683 2239 4737 Ill
2264 4701 2318 4756 ρ.
2343 4685 2504 4742 uss.

1904 4776 1977 4857 .(t
1991 4777 2046 4846 ι)
2080 4775 2313 4848 Scriptt.
2344 4779 2551 4835 eccles.
2594 4776 2738 4836 Hist.
2766 4778 2874 4835 litt.
2903 4795 2950 4833 δ.
2984 4793 3039 4834 v.
3074 4776 3349 4833 Macarius
3375 4795 3451 4833 se-

1859 4863 1996 4901 ηιον.

1932 4939 2041 5011 (15)
2065 4939 2227 4996 Thes.
2254 4947 2438 4997 Ascet.
2460 4940 2640 4997 Paris.
2669 4940 2812 4997 1684
2832 4941 3049 5013 Proleg.
3083 4941 3129 5013 ᾗ,
3149 4940 3219 4997 V.

1931 5032 2042 5101 (16)
2067 5031 2204 5087 Bibl.
2230 5032 2421 5089 Graec.
2448 5033 2536 5089 ed.
2564 5031 2785 5090 Harles.-
2814 5034 2878 5089 T.
2902 5034 3014 5089 Vlll
3040 5051 3094 5105 p.
3128 5033 3253 5088 561.

1934 5123 2044 5193 (17)
2078 5122 2359 5194 Supplem.
2392 5121 3285 5182 Commentar.'Lambec.Vind‘ob.
3309 5121 3447 5179 1690

1860 5215 1924 5270 Τ.
1952 5218 1998 5270 II
2024 5217 2079 5271 in
2103 5217 2285 5273 indice
2310 5219 2660 5289 alphabetico
2688 5235 2735 5276 s.
2762 5237 2817 5275 ν.
2847 5220 3119 5273 Macarius
3142 5217 3446 5288 cognomine

1859 5309 2107 5381 Magnus.

1931 5404 2043 5471 (18)
2068 5401 2288 5458 Macarii
2312 5403 2775 5477 AegyptiiOpusc.
2800 5403 3264 5475 ctApOphthcgm.
3292 5401 3439 5473 Lips.

1861 5496 1998 5552 1699
2019 5495 2199 5551 Praef.
2241 5497 2269 5567 §
2300 5496 2388 5550 IV.

1935 5590 2048 5655 (19)
2073 5588 2158 5643 Cf.
2186 5604 2352 5658 supra
2388 5605 2442 5659 p.
2467 5590 2521 5643 5.

1936 5684 2050 5752 (20)
2086 5682 2161 5737 De
2184 5689 2448 5751 tempore.
2477 5696 2586 5751 quo
2609 5680 2887 5741 Palladius
2902 5683 2957 5739 in
2979 5680 3213 5739 Nitriam
3232 5679 3449 5739 venerit

1862 5776 1934 5833 cf.
1961 5774 2101 5829 infra
2126 5773 2302 5844 Caput
2323 5771 2391 5827 Ill
2418 5773 2445 5844 ᾗ
2474 5773 2568 5829 21.

1936 5867 2049 5939 (21)
2073 5866 2158 5923 Cf.
2194 5864 2334 5922 infra
2364 5866 2536 5937 Caput
2569 5866 2705 5925 VIII.
