4040 6588
1384 335 1484 392 SS.
1525 333 1987 397 MACARIOllUM
2021 339 2347 399 AEGYPTII
2388 339 2476 396 ET
2514 336 2980 394 ALEXANDRINI

3726 341 3795 399 60

543 453 805 536 singulis
831 454 1213 519 editionibus
1246 454 1556 519 Historiae
1585 456 1920 520 Lausiacae
1948 457 2120 551 exhi-
2147 463 2192 520 Α
2221 458 2425 522 carius
2467 459 2622 521 dixit
2656 476 2669 518 :
2701 458 2765 519 Si
2792 473 2937 518 vere
2968 453 3285 517 desideras
3330 470 3410 517 ex
3435 460 3571 518 toto
3606 455 3795 519 corde

543 557 832 619 beantur.

623 660 669 718 Ε
699 659 929 739 quibus
963 675 1183 737 graeca
1214 657 1465 729 Meursii
1496 657 1689 719 editio
1717 664 1779 719 et
1816 657 2123 736 interpre-

543 761 695 822 tatio
730 762 981 823 Herveti
1013 778 1048 822 a
1086 767 1300 822 nostro
1340 760 1628 822 codicum
1664 760 2119 822 Vindobonen-

545 862 709 923 sium
730 868 903 925 textu
933 879 1070 923 raro
1096 870 1284 941 atque
1313 861 1641 923 levissimis
1668 868 1908 923 tantum
1932 862 2121 923 rebus

546 962 866 1023 differunt.
900 965 1115 1041 Neque
1151 963 1217 1024 in
1252 963 1565 1037 Paradiso,
1616 962 1929 1026 Heraclidi
1971 979 2119 1042 per-

544 1080 761 1142 peram
806 1064 1058 1135 tributo,
1110 1064 1233 1126 ulla
1270 1064 1512 1142 gravior
1558 1064 1907 1125 differentia
1941 1064 2119 1124 inve-

543 1163 733 1223 nitur.
765 1162 954 1224 Multo
983 1164 1093 1233 60
1121 1170 1329 1224 autem
1371 1162 1749 1244 locupletior
1789 1164 2010 1225 ceteris
2055 1163 2121 1224 in

543 1260 667 1324 hoc
717 1263 919 1343 capite
974 1270 1067 1325 est
1108 1264 1365 1344 antiqua
1410 1265 1527 1326 ista
1572 1264 1799 1337 versio,
1849 1281 2010 1343 quae
2055 1264 2120 1324 in

542 1361 854 1423 Rosweidi
874 1362 1225 1442 appendice
1250 1368 1469 1423 exstat.
1494 1364 1666 1435 Quae
1688 1362 1959 1441 primum
1978 1368 2121 1441 post

540 1460 713 1521 illam
762 1462 839 1523 de
870 1462 1104 1523 femina
1146 1462 1213 1523 in
1246 1479 1475 1542 equam
1518 1468 1753 1524 mutata
1798 1461 2120 1524 historiam

542 1556 707 1621 hanc
734 1559 812 1623 de
846 1560 1054 1640 puella
1082 1560 1253 1623 addit
1286 1577 1301 1620 :

582 1720 583 1723 η
624 1681 653 1713 α
687 1659 819 1720 Alia
854 1677 1111 1739 quoque
1151 1658 1359 1738 puella
1392 1658 1470 1721 ad
1513 1676 1657 1721 eum
1699 1658 1967 1721 deducta
2003 1665 2117 1733 est,

542 1758 721 1819 cuius
770 1760 1085 1821 obscoena
1128 1758 1412 1839 corporis
1463 1758 1547 1820 ita
1594 1776 1671 1820 ex
1719 1758 1893 1820 omni
1943 1765 2120 1839 parte

543 1868 1077 1940 computruerant,
1116 1867 1184 1921 ut
1218 1860 1606 1939 consumptis
1639 1860 1930 1925 carnibus
1963 1860 2122 1922 inte-

540 1961 707 2022 riora
737 1979 994 2041 quoque
1025 1970 1085 2023 et
1116 1962 1456 2023 secretiora
1501 1968 1756 2023 naturae
1800 1962 2118 2023 nudaren-

540 2068 664 2136 tur,
687 2080 758 2124 ac
788 2063 1089 2124 vermium
1118 2062 1265 2123 inde
1293 2061 1581 2123 ebulliret
1608 2061 1937 2123 innumera
1964 2061 2122 2124 mul-

541 2162 766 2235 titudo,
796 2163 879 2225 ita
904 2170 973 2224 ut
1000 2180 1130 2224 non
1159 2162 1485 2224 accederet
1513 2161 1845 2241 quisquam
1870 2162 1948 2223 ad
1982 2180 2119 2224 eam

542 2281 695 2342 prae
723 2264 981 2325 foetoris
1015 2264 1298 2325 horrore.
1338 2265 1505 2325 Haec
1550 2280 1693 2325 cum
1731 2263 1911 2326 allata
1939 2282 1975 2326 a
2002 2283 2118 2346 pa-

542 2364 822 2425 rentibus
868 2372 929 2425 et
974 2364 1254 2444 proiecta
1296 2362 1516 2425 fuisset
1560 2370 1702 2425 ante
1750 2363 1919 2427 fores
1959 2366 2115 2441 eius,

540 2466 843 2527 miserans
900 2465 1155 2543 virginis
1222 2465 1531 2527 cruciatus
1578 2483 1591 2525 :
1636 2469 1855 2545 Aequo
1907 2467 2117 2529 animo

541 2572 700 2637 esto,
734 2564 958 2644 inquit,
995 2564 1152 2638 ﬁlia;
1185 2562 1341 2625 haec
1368 2562 1481 2624 tibi
1518 2563 1595 2624 ad
1626 2562 1889 2624 salutem
1915 2564 2122 2626 Domi-

540 2683 681 2737 nus,
712 2682 843 2727 non
871 2664 949 2726 ad
975 2664 1293 2726 interitum
1322 2663 1512 2725 dedit.
1554 2663 1731 2725 Unde
1775 2664 2116 2743 providen-

539 2765 686 2826 dum
723 2773 817 2826 est
849 2765 1067 2843 magis,
1098 2770 1166 2826 ut
1194 2764 1422 2826 sanitas
1451 2770 1555 2826 tua
1602 2764 1841 2826 nullum
1865 2766 1977 2827 tibi
2014 2783 2121 2846 pe-

538 2864 807 2926 riculum
848 2864 1095 2926 inferat.
1126 2865 1200 2924 Et
1240 2882 1385 2925 cum
1423 2864 1693 2927 stetisset
1722 2866 1788 2926 in
1815 2866 2117 2928 orationi-

536 2963 655 3025 bus
690 2980 803 3043 per
834 2969 1075 3043 septem
1114 2962 1448 3024 continuos
1474 2963 1631 3037 dies,
1666 2970 1726 3024 et
1760 2963 1971 3025 oleum
2003 2965 2117 3028 be-

536 3064 838 3127 nedicens
866 3064 932 3125 in
961 3064 1218 3126 nomine
1246 3064 1494 3125 Domini
1521 3072 1899 3143 perungeret
1926 3083 2120 3128 mem-

538 3165 649 3226 bra
678 3164 834 3238 eius,
875 3164 959 3225 ita
994 3182 1133 3226 eam
1164 3182 1377 3227 sanam
1417 3164 1706 3242 reddidit,
1746 3173 1814 3228 ut
1851 3174 1910 3229 et
1940 3186 2118 3248 repa-

537 3269 669 3325 rata
705 3269 961 3324 naturae
992 3263 1258 3343 qualitas
1304 3270 1366 3326 et
1394 3263 1673 3343 perfecta
1700 3265 2022 3329 muliebris
2050 3267 2119 3329 in

538 3380 613 3424 ea
657 3364 902 3443 species
945 3370 1297 3443 appareret,
1337 3368 1626 3445 essetqde
1676 3364 1734 3426 ei
1783 3365 1859 3428 de
1908 3372 2118 3428 cetero

537 3464 701 3526 inter
750 3464 1039 3527 homines
1091 3466 1480 3529 conversatio
1527 3468 1765 3548 absque
1813 3468 2119 3547 pristinae

536 3564 914 3627 infirmitatis
944 3564 1268 3627 obstaculo
1313 3562 1418 3646 (1).
1455 3588 1483 3622 η

614 3665 785 3727 Haec
826 3666 1096 3727 narratio
1132 3650 1335 3727 etiam
1360 3665 1521 3728 libro
1568 3665 1847 3729 secundo
1893 3666 2117 3729 iisdem

537 3766 742 3828 verbis
769 3766 1016 3844 legitur,
1046 3784 1253 3845 neque
1274 3784 1421 3828 vero
1444 3784 1580 3829 eam
1609 3768 1754 3829 alibi
1778 3769 1985 3849 reperi
2009 3769 2112 3849 (2).

538 3868 707 3939 Quae
740 3867 995 3947 antiqua
1025 3867 1229 3928 versio
1269 3867 1347 3929 de
1378 3868 1852 3931 resuscitatione
1886 3870 2119 3932 mortui

537 3967 745 4041 habet,
772 3986 916 4030 cum
946 3968 1301 4030 narratione
1324 3968 1463 4030 libri
1492 3969 1754 4031 secundi
1783 3970 2015 4050 pariter
2039 3972 2118 4033 ad

534 4070 797 4131 verbum
835 4068 1237 4130 conveniunt.
1269 4071 1339 4129 In
1382 4069 1505 4131 ﬁne
1537 4076 1745 4131 autem
1788 4072 2009 4150 capitis
2038 4072 2117 4135 de

536 4167 803 4229 Macario
834 4167 1164 4246 Aegyptio,
1198 4176 1528 4246 postquam
1558 4170 1791 4231 dictum
1822 4178 1937 4246 est,
1972 4188 2114 4232 eum

537 4285 704 4330 anno
734 4275 1071 4347 antequam
1116 4267 1425 4330 Palladius
1470 4270 1870 4332 solitudinem
1917 4272 2113 4333 intra-

535 4373 714 4446 verit,
744 4371 997 4445 obiisse,
1020 4373 1272 4452 antiqua
1301 4373 1414 4434 ista
1445 4375 1645 4435 versio
1674 4374 1926 4453 longam
1953 4377 2114 4440 hanc

2152 1811 2193 1864 Β

2144 3150 2187 3209 C

2220 560 2579 621 renuntiare
2622 559 2766 621 huic
2802 564 3077 631 saeculo,
3121 555 3334 630 ﬁliole,
3367 564 3429 617 et
3456 556 3799 620 adhaerere

2220 658 2487 721 Domino
2548 659 2883 732 Salvatori,
2930 658 3090 719 sicut
3156 657 3307 719 dicit
3360 657 3674 737 Propheta
3731 658 3799 720 in

2221 757 2463 837 psalmo
2501 775 2514 818 :
2547 756 2842 820 Adhaesit
2868 758 3077 819 anima
3103 774 3243 818 mea
3272 762 3415 837 post
3443 763 3527 830 te,
3564 774 3665 817 me
3694 774 3802 818 au-

2219 865 2346 920 tem
2405 859 2680 938 suscepit
2738 859 2956 921 dextra
3013 864 3450 938 tua—parata
3492 859 3660 919 enim
3709 866 3802 920 est

2220 959 2436 1022 dextra
2468 961 2735 1035 Domini,
2766 960 3202 1038 confugientes
3242 959 3320 1021 ad
3368 976 3434 1020 se
3479 961 3801 1038 suscipere

2221 1095 2296 1104 —
2318 1066 2567 1139 oportet
2596 1068 2652 1121 te
2678 1061 3037 1122 renuntiare
3068 1059 3212 1122 huic
3237 1060 3473 1120 mundo
3498 1066 3558 1119 et
3580 1077 3803 1121 omnes

2220 1168 2395 1222 actus
2421 1161 2555 1223 eius
2583 1161 2877 1236 abiicere,
2911 1161 3072 1223 sicut
3104 1160 3254 1222 dicit
3278 1160 3616 1239 Apostolus
3642 1162 3800 1223 scri-

2220 1261 2378 1323 bens
2406 1261 2485 1323 ad
2513 1260 2913 1324 Colossenses
2948 1278 2961 1321 :
2995 1261 3220 1323 Mortui
3263 1263 3429 1323 enim
3473 1259 3618 1323 estis
3652 1258 3801 1324 huic

2220 1362 2490 1437 mundo,
2539 1368 2601 1425 et
2649 1363 2771 1424 vita
2820 1368 3021 1424 vestra
3078 1361 3446 1425 abscondita
3504 1368 3598 1424 est
3656 1379 3804 1424 cum

2221 1462 2460 1524 Christo
2490 1464 2555 1525 in
2586 1464 2736 1525 Deo.
2770 1465 2920 1525 Cum
2948 1463 3116 1525 enim
3145 1462 3419 1524 Christus
3440 1462 3804 1542 apparuerit

2221 1563 2341 1625 vita
2382 1570 2608 1633 vestra,
2652 1568 2801 1625 tunc
2832 1570 2893 1625 et
2923 1580 3032 1625 vos
3068 1562 3450 1643 apparebitis
3483 1580 3624 1624 cum
3655 1562 3801 1642 ipso

2220 1658 2287 1720 in
2338 1659 2553 1737 gloria.
2598 1662 2766 1723 Haec
2808 1660 3071 1721 audiens
3103 1659 3319 1739 junior
3367 1658 3565 1725 dixit:
3605 1659 3802 1722 Crede

2222 1758 2400 1833 mihi,
2422 1759 2779 1821 beatissime
2804 1766 3002 1841 pater,
3026 1760 3174 1840 quia
3203 1766 3265 1821 et
3290 1767 3564 1821 mentem
3592 1778 3801 1822 meam

2220 1860 2483 1922 alienavi
2523 1861 2601 1922 ab
2636 1860 2759 1923 hoc
2806 1861 3043 1923 mundo
3087 1861 3254 1923 etab
3290 1862 3604 1936 omnibus,
3636 1879 3803 1941 quae

2218 1957 2287 2018 in
2317 1975 2393 2019 eo
2419 1966 2585 2031 sunt,
2609 1966 2678 2021 ut
2706 1958 2829 2020 iam
2859 1965 3153 2039 tanquam
3180 1967 3463 2024 mortuus
3487 1961 3709 2038 degam
3733 1962 3803 2025 in

2220 2056 2407 2118 huius
2436 2058 2737 2139 temporis
2785 2059 2929 2121 vita.
2967 2060 3238 2138 Cognovi
3275 2060 3464 2134 enim,
3500 2061 3802 2139 quoniam

2219 2159 2589 2237 temporalia
2632 2164 2693 2220 et
2743 2160 3099 2223 transitoria
3140 2166 3327 2241 atque
3369 2161 3803 2240 corruptibilia

2220 2268 2366 2321 sunt
2393 2260 2626 2335 omnia,
2651 2278 2813 2340 quae
2834 2262 2899 2322 in
2928 2260 3048 2324 hoc
3078 2263 3315 2324 mundo
3343 2262 3632 2325 videntur
3660 2281 3801 2326 esse

2219 2360 2408 2424 bona;
2441 2362 2614 2423 Tunc
2658 2362 2810 2424 dicit
2852 2363 2909 2425 ei
2945 2363 3157 2425 senior
3189 2383 3202 2424 :
3236 2363 3394 2425 Audi
3434 2381 3557 2437 me,
3594 2348 3704 2437 ﬁli,
3738 2371 3805 2426 et

2218 2460 2375 2521 vade
2406 2461 2483 2521 ad
2514 2461 2847 2540 sepulchra
2887 2470 3301 2537 mortuorum,
3330 2470 3390 2525 et
3419 2464 3806 2544 quampluri-

2218 2560 2338 2622 mis
2378 2559 2652 2635 iniuriis,
2696 2561 2909 2623 multis
2950 2562 3249 2625 conviciis
3304 2580 3375 2625 ac
3418 2563 3801 2638 maledictis,

2220 2661 2408 2723 etiam
2448 2669 2509 2723 et
2536 2662 2849 2742 lapidibus
2876 2679 2986 2725 eos
3022 2662 3353 2735 detestare,
3378 2671 3447 2729 ut
3477 2665 3805 2743 provocati

2217 2760 2539 2824 irritentur
2561 2764 2857 2825 adversus
2880 2771 2963 2824 te.
2986 2764 3096 2825 His
3121 2764 3347 2825 auditis
3367 2764 3577 2826 iunior
3596 2765 3803 2825 statim

2217 2864 2493 2943 perrexit
2520 2863 2599 2926 ad
2626 2872 3035 2926 monumenta
3070 2873 3487 2927 mortuorum.
3520 2867 3804 2945 Cumque

2218 2964 2567 3026 secundum
2609 2972 3017 3045 praeceptum
3062 2967 3225 3028 beati
3277 2966 3544 3028 senioris
3587 2966 3805 3027 multis

2222 3079 2352 3137 eos,
2382 3070 2450 3124 ut
2476 3065 2755 3144 putabat,
2776 3063 3020 3126 iniuriis
3049 3064 3380 3139 affecisset,
3405 3082 3693 3126 reversus
3722 3063 3805 3125 ad

2220 3170 2504 3226 sanctum
2532 3165 2867 3227 Macarium
2898 3165 3053 3227 dixit
3095 3166 3153 3227 ei
3184 3165 3355 3245 quod
3399 3166 3633 3228 fecerat
3666 3184 3679 3227 :
3709 3167 3809 3227 in-

2220 3264 2680 3343 terrogavitque
2712 3282 2855 3325 eum
2882 3264 3114 3337 senior,
3150 3263 3201 3325 si
3246 3261 3403 3325 nihil
3445 3263 3503 3325 ei
3532 3282 3806 3345 respon-

2221 3362 2457 3425 dissent
2478 3364 2568 3425 illi
2588 3363 2861 3426 mortui?
2882 3366 2955 3428 Et
2984 3364 3376 3444 respondens
3405 3365 3560 3427 dixit
3586 3383 3599 3425 :
3634 3364 3808 3426 Nihil

2218 3466 2471 3547 penitus
2491 3465 2804 3540 dixerunt,
2828 3464 3104 3527 domine.
3130 3468 3363 3527 Iterum
3389 3472 3599 3527 autem
3626 3482 3810 3545 prae-

2218 3569 2386 3650 cepit
2414 3568 2473 3630 ei
2500 3568 2716 3630 dicens
2746 3586 2758 3629 :
2790 3570 2988 3646 Perge
3017 3567 3287 3629 crastino
3326 3568 3451 3643 die,
3499 3574 3561 3629 et
3590 3568 3810 3630 multis

2218 3669 2571 3750 praeconiis
2600 3668 2885 3731 collauda
2917 3674 2978 3729 et
3009 3667 3286 3746 gloriﬁca
3321 3685 3451 3730 eos.
3486 3669 3655 3729 Abiit
3680 3669 3808 3730 ite-

2218 3790 2355 3833 rum
2385 3770 2577 3832 frater
2600 3769 2678 3831 ad
2704 3767 3038 3850 sepulchra
3063 3775 3480 3842 mortuorum,
3506 3775 3569 3830 et
3591 3770 3809 3849 coepit

2216 3869 2469 3932 laudare
2506 3869 2998 3948 honoriﬁcisque
3032 3867 3428 3929 sermonibus
3450 3868 3808 3947 gloriﬁcare

2218 3989 2329 4032 eos
2371 3969 2587 4032 dicens
2623 3987 2635 4029 :
2665 3970 2791 4031 Vos
2826 3968 3037 4048 magni
3080 3967 3247 4041 estis,
3282 3975 3344 4029 et
3374 3969 3600 4043 sancti,
3630 3976 3690 4030 et
3714 3970 3807 4030 si-

2215 4071 2396 4132 miles
2419 4069 2779 4151 apostolicis
2808 4070 2977 4143 viris,
3012 4076 3072 4130 et
3098 4068 3329 4130 iustitia
3359 4086 3586 4146 magna
3610 4070 3675 4131 in
3696 4088 3810 4130 vo-

2217 4174 2311 4236 bis
2339 4178 2451 4235 est.
2481 4174 2554 4233 Et
2595 4172 2745 4234 alias
2776 4170 3267 4250 quamplurimas
3298 4169 3516 4233 laudes
3548 4188 3692 4233 cum
3724 4172 3808 4233 ad

2216 4293 2325 4337 eos
2356 4275 2635 4347 dixisset,
2669 4290 2953 4334 reversus
2976 4270 3053 4333 ad
3082 4270 3303 4332 cellam
3334 4271 3488 4331 dixit
3516 4272 3760 4333 seniori
3791 4291 3804 4332 :

2215 4376 2376 4437 Ecce
2423 4373 2768 4435 secundum
2827 4377 3235 4452 praeceptum
3282 4378 3492 4444 tuum,
3541 4371 3812 4433 domine

538 4470 860 4533 historiam
902 4471 1095 4548 addit,
1135 4489 1324 4552 quam
1363 4473 1449 4534 ita
1492 4474 1919 4538 adumbratam
1960 4496 2111 4539 nus—
2148 4492 2192 4548 1)
2221 4483 2420 4556 pater,
2460 4474 2705 4537 laudavi
2752 4480 2812 4534 et
2851 4472 3187 4551 gloriﬁcavi
3215 4472 3357 4533 illos
3395 4480 3712 4548 mortuos,
3750 4481 3817 4536 et

539 4572 707 4652 piam
739 4572 993 4634 invenio
1032 4590 1046 4633 :

618 4698 647 4730 ‹(
683 4673 964 4746 Quodam
1010 4678 1295 4753 tempore
1326 4691 1466 4735 cum
1505 4674 1583 4737 ad
1628 4676 1879 4738 beatum
1909 4680 2113 4741 Maca-

538 4774 701 4836 rium
744 4773 999 4854 quidam
1030 4774 1323 4849 venisset,
1373 4774 1736 4837 desiderans
1770 4777 1837 4838 in
1873 4796 2111 4858 propo-

536 4876 656 4938 sito
702 4876 1159 4938 monachorum
1205 4876 1437 4939 servire
1486 4878 1751 4955 Christo,
1789 4887 1849 4943 et
1896 4883 2116 4962 depre-

536 4984 783 5040 caretur
812 4982 1095 5039 sanctum
1133 4993 1372 5052 senem,
1404 4983 1474 5039 ut
1503 4978 1837 5042 instrueret
1869 4997 2011 5043 eum
2042 5001 2113 5045 ac

536 5080 813 5155 doceret,
844 5085 905 5141 et
934 5097 1011 5141 ex
1038 5077 1212 5141 fonte
1256 5078 1576 5141 doctrinae
1616 5080 1921 5157 salutaris,
1953 5101 2115 5163 quae

534 5181 603 5243 in
634 5199 710 5243 eo
746 5199 862 5261 per
888 5182 1153 5262 Spiritus
1179 5182 1285 5252 61
1322 5182 1520 5242 sancti
1555 5183 1812 5259 gratiam
1843 5185 2119 5247 abunda-

537 5286 673 5356 bat,
719 5284 1118 5345 conﬁrmaret
1161 5289 1252 5356 et,
1297 5281 1564 5361 qualiter
1608 5290 1821 5363 posset
1862 5286 2113 5349 iuvante

538 5385 804 5446 Domino
828 5384 1083 5446 insidias
1109 5390 1297 5464 atque
1323 5383 1408 5443 im
1415 5383 1831 5462 pugnationes
1858 5387 2115 5465 maligni

539 5484 824 5555 evadere,
851 5491 1313 5564 praemoneret,
1338 5483 1730 5564 respondens
1753 5485 1969 5549 beatus
1995 5491 2115 5551 Ma-

609 5669 687 5737 (ι)
713 5666 827 5723 νγ.
862 5667 966 5722 PP.
992 5667 1178 5724 Rosw.
1220 5685 1279 5740 p.
1301 5670 1425 5737 989,
1461 5670 1516 5726 ἓ.

2217 4576 2373 4637 nihil
2433 4575 2588 4636 mihi
2647 4573 2897 4653 penitus
2939 4572 3252 4633 dixerunt.
3299 4574 3474 4634 Tunc
3519 4573 3681 4635 dixit
3755 4575 3817 4636 ei

2216 4687 2466 4741 sanctus
2507 4680 2809 4740 Macarius
2852 4695 2865 4736 :
2913 4676 3273 4751 Considera,
3318 4678 3430 4747 ﬁli,
3470 4681 3812 4758 quoniam,

2217 4779 2376 4841 sicut
2417 4778 2660 4859 injuriis
2701 4784 2762 4838 et
2791 4776 3188 4838 contumeliis
3227 4778 3625 4856 exprobrasti
3662 4779 3815 4841 illos

2216 4884 2521 4953 mortuos,
2539 4878 2646 4949 62
2666 4883 2727 4938 et
2748 4876 2903 4938 nihil
2927 4877 3036 4938 tibi
3056 4877 3252 4939 locuti
3273 4883 3441 4952 sunt,
3464 4878 3549 4940 ita
3573 4896 3733 4957 ergo
3753 4889 3815 4941 et

2220 4988 2310 5055 tu,
2341 4981 2393 5042 si
2429 4979 2521 5040 vis
2556 4978 2763 5041 salvus
2807 4994 2944 5039 esse
2990 4983 3051 5039 et
3093 4978 3160 5040 in
3209 4984 3425 5040 sancto
3469 4978 3819 5059 prOposito

2222 5084 2471 5162 placere
2502 5079 2801 5141 Salvatori
2826 5084 3064 5154 nostro,
3086 5079 3329 5141 imitare
3358 5080 3571 5160 ipsum
3603 5080 3831 5142 Domi-

2225 5201 2375 5245 num
2405 5182 2910 5260 Salvatoremque
2944 5190 3249 5255 nostrum,
3279 5182 3440 5244 sicut
3468 5183 3625 5246 dicit
3655 5186 3829 5246 bea-

2220 5292 2319 5347 tus
2336 5288 2614 5348 Joannes
2634 5283 2957 5365 apostolus
2980 5290 3041 5346 et
3061 5285 3439 5363 evangelista
3460 5304 3473 5346 :
3494 5288 3612 5358 Qui
3633 5286 3831 5360 dicit,

2221 5405 2287 5449 se
2316 5388 2382 5448 in
2417 5387 2657 5448 Christo
2706 5403 2982 5461 manere,
3016 5386 3225 5461 debet,
3266 5388 3839 5467 quemadmodum

2218 5488 2324 5550 ille
2362 5487 2721 5562 ambulavit,
2765 5494 2827 5549 et
2868 5488 3004 5567 ipse
3046 5487 3389 5549 ambulare.
3414 5488 3601 5551 Unde
3639 5496 3703 5551 et
3745 5489 3847 5554 in

2226 5676 2284 5731 S.
2314 5678 2606 5735 Antonius.
2630 5676 2740 5735 Vit.
2776 5676 2832 5734 S.
2854 5677 3071 5734 Antonii
3093 5693 3195 5750 cap
3237 5678 3327 5746 58,
3354 5678 3411 5734 S.
3432 5679 3639 5736 Athan.
3667 5680 3845 5751 Opp-

609 5752 687 5830 (2)
731 5757 1008 5829 Virginem
1061 5761 1224 5817 simili
1271 5762 1461 5816 morbo
1516 5761 1851 5818 laborantem
1906 5763 2118 5818 sanavit
2225 5784 2278 5838 ῃ.
2314 5769 2418 5824 670
2444 5787 2564 5840 sqq.
