4040 6546
190 320 251 377 6|
1714 335 1736 392 ἱ

1838 336 1940 394 AE.
3363 361 3436 417 δε

183 438 521 551 lavangelio
546 445 800 524 quidem
826 448 1113 527 legimus,
1141 452 1438 531 quoniam
1468 454 1588 533 ipsi
1617 471 1761 535 per-
1792 461 1841 518 Α
1869 456 2033 537 geliq
2072 458 2150 521 de
2195 460 2272 523 iis
2300 463 2410 542 qui
2449 463 2665 528 laudes
2708 465 3034 532 hominum
3063 483 3374 551 quaerunt
3417 498 3432 541 :

183 537 469 603 ﬁdissimr
512 552 762 610 nostrae
806 549 951 610 ﬁdei
997 552 1227 613 aemuli
1275 554 1494 615 Judaei
1528 555 1759 617 multas

177 642 464 718 iniurias,
494 645 827 725 instigante
850 649 1110 713 humani
1138 654 1385 731 generis
1413 653 1591 715 hoste
1619 656 1755 717 dia-

176 740 355 816 bolo,
385 745 453 805 in
500 746 831 811 Dominum
872 759 1155 814 nostrum
1193 754 1407 815 Iesum
1449 754 1755 818 Christum

174 843 560 907 Salvatorem
607 849 898 914 dixerunt
930 854 1432 917 :"Samaritanum
1483 874 1643 932 esse,
1693 865 1756 921 et

174 943 581 1008 daemonium
616 948 973 1027 habentem,
1009 960 1070 1015 et
1098 955 1165 1016 in
1203 956 1552 1020 Beelzebub
1576 961 1754 1039 prin-

172 1046 318 1124 cipe
340 1047 816 1113 daemoniorum
843 1054 1197 1117 eiicientem
1224 1057 1582 1132 daemonia;
1608 1077 1752 1121 nam

172 1152 235 1205 et
264 1146 665 1209 seductorem
702 1167 844 1211 eum
876 1153 1011 1213 ausi
1041 1161 1187 1216 sunt
1225 1156 1473 1218 dicere:
1507 1166 1568 1219 et
1596 1158 1751 1222 haec

167 1247 385 1308 omnia
440 1248 749 1327 patienter
801 1250 938 1330 ipse
999 1254 1143 1333 pius
1188 1256 1487 1319 Dominus
1536 1266 1752 1321 noster

164 1349 350 1409 Iesus
383 1348 658 1412 Christus
696 1353 875 1427 caeli,
907 1360 1107 1419 terrae
1137 1363 1199 1419 et
1225 1360 1433 1433 maris,
1466 1360 1748 1423 omnium

166 1467 430 1529 quoque
459 1468 702 1527 eorum,
736 1471 899 1533 quae
928 1456 995 1517 in
1023 1458 1114 1519 eis
1159 1466 1325 1535 sunt,
1360 1469 1604 1524 creator
1648 1481 1749 1525 su-

161 1550 417 1625 stinuit,
454 1557 525 1614 ut
557 1552 742 1615 nobis
787 1554 1125 1634 patientiae
1154 1575 1303 1621 suae
1327 1607 1341 1634 ,
1369 1559 1640 1625 lenitatis
1685 1568 1750 1625 et

157 1650 533 1716 humilitatis
568 1656 900 1734 praeberet
934 1661 1316 1740 exemplum.
1360 1664 1515 1725 Nam
1548 1664 1601 1725 si
1630 1682 1743 1728 vo-

1858 560 2057 620 Amen
2095 560 2237 623 dico
2266 564 2466 638 vobis,
2498 565 2645 645 quia
2675 577 3051 648 receperunt
3079 577 3437 639 mercedem

1858 674 2057 720 suam.
2076 661 2149 721 Et
2166 661 2283 724 alia
2305 663 2497 727 multa
2517 673 2683 740 sunt,
2704 686 2866 748 quae
2886 669 2965 731 de
2988 674 3261 736 cavenda
3280 694 3436 741 vana

1857 756 2054 835 gloria
2082 768 2330 824 sanctae
2367 765 2718 845 Scripturae
2757 768 3097 833 admonere
3128 790 3256 834 non
3295 793 3434 838 ces-

1856 866 2015 922 sant.
2049 864 2202 925 Cave
2237 882 2410 943 ergo,
2460 883 2498 927 o
2543 867 2652 942 ﬁli,
2683 874 2743 931 et
2775 888 2982 950 neque
3018 874 3092 935 ad
3134 874 3437 954 irrogatas

1854 961 2112 1025 iniurias
2150 968 2515 1030 exardescat
2540 969 2606 1029 in
2640 970 2959 1034 iracundia
2992 975 3237 1037 animus
3263 986 3430 1053 tuus,

1855 1066 1917 1122 et
1936 1063 1986 1123 si
2013 1064 2333 1126 incitatum
2361 1066 2546 1129 fuerit
2573 1087 2685 1131 cor
2710 1078 2909 1147 tuum,
2932 1073 3068 1152 ipse
3103 1082 3310 1138 tamen
3342 1079 3435 1139 di-

1852 1163 2060 1226 stricte
2093 1166 2158 1227 in
2186 1166 2409 1229 timore
2442 1169 2687 1231 Domini
2722 1172 2968 1234 refrena
3003 1177 3080 1237 ab
3110 1176 3431 1243 iracundia

1850 1264 2127 1326 animum
2144 1271 2343 1340 tuum,
2361 1274 2427 1328 ut
2448 1268 2652 1347 possis
2669 1270 2955 1331 virtutem
2977 1271 3341 1336 humilitatis
3357 1294 3430 1338 ac

1848 1366 2184 1445 patientiae
2202 1369 2513 1430 custodire
2530 1386 2544 1443 ;
2565 1376 2625 1432 et
2640 1376 2788 1433 tunc
2804 1374 3106 1434 veraciter
3126 1376 3427 1450 ostendis,

1849 1466 2020 1545 quod
2040 1467 2379 1547 promisisti
2401 1468 2640 1543 dicens,
2660 1469 2806 1548 quia
2825 1476 3119 1549 tanquam
3142 1479 3431 1536 mortuus

1848 1566 2039 1646 degas
2073 1567 2141 1629 in
2170 1567 2292 1639 hoc
2322 1569 2584 1643 mundo,
2615 1570 2667 1631 si
2692 1569 2849 1631 nihil
2878 1570 3304 1635 turbulentum
3335 1592 3433 1637 re-

1846 1669 2160 1748 spondeas
2179 1669 2257 1731 iis
2276 1669 2382 1749 qui
2400 1670 2514 1731 tibi
2528 1670 2788 1732 iniurias
2809 1671 3107 1750 irrogant,
3129 1673 3289 1735 sicut
3309 1693 3428 1739 nec

157 1751 384 1815 luisset
406 1757 750 1834 potentiam
780 1775 929 1821 suae
956 1761 1294 1823 maiestatis
1323 1763 1654 1826 ostendere
1683 1771 1745 1827 et
1776 1799 1817 1853 B
1844 1768 1936 1830 illi
1962 1768 2041 1831 de
2069 1771 2495 1832 monumentis
2515 1771 2770 1846 mortui,
2790 1771 2857 1833 in
2880 1789 3042 1851 quos
3068 1773 3297 1836 multas
3322 1774 3426 1835 in-

153 1849 423 1930 injurias
456 1853 792 1930 vindicare,
820 1872 1075 1918 omnem
1103 1857 1310 1920 subito
1340 1859 1646 1922 mundum
1675 1861 1744 1923 in

153 1950 358 2013 chaos
391 1953 754 2029 deduceret,
786 1962 848 2017 et
867 1974 985 2020 nec
1014 1974 1211 2036 genus
1237 1958 1587 2035 hominum,
1624 1979 1742 2025 nec

150 2046 295 2127 ipse
345 2049 565 2111 saltem
616 2061 948 2132 appareret
992 2056 1289 2132 mundus,
1337 2059 1449 2121 sed
1493 2060 1561 2121 in
1599 2078 1741 2123 mo-

151 2156 381 2210 mento
431 2152 641 2214 omnia
678 2153 1023 2218 interirent.
1068 2157 1508 2221 Verumtamen
1542 2161 1743 2223 noluit

151 2246 315 2311 haec
363 2249 575 2314 facere
609 2253 1043 2319 inenarrabilis
1072 2257 1293 2319 Christi
1324 2259 1570 2321 Domini
1600 2262 1739 2341 pie-

150 2356 248 2413 tas
294 2352 618 2430 bonitatis,
652 2357 760 2436 qui
788 2375 919 2419 non
956 2358 1033 2421 ad
1076 2360 1491 2439 puniendum,
1523 2363 1632 2424 sed
1660 2364 1738 2426 ad

150 2450 529 2515 salvandum
586 2464 838 2519 venerat
880 2460 1206 2521 mundum.
1238 2461 1387 2523 Ideo
1420 2462 1587 2524 enim
1622 2482 1738 2543 pa-

146 2551 390 2613 tienter
416 2555 629 2617 omnia
662 2557 977 2631 sustinuit,
1009 2564 1079 2619 ut
1107 2560 1291 2622 nobis
1320 2563 1606 2642 exempla
1633 2582 1742 2643 pa-

144 2654 415 2716 tientiae
440 2663 503 2723 et
535 2655 900 2719 humilitatis
930 2660 1309 2724 ostenderet.
1343 2663 1523 2724 Unde
1553 2671 1614 2725 et
1634 2682 1737 2726 se-

144 2757 502 2833 quentibus
547 2775 613 2820 se
661 2758 985 2838 discipulis
1027 2762 1224 2824 dixit:
1265 2764 1492 2827 Discite
1525 2784 1560 2827 a
1603 2784 1735 2841 me,

143 2858 300 2936 quia
334 2859 503 2920 mitis
531 2878 666 2922 sum
700 2867 761 2922 et
788 2861 1040 2925 humilis
1070 2866 1281 2940 corde,
1320 2873 1383 2928 et
1411 2867 1739 2932 invenietis

142 2958 440 3038 requiem
464 2961 790 3023 animabus
808 2964 1048 3025 vestris.
1073 2965 1193 3027 Sed
1214 2973 1276 3027 et
1295 2984 1513 3029 omnes
1533 2986 1569 3029 a
1597 2986 1736 3031 sae-

140 3060 294 3121 culo
350 3063 581 3137 sancti,
629 3068 755 3124 tam
798 3064 1148 3144 prOphetae
1196 3085 1385 3147 quam
1431 3070 1735 3148 apostoli,

142 3161 518 3239 Opprobriis
556 3168 616 3223 et
654 3163 902 3226 iniuriis
944 3181 1016 3228 ac
1049 3166 1306 3229 diversis
1351 3169 1557 3232 aiIlicti
1599 3178 1733 3233 tor-

139 3263 381 3324 mentis
404 3281 656 3343 semper
676 3264 1067 3328 immobilem
1088 3267 1377 3329 virtutem
1398 3271 1733 3349 patientiae

138 3366 200 3419 et
231 3358 615 3423 humilitatis
652 3366 1013 3436 tenuerunt,
1062 3369 1124 3425 et
1166 3382 1565 3446 nequaquam
1610 3368 1732 3431 hu-

134 3460 355 3519 manis
376 3459 667 3523 laudibus
688 3469 833 3524 sunt
853 3463 1125 3543 decepti.
1150 3468 1544 3545 Respuentes
1564 3487 1735 3532 nam-

130 3577 263 3638 que
300 3560 515 3621 inanis
552 3561 788 3639 gloriae
830 3565 1176 3641 praesentis
1203 3566 1364 3629 vitae
1400 3586 1593 3631 vanos
1622 3590 1732 3632 ru-

127 3660 556 3729 mores,illam
576 3662 773 3724 solam
790 3664 1120 3726 caelestem
1136 3673 1582 3749 aeternamque
1602 3670 1734 3748 glo-

128 3760 295 3823 riam
332 3764 818 3842 concupiscunt,
851 3766 962 3845 qui
998 3766 1239 3830 Christo
1285 3769 1529 3848 placere
1560 3771 1729 3833 desi-

128 3861 392 3937 derant,
427 3881 589 3943 quae
613 3856 697 3925 'ex
739 3866 868 3927 Deo
914 3872 1005 3930 est
1038 3872 1098 3930 et
1139 3878 1466 3948 permanet
1509 3872 1575 3933 in
1620 3889 1728 3934 ae-

125 3969 440 4038 ternum;
500 3963 678 4027 cuius
741 3965 1035 4028 claritatis
1093 3968 1499 4049 splendorem
1558 3973 1729 4035 nulla

120 4061 423 4127 humana
470 4065 682 4143 lingua
730 4072 937 4146 potest
976 4084 1317 4147 exponere.
1363 4072 1531 4133 Haec
1578 4090 1728 4151 ergo

122 4163 436 4243 exempla
462 4164 801 4242 patientiae
831 4170 891 4225 et
918 4164 1281 4229 humilitatis
1300 4169 1726 4247 considerans,

121 4262 358 4336 ﬁliole,
384 4264 438 4325 si
457 4264 713 4343 quando
735 4264 1042 4344 irrogatae
1058 4267 1171 4328 tibi
1188 4268 1423 4331 fuerint
1436 4270 1725 4347 iniuriae,

116 4364 487 4426 fortissime
532 4365 822 4426 virtutem
866 4367 1201 4446 patientiae
1254 4376 1315 4431 et
1362 4369 1728 4434 humilitatis

1837 1870 2035 1949 jurias
2056 1878 2118 1934 et
2137 1871 2417 1933 convicia
2454 1872 2686 1949 dixisti,
2734 1880 2795 1935 et
2832 1872 2987 1934 nihil
3022 1874 3131 1936 tibi
3176 1875 3428 1954 penitus

1844 1971 2329 2050 responderunt.
2386 1972 2667 2053 Ideoque
2716 1980 2998 2052 oportet,
3061 1981 3131 2036 ut
3184 1975 3428 2038 fortiter

1842 2072 2268 2135 custodiamus
2316 2074 2605 2136 virtutem
2646 2073 3009 2137 humilitatis
3057 2093 3130 2138 ac
3173 2077 3423 2156 patien-

1841 2170 1987 2244 tiae,
2033 2179 2341 2251 quatenus
2376 2174 2692 2254 possimus
2725 2176 2803 2237 ad
2834 2174 3122 2240 caelestia
3146 2177 3425 2257 praemia

1842 2273 1904 2328 et
1929 2268 2005 2329 ad
2034 2276 2325 2332 aeternae
2365 2272 2526 2332 vitae
2568 2272 2829 2349 gloriam
2865 2276 3215 2353 pervenire,
3262 2277 3426 2339 sicut

1840 2366 1990 2429 dicit
2018 2368 2081 2429 in
2104 2369 2477 2450 Apocalypsi
2506 2372 2848 2434 Dominus:
2878 2375 3067 2447 Tene,
3102 2376 3273 2454 quod
3301 2376 3422 2439 ha-

1840 2466 1974 2540 bes,
2006 2484 2086 2529 ne
2114 2469 2272 2530 alius
2310 2470 2576 2549 accipiat
2609 2488 2907 2533 coronam
2937 2479 3109 2534 tuam
3153 2471 3258 2554 (1).
3298 2498 3327 2531 ››

1917 2568 2085 2629 Haec
2125 2567 2314 2647 longa
2349 2570 2429 2631 ad
2467 2570 2741 2632 fratrem
2766 2571 3112 2636 admonitio
3143 2593 3287 2637 cum
3318 2576 3421 2637 in-

1840 2664 2027 2742 genio
2052 2672 2113 2727 et
2138 2666 2353 2728 indole
2392 2666 2792 2729 homiliarum
2828 2669 3079 2731 Macarii
3131 2673 3420 2751 Aegyptii

1837 2769 1963 2825 tam
1990 2765 2237 2843 egregie
2267 2767 2566 2841 concinit,
2601 2774 2672 2828 ut
2706 2785 2846 2829 eam
2876 2785 2911 2830 e
2940 2768 3215 2831 homiliis
3242 2789 3419 2833 com-

1839 2864 2091 2943 pilatam
2122 2872 2183 2927 et
2211 2865 2506 2927 historiae
2535 2865 2625 2927 illi
2658 2866 2736 2928 de
2766 2866 2954 2929 fratre
2974 2868 3149 2931 iussu
3173 2873 3422 2935 Macarii

1839 2965 2173 3044 sepulchra
2211 2967 2483 3028 adeunte
2532 2966 2805 3029 additam
2838 2985 2975 3031 esse
3023 2968 3189 3031 haud
3232 2988 3420 3051 aegre

1841 3065 2204 3127 credideris.
2242 3067 2410 3138 Quae
2439 3065 2721 3142 historia,
2755 3069 3003 3130 omissis
3038 3069 3153 3131 ista
3185 3071 3418 3134 exhor-

1839 3165 2075 3226 tatione
2095 3171 2157 3228 et
2184 3166 2508 3241 doctrinis,
2531 3166 2598 3228 in
2624 3167 3188 3248 ApOphthegmatis
3220 3178 3420 3234 exstat

1837 3262 1936 3326 his
1984 3265 2117 3327 fere
2164 3265 2417 3327 verbis:
2465 3289 2493 3322 ‹‹
2533 3268 2745 3352 Frater
2791 3269 3083 3330 convenit
3127 3270 3418 3334 abbatem

1834 3366 2171 3428 Macarium
2199 3366 2596 3445 Aegyptium,
2631 3366 2731 3429 cui
2759 3384 2773 3427 :
2828 3367 3026 3444 Abba,
3055 3368 3282 3448 inquit,
3316 3373 3417 3435 dic

1833 3466 1989 3528 mihi
2034 3467 2318 3541 verbum,
2366 3467 2689 3547 quomodo
2737 3467 2957 3529 salver.
3013 3467 3105 3527 Ait
3154 3486 3348 3532 senex
3399 3490 3413 3535 :

1832 3566 2005 3628 Vade
2028 3568 2092 3629 in
2122 3567 2523 3647 sepulchrum
2547 3575 2609 3629 et
2635 3566 2981 3629 maledictis
3004 3576 3283 3631 mortuos
3304 3570 3421 3632 im-

1832 3672 2001 3746 pete.
2032 3666 2263 3728 Abiens
2303 3666 2493 3744 igitur
2518 3665 2707 3727 frater
2736 3681 2845 3727 eos
2878 3664 3176 3727 conviciis
3219 3674 3279 3727 et
3306 3673 3418 3746 64

1831 3763 2145 3844 lapidibus
2167 3766 2453 3845 appetiit,
2482 3782 2895 3843 reversusque
2916 3767 3303 3828 annuntiavit
3320 3785 3417 3832 se-

1830 3865 1920 3927 ni.
1956 3865 2072 3939 Qui
2101 3865 2179 3927 ab
2207 3883 2284 3928 eo
2311 3865 2555 3945 quaerit
2588 3883 2601 3925 :
2644 3865 2894 3927 Nihilne
2922 3866 3036 3927 tibi
3074 3869 3414 3946 responde-

1830 3964 2013 4026 runt?
2033 3963 2146 4026 Ille
2177 3982 2190 4024 :
2223 3963 2413 4025 Nihil.
2445 3966 2603 4024 Tum
2635 3980 2828 4025 senex
2854 3981 2866 4023 :
2899 3966 3152 4037 Iterum,
3180 3966 3409 4045 inquit,

1827 4065 2229 4145 proﬁciscere
2260 4081 2416 4139 cras,
2449 4081 2687 4144 eosque
2716 4064 3015 4135 laudibus,
3040 4067 3215 4128 effer.
3266 4070 3413 4131 Per-

1829 4181 1984 4243 gens
2038 4164 2250 4244 itaque
2302 4163 2492 4226 frater
2533 4163 2907 4225 collaudavit
2958 4181 3068 4226 eos
3117 4183 3346 4228 vocans
3390 4189 3408 4231 :

1828 4262 2136 4342 Apostoli,
2170 4263 2390 4337 sancti,
2414 4261 2584 4324 iusti.
2609 4264 2765 4323 Tum
2798 4262 2948 4324 adiit
2980 4280 3197 4325 senem
3231 4265 3414 4328 dixit-

1829 4382 1955 4445 que
1992 4382 2004 4425 :
2040 4364 2337 4426 Laudavi.
2375 4363 2491 4436 Qui
2524 4381 2536 4423 :
2577 4362 2854 4437 Nihilne,
2889 4363 3115 4443 inquit,
3156 4364 3269 4425 tibi
3316 4384 3412 4428 re-

115 4466 411 4539 custodi,
437 4466 688 4528 imitans
714 4467 1092 4547 PrOphetam
1114 4470 1225 4549 qui
1256 4470 1409 4531 dixit
1433 4490 1447 4531 :
1469 4473 1598 4549 Ego
1624 4490 1730 4534 au—
1759 4493 1804 4548 ι)
1832 4466 2263 4546 sponderunt?
2289 4467 2540 4527 Frater:
2574 4463 2761 4526 Nihil.
2788 4467 2963 4527 Tunc
2993 4482 3187 4527 senex
3221 4467 3358 4528 inﬁt
3390 4486 3405 4529 :

115 4573 250 4629 tem
277 4575 591 4646 tanquam
610 4567 836 4630 surdus
858 4584 987 4630 non
1007 4569 1337 4631 audiebam
1356 4570 1462 4641 63
1484 4577 1544 4633 et
1569 4572 1727 4634 sicut

114 4676 348 4729 mutus
381 4684 516 4728 non
538 4667 828 4747 aperiens
849 4686 919 4731 os
941 4686 1147 4744 suum,
1174 4676 1235 4731 et
1254 4670 1453 4732 factus
1474 4688 1611 4732 sum
1639 4672 1753 4735 sic-

112 4777 187 4829 ut
247 4768 458 4829 homo
492 4785 621 4829 non
653 4768 937 4843 audiens,
979 4776 1040 4831 et
1069 4786 1195 4831 non
1235 4769 1475 4832 habens
1509 4770 1576 4832 in
1617 4788 1728 4834 ore

111 4887 239 4932 suo
263 4869 778 4947 redargutiones.
809 4869 987 4941 Quod
1015 4876 1182 4931 certe
1208 4869 1285 4931 ad
1312 4887 1727 4932 commonen-

109 4970 275 5030 dum
304 4986 570 5031 sensum
600 4975 885 5031 nostrum
910 4968 1191 5048 quotidie
1219 4968 1283 5030 in
1312 4971 1532 5049 synaxi
1564 4970 1727 5050 psal-

104 5070 295 5131 litur.
324 5072 489 5131 Cave
510 5070 719 5142 etiam,
745 5086 825 5131 ne
856 5087 1010 5131 vana
1045 5068 1240 5147 gloria
1266 5068 1579 5149 laudeque
1601 5068 1721 5149 ho-

107 5170 379 5230 minum
403 5169 758 5245 delecteris,
781 5175 842 5232 et
867 5170 1095 5250 perdas
1117 5171 1348 5245 omnia,
1374 5188 1535 5251 quae
1553 5170 1726 5233 labo—

108 5270 334 5333 rando
369 5271 436 5331 in
477 5270 662 5333 bonis
692 5271 990 5351 cperibus
1023 5271 1412 5351 acquisieris,
1447 5271 1720 5334 fructus-

110 5387 248 5451 que
280 5370 516 5432 ieiunii
542 5376 603 5432 et
628 5371 1041 5435 abstinentiae
1069 5379 1213 5433 tuae
1241 5371 1717 5452 vigiliarumque

109 5477 177 5532 et
213 5470 592 5532 orationum
632 5471 990 5533 mercedem
1029 5471 1097 5532 in
1132 5478 1386 5533 aeterna
1425 5471 1547 5532 vita
1586 5488 1717 5533 non

107 5572 550 5650 consequaris
568 5589 604 5633 a
618 5573 915 5647 Domino,
939 5572 1085 5652 quia
1102 5572 1239 5652 ipse
1260 5571 1415 5634 dixit
1436 5572 1502 5634 in
1523 5573 1722 5634 Evan-

187 5740 273 5805 (εδ
323 5736 443 5794 γν.
481 5737 586 5795 ΡΡ.
631 5738 811 5795 Rosw.
836 5754 891 5808 p.
930 5738 1056 5801 990,
1093 5737 1148 5792 2.

188 5833 275 5906 (2)
311 5830 556 5887 Coteler.
596 5829 741 5886 Eccl.
778 5829 970 5886 Graec.
1002 5828 1146 5885 Mon.
1188 5828 1251 5883 Τ.
1286 5826 1303 5881 I
1339 5843 1392 5900 p.
1424 5828 1529 5884 558
1564 5844 1611 5886 ε.
1652 5844 1704 5884 v.

1829 4568 2028 4643 Nosti,
2071 4566 2322 4647 quantis
2365 4582 2476 4628 eos
2517 4565 2915 4629 contumeliis
2950 4566 3258 4641 atfeceris,
3291 4587 3410 4632 nec

1824 4668 2168 4749 quidquam
2212 4665 2678 4746 responderunt
2716 4665 2851 4738 tibi,
2883 4671 2944 4727 et
2972 4668 3221 4745 quantis
3260 4685 3407 4730 eos-
3518 4686 3525 4698 '

1825 4768 1970 4830 dem
1998 4767 2289 4830 laudibus
2328 4765 2668 4838 ornaveris,
2719 4765 3002 4845 nihilque
3034 4768 3113 4827 ad
3152 4776 3214 4829 te
3252 4786 3407 4848 pro-
3501 4816 3511 4848 1.

1823 4868 2019 4931 locuti
2060 4874 2225 4930 sunt.
2256 4869 2347 4929 Ita
2377 4874 2439 4929 et
2478 4873 2568 4941 tu,
2611 4866 2665 4928 si
2717 4865 2936 4929 salvari
2969 4868 3169 4948 cupis,
3232 4887 3407 4932 mor-
3491 4860 3515 4940 ξ

1824 4975 1970 5030 tuus
2000 4969 2131 5042 ﬁas,
2160 4948 2371 5048 neque
2400 4966 2657 5028 iniurias
2686 4965 3013 5028 hominum
3043 4983 3160 5027 nec
3190 4966 3407 5029 laudes
3501 4955 3509 4963 “

1827 5088 2046 5132 eorum
2092 5069 2328 5147 cogites
2369 5068 2565 5129 instar
2618 5076 3055 5129 mortuorum:
3106 5067 3194 5128 sic
3236 5067 3406 5127 enim

1825 5170 2061 5252 poteris
2105 5170 2309 5233 salvus
2354 5169 2488 5231 ﬁeri
2531 5167 2638 5249 (2).
2675 5192 2704 5224 »
2749 5167 3027 5228 Eandem
3081 5165 3401 5228 historiam

1825 5275 2118 5350 nuspiam
2148 5268 2295 5331 alibi
2324 5267 2559 5328 inveni.

1902 5370 2172 5449 Antiqua
2218 5374 2428 5431 autem
2468 5365 2672 5428 versio
2725 5363 2954 5425 deinde
3003 5362 3163 5425 hanc
3220 5363 3402 5427 aliam

1821 5472 1994 5535 addit
2019 5471 2270 5535 Macarii
2300 5468 2590 5548 Aegyptii
2629 5466 3017 5528 doctrinam:
3066 5489 3095 5521 α
3140 5466 3402 5528 Sanctus

1820 5571 2015 5633 abbas
2044 5569 2345 5632 Macarius
2370 5565 2816 5629 commonebat
2842 5581 3030 5645 saepe
3058 5563 3401 5643 discipulos

1799 5734 2083 5789 Macarius
2107 5733 2390 5805 Aegyptius
2417 5731 2445 5803 §
2470 5729 2668 5799 XXIII;
2701 5730 2756 5787 in
2778 5730 2971 5787 harum
2999 5729 3390 5799 Quaestionum

1813 5825 2127 5898 Appendice
2158 5826 2328 5881 altera
2359 5825 2463 5882 sub
2489 5822 2575 5880 Ill.
