4040 6540
586 354 659 410 63
1392 341 1494 398 SS.
1538 340 2007 398 MACARIORUM
2051 341 2374 396 AEGYPTII
2414 342 2501 397 ET
2543 341 3018 398 ALEXANDRINI
3785 338 3858 394 64

585 478 737 526 suos
770 464 833 522 et
857 457 1123 521 docebat
1157 471 1269 518 eos
1309 453 1567 517 dicens:
1599 452 1977 515 Mementote
2001 470 2168 514 sem-
2199 471 2245 526 Α
2273 471 2385 515 nes
2430 454 2880 534 versionesque
2916 454 3176 527 habent,
3225 451 3357 514 sola
3401 450 3680 513 exhibet.
3728 454 3858 514 Po-

584 579 722 643 per,
766 560 914 641 quia
949 564 1091 619 ante
1135 561 1548 635 conspectum
1589 552 1837 613 Domini
1869 552 2165 631 omnipo-

585 661 775 723 tentis
828 655 1311 727 conversamini,
1369 653 1479 733 qui
1538 652 1843 732 prospicit
1887 654 2170 713 omnium

583 761 915 823 hominum
962 756 1376 834 cogitationes
1437 760 1499 814 et
1548 753 1937 830 singulorum
1980 754 2171 816 corda

586 866 923 923 scrutatur.
970 855 1149 929 Quod
1198 855 1385 916 etiam
1419 859 1479 915 et
1515 860 1767 915 sanctae
1812 853 2171 932 Scripturae

585 966 914 1033 testantur,
947 964 1009 1019 et
1046 954 1383 1035 Apostolus
1419 954 1605 1015 docet
1648 960 1710 1014 et
1757 953 1907 1015 dicit
1939 971 1951 1013 :
1984 954 2171 1015 Vivus

588 1068 681 1124 est
712 1061 881 1122 enim
918 1073 1126 1119 sermo
1158 1055 1268 1115 Dei
1300 1061 1361 1116 et
1389 1054 1608 1117 efﬁcax
1642 1061 1704 1116 et
1732 1056 1974 1116 acutior
2000 1055 2173 1116 omni

585 1162 795 1240 gladio
824 1158 1083 1237 ancipiti
1115 1164 1175 1216 et
1196 1156 1563 1235 pertingens
1589 1173 1791 1236 usque
1818 1156 1897 1217 ad
1925 1156 2171 1219 animae

586 1263 956 1324 divisionem
988 1277 1059 1321 ac
1098 1258 1356 1338 spiritus
1388 1275 1767 1337 compagum
1816 1275 2074 1337 quoque
2112 1265 2173 1321 et

582 1362 1029 1433 medullarum,
1062 1360 1369 1422 discretor
1400 1358 1849 1436 cogitationum
1872 1365 1933 1419 et
1960 1359 2169 1421 inten-

583 1468 828 1528 tionum
866 1465 1106 1539 cordis;
1139 1474 1200 1526 et
1230 1482 1359 1526 non
1406 1472 1497 1525 est
1538 1464 1663 1525 ulla
1692 1471 1975 1527 creatura
2008 1465 2171 1527 invi-

586 1566 783 1626 sibilis
813 1566 880 1626 in
922 1572 1270 1645 conspectu
1301 1565 1474 1636 eius;
1510 1565 1722 1626 omnia
1751 1572 1956 1627 autem
2006 1567 2173 1628 nuda

585 1672 649 1726 et
691 1674 906 1745 aperta
955 1672 1101 1727 sunt
1148 1666 1345 1728 oculis
1394 1667 1550 1727 eius.
1602 1667 1882 1746 Ideoque
1922 1668 1973 1729 si
2030 1686 2169 1742 nos,

582 1764 829 1837 fratres,
865 1765 1200 1845 pulsaverit
1240 1764 1569 1827 delectatio
1605 1768 1808 1829 carnis
1851 1774 1912 1828 et
1946 1785 2175 1829 concu-

2270 552 2495 615 sterior
2543 552 2933 629 exhortatio,
2987 572 3176 634 quam
3223 551 3576 624 attulimus,
3630 559 3761 615 tota
3822 571 3862 616 θ

2270 660 2483 716 mente
2538 655 2788 716 Macarii
2851 654 3162 734 Aegyptii,
3222 669 3383 733 quae
3453 670 3529 713 ex
3581 652 3865 715 homiliis

2272 758 2695 834 cognoscitur,
2738 765 3045 836 concepta
3091 763 3205 817 est.
3266 754 3595 816 Humilitas
3650 763 3865 816 autem

2273 856 2516 929 cordis,
2585 856 2775 916 timor
2852 855 3140 930 Domini,
3218 854 3493 916 studium
3540 850 3865 921 castitatis,

2272 953 2609 1033 praecipua
2682 952 2935 1015 illorum
3000 952 3457 1015 monachorum
3524 958 3865 1033 praecepta

2271 1050 2529 1111 fuerunt
2563 1049 2670 1131 (ἓ).
2697 1056 2783 1113 Ac
2814 1052 3223 1131 peccantibus
3254 1051 3454 1129 magis
3485 1050 3868 1113 erubescen-

2274 1148 2423 1209 dum
2494 1164 2632 1210 esse
2684 1157 2947 1228 propter
3007 1150 3205 1210 Deum
3259 1149 3861 1228 omnipraesentem,

2274 1268 2465 1329 quam
2494 1258 2759 1331 pr0pter
2780 1252 3093 1325 homines,
3119 1251 3515 1313 meretricem
3546 1250 3867 1330 quandam

2273 1350 2585 1432 Ephraem
2614 1354 2806 1431 Syrus
2832 1354 3066 1431 insigni
3090 1351 3285 1413 modo
3316 1352 3570 1414 edocuit
3609 1350 3723 1431 (3).

2354 1455 2592 1528 Restat,
2624 1460 2694 1514 ut
2724 1453 3099 1515 sententiam
3133 1453 3407 1527 Macarii,
3446 1468 3609 1531 quae
3641 1451 3866 1514 ultimo

2275 1556 2570 1634 antiquae
2599 1555 2906 1617 versionis
2953 1555 3157 1635 capite
3189 1554 3438 1633 legitur,
3471 1552 3634 1615 hanc
3663 1552 3866 1615 adda-

2274 1673 2416 1716 mus
2444 1673 2456 1715 :
2485 1680 2511 1711 «
2548 1656 2715 1717 Dixit
2739 1656 2931 1718 abbas
2958 1656 3260 1718 Macarius
3294 1674 3307 1716 :
3342 1655 3404 1716 Si
3423 1654 3701 1735 aliquem
3728 1671 3871 1716 cor-

2275 1756 2545 1836 ripucris
2573 1763 2927 1819 commotus
2970 1758 3049 1818 ad
3090 1757 3503 1830 iracundiam,
3538 1758 3868 1837 propriam

580 1861 891 1940 piscentia
947 1863 1403 1937 fornicationis,
1448 1864 1817 1928 festinemus
1864 1868 2172 1948 repellere

2277 1854 2635 1932 passionem
2664 1854 2995 1935 adimples.
3031 1856 3159 1916 Nec
3191 1856 3385 1931 enim,
3412 1861 3483 1917 ut
3511 1855 3702 1917 alium
3737 1855 3869 1917 sal-

587 1969 649 2024 et
680 1963 951 2026 abiicere
982 1963 1061 2025 de
1099 1965 1292 2027 corde
1325 1972 1542 2029 nostro
1590 1968 2083 2032 sordidissimam
2113 1976 2175 2032 et

587 2064 925 2145 pessimam
965 2066 1433 2144 cogitationem,
1482 2067 1847 2131 invocantes
1892 2070 2177 2132 intentis-

584 2165 744 2227 sime
794 2165 1175 2227 adiutorium
1222 2166 1472 2229 Domini
1517 2169 1715 2230 nostri
1758 2172 1904 2232 Jesu
1952 2171 2176 2234 Christi

584 2265 651 2326 in
685 2266 1074 2329 orationibus
1094 2285 1167 2330 ac
1194 2268 1471 2345 ieiuniis,
1498 2277 1568 2332 ut
1595 2271 1820 2333 virtute
1854 2275 2175 2353 potentiae

585 2381 737 2426 suae
770 2365 993 2445 eripiat
1025 2382 1142 2428 nos
1175 2373 1233 2428 et
1278 2376 1567 2448 protegat
1596 2376 1656 2432 et
1687 2380 1968 2435 conterat
1998 2376 2171 2437 Sata-

588 2484 733 2527 nam
776 2468 893 2529 sub
946 2467 1217 2547 pedibus
1266 2471 1521 2532 nostris.
1578 2474 1839 2552 Oportet
1883 2493 2055 2554 ergo,
2110 2482 2176 2539 ut

588 2571 775 2632 etiam
821 2571 1247 2651 nosmetipsos
1299 2574 1685 2653 poenitendo
1733 2582 1793 2637 et
1824 2595 1858 2638 a
1904 2578 2176 2658 peccatis

588 2671 964 2734 abstinendo
1002 2673 1441 2752 corripiamus,
1485 2675 1892 2757 dicamusque
1928 2679 2007 2740 ad
2036 2679 2174 2741 ani-

590 2787 756 2831 mam
814 2780 1130 2835 nostram:
1184 2774 1487 2847 Quoniam
1538 2775 1869 2840 delectatio
1919 2778 2177 2858 quidem

587 2871 893 2950 corporis,
924 2890 1087 2954 quae
1124 2879 1187 2936 te
1216 2872 1380 2937 male
1414 2874 1708 2951 oblectat,
1749 2878 1827 2939 ad
1855 2878 2176 2941 modicum

585 2976 837 3050 tempus
882 2978 1012 3046 est;
1055 2990 1200 3035 nam
1250 2980 1565 3037 tormenta
1604 2984 1667 3038 et
1709 2977 1818 3047 65
1864 2979 2177 3040 cruciatus

586 3070 831 3132 animae
862 3076 923 3133 et
953 3075 1241 3152 corporis
1274 3074 1341 3135 in
1376 3074 1525 3152 igne
1559 3082 1817 3138 aeterno
1848 3077 2175 3155 gehennae

2275 1972 2407 2029 ves,
2438 1955 2711 2034 teipsum
2750 1956 3016 2035 perdere
3047 1956 3262 2018 debes.
3294 1959 3460 2018 Erue
3503 1958 3869 2037 proximum

2273 2060 2451 2117 tuum
2480 2073 2515 2117 a
2546 2057 2821 2136 peccatis
2855 2057 2990 2119 sine
3017 2057 3433 2137 improperio,
3464 2058 3529 2119 in
3556 2067 3869 2138 quantum

2274 2158 2619 2238 praevales,
2653 2158 2801 2239 quia
2834 2158 2911 2221 ad
2941 2177 3009 2221 se
3058 2160 3222 2221 Deus
3265 2168 3703 2223 convertentes
3733 2178 3871 2224 nou

2275 2259 2547 2339 proiicit.
2582 2261 2801 2324 Sermo
2832 2268 3041 2323 autem
3075 2260 3350 2323 malitiae
3398 2278 3527 2323 non
3564 2262 3868 2323 demore-

2275 2370 2378 2425 tur
2405 2364 2469 2425 in
2504 2364 2697 2425 corde
2741 2372 2851 2425 tuo
2899 2370 3117 2426 contra
3147 2382 3316 2437 eum,
3349 2371 3417 2426 ut
3450 2364 3657 2444 possis
3685 2364 3868 2426 dice—

2275 2483 2383 2528 re:
2421 2465 2670 2527 Dimitte
2702 2465 2887 2527 nobis
2915 2466 3125 2527 debita
3158 2473 3391 2538 nostra,
3432 2466 3591 2527 sicut
3634 2473 3695 2527 et
3747 2484 3871 2528 nos

2276 2567 2646 2629 dimittimus
2686 2567 3076 2629 debitoribus
3110 2569 3361 2629 nostris.
3393 2568 3501 2629 Dei
3532 2575 3738 2629 autem
3772 2575 3872 2631 est

2277 2667 2589 2729 dimittere
2637 2674 2698 2729 et
2745 2668 3118 2730 confirmare
3174 2670 3285 2740 66
3324 2668 3692 2748 petitionem
3743 2685 3868 2729 no-

2277 2775 2464 2831 stram
2508 2768 2619 2849 (ιι).
2675 2792 2703 2825 ››
2754 2769 2940 2830 Cuius
2993 2769 3250 2849 quidem
3297 2769 3641 2831 sententiae
3693 2770 3873 2850 prior

2277 2883 2424 2947 pars
2465 2866 2533 2927 in
2583 2865 2976 2929 collectionis
3020 2866 3332 2929 Rosweidi
3377 2867 3537 2930 libro
3577 2869 3764 2929 tertio
3802 2877 3870 2930 et

2278 2966 2501 3047 quinto
2533 2972 2722 3046 atque
2768 2967 2835 3028 in
2878 2966 3448 3047 ApOphthegmatis
3476 2986 3511 3029 a
3554 2968 3867 3030 Cotelerio

2280 3063 2462 3127 editis
2512 3065 2740 3144 legitur
2796 3065 2904 3146 (5),
2965 3083 3233 3147 eamque
3280 3067 3529 3129 Macarii
3576 3069 3870 3149 Aegyptii

586 3171 653 3232 in
687 3180 1025 3252 perpetuas
1057 3183 1434 3255 permanent
1480 3194 1743 3257 poenas,
1787 3178 1948 3241 mud
1988 3180 2175 3242 etiam
2202 3159 2251 3223 C
2279 3168 2651 3230 sententiam
2682 3186 2845 3243 esse,
2876 3186 2911 3231 e
2956 3169 3118 3232 libro
3150 3169 3374 3250 quinto
3418 3169 3497 3250 (6)
3534 3170 3867 3233 collectio-

587 3272 1003 3336 admonentes
1058 3275 1333 3337 animam
1394 3284 1671 3339 nostram
1721 3278 2055 3341 dicamus:
2113 3281 2177 3342 Si

588 3371 908 3434 erubescis
941 3371 1232 3435 homines
1270 3374 1506 3438 similes
1548 3377 1639 3438 tui
1670 3385 2058 3457 peccatores,
2096 3397 2179 3442 ne

588 3469 841 3531 videant
871 3478 932 3532 te.
963 3480 1358 3551 peccantem,
1389 3494 1583 3555 quare
1616 3494 1746 3538 non
1774 3478 1971 3557 magis
1996 3497 2176 3542 reve-

590 3568 715 3629 reri
747 3576 809 3629 et
838 3570 1059 3633 timere
1088 3572 1281 3635 debes
1320 3575 1707 3638 maiestatem
1737 3578 1849 3640 Dei
1878 3579 2174 3659 omnipo-

586 3670 798 3743 tentis,
829 3672 938 3750 qui
976 3674 1259 3736 omnium
1304 3684 1545 3739 secreta
1573 3680 1860 3741 cordium
1891 3682 2178 3743 conside-

589 3775 706 3842 rat,
764 3770 927 3832 sicut
980 3780 1041 3834 et
1092 3776 1432 3855 Apostolus
1462 3778 1588 3840 ait:
1642 3780 1861 3841 Omnia
1909 3782 2077 3844 nuda
2116 3789 2178 3845 et

588 3874 804 3947 aperta
827 3876 972 3932 sunt
994 3872 1195 3935 oculis
1223 3875 1381 3937 eius.
1407 3876 1659 3940 Talibus
1688 3894 1838 3957 ergo
1859 3881 2179 3959 cogitatio-

589 3969 775 4030 nibus
825 3971 877 4031 si
921 3971 1322 4053 increpamus
1376 3978 1823 4059 nosmetipsos,
1874 3983 2175 4047 continuo

588 4068 775 4130 timor
795 4069 1043 4132 Domini
1061 4075 1229 4136 venit
1255 4077 1322 4138 in
1355 4079 1544 4140 corde
1569 4087 1809 4155 nostro,
1834 4088 1895 4143 et
1914 4083 1981 4144 in
2007 4102 2178 4147 amo-

591 4186 721 4229 rem
754 4172 1049 4235 castitatis
1072 4175 1476 4239 conﬁrmatur
1494 4179 1700 4241 anima
1721 4189 1956 4257 nostra,
1989 4185 2176 4247 etiam

592 4275 653 4329 et
680 4269 758 4330 ad
791 4272 1001 4333 omnia
1045 4286 1383 4356 praecepta
1424 4278 1673 4340 Domini
1700 4280 1989 4344 iacienda
2022 4283 2177 4347 inei-

589 4371 813 4437 tamur,
839 4369 1171 4435 adiuvante
1199 4392 1318 4437 nos
1348 4378 1544 4455 gratia
1573 4380 1823 4441 Domini
1853 4384 2050 4444 nostri
2078 4386 2178 4447 Je-

2280 3268 2379 3329 nis
2405 3275 2599 3349 patet.

2358 3372 2479 3433 Sed
2514 3373 2640 3433 iam
2665 3372 2765 3447 iis,
2796 3388 2958 3451 quae
2985 3370 3231 3450 singula
3269 3371 3579 3435 Historiae
3608 3374 3868 3436 Lausia-

2280 3488 2390 3533 cae
2435 3472 2818 3552 exemplaria
2864 3472 2945 3534 de
2994 3473 3264 3534 Macario
3315 3473 3622 3552 Aegyptio
3678 3491 3870 3552 prae-

2278 3570 2452 3643 bent,
2477 3571 2764 3649 cognitis,
2797 3570 2875 3633 ad
2900 3588 2996 3645 ea,
3020 3587 3183 3650 quae
3208 3572 3286 3633 de
3307 3573 3575 3634 Macario
3605 3572 3873 3635 Alexan-

2279 3669 2461 3731 drino
2491 3687 2527 3731 a
2554 3670 2830 3734 Palladio
2874 3677 3229 3745 narrantur,
3261 3672 3719 3735 transeundum
3750 3683 3866 3736 est.

2871 3794 3115 3854 CAPUT
3158 3795 3263 3854 III.

2277 3908 2623 3953 PALLADIUS
2663 3911 2745 3954 DE
2786 3910 3023 3956 SANCTO
3067 3912 3341 3957 MACARIO
3383 3912 3863 3959 ALEXANDRINO.

2358 3996 2385 4067 §
2432 3992 2524 4054 18.
2574 3994 2847 4057 Historia
2873 3996 3192 4071 Lausiaca,
3235 4014 3400 4077 quae
3427 3997 3492 4059 in
3538 4000 3866 4062 codicibus

2277 4093 2878 4157 Vindobonensibus
2906 4094 3157 4174 legitur,
3191 4104 3529 4177 postquam
3558 4098 3637 4159 de
3668 4101 3867 4162 Maea-

2276 4193 2371 4254 rio
2409 4194 2717 4274 Aegyptio
2761 4194 2865 4256 illa
2908 4195 3142 4270 retulit,
3175 4196 3260 4258 ita
3304 4198 3512 4277 pergit
3557 4215 3814 4261 narrare
3848 4218 3859 4258 :

2279 4319 2308 4352 α
2339 4297 2631 4359 Sanctum
2659 4315 2808 4360 vero
2837 4299 3174 4362 Macarium
3200 4300 3689 4363 Alexandrinum
3717 4320 3866 4364 con-

2276 4397 2445 4471 veni,
2480 4400 2589 4477 qui
2624 4400 2956 4479 presbyter
2987 4408 3118 4463 erat
3162 4401 3521 4475 Celliorum,
3563 4420 3729 4482 quae
3766 4404 3861 4465 di-

591 4484 665 4528 su
694 4466 938 4544 Christi,
992 4473 1102 4552 qui
1137 4476 1550 4539 servientibus
1598 4480 1718 4541 sibi
1752 4480 1819 4541 in
1852 4482 2172 4547 sanctitate
2198 4517 2253 4578 D
2278 4466 2524 4559 cuntur:
2560 4466 2974 4579 In‘quae'ego
3007 4519 3233 4563 novem
3264 4520 3464 4563 annos
3495 4466 3750 4579 secessi,
3789 4522 3863 4566 ex

592 4575 654 4629 et
683 4570 961 4633 castitate
1005 4576 1293 4653 promisit
1335 4578 1627 4642 caelestia
1667 4588 1728 4643 et
1766 4589 2021 4647 aeterna
2053 4586 2171 4647 do-

590 4687 741 4731 nare
784 4672 849 4733 in
878 4673 983 4735 illa
1014 4675 1285 4754 gloriosa
1329 4677 1522 4741 futuri
1563 4681 1797 4743 saeculi
1836 4683 1982 4759 vita,
2028 4703 2172 4747 cum

589 4770 831 4849 angelis
863 4776 1093 4837 sanctis
1122 4776 1188 4836 in
1214 4779 1507 4857 perpetui
1547 4778 1802 4843 luminis
1834 4782 2174 4863 splendore

588 4888 844 4950 semper
873 4874 1147 4951 gaudere
1181 4874 1198 4952 (
1211 4874 1288 4955 1).
1328 4900 1358 4934 ››

671 4994 745 5053 Et
777 4991 932 5056 haec
965 4994 1222 5074 quidem
1264 4997 1520 5079 antiqua
1548 5000 1751 5062 versio
1799 5000 1876 5064 de
1906 5004 2175 5067 Macario

588 5094 899 5173 Aegyptio
943 5103 1194 5174 praeter
1231 5115 1328 5171 ea,
1376 5118 1539 5179 quae
1580 5101 1832 5163 codices
1858 5103 2179 5167 Vindobo—

589 5212 821 5285 nenses
868 5205 930 5259 ct
960 5207 1207 5262 ceterae
1232 5201 1544 5265 Historiae
1586 5204 1918 5267 Lausiacae
1949 5205 2175 5268 editio-

661 5379 738 5448 (ι)
771 5377 885 5432 vv.
922 5376 1026 5432 rp.
1058 5379 1247 5435 Rosw.
1276 5396 1333 5452 p.
1368 5382 1497 5449 991,
1533 5384 1584 5438 ι.

658 5469 740 5541 (2)
781 5469 866 5524 Cf.
922 5469 1119 5543 Evagr.
1162 5473 1353 5544 Capita
1390 5476 1655 5546 praetica,
1699 5475 1877 5532 initio.
1916 5474 2169 5531 Galland.

588 5559 731 5620 Bibl.
754 5561 861 5617 PP.
891 5562 957 5617 τ.
1000 5563 1091 5619 vn
1124 5580 1178 5634 p.
1207 5566 1334 5621 555.

658 5654 739 5727 (ὅ)
770 5653 887 5712 νγ.
922 5654 1027 5711 PP.
1059 5657 1243 5713 Rosw.
1276 5660 1367 5714 lib.
1400 5659 1445 5712 V
1476 5675 1600 5731 cap.
1624 5659 1686 5713 2!
1725 5676 1775 5731 p.
1809 5660 1933 5716 598.

661 5746 738 5815 (4)
772 5746 907 5816 Cap.
943 5747 1036 5813 ‘22,
1082 5749 1147 5802 Π
1172 5748 1284 5804 νγ.
1321 5749 1422 5804 PP.
1456 5750 1642 5805 Rosw.
1673 5767 1725 5821 p.
1764 5752 1924 5806 1001.

660 5838 737 5911 (5)
770 5837 891 5898 Lib.
919 5839 985 5895 lll
1024 5856 1143 5912 cap.
1178 5842 1285 5907 87;
1318 5844 1412 5899 lib.
1453 5843 1492 5897 V
1522 5844 1687 5900 libell.
1712 5844 1767 5909 4,
1799 5845 1889 5900 28.
1930 5845 2163 5902 Coteler.

2277 4605 2510 4685 quibus
2571 4614 2697 4669 tres
2760 4626 3008 4670 mecum
3072 4609 3223 4670 vixit
3278 4609 3383 4671 ille
3434 4610 3739 4671 Macarius
3800 4610 3862 4672 in

2275 4706 2488 4785 quiete
2539 4706 2797 4785 degens.
2846 4712 3047 4787 Atque
3096 4708 3215 4770 alia
3264 4709 3520 4788 quidem
3566 4709 3703 4790 ipse
3740 4709 3866 4771 vidi

2275 4805 2444 4884 apud
2474 4824 2617 4867 eum
2642 4808 2916 4887 Optimae
2946 4809 3082 4870 eius
3104 4809 3351 4871 vivendi
3380 4810 3640 4871 rationis
3670 4828 3863 4890 Opera

2278 4913 2340 4966 et
2368 4905 2568 4985 signa,
2600 4907 2718 4970 alia
2745 4910 2826 4970 ab
2856 4909 2957 4983 iis,
2983 4910 3090 4989 qui
3117 4928 3241 4971 una
3272 4928 3417 4971 cum
3444 4928 3520 4972 eo
3549 4912 3862 4983 vixerunt,

2278 5005 2492 5083 didici,
2540 5008 2658 5070 alia
2691 5010 2967 5088 denique
3015 5028 3050 5071 a
3099 5010 3531 5091 compluribus
3573 5012 3712 5073 aliis
3747 5030 3864 5073 au-

2278 5106 2425 5167 divi.
2459 5109 2830 5171 Exercitatio
2876 5109 3063 5187 igitur
3090 5112 3337 5173 Macarii
3381 5112 3611 5190 niagni,
3645 5122 3715 5174 ut
3746 5133 3866 5193 ego

2281 5215 2343 5270 et
2390 5210 2569 5271 multi
2614 5211 2782 5290 apud
2830 5229 2974 5273 eum
3016 5212 3371 5287 didicimus,
3415 5212 3569 5276 haec
3609 5212 3749 5276 fuit.
3802 5217 3868 5276 Si

2277 5388 2427 5444 Eccl.
2459 5387 2658 5444 Graec.
2701 5388 2849 5444 Mon.
2889 5390 2953 5445 T.
3006 5390 3022 5443 Ι
3060 5408 3114 5462 p.
3141 5392 3244 5446 586
3276 5408 3323 5447 s.
3355 5409 3409 5446 v.
3446 5392 3724 5448 Macarius
3760 5394 3868 5447 Ac-

2273 5480 2480 5548 gyptius
2518 5479 2546 5551 §
2582 5478 2760 5548 XVII;
2791 5481 2845 5535 in
2884 5481 3077 5536 harum
3119 5482 3513 5549 Quaestionum
3545 5486 3869 5556 Appendice

2278 5571 2445 5624 altera
2470 5571 2576 5627 sub
2612 5568 2701 5625 Ill.

2346 5661 2422 5731 (6)
2454 5662 2573 5716 Lib.
2603 5660 2647 5715 v
2672 5663 2845 5720 libell.
2874 5665 2929 5728 4,
2959 5664 3030 5719 28
3060 5666 3193 5735 legis
3223 5684 3235 5720 ε
3273 5685 3291 5715 ‹
3337 5665 3477 5720 Dixit
3509 5668 3632 5720 item
3676 5665 3861 5719 Maea-

2275 5756 2427 5815 rius;
2456 5769 2475 5802 ι
2515 5754 2607 5808 sed
2640 5755 2819 5825 capite
2853 5757 3212 5815 antecedente
3238 5758 3305 5815 de
3342 5780 3359 5812 ι
3394 5758 3633 5814 Macario
3662 5760 3864 5814 maiore

2275 5849 2327 5901 in
2357 5844 2524 5902 Scit/ii
2562 5865 2577 5898 ι
2612 5856 2887 5903 narratur.
