4040 6576
254 260 329 316 es
1716 248 1839 327 ,τοι

1940 250 2001 309 Ε.
3437 259 3468 310 6
3476 260 3504 312 3

265 370 441 451 quod
494 388 656 452 opus
710 375 1174 439 exercitationis
1228 374 1500 453 aliquem
1554 388 1833 452 unquam
1866 373 1908 428 A
1936 375 2307 449 potestatem
2352 369 2419 431 in
2460 373 2767 451 Aegypto,
2815 376 3105 452 tempore
3149 372 3308 435 vitae
3360 390 3509 437 suae

261 472 488 535 fecisse
533 473 834 548 audierat,
878 476 1046 537 idem
1097 476 1345 539 efﬁcere
1382 474 1673 537 ardenter
1716 479 1841 534 stu-

261 571 419 634 duit.
448 573 561 635 Hic
592 574 782 652 igitur
808 584 1084 650 sanctus,
1133 593 1327 654 quum
1363 575 1683 646 audiisset,
1715 574 1835 634 Ta-

260 671 665 737 bennesiotas
690 692 809 753 per
844 681 1038 739 totam
1085 675 1624 756 quadragesimam
1670 674 1839 736 nulla

260 788 333 834 re
372 773 564 845 vesci,
614 791 776 853 quae
820 775 951 853 igni
997 776 1244 837 admota
1293 783 1477 845 esset,
1522 774 1736 835 statuit
1777 782 1839 835 et

260 873 402 951 ipse
431 875 764 952 septennio
793 875 974 949 nihil,
1006 876 1181 955 quod
1226 894 1338 955 per
1374 877 1584 953 ignem
1631 882 1837 935 trans-

260 974 463 1046 iisset,
494 974 848 1049 comedere,
880 982 944 1036 et
986 981 1226 1054 septem
1264 976 1445 1037 annis
1493 972 1646 1035 nihil
1671 973 1837 1035 aliud

252 1075 553 1151 gustavit,
583 1075 699 1135 nisi
729 1075 920 1137 cruda
950 1076 1141 1147 olera,
1174 1082 1237 1137 et
1275 1076 1326 1137 si
1362 1092 1521 1153 quae
1548 1073 1708 1135 forte
1736 1074 1835 1134 in-

259 1173 536 1239 venisset
581 1172 894 1249 legumina
932 1173 1307 1237 humectata.
1335 1175 1421 1235 De
1457 1173 1579 1237 alio
1616 1173 1836 1235 audie-

254 1282 377 1347 rat,
424 1276 533 1354 qui
560 1276 781 1339 libram
817 1278 995 1356 panis
1027 1278 1423 1349 comederet;
1476 1296 1669 1357 quare
1708 1277 1837 1341 fre,-

261 1378 373 1455 git,
406 1395 568 1456 quae
589 1376 827 1451 habuit,
858 1377 1202 1439 buccellata
1230 1384 1294 1439 et
1314 1378 1387 1438 in
1412 1378 1699 1455 lagenam
1728 1379 1843 1440 im-

256 1476 453 1549 misit,
500 1483 778 1538 statuens
827 1484 1068 1538 tantum
1115 1477 1480 1549 comedere,
1536 1485 1840 1556 quantum

260 1592 489 1637 manus
536 1576 734 1655 ipsius
778 1593 1027 1638 sursum
1056 1576 1320 1638 tulisset.
1370 1579 1589 1654 Magna
1631 1584 1839 1640 autem

1943 490 2017 531 ex
2078 471 2401 551 quadratis
2453 470 2767 552 lapidibus
2815 481 3303 537 construxerunt
3351 474 3513 537 illud

1943 591 2126 651 opus,
2158 573 2222 635 in
2254 590 2381 652 quo
2407 579 2885 635 monumentum
2908 571 3221 648 fecerunt,
3260 582 3322 636 et
3344 576 3507 637 mul-

1936 678 2071 733 tum
2111 675 2245 735 auri
2274 674 2735 754 deposuerunt,
2769 674 2975 734 omnis
3011 692 3265 754 quoque
3308 693 3509 754 gene-

1940 773 2025 833 ris
2052 772 2310 834 arbores
2328 773 2707 853 plantarunt,
2738 778 2801 833 et
2820 779 3077 851 puteum
3100 791 3299 852 aquae
3317 777 3513 837 maxio

1939 890 2112 934 mum
2168 872 2485 948 foderunt,
2532 879 2857 953 Sperantes
2918 872 3175 952 quidem
3225 876 3384 949 fore,
3436 883 3510 937 ut

1939 978 2084 1052 post
2130 989 2313 1033 suum
2353 970 2501 1033 hinc
2548 972 2695 1035 illuc
2751 972 3095 1034 discessum
3154 973 3511 1037 fmerentur

1940 1070 2180 1133 deliciis
2207 1071 2273 1131 in
2302 1070 2425 1133 hoc
2458 1073 2770 1151 paradiso.
2816 1074 3040 1133 Servus
3064 1072 3256 1151 igitur
3282 1074 3513 1137 Christi

1938 1171 2240 1233 Macarius
2282 1189 2475 1250 quum
2507 1172 2690 1245 viam,
2739 1173 3006 1250 quaead
3050 1172 3217 1236 hunc
3259 1174 3509 1237 hortum

1941 1271 2132 1346 ducit,
2174 1271 2514 1349 ignoraret,
2555 1271 2687 1332 sola
2730 1271 3091 1349 conjectura
3136 1281 3385 1335 secutus
3418 1282 3514 1336 est

1936 1378 2124 1446 astra,
2168 1374 2327 1433 sicut
2377 1378 2627 1445 nautae,
2684 1370 2793 1449 qui
2830 1373 3020 1433 maria
3056 1374 3507 1435 transmittunt.

1939 1471 2039 1532 Sic
2085 1478 2282 1532 totam
2326 1472 2599 1551 pervasit
2652 1472 3076 1532 solitudinem.
3124 1474 3510 1536 Fasciculum

1938 1591 2088 1636 vero
2135 1574 2509 1636 arundinum
2554 1574 2776 1645 tenuit,
2810 1590 2894 1634 ex
2938 1574 3166 1652 quibus
3202 1593 3397 1636 unam
3444 1577 3510 1637 in

256 1672 420 1735 haec
475 1691 730 1753 quoque
783 1675 901 1737 fuit
946 1676 1355 1738 continentia.
1417 1677 1572 1739 Nam
1618 1676 1838 1738 festive
1861 1712 1909 1766 Β
1939 1690 2329 1753 unoquoque
2355 1675 2469 1745 68
2504 1674 2753 1735 milliari
2790 1680 3086 1753 tanquam
3118 1675 3361 1754 signum
3400 1694 3513 1756 po-

246 1774 453 1835 nobis
474 1775 810 1835 narrabat:
857 1774 1042 1835 Plura
1078 1773 1337 1853 quidem
1370 1773 1567 1835 frusta
1614 1791 1839 1853 appre-

258 1871 642 1947 hendebam,
675 1873 783 1935 sed
814 1875 1037 1936 efferre
1062 1892 1195 1936 non
1220 1881 1506 1953 poteram
1536 1873 1619 1936 ob
1647 1891 1841 1953 angu-

1934 1773 2098 1848 suit,
2148 1774 2335 1835 cuius
2389 1788 2520 1852 ope
2579 1779 2906 1847 remearet.
2976 1771 3215 1835 Novem
3288 1775 3510 1837 diebus

1937 1888 2139 1951 prape
2177 1872 2359 1933 illum
2409 1870 2661 1933 hortum
2690 1872 2880 1943 venit,
2926 1881 2987 1933 et
3020 1883 3210 1935 nocte
3252 1891 3513 1954 Oppres-

254 1975 449 2035 stiam
502 1972 850 2034 foraminis.
914 1972 1291 2034 Publicanus
1338 1972 1538 2047 enim,
1606 1973 1835 2053 inquit,
1930 1989 2046 2032 sus
2079 1988 2298 2051 parum
2345 1971 2654 2034 dormivit.
2693 1974 3023 2051 Improbus
3055 1990 3202 2035 vero
3240 1974 3511 2039 daemon

252 2075 423 2136 mihi
454 2091 587 2136 non
621 2073 1020 2154 permittebat
1050 2073 1319 2136 omnino
1343 2074 1457 2145 67
1486 2091 1617 2136 non
1645 2076 1835 2138 vesci.

261 2176 369 2237 Sic
394 2175 585 2252 igitur
610 2182 738 2236 tres
765 2191 966 2235 annos
995 2174 1258 2253 peregit,
1292 2182 1561 2252 quatuor
1580 2176 1839 2255 quidem

250 2276 363 2341 vel
417 2277 698 2355 quinque
758 2276 974 2337 uncias
1020 2275 1367 2337 comedens
1413 2281 1474 2336 et
1519 2275 1840 2338 modicum

262 2392 472 2455 aquae
516 2375 769 2435 bibens.
838 2372 974 2435 Olei
1050 2379 1265 2435 autem
1319 2374 1658 2435 sextarium
1705 2380 1838 2439 toto

260 2492 436 2539 anno
476 2474 541 2536 in
582 2475 949 2536 alimentum
996 2472 1427 2535 consumebat.
1476 2473 1697 2535 Statuit
1721 2473 1839 2535 ali-

265 2575 522 2657 quando
551 2592 849 2656 superare
882 2592 1194 2648 somnum,
1230 2580 1299 2635 ut
1326 2575 1463 2654 ipse
1493 2575 1676 2636 nobis
1703 2592 1842 2637 nar-

264 2678 423 2739 ravit
468 2696 482 2739 :
532 2677 702 2739 Totis
748 2676 964 2755 viginti
1013 2675 1235 2738 diebus
1282 2681 1344 2737 et
1382 2676 1670 2738 noctibus
1723 2677 1839 2738 sub

265 2783 504 2840 tectum
537 2795 667 2839 non
701 2795 839 2838 sum
882 2777 1220 2855 ingressus,
1262 2777 1540 2838 interdiu
1585 2778 1839 2858 quidem

263 2886 447 2942 aestu
468 2878 719 2952 urebar,
750 2884 938 2940 noctu
966 2862 1114 2940 vero
1143 2877 1303 2939 febri
1332 2878 1632 2957 rigabam.
1664 2879 1841 2951 Quod

266 2980 395 3041 nisi
419 2985 654 3041 tectum
684 2977 868 3039 citius
888 2995 1095 3040 essem
1122 2978 1463 3056 ingressus,
1490 2978 1838 3058 inquiebat,

252 3085 333 3138 et
360 3092 586 3139 somno
613 3093 766 3136 usus
796 3092 1021 3149 essem,
1063 3075 1389 3137 cerebrum
1426 3075 1513 3137 ita
1538 3075 1698 3137 mihi
1739 3092 1840 3137 es-

264 3183 366 3239 set
398 3174 761 3247 arefactum,
795 3181 886 3249 ut,
909 3175 1063 3254 quin
1088 3175 1156 3235 in
1168 3176 1437 3239 ecstasin
1470 3191 1710 3253 agerer,
1733 3193 1845 3256 pa-

266 3294 411 3337 rum
440 3278 707 3339 abesset.
741 3279 815 3339 Et
838 3282 1169 3356 quantum,
1200 3277 1428 3356 inquit,
1464 3277 1533 3338 in
1560 3294 1662 3338 me
1701 3277 1839 3348 fuit,

262 3378 392 3439 vici
445 3395 776 3450 somnum,
833 3384 1134 3458 quantum
1188 3393 1349 3457 Opus
1408 3382 1530 3447 est,
1588 3382 1845 3441 naturae

264 3478 653 3540 concedens.

350 3600 382 3630 α
414 3577 613 3647 Quum
647 3573 751 3636 hic
785 3580 1033 3636 sanctus
1062 3588 1247 3634 mane
1280 3573 1347 3634 in
1387 3570 1545 3635 cella
1572 3572 1840 3648 sederet,

260 3674 336 3736 in
378 3673 544 3755 pede
580 3693 725 3737 eum
756 3674 937 3736 culex
968 3673 1255 3753 pupugit,
1287 3689 1498 3751 quem,
1540 3674 1844 3750 sanguine

262 3782 637 3850 saturatum,
687 3774 905 3836 dolore
948 3781 1151 3835 tactus
1199 3789 1389 3833 manu
1424 3772 1605 3834 elisit.
1654 3772 1841 3834 Dein-

260 3892 425 3954 ceps
453 3892 599 3936 vero
644 3891 711 3935 se
756 3872 1179 3951 reprehendit,
1226 3870 1335 3951 qui
1362 3864 1452 3932 se
1497 3870 1632 3950 ipse
1679 3871 1845 3932 ultus

261 3981 463 4046 esset,
512 3991 706 4053 seque
747 3972 1203 4045 condemnavit,
1238 3978 1307 4032 ut
1350 3970 1593 4033 sederet
1639 3972 1845 4032 nudus

260 4093 386 4136 sex
438 4093 687 4137 menses
740 4075 804 4135 in
866 4073 1096 4154 palude
1153 4073 1369 4147 Scetis,
1429 4090 1590 4152 quae
1644 4078 1736 4134 est
1778 4072 1843 4132 in

255 4184 441 4237 vasta
471 4175 829 4237 solitudine.
862 4174 979 4234 Ubi
1000 4171 1236 4233 culices
1260 4178 1522 4251 possunt
1540 4164 1637 4232 vel
1666 4187 1847 4251 apro-

254 4293 413 4338 rum
432 4274 636 4355 pelles
665 4272 968 4347 sauciare,
1009 4290 1204 4351 quum
1244 4273 1367 4333 sint
1401 4287 1600 4348 aeque
1635 4270 1844 4346 magni

1860 3044 1914 3105 lC

1934 2072 2279 2133 arundines
2305 2071 2446 2133 illas
2472 2070 2765 2133 col-lectas
2792 2072 2873 2135 ad
2903 2079 3090 2152 caput
3118 2074 3251 2135 eius
3275 2078 3507 2155 posuit,

1934 2171 2201 2233 fortasse
2267 2172 2375 2232 Dei
2430 2172 2741 2251 permissu
2806 2173 2885 2235 ad
2946 2174 3245 2234 maiorem
3315 2175 3511 2237 sancti

1932 2274 2482 2347 exercitationem,
2534 2290 2617 2337 ne
2668 2275 2735 2335 in
2790 2275 3199 2337 arundinibus
3242 2276 3511 2339 ducibus

1940 2391 2120 2454 spem
2148 2392 2324 2436 suam
2360 2373 2640 2450 haberet,
2670 2375 2796 2436 sed
2826 2375 3024 2451 magis
3056 2376 3121 2436 in
3148 2377 3347 2454 gratia
3376 2378 3506 2452 Dei,

1941 2473 2051 2553 qui
2078 2491 2193 2552 per
2220 2472 2577 2536 columnam
2609 2475 2773 2553 ignis
2802 2482 2864 2536 et
2891 2476 3075 2538 nubis
3105 2478 3509 2556 quadraginta

1941 2590 2141 2635 annos
2184 2573 2249 2633 in
2278 2572 2391 2634 ista
2438 2573 2778 2635 solitudine
2826 2574 3131 2652 pOpulum
3165 2575 3351 2637 Israel
3383 2591 3509 2641 non

1942 2675 2342 2737 obedientem
2372 2682 2433 2736 et
2458 2683 2910 2755 repugnantem
2934 2675 3208 2739 deduxit.
3238 2679 3511 2757 Surgens

1941 2775 2129 2852 igitur
2184 2774 2523 2838 arundines
2570 2774 2888 2851 colligatas
2936 2775 3194 2837 invenit.
3252 2780 3511 2841 Sanctus

1942 2881 2150 2936 autem
2183 2894 2197 2936 :
2238 2874 2379 2949 Ubi,
2428 2873 2656 2955 inquit,
2705 2875 2783 2935 ad
2810 2873 3065 2937 hortum
3110 2877 3372 2955 prOpius
3402 2895 3508 2940 ac-

1945 2976 2126 3049 cessi,
2164 2992 2249 3037 ex
2290 2993 2367 3038 eo
2417 2975 2653 3055 egressi
2701 2980 2847 3039 sunt
2893 2974 3174 3055 mihique
3216 2994 3508 3041 occurre-

1946 3081 2091 3136 runt
2122 3074 2515 3155 septuaginta
2545 3074 2675 3135 fere
2719 3075 3060 3139 daemones
3085 3074 3269 3135 variis
3294 3074 3511 3139 formis

1942 3176 2229 3256 praediti,
2260 3175 2363 3237 alii
2394 3175 2649 3254 quidem
2692 3174 3051 3248 clamantes,
3084 3175 3189 3236 alii
3216 3192 3365 3237 vero
3399 3194 3509 3237 ex-

1943 3276 2241 3351 silientes,
2274 3275 2379 3336 alii
2408 3294 2554 3337 cum
2590 3292 2818 3352 magno
2850 3275 3100 3336 fremitu
3126 3276 3191 3337 in
3219 3294 3320 3338 me
3351 3277 3508 3339 den-

1940 3376 2109 3438 tibus
2145 3375 2501 3437 stridentes.
2542 3376 2740 3438 Ceteri
2774 3383 3068 3455 tanquam
3102 3377 3270 3438 corvi
3304 3377 3514 3438 volan-

1932 3480 2036 3536 tes
2081 3475 2392 3537 audebant
2434 3475 2631 3536 vultui
2676 3492 2819 3536 meo
2850 3474 3147 3537 insultare
3183 3476 3462 3539 dicentes
3493 3496 3506 3536 :

1932 3575 2101 3647 Quid
2131 3575 2240 3649 vis,
2266 3576 2515 3647 Macari,
2550 3576 2804 3638 tentatio
2834 3573 3323 3638 monachorum?
3354 3577 3509 3649 Quid

1934 3676 2022 3738 ad
2054 3694 2169 3738 nos
2200 3674 2560 3738 accessisti?
2588 3680 2679 3737 An
2708 3693 2826 3737 nos
2857 3694 3113 3756 quoque
3155 3686 3370 3739 contra
3404 3678 3509 3740 ali-

1932 3793 2105 3856 quos
2161 3775 2615 3838 monachorum
2666 3776 3002 3837 machinati
3046 3774 3299 3839 sumus?
3346 3780 3509 3851 Quae
3552 3818 3561 3823 ς

1944 3883 2157 3939 nostra
2188 3883 2352 3951 sunt,
2381 3877 2576 3939 habes
2602 3876 2729 3939 illic
2765 3895 2906 3939 cum
2936 3878 3025 3938 tui
3053 3878 3380 3951 similibus,
3414 3895 3513 3940 so-

1936 3976 2270 4038 litudinem
2320 3976 2485 4051 dico,
2536 3992 2570 4037 e
2610 3994 2733 4054 qua
2785 3984 3084 4054 cognatos
3120 3982 3368 4038 nostros
3407 3977 3509 4039 fu-

1942 4076 2214 4153 ga-vistis.
2259 4078 2491 4137 Tecum
2553 4074 2709 4137 nihil
2769 4092 3102 4138 commune
3156 4075 3507 4139 habemus:

1932 4174 2096 4253 quid
2126 4179 2340 4235 nostra
2369 4173 2507 4236 loca
2530 4172 2920 4251 ingrederis?
2946 4173 3334 4237 Anachoreta
3365 4194 3511 4239 con-

1945 4278 2313 4335 tentusesto
2344 4273 2702 4335 solitudine.
2738 4275 2852 4347 Qui
2881 4274 3047 4337 hunc
3089 4275 3297 4338 locum
3337 4278 3509 4338 aedi-

252 4384 337 4459 ut
365 4391 617 4455 vespae.
652 4374 740 4435 Ab
766 4373 841 4434 iis
867 4373 1056 4451 igitur
1082 4378 1249 4433 totus
1276 4371 1359 4432 ita
1387 4369 1693 4431 sauciatus
1724 4376 1838 4444 est,
1860 4374 1922 4439 θ
1942 4374 2233 4450 ﬁcarunt,
2268 4392 2413 4437 eum
2437 4375 2620 4436 nobis
2653 4374 3076 4452 adsignarunt.
3108 4376 3248 4437 Non
3278 4378 3510 4457 poteris

253 4485 335 4539 ut
367 4484 435 4538 et
462 4474 667 4536 aculei
692 4474 758 4535 in
781 4481 910 4535 toto
942 4488 1206 4552 corpore
1235 4471 1432 4551 ipsius
1462 4470 1840 4545 viderentur,

254 4597 336 4642 ac
370 4574 667 4637 nonnulli
713 4573 1062 4645 crederent,
1117 4569 1528 4650 elephantiasi
1558 4585 1702 4630 eum
1748 4568 1840 4631 la-

252 4676 523 4737 borare.
556 4673 902 4732 Reversum
937 4686 1085 4730 vero
1120 4668 1189 4729 in
1234 4667 1520 4730 cellulam
1552 4686 1727 4731 suam
1768 4685 1846 4731 ex

250 4775 403 4838 sola
433 4790 587 4836 voce
624 4777 1052 4851 cognoverunt
1079 4770 1413 4832 Macarium
1448 4785 1605 4830 esse.

345 4900 377 4930 ι(
420 4872 624 4952 Cupiit
655 4870 1015 4950 aliquando,
1059 4875 1129 4931 ut
1159 4869 1340 4931 nobis
1378 4869 1513 4947 ipse
1555 4868 1842 4940 narravit,

242 4972 519 5051 ingredi
566 4976 1076 5044 monumentum,
1124 4968 1295 5048 quod
1343 4968 1565 5030 dicitur
1615 4967 1847 5039 κηποτά-

246 5092 392 5145 gmw
422 5076 655 5136 Jannes
686 5077 747 5133 et
770 5070 1051 5133 Jambres
1081 5085 1428 5146 magorum,
1462 5069 1568 5148 qui
1593 5069 1847 5132 fuerunt

243 5188 563 5257 tempore
602 5170 965 5243 Pharaonis,
1003 5168 1255 5229 videndi
1297 5185 1503 5242 causa,
1548 5174 1653 5228 aut
1694 5168 1842 5230 dae-

242 5294 521 5349 mones,
555 5272 665 5353 qui
695 5271 782 5333 ibi
808 5275 972 5344 sunt,
1004 5268 1439 5330 conveniendi.
1471 5267 1847 5329 Dicebantur

243 5382 443 5444 enim
480 5374 662 5438 multi
689 5374 863 5452 iique
893 5371 1136 5432 feroces
1168 5371 1253 5431 ibi
1286 5369 1363 5431 ab
1401 5368 1522 5429 illis
1560 5367 1846 5432 collocati
1878 5454 1884 5465 ι

242 5499 408 5545 esse
438 5480 784 5541 daemones
822 5490 935 5552 per
972 5470 1402 5533 excellentiam
1436 5470 1710 5547 magicae
1742 5490 1843 5532 ar-

236 5586 369 5656 tis,
412 5598 543 5661 qua
590 5576 826 5658 primas
873 5589 1127 5654 quoque
1166 5571 1275 5631 illo
1313 5577 1597 5650 tempore
1638 5580 1845 5651 partes

240 5683 435 5762 apud
486 5678 880 5740 Pharaonem
927 5674 1302 5736 habuerunt.
1368 5671 1481 5742 Qui
1539 5672 1621 5733 ita
1681 5674 1843 5735 nacti

572 5815 846 5875 PATROL.
889 5812 1006 5871 Gn.
1048 5810 1342 5870 XXXIV.

1943 4474 2047 4536 hic
2099 4491 2377 4536 manere.
2446 4473 2603 4547 Quid
2658 4473 2905 4553 quaeris
2972 4474 3216 4552 ingredi
3272 4475 3508 4550 locum,

1946 4591 2136 4654 quem
2178 4590 2367 4637 nemo
2398 4573 2749 4648 hominum,
2789 4574 2898 4652 qui
2928 4573 3237 4651 vixerunt,
3279 4594 3357 4638 ex
3385 4596 3508 4657 quo

1944 4679 2230 4754 tempore
2291 4674 2534 4746 fratres,
2596 4674 2707 4753 qui
2764 4691 2907 4735 eum
2965 4676 3406 4754 condiderunt,
3479 4697 3507 4741 a

1945 4775 2130 4836 nobis
2177 4773 2280 4837 hic
2326 4774 2555 4854 sepulti
2605 4781 2772 4848 sunt,
2823 4780 2917 4836 est
2964 4774 3324 4853 ingressus?
3368 4780 3513 4842 Sanv

1946 4881 2081 4937 ctus
2115 4892 2128 4933 :
2164 4877 2385 4950 Quum,
2432 4874 2657 4948 aiebat,
2701 4874 2968 4936 multum
3003 4875 3265 4956 insuper
3300 4877 3506 4939 turba-
3538 4904 3546 4948 ι

1946 4982 2086 5036 rent
2132 4974 2749 5054 lamentarenturque
2780 4975 3140 5049 daemones,
3192 4975 3365 5037 dixi:
3408 4979 3514 5039 In-

1932 5076 2193 5155 grediar
2247 5082 2510 5149 tantum,
2569 5075 2817 5148 videbo,
2882 5083 2943 5137 et
2996 5076 3147 5137 hinc
3204 5076 3512 5138 recedam.

1945 5178 2338 5239 Daemones:
2392 5174 2550 5250 Hoc,
2604 5175 2920 5254 inquiunt,
2988 5176 3171 5237 nobis
3223 5174 3520 5253 promitte

1944 5277 2012 5338 in
2055 5276 2441 5338 conscientia
2488 5262 2718 5337 tua-Et
2763 5293 2957 5353 quum
3002 5275 3295 5336 dixissem
3331 5292 3344 5335 :
3384 5277 3517 5337 Hoc

1944 5376 2192 5450 faciam,
2233 5374 2564 5437 confestim
2594 5378 3001 5437 evanuerunt.
3031 5374 3355 5449 Ingressus
3396 5372 3513 5450 igi-

1947 5483 2070 5551 tur,
2127 5475 2354 5547 aiebat,
2403 5475 2531 5536 vidi
2587 5475 2817 5536 omnia.
2882 5473 2999 5535 Ubi
3042 5473 3254 5535 inveni
3294 5473 3517 5535 cadum

1947 5590 2238 5646 aeneum,
2270 5580 2490 5635 catena
2532 5573 2733 5635 ferrea
2762 5573 3143 5653 pendentem
3193 5590 3270 5633 ex
3300 5578 3517 5651 puteo,

1954 5675 2063 5737 sed
2112 5681 2400 5755 tempore
2446 5682 2915 5755 consumptum,
2945 5681 3005 5736 et
3048 5674 3287 5736 fructus
3314 5670 3516 5735 malev

3138 5812 3175 5869 3
