4040 6582
281 260 344 318 69
1778 267 1790 296 ‘

1890 269 2003 328 'AE.
3429 292 3505 357 70

280 391 370 440 sus
386 371 759 454 praefectum
782 390 963 438 suum
984 388 1169 457 atque
1196 397 1209 439 :
1234 376 1335 450 71
1356 381 1706 459 Undenam,
1729 382 1825 447 in-
1852 396 1894 450 A
1926 407 2061 453 sum
2084 413 2155 456 os
2182 401 2378 463 totum
2404 413 2735 485 appareret
2761 403 2825 470 in
2848 411 3100 473 vertice.
3124 413 3341 493 Neque
3355 431 3498 477 eum

277 473 495 556 quiunt,
537 470 720 534 nobis
749 474 1062 536 adduxisti
1098 475 1267 540 hunc
1308 478 1631 542 hominem
1673 488 1815 544 tan-

276 587 434 654 quam
477 570 613 632 sine
655 589 843 634 carne
882 574 1216 653 degentem
1255 576 1331 637 ad
1362 584 1640 641 nostram
1670 598 1820 643 con-

272 670 756 736 demnationem?
787 677 904 736 Ant
935 693 1079 738 eum
1111 675 1260 739 hinc
1308 677 1488 753 eiice,
1519 685 1626 741 aut
1654 681 1819 744 bene

269 774 424 845 scito,
456 789 571 834 nos
602 790 822 836 omnes
854 774 1002 839 hinc
1040 776 1230 839 hodie
1260 795 1398 841 esse
1429 798 1812 846 recessuros.

266 875 411 947 Quae
454 886 649 950 quum
700 871 1073 939 Pachomius
1111 896 1379 957 magnus
1421 897 1458 942 a
1514 880 1813 945 fratribus

264 972 557 1043 audiisset,
583 974 931 1036 sciscitatus
961 984 1054 1038 est
1081 978 1158 1039 de
1191 997 1291 1041 eo.
1323 980 1395 1041 Et
1424 999 1618 1060 quum
1647 983 1814 1046 didi-

262 1075 427 1137 cisset
449 1074 582 1135 eius
600 1075 760 1136 vitae
780 1074 1081 1149 instituta,
1098 1080 1296 1141 Deum
1327 1082 1651 1157 oravit,'ut,
1670 1084 1815 1164 quis

261 1179 422 1245 esset,
453 1173 571 1234 sibi
606 1175 1002 1237 revelaretur.
1037 1179 1401 1243 Revelatum
1430 1190 1522 1242 est
1552 1183 1629 1256 ei,
1680 1186 1811 1246 Ma-

258 1275 471 1338 carium
498 1275 875 1337 monachum
898 1294 1058 1339 esse.
1076 1280 1231 1339 Tum
1264 1280 1811 1347 dominusPachO-

257 1375 395 1437 mins
440 1376 575 1436 eius
621 1393 875 1439 manum
928 1378 1265 1458 prehendit
1312 1399 1585 1462 eumque
1642 1386 1809 1447 foras

255 1474 475 1547 eduxit;
522 1480 709 1555 atque
739 1493 936 1556 quum
964 1478 1030 1539 in
1070 1480 1327 1542 domum
1375 1486 1653 1561 oratorii,
1699 1487 1809 1549 ubi

254 1582 332 1637 est
373 1573 585 1648 altare,
639 1590 782 1637 eum
813 1577 1173 1641 deduxisset
1201 1582 1654 1664 amplexusque
1704 1604 1807 1648 es-

250 1683 367 1737 set:
393 1676 591 1748 Tune,
625 1676 731 1749 ait,
765 1694 834 1738 es
878 1680 1233 1742 venerande
1262 1682 1500 1745 senex?
1526 1681 1701 1747 Tune
1737 1705 1805 1749 es

241 2078 424 2156 egeris
468 2077 637 2140 ﬁlios
676 2096 876 2154 meos,
920 2098 1000 2142 ne
1040 2080 1163 2144 alte
1208 2085 1479 2148 sentiant
1505 2088 1583 2149 de
1618 2105 1798 2152 exer-

238 2177 517 2239 citatione
583 2195 716 2240 sua.
773 2181 953 2257 Rogo
1002 2186 1103 2256 te,
1173 2184 1400 2246 recede
1454 2186 1523 2248 in
1587 2188 1800 2253 locum

236 2280 427 2351 tuum;
468 2295 593 2340 nos
638 2279 1003 2341 enimsatis
1049 2262 1418 2360 aedificasti;
1460 2294 1649 2368 atque
1689 2308 1800 2353 ora

232 2392 335 2457 pro
370 2378 582 2441 nobis.
617 2380 853 2443 Deinde
887 2382 966 2443 ab
1009 2398 1086 2445 eo
1123 2391 1399 2462 rogatus,
1439 2391 1797 2467 petentibus

232 2495 469 2559 quoque
504 2482 800 2545 omnibus
828 2482 1143 2560 fratribus,
1176 2488 1458 2550 recessit.

294 2591 536 2652 Rursus
564 2592 713 2654 alias
742 2590 844 2656 hic
872 2595 965 2657 vir
990 2594 1352 2677 impatibilis
1383 2602 1565 2665 nobis
1586 2621 1796 2669 narra-

227 2691 301 2753 vit
319 2710 331 2752 :
352 2692 577 2768 Omne,
589 2694 816 2775 inquit,
831 2697 989 2758 vitae
1003 2699 1407 2764 monachicae
1419 2704 1789 2784 institutum,

224 2792 381 2871 quod
431 2796 834 2873 expetebam,
866 2807 1162 2879 expertus
1201 2801 1279 2863 ad
1325 2804 1493 2867 aliud
1538 2810 1791 2872 tandem

224 2892 541 2971 spirituale
598 2893 979 2961 desiderium
1031 2901 1197 2963 veni.
1248 2904 1442 2966 Statui
1495 2910 1663 2970 enim
1712 2910 1791 2973 ad

220 2991 331 3054 tale
358 3010 634 3075 cperum
672 2996 1053 3062 desiderium
1092 3006 1414 3070 accedere.
1454 3008 1658 3086 Volui,
1697 3014 1791 3076 in-

221 3093 359 3175 quit,
384 3097 679 3179 quinque
709 3099 843 3162 dies
874 3102 1071 3165 solam
1106 3114 1382 3171 mentem
1403 3129 1608 3174 meam
1640 3115 1785 3176 red-
1815 3104 1857 3163 Ο

218 3195 351 3259 dere
375 3215 409 3259 a
441 3197 584 3261 Deo
604 3199 1010 3279 individuam,
1026 3223 1234 3287 neque
1254 3210 1418 3272 aliud
1444 3214 1786 3295 quidquam

217 3297 460 3359 omnino
483 3299 795 3378 cogitare,
827 3304 939 3365 sed
983 3306 1038 3367 ei
1068 3309 1569 3375 soliadhaerere.
1608 3317 1786 3388 Quod

214 3411 394 3473 quum
413 3400 594 3476 apud
617 3417 717 3461 me
737 3403 1113 3482 statuissem,
1128 3407 1347 3472 cellam
1372 3430 1574 3475 meam
1596 3422 1785 3496 atque

217 3496 597 3561 extrinsecus
633 3501 838 3564 aulam
874 3504 1091 3581 clausi,
1131 3515 1200 3570 ut
1240 3511 1397 3575 nulli
1431 3516 1785 3583 advenienti

210 3611 581 3675 responsum
597 3600 809 3664 darem
822 3650 836 3664 .
849 3607 933 3667 Ac
945 3609 1085 3671 steti
1097 3610 1405 3693 incipiens
1425 3633 1460 3677 a
1480 3620 1780 3698 secunda,

208 3695 393 3759 menti
437 3718 629 3763 meae
665 3704 1064 3786 praecipiens
1106 3718 1167 3774 et
1204 3712 1419 3778 dicens
1455 3734 1469 3778 :
1507 3716 1663 3782 Vide
1702 3736 1782 3784 ne

205 3790 547 3862 descendas
584 3817 623 3862 e
663 3804 890 3880 coelis;
936 3804 1024 3870 ibi
1057 3812 1316 3891 angelos
1353 3813 1547 3879 habes
1593 3828 1654 3882 et
1678 3840 1778 3884 ar-

206 3891 568 3979 changelos,
615 3917 921 3985 supernas
953 3917 1314 3991 potestates,
1349 3914 1678 3985 Cherubim
1707 3942 1780 3988 ac

207 3994 556 4080 Seraphim,
590 4005 790 4068 Deum
817 4007 1046 4073 horum
1077 4016 1358 4079 omnium
1390 4021 1775 4088 effectorem.

196 4093 320 4161 Illic
355 4119 632 4166 versare.
657 4108 749 4169 Ne
779 4110 895 4172 sub
918 4112 1165 4177 coelum
1186 4117 1563 4197 descendas;
1588 4142 1668 4188 ne
1687 4127 1781 4189 in-

199 4197 361 4262 cidas
398 4203 468 4264 in
507 4207 864 4272 mundanas
894 4213 1327 4291 cogitationes.
1378 4223 1499 4294 Sic,
1547 4225 1771 4307 inquit,

195 4314 382 4377 quum
403 4303 667 4407 duobus
698 4308 919 4374 diebus
950 4331 1021 4377 ac
1044 4315 1285 4380 duabus
1307 4323 1596 4387 noctibus
1625 4303 1773 4407 per-

196 4416 606 4482 severassem,
627 4405 713 4471 ita
741 4408 1115 4476 daemonem
1143 4417 1397 4490 irritavi,
1431 4429 1499 4483 ut
1519 4405 1766 4492 ﬂamma
1800 4445 1848 4505 ο

190 4497 342 4577 ignis
377 4505 593 4582 ﬁeret,
631 4505 915 4591 mihique
954 4515 1187 4591 omnia,
1240 4537 1400 4599 quae
1442 4523 1509 4585 in
1548 4527 1770 4592 cellula

192 4612 378 4679 erant,
402 4608 841 4687 combureret,
872 4613 951 4675 ita
976 4619 1044 4677 ut
1068 4618 1255 4681 etiam
1287 4628 1515 4699 storea,
1544 4623 1611 4690 in
1647 4648 1769 4711 qua

186 4706 441 4781 stabam,
475 4720 1018 4790 concremaretur,
1049 4724 1111 4779 et
1138 4720 1225 4782 sic
1255 4739 1355 4785 me
1386 4743 1641 4808 quoque
1666 4706 1766 4795 to-

186 4805 309 4863 tum
356 4807 561 4892 aduri.
598 4811 1038 4878 existimarem.
1103 4817 1495 4888 Postremum
1536 4805 1767 4896 timore

184 4904 439 4968 affectus
456 4910 657 4972 tertio
679 4910 779 4974 die
802 4912 1009 4976 destiti
1031 4917 1108 4979 ab
1128 4918 1249 4983 hoc
1275 4929 1600 5007 pr0posito
1623 4951 1766 4998 meo

182 5006 382 5081 atque,
418 5025 634 5087 quum
666 5019 942 5075 mentem
974 5006 1179 5080 meam
1201 5024 1472 5103 amplius
1489 5028 1763 5095 indivul-

178 5115 302 5161 sam
328 5111 565 5168 tenere
598 5124 727 5170 non
754 5112 1358 5191 possem,‘descendi
1380 5124 1447 5186 in
1477 5135 1763 5195 contem-

178 5196 522 5274 plationem
549 5205 742 5269 huius
774 5213 1014 5289 mundi,
1053 5216 1158 5287 72
1181 5235 1261 5281 ne
1290 5220 1354 5283 id
1386 5224 1543 5287 mihi
1570 5246 1762 5310 repu-

176 5303 398 5365 taretur
419 5305 493 5368 in
515 5308 885 5387 superbiam

246 5442 275 5478 ι
306 5424 653 5498 Quondam
685 5448 879 5512 quum
922 5436 1001 5498 ad
1039 5436 1208 5502 hunc
1236 5452 1521 5510 sanctum
1551 5453 1759 5516 venis-

173 5535 317 5598 sem,
358 5534 545 5591 extra
579 5532 803 5595 cellam
847 5535 980 5598 eius
1027 5538 1333 5605 iacentem
1374 5546 1588 5612 inveni
1641 5555 1760 5617 vici

171 5620 489 5691 cuiusdam
537 5634 1012 5713 presbyterum,
1044 5640 1225 5703 cuius
1281 5651 1469 5727 caput
1506 5645 1590 5714 ita
1626 5664 1758 5718 erat

170 5736 416 5791 exesum
471 5734 710 5798 morbo
748 5738 856 5817 qui
894 5757 1123 5804 cancer
1150 5737 1398 5825 dicitur,
1447 5757 1519 5814 ut
1555 5760 1617 5817 et
1646 5756 1747 5837 ip-

1924 493 2000 553 ad
2032 496 2417 579 colloquium
2463 505 2846 571 admittebat.
2880 510 3116 589 Rogavi
3159 513 3348 590 igitur
3376 533 3447 577 ac
3482 531 3497 575 :

1922 590 2173 671 Precor,
2203 599 2486 681 inquam,
2510 606 2809 669 miserere
2832 604 3017 671 huius
3039 611 3273 687 miseri,
3300 619 3360 674 et
3386 613 3501 675 sal-

1920 694 2047 754 tem
2076 714 2451 779 responsum
2491 705 2547 766 ei
2575 706 2673 768 da.
2706 710 3057 790 Respondit
3086 712 3240 774 mihi
3274 733 3287 775 :
3322 716 3497 776 Indi-

1920 808 2081 870 gnus
2117 807 2231 873 est,
2265 804 2375 881 qui
2404 811 2679 869 sanetur.
2716 811 2886 873 Haec
2917 813 3084 873 enim
3124 814 3181 874 ei
3218 815 3499 879 immissa.

1922 902 2012 956 est
2041 896 2390 981 disciplina.
2415 908 2521 969 Sin
2554 926 2698 971 eum
2726 912 2816 972 vis
2850 913 3079 988 sanari,
3102 916 3293 976 suade
3320 917 3399 989 ei,
3428 914 3499 979 ut

1919 999 2220 1085 deinceps
2249 1009 2556 1074 abstineat
2590 1021 2625 1076 a
2654 1018 2982 1079 sacriﬁcio.
3011 1017 3138 1097 Ego
3169 1039 3181 1081 :
3218 1021 3357 1094 Cur,
3393 1022 3494 1081 in-

1916 1118 2128 1180 quam,
2150 1108 2452 1174 obsecro?
2473 1113 2867 1195 Respondet:
2886 1118 3226 1182 Fornicans
3249 1136 3493 1184 sacrum

1915 1206 2157 1283 peregit
2214 1210 2671 1291 ministerium,
2730 1219 2899 1281 unde
2950 1222 3074 1282 iam
3133 1224 3488 1302 castigatur.

1914 1304 2145 1376 Quodsi
2174 1318 2341 1374 metu
2370 1314 2624 1379 desistat
2654 1316 2731 1380 ab
2762 1321 2860 1395 iis,
2884 1341 3044 1401 quae
3068 1343 3183 1403 per
3214 1334 3495 1388 contem-

1912 1413 2085 1485 ptum
2113 1426 2299 1473 ausus
2321 1420 2413 1475 est
2438 1415 2666 1493 facere,
2703 1420 2866 1481 Deus
2897 1440 3039 1483 eum
3067 1426 3328 1487 sanabit.
3356 1427 3490 1491 Hoc

1912 1506 1992 1581 ei,
2020 1510 2129 1587 qui
2157 1512 2564 1592 adligebatur,
2589 1518 2739 1579 dixi.
2758 1522 2871 1592 Qui
2894 1522 3297 1586 iureiurando
3318 1523 3489 1605 apud

1910 1608 2106 1672 Deum
2144 1615 2458 1693 pollicitus
2488 1623 2602 1692 est,
2637 1639 2703 1681 se
2732 1639 2858 1683 non
2891 1623 3160 1704 amplius
3191 1629 3487 1690 sacerdos

1908 1708 1987 1771 tis
2008 1728 2269 1778 munera
2299 1733 2435 1779 esse
2474 1720 2810 1783 obiturum.
2856 1724 3011 1785 Tum
3046 1741 3189 1786 eum
3213 1729 3490 1807 snsccpit

1908 1811 2130 1891 eique:
2161 1816 2475 1891 Credisne,
2497 1815 2725 1899 inquit,
2754 1836 2889 1884 esse
2918 1820 3137 1899 Deum,
3172 1834 3361 1906 quem
3385 1829 3485 1889 ni-

1903 1908 1991 1971 hil
2036 1912 2221 1976 latet?
2266 1916 2377 1977 Ille
2422 1920 2768 1999 respondet
2810 1926 3144 2000 :Maxime,
3196 1944 3350 2005 rogo
3396 1936 3480 1990 te.

1902 2010 2137 2074 Deinde
2178 2018 2408 2088 :Num,
2442 2017 2668 2099 inquit,
2710 2025 2965 2101 potuisti
3009 2026 3272 2089 illudere
3312 2026 3486 2091 Deo?

1882 2112 2265 2192 Respondet
2301 2136 2314 2179 :
2346 2119 2485 2180 Non
2510 2122 2707 2200 potui,
2736 2123 2819 2183 mi
2856 2125 3132 2189 domine.
3173 2129 3431 2206 Magnus
3462 2137 3479 2189 ἑ

1899 2213 1960 2273 Si
1997 2217 2306 2292 agnoscis,
2346 2218 2572 2301 inquit,
2615 2233 2941 2304 peccatum
2974 2232 3148 2290 tuum
3184 2248 3255 2292 ac
3288 2232 3478 2293 disci-

1898 2312 2134 2391 plinam
2160 2316 2291 2394 Dei,
2324 2338 2447 2399 qua
2474 2320 2627 2386 haec
2666 2326 2933 2402 subiisti,
2958 2332 3031 2390 .te
3095 2333 3371 2412 corrigas
3411 2334 3480 2423 in

1897 2420 2241 2493 posterum.
2277 2421 2391 2493 Qui
2425 2424 2751 2487 confessus
2784 2436 2875 2489 est
2903 2437 3254 2509 peccatum,
3296 2440 3357 2494 et
3400 2434 3474 2496 fi-

1898 2513 2042 2576 dem
2065 2517 2255 2593 dedit,
2295 2538 2362 2582 se
2406 2540 2536 2585 non
2578 2526 2848 2606 amplius
2887 2548 3022 2592 esse
3044 2540 3474 2610 peccaturum,

1896 2634 2105 2698 neque
2143 2620 2318 2683 altari
2355 2624 2871 2705 ministraturum,
2908 2631 3017 2692 sed
3054 2632 3197 2695 laici
3242 2641 3476 2696 sortem

1895 2719 2354 2800 amplexurum.
2388 2725 2623 2788 Deinde
2653 2737 2902 2792 sanctus
2935 2732 2994 2792 ei
3021 2750 3242 2795 manus
3268 2735 3476 2815 impo-

1893 2819 2035 2882 suit.
2068 2823 2181 2895 Qui
2214 2826 2430 2903 paucis
2460 2827 2682 2890 diebus
2705 2838 2954 2893 sanatus
2988 2839 3102 2907 est,
3136 2835 3476 2917 capillique

1891 2921 2111 3001 capitis
2143 2924 2197 2985 ei
2222 2936 2569 3003 creverunt,
2597 2936 2658 2992 et
2685 2931 2749 2992 in
2776 2931 3034 2994 domum
3063 2951 3239 2996 suam
3271 2952 3476 3001 revera

1889 3040 1996 3084 sus
2045 3022 2407 3101 glorificavit
2452 3029 2670 3106 Deum,
2713 3050 2785 3096 ac
2814 3032 3039 3112 gratias
3069 3036 3192 3113 egit
3228 3045 3469 3103 sancto.

1971 3159 2001 3193 α
2026 3138 2272 3200 Rursus
2303 3140 2430 3203 vidi
2458 3143 2537 3205 ad
2568 3162 2712 3207 eum
2737 3146 2963 3212 adduci
2985 3168 3254 3230 puerum
3281 3170 3317 3217 a
3347 3157 3475 3237 spi-

1888 3235 2011 3297 ritu
2056 3239 2331 3319 maligno
2375 3250 2688 3307 vexatum.
2742 3250 2851 3311 Cui
2912 3259 3163 3317 sanctus
3212 3272 3471 3321 manum

1887 3335 2169 3401 dextram
2197 3338 2263 3403 in
2300 3350 2490 3423 caput
2526 3345 2826 3427 imposuit
2853 3358 2915 3412 et
2935 3352 3248 3418 sinistram
3279 3376 3471 3440 supra

1885 3454 2017 3512 cor,
2042 3457 2112 3501 ac
2141 3443 2379 3505 tamdiu
2405 3447 2622 3521 oravit,
2645 3448 2848 3514 donec
2869 3451 3117 3518 fecisset
3139 3475 3281 3521 eum
3304 3479 3467 3541 pen-

1885 3535 2035 3601 dere
2054 3541 2119 3602 in
2139 3560 2307 3606 aere.
2336 3545 2500 3630 Puer
2518 3548 2728 3627 igitur,
2750 3553 2911 3615 sicut
2938 3562 3079 3619 uter
3102 3558 3374 3639 inﬂatus,
3399 3565 3467 3629 in

1884 3657 2153 3721 corpore
2174 3645 2601 3729 maximOpere
2632 3651 2949 3730 intumuit,
2980 3657 3232 3737 deinde,
3268 3682 3465 3745 quum

1883 3742 2091 3805 subito
2126 3745 2551 3825 exclamasset,
2583 3770 2700 3833 per
2728 3771 2949 3821 omnes
2979 3777 3203 3825 sensus
3233 3742 3464 3846 aquam

1883 3843 2118 3919 emisit;
2138 3864 2298 3926 quae
2319 3867 2513 3929 quum
2535 3852 2923 3931 desiisset,in
2952 3878 3113 3940 eam,
3137 3883 3262 3945 qua
3280 3868 3461 3933 initio

1879 3942 2103 4021 fuerat,
2144 3964 2503 4013 mensuram
2544 3955 2746 4018 rediit.
2770 3958 3055 4041 Eumque
3091 3942 3288 4045 quum
3315 3970 3460 4035 oleo

1880 4047 2096 4104 sancto
2121 4045 2403 4109 unxisset
2423 4055 2484 4111 et
2505 4068 2666 4131 aqua
2696 4054 3027 4122 benedicta
3054 4064 3455 4147 perfudisset,

1879 4139 2040 4219 patri
2066 4139 2361 4219 reddidit,
2383 4164 2455 4209 ac
2481 4151 2694 4226 vetuit,
2727 4171 2807 4215 ne
2824 4139 3077 4224 carnem
3098 4182 3216 4229 nec
3242 4169 3456 4236 vinum

1877 4238 2209 4349 attingeret
2241 4245 2648 4326 quadraginta
2677 4252 2922 4320 diebus.
2952 4260 3157 4328 Puero
3197 4269 3456 4349 quidem

1875 4335 1959 4399 ita
1980 4345 2196 4403 sanato
2227 4360 2337 4406 eos
2366 4345 2619 4412 dimisit.

1955 4487 1983 4520 α
2017 4466 2197 4530 Hunc
2222 4469 2556 4535 Macarium
2588 4493 2882 4557 magnum
2912 4489 3232 4565 quondam
3260 4512 3453 4559 vexa-

1870 4570 2017 4626 runt
2043 4568 2455 4645 cogitationes
2483 4592 2679 4639 vanae
2720 4580 2980 4662 gloriae,
3030 4608 3193 4670 quae
3233 4611 3379 4659 eum
3416 4615 3454 4662 e

1870 4663 2025 4727 cella
2058 4665 2284 4731 eiicere
2314 4676 2651 4753 tentarunt,
2688 4681 2792 4751 73
2817 4689 2877 4745 et
2897 4663 3342 4767 suggessemnt
3367 4699 3450 4775 ei,

1868 4771 1938 4823 ut
1964 4763 2447 4844 dispensationis
2474 4775 2668 4850 gratia
2697 4780 2960 4844 Romam
2982 4763 3302 4866 pergeret,
3327 4763 3455 4857 ius;

1867 4868 2122 4945 tamque
2145 4885 2396 4933 causam
2418 4873 2767 4954 allegarunt
2789 4860 3181 4952 sanationem
3203 4860 3474 4968 eorum.‘

1868 4962 1978 5040 qui
2016 4963 2106 5026 ibi
2151 4976 2319 5037 sunt,
2365 4972 2783 5042 inﬁrmorum.
2819 4984 3012 5049 Valde
3052 4992 3220 5054 enim
3259 4994 3326 5057 in
3370 5013 3450 5061 eo

1865 5062 2164 5129 adversus
2215 5069 2473 5150 spiritus
2517 5082 2896 5157 Operabatur
2933 5090 3127 5165 gratia
3172 5093 3443 5159 Domini.

1864 5167 2080 5246 Longo
2108 5177 2316 5235 autem
2344 5180 2630 5259 tempere
2664 5184 2744 5245 ab
2773 5184 2847 5248 iis
2880 5194 3207 5268 tentatum,
3249 5211 3447 5277 quum

1864 5283 1991 5330 non
2029 5271 2389 5377 obediisset,
2431 5286 2502 5341 ut
2551 5286 2974 5364 egrederetur,
3007 5288 3211 5358 acrius
3244 5271 3444 5377 agita-

1862 5374 2028 5429 runt.
2059 5366 2405 5439 Prostratus
2442 5380 2633 5458 igitur
2651 5390 2899 5449 sanctus
2919 5389 2983 5451 in
3004 5379 3233 5459 limine.
3248 5366 3443 5465 ccllae

1862 5482 2012 5529 suae
2032 5472 2226 5549 pedes
2246 5472 2413 5538 foras
2432 5477 2657 5558 emisit,
2684 5484 3225 5576 daemonibusque
3246 5517 3443 5564 vanae

1862 5562 2097 5642 gloriae
2121 5586 2134 5630 :
2157 5566 2430 5649 Trahite,
2451 5578 2678 5660 inquit,
2702 5602 2802 5648 me
2825 5594 2886 5650 et
2913 5562 3143 5668 vellite:
3178 5562 3439 5679 daemoe

1861 5680 1997 5737 nes,
2029 5667 2080 5727 si
2114 5673 2396 5747 potestis.
2433 5679 2564 5756 Ego
2598 5684 2766 5746 enim
2803 5689 2962 5752 meis
2990 5695 3258 5773 pedibus
3288 5674 3444 5765 alias

1860 5782 1991 5830 non
2016 5768 2225 5836 abibo.
2274 5774 2383 5838 Sin
2427 5783 2690 5859 potestis
2715 5786 2900 5852 talem
2944 5768 3046 5857 me
3083 5795 3438 5878 deportare,
