4040 6606
508 328 571 383 7!
1352 328 1452 383 SS.
1497 328 1954 384 MACARIOHUM
1996 312 2308 383 AEGYPTll
2351 328 2439 382 ET
2478 326 2943 384 ALEXANDRINI
3703 330 3763 385 ’ΞΩ

504 463 636 520 quo
675 443 876 508 dicitis
907 446 1289 525 perveniam.
1318 450 1514 528 Atque
1546 449 1764 510 iuravit
1790 449 1866 509 iis
1915 466 1926 507 :
1962 447 2085 522 Sic,
2117 452 2163 507 Α
2191 446 2411 508 Christi
2435 464 2553 526 ego
2576 447 2921 519 observavi,
2944 446 3150 506 Marco
3186 443 3582 505 exercitatori
3615 460 3765 507 nun-

504 548 736 629 inquit,
784 549 1004 611 iacebo
1034 567 1238 629 usque
1275 548 1353 611 ad
1406 570 1756 630 vesperam.
1812 551 1939 613 Nisi
1986 570 2087 613 me

506 649 846 725 moveritis,
871 649 1049 712 vobis
1069 667 1198 711 non
1229 650 1542 712 obediam.
1574 654 1775 724 Quum
1795 668 1944 713 vero
1965 651 2084 712 im-

505 754 716 812 motus
744 750 1096 822 mansisset,
1128 765 1269 810 sero
1304 751 1552 829 vesperi
1578 750 1836 812 tandem
1872 768 2083 811 surre-

506 849 617 910 xit.
678 848 799 909 Sed
843 856 1028 910 nocte
1081 848 1453 911 adventante
1487 870 1700 914 rursus
1722 870 1866 914 eum
1902 852 2087 913 vehe-

506 949 777 1010 mentius
825 949 1012 1009 etiam
1063 949 1351 1012 insectati
1389 956 1555 1013 sunt.
1602 953 1803 1025 Quare
1836 960 2086 1016 sanctus

506 1050 796 1123 surrexit,
821 1050 1218 1129 duorumque
1256 1050 1389 1114 fere
1417 1053 1778 1117 modiorum
1809 1062 2086 1135 sportam

506 1168 695 1212 arena
730 1150 1033 1230 implevit,
1069 1170 1193 1232 qua
1226 1152 1505 1217 humeris
1552 1155 1847 1236 imposita
1892 1164 2085 1225 totam

506 1251 909 1341 solitudinem
930 1253 1223 1331 pervasit.
1263 1254 1372 1315 cui
1394 1256 1667 1318 occurrit
1696 1256 2086 1319 Theosebius

505 1350 827 1413 Cosmetor
853 1352 1303 1430 Antiochenus,
1337 1362 1436 1416 et:
1471 1356 1650 1430 Quid,
1680 1357 1907 1436 inquit,
1933 1375 2085 1437 por-

504 1456 622 1528 tas,
647 1450 855 1514 abba?
879 1454 1040 1515 Cede
1068 1454 1223 1516 mihi
1252 1472 1436 1531 onus,
1453 1474 1610 1518 neve
1638 1457 1776 1536 ipse
1808 1458 2081 1520 vexerisl

503 1553 615 1615 Ille
644 1562 853 1616 autem
887 1573 899 1615 :
932 1556 1128 1630 Vexo,
1159 1556 1386 1636 inquit,
1423 1575 1590 1632 eum,
1624 1558 1733 1638 qui
1763 1576 1864 1620 me
1886 1566 2084 1621 vexat.

504 1656 646 1737 Ipse
662 1656 829 1717 enim
852 1674 1045 1735 quum
1064 1656 1330 1719 lascivus
1352 1657 1450 1733 sit,
1475 1658 1628 1719 mihi
1644 1660 2090 1739 peregrinatio-

504 1772 618 1817 nes
638 1755 933 1835 suggerit.
957 1756 1055 1818 Sic
1089 1772 1235 1817 vero
1254 1776 1448 1837 quum
1470 1775 1535 1819 se
1556 1760 1819 1821 multum
1843 1778 2089 1840 permo-

502 1856 716 1931 visset,
741 1858 806 1918 in
827 1857 1048 1920 cellam
1072 1858 1321 1919 intravit
1345 1860 1612 1922 contrito
1630 1878 1896 1941 corpore
1922 1861 2027 1941 (1).
2056 1887 2081 1917 »

584 1952 611 2031 §
647 1954 739 2017 19.
759 1956 929 2019 Haec
949 1957 1278 2037 hucusque
1294 1959 1567 2021 Historia
1582 1960 1899 2034 Lausiaca,
1924 1962 2085 2039 quae

501 2054 570 2117 in
591 2055 915 2119 codicibus
940 2058 1539 2121 Vindobonensibus
1569 2059 1816 2137 legitur,
1851 2062 1966 2122 sub
1995 2062 2087 2122 in-

502 2156 645 2219 dice
679 2174 693 2218 :
723 2158 809 2220 De
861 2157 1131 2221 Macario
1188 2159 1633 2221 Alexandrino.
1683 2160 1977 2240 Sequitur
2020 2162 2085 2224 in

500 2258 723 2321 codice
753 2260 1233 2323 membranaceo
1269 2260 1385 2321 sub
1416 2260 1623 2351 indice
1660 2280 1673 2323 :
1718 2285 1745 2317 «
1786 2262 1873 2322 De
1923 2264 2083 2324 Mar-

504 2375 583 2420 co
609 2381 636 2414 »
669 2357 776 2439 (2),
800 2359 867 2420 in
897 2359 1115 2421 codice
1145 2358 1472 2422 chartaceo
1505 2361 1620 2422 sub
1648 2360 1858 2424 indice
1887 2380 1899 2422 :
1935 2387 1964 2418 «
2000 2363 2085 2426 De

504 2460 712 2521 Marco
743 2460 1153 2523 exercitatore
1197 2484 1225 2518 »
1265 2459 1344 2541 (3)
1379 2468 1567 2541 caput
1598 2463 1936 2541 quoddam,
1972 2484 2083 2528 cu-

504 2558 604 2621 ius
627 2560 899 2624 maxima
926 2578 1072 2641 pars
1101 2561 1167 2623 in
1198 2561 1380 2623 editis
1413 2563 1722 2625 Historiae
1754 2565 2086 2628 Lausiacae

506 2661 968 2742 exemplaribus
1013 2661 1091 2724 de
1142 2663 1407 2725 Macario
1444 2658 1880 2727 'Alex'andrino
1935 2667 2083 2744 agit.

506 2762 724 2842 Neque
746 2762 883 2842 ipse
904 2761 1104 2824 codex
1124 2764 1646 2827 membranaceus
1678 2764 1795 2827 Sibi
1819 2772 2081 2841 constat,

506 2861 617 2942 qui
656 2879 898 2937 senem,
947 2861 1026 2923 de
1049 2879 1178 2943 quo
1206 2869 1512 2938 narratur,
1548 2864 1740 2927 modo
1786 2867 2081 2941 Marcum,

505 2952 699 3025 modo
750 2961 1089 3024 Macarium
1142 2961 1397 3025 indicat.
1456 2963 1826 3027 Chartaceus
1876 2968 2085 3028 autem

408 3080 409 3083 ‘
506 3079 760 3142 semper
795 3060 1055 3141 quidem
1091 3062 1366 3123 Marcum
1412 3064 1719 3139 nominat,
1752 3082 1940 3144 quem
1986 3072 2081 3128 ta-

2192 568 2380 628 quam
2413 568 2515 612 me
2547 550 2795 611 dedisse
2836 549 3243 622 oblationem,
3280 546 3389 609 sed
3424 547 3682 625 angelus
3709 550 3764 612 ei

2189 652 2374 713 dabat
2413 653 2492 714 de
2534 652 2732 714 altari.
2771 652 2902 729 Ego
2932 667 3079 712 vero
3120 649 3323 711 solum
3369 647 3763 728 splendorem

2188 771 2411 815 manus
2440 752 2570 815 vidi
2599 754 2755 826 eius,
2790 751 2899 833 qui
2922 752 2978 814 ei
3015 750 3398 814 oblationem
3420 750 3624 812 dabat.
3655 746 3765 813 Hic

2188 868 2335 913 vero
2384 854 2624 913 Marcus
2655 868 2848 931 quum
2896 849 3108 912 iunior
3144 856 3311 911 esset
3353 848 3457 927 (6),
3488 856 3665 909 vetus
3710 857 3767 910 et

2187 970 2420 1014 novum
2456 958 2899 1015 testamentum
2943 952 3308 1013 memoriter
3349 949 3585 1024 didicit,
3618 949 3761 1010 fuit-

2187 1071 2312 1133 que
2340 1054 2668 1132 insigniter
2696 1052 2862 1113 mitis
2882 1058 3073 1130 atque
3095 1058 3323 1125 castus,
3344 1050 3397 1112 si
3418 1051 3559 1129 quis
3586 1049 3759 1112 alius.

2268 1178 2296 1211 α
2342 1154 2621 1226 Quodam
2670 1152 2771 1214 die
2801 1168 2999 1232 quum
3037 1151 3235 1213 otium
3282 1150 3437 1213 mihi
3476 1156 3659 1226 esset,
3690 1149 3764 1211 ad

2190 1268 2333 1312 eum
2354 1251 2421 1311 in
2452 1258 2728 1312 extrema
2760 1250 2893 1311 eius
2923 1256 3247 1312 senectute
3272 1248 3548 1329 perrexi.
3573 1250 3763 1321 Quem

2188 1371 2384 1432 quum
2409 1368 2550 1431 ego,
2588 1358 2807 1431 utpote
2838 1351 2947 1430 qui
2976 1350 3150 1412 rudis
3181 1368 3409 1425 essem,
3435 1368 3627 1429 supra
3647 1348 3760 1412 ho-

2188 1454 2424 1514 minem
2457 1470 2593 1515 essc
2618 1452 3062 1526 existimarem,
3102 1459 3171 1513 ut
3201 1452 3386 1513 etiam
3429 1450 3569 1525 fuit,
3607 1452 3764 1514 ostio

2189 1554 2385 1616 cellae
2440 1554 2637 1635 ipsius
2687 1553 2902 1616 adsedi
2937 1559 3018 1627 et,
3052 1552 3204 1633 quid
3258 1551 3625 1632 loqueretur
3672 1551 3763 1612 vel

2188 1665 2420 1734 ageret,
2471 1655 2831 1718 auscultavi.
2883 1654 3066 1716 Solus
3116 1654 3305 1732 igitur
3360 1653 3527 1714 intus
3572 1670 3764 1732 quum

2122 1757 2313 1862 Biam
2362 1764 2614 1819 centum
2671 1756 2805 1818 fere
2859 1772 3059 1818 annos
3116 1754 3378 1815 haberet
3420 1753 3764 1832 dentesque

2190 1859 2516 1932 amisisset,
2541 1876 2753 1921 secum
2777 1866 2836 1920 et
2864 1876 3009 1920 cum
3037 1857 3288 1919 diabolo
3317 1856 3615 1936 pugnavit
3642 1873 3711 1918 ac
3748 1872 3761 1915 :

2186 1960 2343 2033 Quid
2369 1960 2645 2033 tandem,
2680 1960 2907 2040 inquit,
2942 1959 3057 2035 vis,
3082 1958 3243 2020 male
3277 1954 3514 2019 senex?
3545 1957 3638 2017 En
3674 1955 3762 2016 vi-

2186 2078 2339 2123 num
2359 2062 2569 2123 bibisti
2589 2068 2650 2123 et
2671 2060 2881 2124 oleum
2902 2059 3177 2139 tetigisti.
3203 2058 3362 2133 Quid
3388 2059 3481 2120 vis
3501 2057 3765 2138 amplius

2185 2163 2300 2225 tibi
2330 2163 2577 2238 faciam,
2602 2179 2792 2224 vorax
2830 2163 2897 2223 in
2928 2161 3178 2235 canitie,
3212 2160 3490 2221 serviens
3518 2155 3765 2221 ventri?

2185 2266 2276 2326 Ita
2309 2281 2376 2326 se
2401 2263 2538 2343 ipse
2568 2262 2967 2325 contumeliis
2998 2261 3620 2340 castigavit.Diabolo
3652 2279 3761 2321 au-

2186 2371 2314 2426 tem
2352 2382 2365 2425 :
2402 2363 2673 2439 Recede,
2715 2363 2939 2444 inquit,
2980 2380 3015 2425 a
3043 2379 3168 2435 me,
3221 2361 3492 2424 diabole.
3543 2350 3765 2423 Conse-

2188 2463 2377 2525 nuisti
2397 2481 2647 2525 mecum
2673 2463 2739 2523 in
2769 2460 3040 2542 pigritia.
3070 2461 3503 2523 Inﬁrmitatem
3533 2478 3759 2542 corpo-

2187 2564 2270 2625 ris
2290 2563 2444 2625 mihi
2474 2563 2775 2624 inﬂixisti.
2822 2562 3052 2623 Vinum
3082 2569 3142 2624 et
3182 2561 3392 2623 oleum
3429 2577 3530 2621 me
3570 2561 3767 2641 perci-

2188 2680 2338 2743 pere
2368 2661 2589 2725 fecisti.
2622 2660 3056 2741 Voluptarium
3110 2679 3212 2723 me
3242 2661 3589 2723 reddidisti.
3612 2663 3757 2735 Qui'

2186 2764 2298 2826 tibi
2324 2764 2582 2843 insuper
2612 2761 2854 2825 debeo?
2886 2761 3051 2823 Nihil
3078 2762 3325 2823 invenis
3353 2762 3417 2822 in
3440 2780 3562 2835 me,
3595 2762 3764 2841 quod

2188 2864 2477 2944 deripere
2512 2864 2687 2925 velis.
2724 2863 2975 2925 Recede
3004 2880 3153 2941 ergo
3173 2880 3207 2924 a
3228 2879 3351 2933 me,
3372 2861 3627 2922 inimice
3658 2859 3769 2921 ho-

2189 2966 2452 3028 minum.
2502 2970 2587 3028 Ac
2634 2964 2826 3027 veluti
2865 2965 3024 3027 latro
3074 2958 3180 3035 ’15
3238 2962 3355 3024 sibi
3389 2963 3527 3043 ipse
3563 2980 3576 3023 :
3617 2966 3769 3040 Age-

2189 3066 2360 3141 dum,
2393 3064 2619 3147 inquit,
2654 3074 2941 3145 nugator,
2978 3066 3043 3126 in
3072 3064 3297 3127 Canitie
3331 3071 3582 3125 vorator
3614 3070 3675 3126 et
3702 3063 3767 3125 in

506 3170 656 3223 'men
683 3176 873 3241 saepe
894 3172 927 3224 ὁ
954 3169 1241 3239 μακάριος
1268 3170 1497 3239 μάρκος
1528 3162 1610 3242 (4)
1647 3154 1756 3234 π
1785 3163 2079 3244 appellat.

2192 3167 2553 3229 heluatione
2585 3186 2778 3229 senex
2799 3167 2810 3229 l
2834 3166 3143 3240 Quamdiu
3166 3166 3350 3228 etiam
3380 3173 3589 3228 tecum
3612 3154 3770 3227 ero?

507 3262 676 3335 Quae
701 3279 898 3342 quum
920 3260 1005 3323 ita
1024 3261 1170 3337 sint,
1185 3260 1439 3337 fas-erit,
1457 3263 1579 3325 hoc
1601 3280 1857 3343 quoque
1876 3270 2082 3345 caput,

510 3362 685 3443 quod
734 3361 810 3425 in
863 3363 1190 3426 codicibus
1239 3363 1835 3426 Vindobonensibus
1875 3383 1888 3426 :
1934 3390 1963 3422 α
2000 3367 2087 3427 De

508 3466 718 3527 Marco
760 3486 789 3521 »
835 3465 1218 3540 inscribitur,
1248 3482 1572 3546 apponere
1603 3472 1686 3540 et,
1716 3480 1868 3527 num
1902 3466 1968 3528 in
2009 3486 2084 3530 eo

510 3564 590 3627 de
617 3567 848 3641 Marco,
886 3585 965 3629 an
991 3564 1070 3629 de
1096 3568 1367 3630 Macario
1410 3574 1714 3641 narretur,
1742 3568 2081 3648 dispicere.

509 3664 690 3739 Quod
720 3665 975 3745 quidem
1005 3666 1089 3727 ita
1116 3664 1592 3745 praestabimus,
1616 3671 1949 3728 'ut'textum
1972 3684 2079 3729 co-

510 3765 668 3829 dicis
704 3766 1167 3828 membranacei
1203 3764 1393 3828 latine
1441 3765 1753 3829 redditum
1799 3783 2081 3847 appona-

506 3880 672 3942 mus,
703 3866 1011 3929 variantes
1031 3872 1239 3928 autem
1266 3867 1540 3929 nominis
1567 3867 1735 3929 senis
1761 3866 1927 3930 illius
1952 3869 2082 3931 lec-

506 3969 738 4043 tiones,
772 3970 933 4048 quae
977 3966 1044 4028 in
1102 3967 1321 4029 codice
1369 3965 1697 4031 chartaceo
1742 3968 2080 4045 habentur,

509 4071 627 4133 sub
651 4072 827 4133 textu
865 4075 1261 4133 annotemus.
1299 4069 1391 4131 Ita
1429 4069 1597 4131 enim
1628 4068 1862 4132 codicis
1881 4087 2081 4132 mem-

509 4171 803 4234 branacei
850 4165 1131 4233 Historia
1172 4168 1467 4231 Lausiaca
1510 4186 1765 4232 narrare
1820 4170 2023 4251 pergit
2067 4190 2080 4232 :

510 4276 544 4328 'u
577 4267 663 4332 De
694 4269 920 4332 eodem
947 4274 1163 4331 sancto
1202 4269 1407 4330 Marco
1451 4284 1676 4346 magno
1714 4271 2082 4333 exercitato-

511 4384 581 4429 re
599 4368 676 4449 (5)
707 4367 810 4430 hic
830 4367 1211 4430 admirabilis
1239 4366 1540 4430 Macarius
1567 4367 1689 4431 hoc
1714 4367 2081 4433 incredibile

510 4467 695 4529 nobis
722 4467 989 4529 narravit
1024 4485 1038 4527 :
1088 4468 1291 4539 Quum
1331 4483 1533 4542 sacro,
1562 4466 1788 4547 inquit,
1810 4482 2082 4534 munere

2270 3290 2298 3323 «
2345 3266 2733 3345 Paphnutius
2751 3282 3005 3345 quoque
3025 3265 3246 3326 Christi
3264 3283 3476 3327 serms
3503 3272 3565 3327 et
3595 3282 3773 3345 prae-

2188 3366 2337 3429 clari
2358 3366 2544 3430 huius
2572 3368 2685 3428 viri
2707 3367 3050 3447 discipulus
3078 3365 3231 3429 haec
3253 3366 3436 3427 nobis
3459 3365 3763 3427 narravit:

2187 3468 2491 3543 Quodam,
2547 3466 2775 3547 inquit,
2822 3466 2947 3542 die,
3002 3484 3198 3546 quum
3258 3465 3561 3526 Macarius
3597 3464 3771 3525 domi

2185 3566 2251 3627 in
2286 3566 2426 3627 aula
2462 3567 2708 3628 sederet
2751 3566 2830 3648 (7)
2877 3571 2937 3628 et
2975 3566 3251 3627 animum
3284 3564 3414 3627 Deo
3454 3565 3772 3625 intentum

2186 3664 2467 3739 haberet,
2508 3664 2752 3745 hyaena
2783 3665 3055 3728 catulum
3094 3669 3349 3726 caecum
3395 3682 3579 3725 suum
3609 3671 3776 3725 attu-

2185 3763 2275 3839 lit,
2324 3774 2384 3827 et
2420 3767 2579 3828 ostio
2619 3766 2796 3827 aulae
2840 3765 3042 3844 capite
3072 3764 3314 3844 pulsato
3341 3764 3621 3841 ingressa
3651 3769 3771 3837 est,

2184 3861 2292 3928 illo
2316 3867 2502 3929 etiam
2532 3867 2811 3929 sedente.
2832 3866 3015 3927 Cuius
3046 3872 3189 3927 ante
3222 3864 3417 3945 pedes
3436 3880 3580 3925 eum
3610 3880 3769 3943 pro-

2183 3967 2635 4029 iecit.Sanctus
2680 3966 2870 4045 igitur
2906 3964 3207 4027 Macarius
3251 3957 3451 4044 quum
3493 3962 3775 4025 catulum

2184 4069 2532 4149 accepisset
2560 4067 2639 4147 (8)
2676 4068 2938 4147 eiusque
2967 4067 3031 4127 in
3064 4066 3281 4129 oculos
3310 4064 3602 4145 spuisset,
3634 4081 3778 4125 ora-

2183 4169 2289 4243 vit,
2324 4176 2385 4230 et
2430 4168 2635 4230 statim
2690 4167 2929 4230 catulus
2983 4166 3155 4227 vidit.
3213 4166 3409 4239 Quem
3443 4182 3639 4244 quum
3686 4162 3780 4224 la—

2186 4276 2433 4345 etasset,
2466 4272 2711 4351 hyaena
2734 4268 2907 4330 abiit.
2944 4268 3055 4329 Die
3076 4273 3285 4328 autem
3316 4264 3607 4345 sequenti
3628 4264 3776 4344 pel-

2184 4368 2308 4433 lem
2362 4387 2624 4448 magnae
2672 4370 2805 4432 ovis
2865 4376 3080 4431 sancto
3128 4371 3335 4430 Marco
3394 4366 3597 4428 attulit
3661 4364 3777 4444 (9),

2190 4488 2377 4550 quam
2440 4469 2695 4549 quidem
2751 4467 2981 4548 pellem
3039 4469 3094 4529 is
3153 4472 3369 4529 sancto
3430 4464 3780 4528 Athanasio

506 4567 830 4646 fungerer,
845 4566 1607 4648 temporedistributionis
1622 4571 2080 4650 mysteriorum
2116 4586 2156 4639 ι)
2187 4573 2489 4653 episcOpo
2529 4569 2815 4650 reliquit;
2856 4568 3035 4631 beata
3076 4575 3284 4630 autem
3320 4567 3587 4630 Melania
3614 4563 3779 4628 mihi

568 4772 658 4841 ((1)
683 4770 891 4826 Textus
917 4785 1146 4841 graecus
1177 4772 1378 4843 legitur
1408 4772 1552 4829 infra
1584 4765 1857 4828 ln‘harum
1887 4774 2093 4840 Quaes-

508 4861 721 4929 tionum
755 4860 1070 4931 Appendice
1095 4862 1275 4931 priore
1304 4863 1407 4917 sub
1436 4861 1500 4915 ll.

504 5010 505 5019 χ
580 4964 656 5035 (Ξ)
674 4963 892 5020 Graece
917 4983 931 5020 :
956 4965 1090 5037 Περὶ
1111 4966 1357 5037 Μάρκου.
1377 4964 1462 5020 Cf.
1480 4966 1674 5021 barum
1688 4966 2087 5035 Quaestionum

504 5056 877 5131 Appendicem
902 5058 1139 5127 priorem
1175 5059 1279 5114 sub
1310 5059 1352 5112 ll
1376 5074 1432 5115 lc.
1466 5068 1615 5114 nota.

504 5212 507 5217 Α
580 5147 655 5217 (3)
680 5146 885 5203 Graece
901 5148 1037 5220 Περὶ
1062 5147 1156 5203 τοῦ
1182 5149 1409 5221 Μάρκου
1431 5150 1523 5204 τοῦ
1547 5150 1807 5225 ἀσκήτου.
1836 5151 1922 5208 Cf.
1946 5154 2085 5207 infra

507 5239 881 5310 Appendicem
916 5239 953 5293 ι.
992 5239 1027 5293 l.
1680 5312 1685 5317 ι

564 5324 657 5401 (4)
686 5328 870 5385 Litera
912 5331 1087 5401 prima
1122 5331 1363 5385 nominis
1418 5322 1625 5402 proprii
1683 5334 1740 5387 in
1804 5332 2089 5391 codicibus

501 5404 781 5474 'Vindobb.
815 5419 1122 5475 minuscula
1149 5437 1270 5477 esse
1320 5423 1479 5487 solet,
1526 5420 1672 5476 unde
1715 5418 1922 5478 nomen
1958 5440 2087 5493 pro-

508 5511 691 5582 prium
720 5508 1006 5581 Maxétpto;
1036 5512 1104 5567 ab
1129 5510 1399 5567 adlectivo
1431 5515 1697 5585 μάκαριος
1720 5516 1773 5569 in
1821 5515 1891 5571 iis
1914 5516 2090 5586 scrip-

504 5614 636 5662 Iura
666 5610 773 5663 non
807 5594 1005 5662 diﬂ'ert.

581 5698 661 5769 (5)
696 5698 831 5770 Περὶ
880 5699 974 5752 τοῦ
1011 5698 1169 5767 ἁγίου
1211 5702 1398 5753 τούτου
1452 5701 1664 5773 μάρκου
1710 5701 1805 5755 τοῦ
1855 5701 2089 5770 μεγάλου

504 5792 771 5863 ἁσκήτου.
800 5790 981 5847 ..(Σοὰ.
1020 5794 1260 5847 chartae.
1300 5794 1535 5848 rectius:
1573 5795 1708 5865 Περὶ
1742 5794 1953 5864 μάρκου
1991 5792 2083 5847 τοῦ

2190 4774 2295 4847 μὲν
2325 4775 2631 4844 ἀσκήτου...

2264 4865 2339 4937 (6)
2369 4862 2537 4929 Οὗτος
2562 4864 2617 4917 δὲ
2638 4864 2668 4917 ὁ
2702 4862 2912 4934 μάρκος
2932 4861 3197 4933 νεώτερος
3226 4861 3320 4916 ὧν.
3340 4902 3355 4917 .
3376 4900 3392 4916 .
3437 4859 3576 4918 Cod.
3620 4865 3784 4917 char-

2187 4967 2296 5012 tae.
2337 4976 2351 5012 :
2378 4948 2549 5020 Οὗτος
2572 4955 2630 5009 δὲ
2657 4956 2686 5009 ὁ
2723 4954 2992 5025 μακάριος
3033 4954 3243 5024 μάρκον
3283 4952 3546 5025 νεώτερος
3593 4953 3693 5010 ὢν.
3724 4994 3740 5008 .
3762 4994 3777 5007 .

2186 5048 2551 5122 ἰῐὺΓμάρκον
2606 5047 2845 5117 positum
2900 5060 3025 5101 esse
3069 5061 3168 5116 pro
3211 5046 3439 5117 μάρκος,
3467 5062 3647 5116 neque
3676 5061 3785 5116 pro

2186 5144 2431 5214 μάρκου.
2467 5141 2819 5211 utquispiam
2848 5138 3084 5196 fortasse
3131 5139 3448 5202 crediderit,
3476 5154 3519 5195 »ο
3556 5140 3788 5197 codicis

2194 5237 2466 5306 scriptura
2500 5232 2842 5303 intelligitur.

2265 5341 2340 5411 (7)
2377 5381 2391 5393 .
2421 5379 2435 5393 .
2462 5378 2477 5393 .
2509 5335 2875 5407 καθεζομένου
2932 5335 3028 5391 τοῦ
3064 5337 3347 5409 μακαρίου
3396 5336 3571 5391 οἴκου.
3634 5337 3786 5393 Cod.

2193 5433 2368 5487 chart.
2393 5448 2407 5485 :
2443 5472 2456 5485 .
2481 5471 2496 5486 .
2522 5472 2538 5486 .
2570 5428 2935 5501 καθεζομένου
2968 5428 3060 5483 τοῦ
3086 5430 3353 5502 μακαρίου
3384 5432 3478 5484 καὶ
3501 5431 3790 5485 ἀθανάτου

2188 5522 2428 5592 ημάρκου.
3582 5510 3585 5511 ν

2267 5594 2565 5680 (8)Ἶ“οὖτον
2583 5610 2674 5663 τὸν
2705 5609 2943 5681 σκύμνον
2962 5609 3144 5664 λαϐὼν
3183 5612 3212 5664 ὁ
3262 5611 3416 5679 ἅγιος
3462 5612 3783 5685 Μακάριος.

2194 5702 2329 5758 Cod.
2364 5703 2537 5756 chart.
2572 5721 2587 5757 :
2629 5700 2761 5756 Τ.τ.
2793 5719 2880 5755 σκ.
2906 5701 2956 5755 λ.
2983 5703 3012 5755 ὁ
3041 5701 3196 5771 ἅγιος
3219 5704 3448 5774 μάρκος.

2262 5796 2341 5867 (9)
2376 5798 2610 5865 Ἦνεγκε
2632 5794 2709 5867 τῷ
2737 5795 2879 5866 ἁγίῳ
2911 5797 3106 5868 μάρκῳ
3136 5804 3368 5867 uterque
3405 5797 3602 5853 codex.

3576 6602 3623 6606 _
3660 6598 3754 6606 ἡ
3790 6600 3907 6606 ᾖ
3936 6602 3947 6606 -
