4040 6570
327 395 385 450 73
1820 381 1857 434 Υ
1868 380 2046 437 ιτΑΕ.

3482 383 3549 441 74

323 498 481 571 dixit,
532 512 600 559 se
656 514 691 558 a
743 503 959 559 sancto
1016 495 1351 559 Athanasio
1394 496 1565 559 illam
1618 496 1873 577 pellem,
1903 499 1951 558 A
1980 512 2091 556 cus
2116 494 2369 574 pellem,
2402 494 2478 555 ab
2508 494 2751 573 liyacna
2783 491 2899 553 sibi
2921 488 3215 561 oblatam,
3247 486 3369 550 hoc
3402 504 3557 566 pro.

322 614 463 679 quae
491 614 720 673 munus
738 598 1021 677 hyaenae
1052 598 1504 678 appellabatur,
1532 590 1872 678 accepisse.

317 698 381 760 Id
412 698 614 757 autem
654 695 953 757 Dominus
987 694 1156 769 fecit,
1188 700 1256 756 ut
1278 693 1619 772 gloriosum
1648 694 1873 757 redde-

319 801 402 858 ret
449 810 693 855 servum
733 811 938 869 suum,
972 794 1145 857 sicut
1187 793 1371 856 etiam
1422 792 1486 854 in
1529 793 1657 855 Elia
1706 801 1765 856 et
1808 794 1875 856 in

316 894 551 958 Daniele
572 895 741 956 fecit.
871 896 874 899 “

387 1018 415 1052 α
458 995 784 1056 Dicebatur
813 993 915 1056 hic
944 1000 1217 1071 sanctus,
1251 1015 1328 1059 ex
1358 1015 1486 1077 quo
1530 998 1875 1078 baptizatus

316 1102 486 1167 esset,
520 1094 695 1155 humi
725 1111 853 1155 non
883 1095 1125 1183 spuisse
1153 1114 1266 1175 per
1303 1098 1621 1176 sexaginta
1650 1118 1871 1177 annos.

313 1201 511 1257 Annos
571 1196 741 1256 enim
812 1195 1221 1275 quadraginta
1285 1206 1469 1275 natus
1529 1201 1874 1280 baptizatus

313 1300 395 1355 est
416 1291 521 1365 (1).
553 1292 796 1353 Statura
836 1299 1046 1354 autem
1090 1295 1197 1356 illa
1238 1303 1439 1373 aetate
1469 1299 1616 1360 satis
1638 1300 1874 1364 minuta

312 1412 376 1454 ac
395 1408 529 1453 rara
555 1390 714 1466 fuit;
753 1393 917 1472 pilos
948 1394 1012 1455 in
1036 1394 1172 1473 solo
1202 1394 1378 1458 labro
1412 1397 1649 1475 habuit,
1688 1408 1874 1480 atque

311 1488 369 1546 in
415 1503 708 1564 suprema
754 1498 930 1568 parte
959 1491 1156 1551 menti
1191 1491 1407 1555 habuit
1435 1512 1692 1574 paucos.
1720 1500 1874 1559 Nam

310 1594 563 1666 propter
599 1588 828 1651 nimios
862 1592 1325 1655 exercitationis
1362 1593 1608 1677 labores
1656 1615 1735 1661 ne
1764 1601 1875 1679 pili

309 1685 557 1767 quidem
581 1689 775 1751 menti
802 1691 935 1752 eius
959 1693 1123 1754 enati
1153 1700 1320 1755 sunt.

380 1810 409 1843 α
452 1788 637 1851 Hunc
662 1802 945 1853 sanctum
974 1792 1075 1854 die
1103 1794 1377 1874 quodam
1412 1797 1676 1860 conveni
1699 1798 1876 1861 valde

307 1885 525 1948 anxius
554 1888 764 1950 animo
794 1896 853 1950 et
890 1906 904 1950 :
945 1890 1140 1967 Abba,
1181 1891 1473 1972 inquam,
1514 1897 1718 1958 Marce
1760 1894 1874 1976 (2),

308 1985 449 2065 quid
501 1987 760 2063 faciam;
814 2008 958 2051 nam
1010 1990 1289 2070 aﬂligunt
1332 2012 1431 2056 me
1470 1996 1879 2074 cogitationes

305 2087 765 2159 insusurrantes
795 2089 950 2161 mihi
976 2108 989 2151 :
1014 2091 1183 2154 Nihil
1217 2092 1404 2167 facis;
1446 2096 1671 2159 recede
1706 2095 1875 2169 hinc.

306 2188 741 2251 Sanctissimus
777 2192 1019 2255 Marcus
1061 2192 1215 2257 mihi
1260 2195 1585 2273 respondit
1621 2192 1702 2276 (3)
1730 2214 1742 2256 :
1774 2197 1881 2259 Dic

307 2295 390 2362 tu,
416 2288 657 2367 inquit,
681 2290 1164 2367 cogitationibus
1204 2294 1362 2356 tuis:
1402 2297 1667 2375 Propter
1717 2297 1886 2361 Chri-

307 2399 465 2455 stum
522 2390 792 2469 parietes
846 2391 954 2462 76
993 2393 1302 2456 custodio.
1341 2396 1511 2458 Haec
1538 2397 1797 2476 quidem
1848 2418 1882 2460 e

306 2488 513 2559 multis
581 2491 950 2577 magnisque
1038 2493 1232 2571 signis
1285 2512 1361 2559 ac
1441 2499 1884 2562 certaminibus

305 2589 520 2668 inclyti
570 2596 627 2652 et
660 2592 885 2659 virtute
931 2593 1133 2659 ornati
1176 2595 1365 2659 Marci
1407 2595 1488 2675 (4)
1524 2596 1813 2661 iudicavi.
1850 2623 1882 2655 ·››

378 2691 540 2762 Cum
569 2689 815 2763 duobus
836 2692 1159 2759 codicibus
1187 2694 1785 2762 Vindobonensibus
1807 2701 1886 2763 de

306 2792 421 2853 hoc
451 2791 605 2859 loco
629 2795 1108 2872 componendus
1130 2805 1222 2861 est
1240 2799 1459 2862 tertius
1489 2802 1743 2881 quidam
1776 2820 1884 2865 co-

306 2892 420 2959 dex
447 2892 878 2967 bibliothecae
900 2895 1235 2965 Caesareae
1258 2898 1763 2971 Vindobonensis
1779 2903 1884 2983 (5),

1982 594 2126 673 logo
2164 600 2345 668 teste,
2396 597 2456 656 S.
2512 592 2777 655 Macario
2824 589 3097 670 reliquit,
3148 607 3182 650 a
3241 607 3368 667 quo
3416 605 3556 650 eam

1983 696 2044 755 S.
2068 693 2331 756 Melania
2352 693 2593 773 accepit
2618 691 2722 773 (9).

2060 795 2222 872 Ergo
2253 794 2321 855 in
2351 793 2593 866 codice,
2628 808 2663 853 e
2692 807 2820 870 quo
2849 787 3149 869 prologus
3178 783 3557 863 compilaba-

1985 898 2102 968 tur,
2125 911 2226 955 res
2248 893 2388 965 illae
2409 910 2538 975 non
2558 892 2764 954 minus
2788 891 2866 951 de
2882 891 3086 951 Marco
3107 884 3391 948 narratae
3420 902 3554 945 esse

1982 993 2293 1056 videntur.

2060 1095 2217 1169 Quid
2245 1100 2477 1168 autem,
2508 1094 2560 1157 si
2596 1094 2661 1155 in
2694 1092 3017 1156 codicibus
3044 1087 3555 1163 Vindobonensi-

1979 1196 2097 1259 bus
2122 1195 2191 1258 in
2229 1195 2339 1258 illo
2359 1196 2559 1275 capite
2597 1202 2867 1257 erratum
2896 1194 2974 1255 sit
2997 1192 3026 1254 ‘l
3053 1190 3234 1266 Quid,
3268 1189 3321 1267 si
3366 1187 3557 1249 index

1978 1297 2086 1360 ille
2132 1314 2145 1357 :
2185 1319 2213 1354 α
2249 1298 2335 1358 De
2363 1298 2567 1357 Marco
2600 1318 2628 1352 »
2661 1293 2926 1372 margini
2960 1291 3307 1370 adscriptus
3332 1305 3554 1368 reapse

1979 1397 2059 1458 ad
2090 1396 2286 1458 solam
2318 1396 2738 1477 prodigiosam
2768 1393 3019 1458 Macarii
3048 1390 3446 1455 Alexandrini
3477 1387 3553 1449 de

1980 1501 2208 1571 Marco,
2234 1498 2334 1560 cui
2356 1486 2735 1559 oblationem
2757 1495 3013 1574 angelus
3044 1493 3306 1565 dederit,
3335 1507 3552 1553 narra—

1980 1596 2215 1657 tionem
2244 1596 2534 1677 pertinet,
2570 1613 2641 1661 ac
2670 1595 2903 1657 librarii
2922 1594 3061 1672 ipso
3084 1591 3205 1653 hoc
3232 1589 3463 1661 indice,
3486 1594 3555 1649 ut

1981 1700 2087 1755 aut
2120 1711 2354 1756 nomen
2394 1703 2662 1774 μακάριος
2700 1693 2766 1754 in
2803 1701 3011 1774 μάρκος
3067 1696 3399 1765 mutarent,
3449 1696 3554 1758 aut

1980 1793 2122 1855 voci
2165 1803 2431 1876 μακάριος
2467 1793 2722 1873 alteram
2767 1801 2972 1874 μάρκος
3008 1791 3328 1864 adderent,
3365 1790 3555 1852 addu-

1980 1893 2061 1955 cti
2093 1902 2237 1965 sunt
2254 1894 2265 1959 Ι

2060 1997 2165 2066 77
2197 1996 2373 2069 Quod
2415 1994 2677 2076 quidem
2706 2013 2846 2073 cum
2888 2011 3003 2073 per
3035 2010 3102 2055 se
3149 2009 3278 2055 non
3323 1990 3556 2054 abhor-

1981 2100 2113 2156 reat
2149 2112 2184 2157 a
2221 2093 2786 2167 verisimilitudine,
2825 2098 2999 2153 textu
3037 2088 3383 2151 editionum
3414 2105 3557 2150 ver-

1982 2195 2356 2274 sionumque
2409 2194 2718 2275 Historiae
2777 2192 3110 2254 Lausiacae
3161 2188 3569 2269 comprobari.

1984 2294 2246 2356 videtur.
2284 2297 2354 2356 In
2382 2302 2557 2356 textu
2578 2294 2746 2356 enim
2771 2292 3044 2366 Meursii,
3094 2291 3381 2353 Cotelerii
3411 2290 3557 2371 (10),

1983 2395 2510 2469 Fronto-Ducaei,
2558 2402 2747 2473 atque
2798 2392 2860 2453 in
2922 2393 3209 2454 versione
3268 2391 3557 2463 Herveti,

1986 2494 2246 2555 narratis
2272 2494 2372 2568 iis,
2407 2494 2636 2574 quibus
2665 2494 2729 2555 in
2761 2493 3084 2556 codicibus
3106 2491 3560 2553 Vindobonen-

1986 2595 2157 2656 sibus
2180 2594 2440 2657 historia
2470 2595 2721 2658 Macarii
2744 2593 3145 2656 Alexandrini
3174 2594 3408 2668 ﬁnitur,
3440 2592 3566 2672 pri—
3602 2588 3615 2597 ”

1986 2715 2157 2759 mum
2188 2700 2458 2761 narratio
2488 2698 2825 2780 Paphnutii
2851 2697 2929 2760 de
2957 2696 3163 2761 catulo
3191 2714 3265 2759 ac
3291 2695 3457 2777 pelle
3484 2694 3575 2757 ab-

1986 2798 2231 2878 hyaena
2280 2802 2575 2861 .Macarz'o
2639 2799 3060 2861 Alexandrino
3104 2798 3368 2873 oblatis,
3428 2802 3563 2865 mm

1989 2907 2217 2975 cetera,
2252 2919 2414 2981 quae
2447 2902 2513 2962 in
2544 2900 2869 2963 codicibus
2894 2916 3098 2980 usque
3126 2900 3204 2961 ad
3237 2900 3428 2961 ﬁnem
3464 2916 3564 2965 ca-

303 2990 367 3063 in
419 3009 559 3073 quo
614 2993 923 3073 capitibus
975 2997 1259 3065 ascetieis
1320 3000 1643 3065 cuiusdam
1702 3004 1889 3065 Marci
1989 3001 2135 3080 pitis
2182 3000 2525 3076 habentur,
2588 3002 3071 3080 subiunguntur.
3128 2998 3365 3061 Deinde
3422 3006 3565 3077 post

304 3094 626 3175 inscriptis
657 3113 673 3156 ε
705 3105 810 3162 Τοῦ
841 3106 984 3181 ἁββᾶ
1016 3107 1228 3179 μάρκου
1258 3110 1503 3182 περὶτοῦ
1522 3112 1882 3184 πνευματικοῦ

1991 3104 2177 3163 verba
2223 3119 2235 3162 :
2292 3126 2318 3157 «
2368 3104 2537 3164 Haec
2578 3101 2832 3180 quidem
2882 3118 2917 3163 e
2965 3099 3176 3162 multis
3224 3107 3284 3160 et
3324 3101 3568 3176 magnis

306 3206 466 3274 νόμου
509 3195 595 3277 (6)
647 3201 949 3281 prologus
1016 3204 1435 3284 praemittitur
1477 3205 1558 3286 (7)
1609 3222 1644 3267 e
1683 3207 1889 3286 capite
1916 3195 1957 3252 (ἶ
1991 3202 2183 3279 signis
2215 3219 2287 3264 ac
2310 3200 2755 3265 certaminibus
2776 3199 2998 3280 inclyti
3025 3217 3099 3263 ac
3125 3199 3350 3261 virtute
3379 3216 3562 3278 prae-

308 3297 620 3360 llistoriae
656 3301 1010 3377 Lausiacae,
1048 3303 1220 3383 quod
1257 3303 1596 3378 attulimus,
1642 3306 1889 3386 compi-
1992 3303 2103 3365 diti
2145 3304 2421 3367 Macarii
2458 3302 2856 3381 signiﬁcavi»
2892 3301 3172 3364 eiusdem
3210 3301 3461 3363 Macarii
3489 3301 3567 3367 de

308 3396 487 3458 latus.
532 3400 656 3472 Qui
701 3400 925 3483 incipit
972 3406 1178 3467 verbis
1207 3424 1221 3465 ε
1255 3409 1428 3479 Οὗτος
1450 3416 1478 3468 6
1502 3414 1769 3479 ἀθάνατος
1795 3416 1882 3469 καὶ

1992 3401 2228 3474 Marco,
2272 3400 2373 3461 cui
2411 3399 2793 3463 oblationem
2826 3398 3086 3477 angelus
3124 3397 3386 3471 dederit,
3418 3414 3567 3459 nar-

312 3493 582 3571 μαράριος
622 3500 830 3572 μάρκος
865 3502 1126 3576 νεώτερος
1173 3505 1248 3560 ὢν
1296 3506 1532 3562 παλαιὰν
1572 3508 1666 3562 καὶ
1698 3507 1882 3579 καίνην

1993 3498 2150 3561 ratio
2203 3498 2469 3577 legitur;
2525 3515 2597 3559 ac
2647 3503 2775 3559 tum
2835 3496 3090 3558 demum
3143 3497 3260 3557 sub
3314 3495 3564 3557 indice:

308 3603 526 3672 γραφὴν
559 3604 1041 3675 ἀπεστήθισεν.....
1076 3601 1233 3663 Tum
1252 3599 1536 3679 sequitur
1567 3617 1581 3661 :
1613 3601 1749 3673 Περὶ
1770 3600 1882 3673 τού·

1997 3618 2024 3650 α
2057 3595 2143 3656 De
2192 3598 2398 3657 Marco
2432 3618 2459 3650 »
2506 3594 2674 3657 hunc
2712 3609 2928 3655 senem
2966 3609 3172 3656 sacras
3226 3592 3573 3671 scripturas

308 3708 401 3745 του
431 3694 536 3766 ἔφη
563 3698 594 3748 6
626 3697 724 3766 μὲν
755 3697 1019 3767 μακάριος
1041 3701 1069 3752 6
1109 3699 1506 3772 Ἀλεξάνδρινος
1528 3701 1882 3773 πρεσβύτερος

1996 3694 2348 3769 edidicisse,
2380 3695 2652 3775 probum
2675 3700 2736 3757 et
2756 3700 2992 3756 castum
3020 3693 3212 3755 fuisse
3243 3698 3303 3754 et
3338 3698 3565 3765 cetera,

308 3780 403 3843 ὢν.
419 3786 503 3838 ὅτι
537 3787 740 3861 μάρκῳ
760 3788 838 3842 τῶ
859 3789 1071 3860 ἁσκητῇ
1106 3790 1362 3844 οὐδέποτε
1380 3791 1558 3845 ἔδωκα
1581 3790 1691 3863 ἐγὼ
1721 3809 1882 3864 προσ-

1995 3812 2158 3877 quae
2188 3796 2265 3858 de
2296 3795 2483 3858 Marci
2505 3812 2717 3858 secum
2748 3801 2809 3855 et
2835 3811 2978 3855 cum
3012 3792 3262 3854 diabolo
3292 3792 3573 3854 certami-

309 3886 555 3957 φοράν...
602 3881 735 3951 Qua
773 3880 1126 3943 narratione
1180 3882 1259 3944 de
1316 3883 1654 3956 oblatione.
1707 3900 1895 3964 quam
1996 3898 2180 3960 nibus
2213 3896 2550 3971 attulimus,
2582 3913 2786 3976 usque
2825 3895 2905 3958 ad
2939 3894 3163 3957 verba:
3212 3893 3571 3971 «Quamdiu

308 3980 518 4077 Marco
578 3980 719 4053 seni
761 3980 1023 4059 angelus
1060 3981 1324 4056 dederit,
1382 3982 1577 4058 ﬁnita,
1632 3982 1895 4063 alteram
1998 4000 2184 4062 etiam
2210 4005 2418 4061 tecum
2438 4015 2546 4060 ero
2571 4001 2993 4077 »sequuntur.

308 4074 474 4179 legis
496 4078 580 4139 de
612 4078 821 4157 Catulo
852 4096 924 4142 ac
954 4079 1121 4160 Pelle
1150 4080 1458 4161 ὴγειθηδθ,
1488 4100 1650 4161 quae
1677 4082 1898 4164 inCiPit
2075 4102 2237 4179 Ergo
2277 4100 2343 4161 in
2387 4074 2765 4163 editionibus
2793 4096 3030 4177 graecis
3062 4095 3369 4158 Historiae
3408 4078 3570 4171 Lau-

310 4177 517 4238 verbis
551 4194 565 4237 :
599 4186 787 4251 Οὔτως
812 4189 839 4240 6
868 4187 1040 4258 μέγας
1080 4188 1174 4242 καὶ
1204 4189 1468 4253 ἀθάνατος
1507 4189 1737 4261 μάρκοςο
1767 4190 1882 4244 ποτὲ

1999 4177 2200 4262 siacae
2253 4205 2315 4262 et
2358 4197 2427 4260 in
2470 4198 2761 4260 versione
2806 4194 3058 4258 Herveti
3114 4193 3383 4256 maxima
3429 4210 3586 4279 pars.

309 4286 688 4357 καθεζομένου
719 4288 777 4342 ὲν
808 4291 875 4360 τῇ
913 4289 1048 4361 αὐλῇ
1084 4289 1185 4360 τῆς
1229 4289 1426 4361 κέλλης
1479 4291 1647 4345 αὐτοῦ
1686 4289 1779 4344 καί
1820 4290 1882 4362 τᾷ

2001 4299 2243 4380 capitis,
2290 4297 2549 4378 quodin
2579 4296 2939 4359 codicibus:
2989 4318 3016 4351 «
3044 4294 3131 4355 De
3184 4290 3572 4354 Marco»in--

308 4386 416 4459 θεῷ
450 4389 919 4461 προσομιλοῦντος
968 4391 1127 4447 ὕαινα
1160 4394 1250 4445 τὸν
1290 4393 1487 4463 ἑαυτῆς
1535 4392 1772 4464 σκύμνον
1808 4410 1882 4445 τυ-

2001 4396 2302 4479 scriptum
2332 4402 2448 4471 est,
2479 4395 2558 4458 ad
2590 4395 2926 4458 Macarium
2943 4389 3431 4455 Alexandrinum
3471 4405 3573 4450 re-

308 4487 439 4556 φλὸν
459 4490 604 4544 ὄντα
633 4490 831 4562 ἧνεγκε
878 4493 994 4570 καὶ,
1019 4494 1199 4565 ῥίπτει
1250 4493 1413 4546 αὑτὸν
1455 4496 1533 4555 εἰς
1564 4494 1690 4557 τοὺς
1732 4493 1882 4556 πόδας

2000 4497 2232 4572 fertur;
2280 4496 2523 4576 reliqua
2565 4512 2739 4569 vero,
2790 4510 2951 4574 quae
2990 4492 3069 4555 de
3109 4493 3315 4553 Marce
3359 4494 3573 4567 agunt,

305 4590 399 4645 τοῦ
428 4592 625 4660 ἁγίου,
650 4592 707 4645 ὃν
729 4593 822 4647 καὶ
845 4593 1212 4666 ἐθεράπευσεν
1232 4596 1259 4647 ὁ
1284 4594 1457 4663 ἅγιος
1480 4598 1545 4665 τῇ
1570 4595 1696 4665 ἑξῆς
1713 4595 1882 4667 ἡμέρᾳ

2005 4614 2167 4659 novo
2191 4597 2395 4676 capite
2429 4593 3075 4675 comprehenduntur.
3526 4664 3531 4669 η

305 4691 506 4747 κώδιον
532 4692 813 4764 προϐάτου
842 4694 1077 4765 μεγάλου
1106 4695 1244 4765 ἁγίῳ
1286 4696 1504 4767 ἤνεγκε,
1530 4695 1666 4767 ὅπερ
1692 4699 1720 4750 ὁ
1746 4696 1882 4765 ἅγιος

2082 4696 2272 4757 Aliter
2309 4710 2457 4756 vero
2508 4711 2575 4756 se
2616 4692 2802 4755 habet
2839 4691 2906 4753 in
2951 4688 3243 4751 Paradiso
3282 4693 3468 4767 atque
3512 4684 3577 4745 in

308 4793 528 4864 μάρκος
553 4794 916 4849 καταλέλοιπε
932 4795 1009 4866 τῷ
1025 4795 1163 4866 ἁγίῳ
1195 4790 1620 4868 μακαρίᾳ).σουᾶ
1642 4788 1882 4868 quidem

2005 4794 2291 4857 versione
2372 4793 2684 4857 Historiae
2745 4791 3076 4854 Lausiacae
3154 4787 3428 4866 antiqua.
3507 4786 3577 4844 In

307 4888 683 4950 narratione
714 4888 1013 4968 prologus
1039 4888 1155 4949 iste
1198 4889 1566 4950 terminatur
1593 4887 1699 4970 (8).
1744 4890 1897 4951 Mar-
2005 4894 2233 4975 quibus
2268 4874 2651 4957 narrationes
2686 4892 2905 4972 capitis
2944 4890 3113 4952 illius
3150 4887 3372 4953 eodem
3404 4901 3580 4966 pror-

373 5099 456 5172 (1)
481 5099 1045 5172 Τεσσαρακονταετὴς
1064 5099 1173 5171 γὰρ
1204 5099 1495 5170 ὲὸαπίσθη.
1521 5099 1655 5156 Cod.
1684 5101 1857 5155 chart.
1883 5119 1896 5154 :
2005 5105 2180 5160 chart.

310 5188 370 5241 T.
396 5207 455 5258 γ.
481 5188 801 5261 ἐϐαπτίσθη
832 5191 860 5243 6
885 5191 1106 5261 γνήσιος
1142 5187 1236 5242 τοῦ
1271 5188 1508 5261 Χριστοῦ
1531 5189 1713 5253 δοῦλος
1763 5189 1882 5261 μὰρ

2075 5198 2151 5271 (6)
2190 5198 2404 5255 Excusa
2432 5206 2558 5254 sunt
2596 5199 2651 5252 in
2676 5197 2855 5269 Magn.
2903 5195 3039 5250 Bibl.
3067 5191 3180 5248 νγ.
3240 5191 3347 5245 PP.
3397 5189 3575 5246 Paris.

307 5302 423 5347 κος.
2003 5290 2064 5345 Τ.
2098 5290 2167 5345 XI
2200 5306 2253 5362 ι).
2280 5289 2405 5345 888.

378 5376 462 5445 (2)
495 5374 682 5427 Ἀσϐἄ
703 5374 897 5445 Μάρκε
926 5383 1155 5441 uterque
1188 5372 1381 5426 codex.

384 5467 467 5535 (ὅ)
511 5465 905 5537 ’Λποκρίνεται
934 5482 1023 5536 μοι
1050 5466 1079 5517 6
1107 5462 1405 5532 ἁγιώτατος
1434 5462 1643 5535 μάρκος
1677 5469 1906 5531 uterque

309 5558 516 5615 codex.

384 5644 467 5717 (ι)
504 5685 519 5699 .
548 5686 563 5700 .
592 5685 610 5701 .
645 5644 737 5699 τοῦ
760 5646 1007 5718 ἀοιδίμου
1032 5646 1126 5701 καὶ
1154 5644 1409 5716 ἐναρέτου
1440 5644 1668 5716 μάρκου.
1689 5682 1735 5698 ..
1771 5651 1914 5697 uter-

314 5754 424 5808 que
452 5739 666 5797 codex.

396 5830 481 5900 ιδ),
534 5830 683 5884 Cod.
743 5848 844 5886 ms.
896 5831 1061 5885 theol.
1111 5845 1293 5902 graec.
1344 5827 1439 5884 Nr.
1488 5826 1613 5889 274,
1655 5821 1920 5885 011111258

2074 5384 2149 5454 (7)
2177 5385 2236 5439 ln
2268 5383 2478 5438 codicis
2504 5382 2599 5437 fol.
2625 5380 2753 5444 247,
2782 5379 2838 5435 2.

2076 5478 2153 5547 (8)
2185 5475 2270 5532 Cf.
2294 5476 2486 5529 harum
2514 5473 2913 5559 Quaestionum
2943 5470 3313 5543 Appendiccm
3342 5469 3597 5541 priorem.

2008 5569 2111 5624 sub
2144 5568 2232 5623 IV.
3530 5582 3531 5585 ‘

2080 5662 2153 5731 (υ)
2188 5659 2273 5716 tif.
2305 5674 2469 5730 supra
2497 5676 2548 5729 p.
2583 5658 2649 5713 16
2684 5664 2796 5713 not.
2821 5658 2875 5712 ‘2.

2083 5754 2195 5825 (10)
2225 5754 2457 5808 Cotcler.
2492 5752 2638 5807 Eccl.
2673 5750 2861 5807 Graec.
2902 5749 3048 5803 Men.
3071 5746 3135 5802 Τ.
3161 5744 3227 5800 lll
3260 5760 3315 5815 ι).
3350 5741 3490 5799 tea.
