4040 6562
490 447 562 513 75
1319 426 1420 482 SS.
1462 426 1922 491 MACABIORUM
1962 426 2285 483 AEGYPTll
2324 425 2413 481 ET
2464 418 2932 483 ALEXANDRINI
3666 411 3741 471 Ἰϐ

489 569 597 622 ωε
658 550 879 622 ordine
943 555 1295 628 sequuntur
1354 552 1545 626 atque
1600 545 1668 608 in
1734 546 2058 611 codicibus
2088 570 2135 627 Α
2161 554 2533 627 sequuntur,
2569 545 2649 610 ad
2684 540 3019 613 Macarium
3048 534 3537 600 Alexandrinum
3566 550 3751 615 spec-

495 651 1108 716 Vindobonensibus.
1153 650 1375 728 Neque
1409 663 1556 708 vero
1595 646 1917 709 Paradisus
1946 648 2065 712 sibi

491 757 757 824 constat,
793 750 901 831 qui
937 748 1170 829 pariter
1205 753 1396 825 atque
1444 744 1645 807 codex
1677 745 2068 809 membrana—

491 864 644 913 ceus
678 846 1181 922 Vindobonensis
1213 862 1446 907 nomen
1483 844 1651 910 senis
1685 842 1875 906 modo
1913 845 2067 905 Mar-

492 966 672 1023 cum,
728 948 918 1009 modo
965 947 1296 1009 Macarium
1348 944 1603 1006 indicat.
1659 944 1813 1009 Nam
1869 956 2065 1021 quum

492 1048 767 1133 primum
801 1047 879 1109 de
916 1047 1134 1116 Marco
1174 1050 1517 1119 narrasset,
1549 1048 1769 1123 postea
1810 1043 2062 1104 scribit:

496 1173 525 1205 σι
556 1148 648 1209 Ad
674 1147 840 1213 hunc
872 1149 1190 1223 [Marcum]
1234 1164 1377 1215 cum
1405 1146 1716 1209 venissem
1755 1143 2063 1212 dicerem—

493 1265 646 1329 que:
679 1246 851 1309 Abba
871 1248 1141 1309 Macari.
1183 1294 1197 1307 .
1235 1294 1248 1308 .
1285 1293 1300 1307 .
1329 1270 1383 1321 ι),
1413 1254 1548 1308 tum
1574 1248 1637 1307 in
1659 1246 1781 1309 ﬁne
1803 1242 2063 1323 capitis:

496 1371 525 1402 α
566 1349 733 1410 Ilaec
770 1364 966 1428 pauca
1008 1347 1086 1407 de
1115 1345 1327 1410 multis
1348 1364 1424 1408 ex
1468 1343 1645 1405 factis
1680 1341 1877 1405 sancti
1920 1342 2066 1405 Ma-

493 1448 656 1507 carii
685 1448 781 1508 vel
801 1447 980 1510 dictis
1002 1445 1364 1524 significavi.
1390 1468 1417 1500 ››
1450 1446 1673 1506 Contra
1694 1442 1756 1503 in
1779 1440 2068 1502 versione

492 1548 804 1614 Historiae
847 1548 1179 1610 Lausiacae
1221 1536 1475 1625 antiqua
1525 1553 1725 1608 totum
1763 1550 1949 1624 caput
1990 1543 2069 1609 ad

492 1649 847 1717 Macarium
876 1648 1163 1723 refertur,
1209 1647 1319 1727 qui
1347 1645 1619 1709 Palladio
1663 1650 1807 1707 ante
1846 1642 2067 1709 cellam

498 1750 634 1819 eius
665 1750 921 1814 sedente
953 1756 1013 1810 et
1037 1748 1423 1819 auscultante
1452 1763 1666 1811 secum
1699 1750 1922 1807 etcum
1943 1743 2072 1806 dia-

496 1850 645 1921 bolo
673 1850 789 1912 ista
818 1848 1251 1912 confabulatus
1279 1848 1379 1921 sit,
1410 1852 1472 1908 et
1493 1845 1594 1908 cui
1614 1844 1801 1924 plane
1832 1842 2065 1915 omnia,

2170 652 2338 708 tent:
2371 664 2550 719 eum,
2598 661 2675 705 ex
2720 659 2847 721 quo
2886 638 3231 719 baptizatus
3268 636 3375 709 sit,
3424 635 3749 713 sexaginta

2166 763 2367 808 annos
2404 763 2533 808 non
2578 742 2755 811 humi
2784 740 3051 820 spuisse,
3084 753 3288 799 annos
3333 734 3747 814 quadraginta

2166 850 2382 906 natum
2411 843 2791 923 baptizatum
2816 856 2975 909 esse,
3007 843 3239 897 statura
3264 834 3438 895 brevi
3467 833 3661 894 fuisse
3682 838 3749 894 et

2167 952 2396 1019 cetera,
2421 960 2582 1023 quae
2615 957 2816 1019 usque
2838 938 2915 1000 ad
2948 939 3136 999 linem
3173 935 3393 1014 capitis
3425 933 3745 1011 leguntur.

2168 1049 2324 1108 Nam
2365 1045 2520 1109 ordo
2562 1042 2754 1103 totius
2780 1039 2967 1101 huius
3006 1037 3304 1099 orationis
3340 1032 3637 1114 postulat,
3676 1036 3750 1097 ut

2167 1145 2323 1207 haec
2374 1144 2453 1207 de
2513 1142 2738 1204 eodem
2792 1156 2944 1205 sene
3001 1135 3467 1214 intelligantur,
3523 1151 3560 1194 a
3616 1148 3749 1211 quo

2169 1244 2336 1309 oculi
2364 1243 2569 1323 catulo
2590 1241 2871 1321 hyaenae
2900 1236 3166 1305 restituti
3187 1241 3349 1298 sunt.
3376 1234 3488 1295 Illa
3516 1251 3666 1295 vero
3695 1232 3754 1295 si

2169 1346 2247 1408 de
2279 1345 2546 1407 Macario
2583 1340 2988 1421 intelligenda
3027 1344 3195 1410 sunt,
3238 1352 3456 1401 senem
3486 1350 3753 1414 quoque

2168 1452 2422 1511 centum
2468 1459 2805 1515 annorum,
2858 1439 2968 1519 qui
3023 1455 3090 1499 se
3140 1443 3201 1498 et
3245 1434 3565 1503 diabolum
3619 1440 3754 1494 tam

2170 1549 2394 1610 acerbe
2422 1543 2785 1625 increpavit,
2816 1540 3152 1603 Macarium
3188 1537 3380 1598 fuisse
3410 1534 3593 1597 facile
3629 1540 3755 1595 sta-

2169 1659 2329 1714 tues.
2380 1652 2536 1713 Nam
2574 1645 2983 1727 quadraginta
3026 1642 3197 1715 anni,
3247 1656 3407 1719 quos
3442 1636 3752 1699 Macarius

2170 1757 2314 1814 ante
2334 1749 2710 1830 baptismum
2740 1745 2912 1818 vixit,
2941 1749 3003 1805 et
3023 1739 3364 1818 sexaginta,
3400 1754 3560 1818 quos
3597 1735 3751 1796 vixit

2172 1856 2432 1929 accepto
2476 1848 2822 1926 baptismo,
2870 1843 2924 1906 si
2974 1844 3440 1920 computantur,
3495 1841 3751 1902 centum

497 1965 661 2032 quae
695 1948 897 2036 capite
927 1947 1038 2009 illo
1067 1947 1397 2019 habentur,
1423 1943 1818 2010 conveniant.
1848 1944 2069 2021 Neque
2103 1926 2144 1980 Β
2170 1926 2370 2016 anno—5
2391 1948 2688 2011 efﬁciunt.

496 2050 565 2129 in
592 2068 665 2112 ea
694 2050 882 2116 Marci
908 2049 1145 2113 mentio
1171 2048 1236 2110 tit
1254 2095 1269 2123 ,
1299 2047 1421 2109 nisi
1448 2052 1540 2120 ut,
1573 2062 1735 2126 quae
1768 2044 2070 2108 Macarius

498 2151 579 2215 de
609 2168 685 2212 eo
707 2150 1007 2224 retulerit,
1040 2155 1399 2221 narrentur;
1430 2147 1659 2227 quibus
1685 2144 2067 2223 adiungitur,

498 2254 799 2326 Marcum,
853 2269 1046 2333 quum
1092 2250 1337 2312 iuvenis
1384 2256 1569 2324 esset,
1628 2266 1679 2310 s.
1736 2247 2073 2326 scripturas

502 2352 853 2428 edidicisse,
873 2359 934 2415 et
957 2351 1284 2430 insigniter
1316 2356 1712 2416 mansuetum
1746 2355 1807 2419 et
1836 2353 2073 2416 Gustum

499 2454 715 2523 fuisse.

581 2588 692 2658 78
732 2588 889 2662 Quid
951 2586 1139 2666 igitur
1160 2584 1191 2648 ?
1244 2587 1409 2648 Num
1473 2590 1811 2646 statuemus
1834 2627 1849 2654 ,
1913 2578 2076 2643 facta

500 2686 691 2761 Marci
744 2687 1067 2749 mentione
1112 2684 1399 2747 librarios
1434 2682 1727 2745 inductos
1775 2694 1934 2751 esse,
1983 2682 2074 2750 ut,

501 2806 664 2871 quae
677 2788 941 2851 Macario
955 2784 1355 2857 conveniunt,
1376 2784 1583 2844 Marco
1602 2778 1950 2849 tribuerint,
1970 2792 2075 2847 an,

502 2890 757 2971 quodin
786 2889 884 2961 iis,
915 2904 1077 2966 quae
1105 2883 1503 2956 antecedunt,
1536 2881 1614 2942 de
1633 2878 1899 2941 Macario
1930 2894 2077 2937 nar-

503 2998 705 3065 ratum
728 2996 844 3063 est,
877 2987 1146 3051 Macario
1167 2985 1478 3057 tribuisse,
1505 2996 1667 3062 quae
1696 2978 1774 3041 ad
1804 2980 2080 3040 Marcum

503 3097 789 3173 spectant
808 3088 838 3151 Τ

584 3230 754 3290 Haec
785 3224 1067 3307 quaestio
1096 3222 1300 3303 primo
1324 3221 1579 3301 quidem
1607 3216 1907 3293 adspectu
1934 3209 2081 3325 satis
2107 3266 2149 3325 α

507 3330 811 3413 perplexa
855 3344 990 3388 esse
1024 3325 1307 3396 videtur;
1360 3320 1493 3390 sed,
1535 3317 1588 3379 si
1649 3319 1936 3377 accurate
1978 3310 2075 3371 di-

509 3416 932 3501 stinxerimus,
966 3425 1148 3488 facile
1170 3423 1463 3485 solvetur.
1480 3416 1691 3480 Ruﬁni
1720 3414 1887 3476 enim
1913 3413 2078 3472 Con-

508 3530 856 3605 tinuatione
916 3525 1224 3588 Historiae
1267 3518 1735 3583 Ecclesiasticae
1789 3510 2077 3583 Eusebii,

512 3648 674 3712 quae
700 3629 891 3690 multo
929 3633 1071 3687 ante
1096 3621 1431 3712 Historiam
1467 3616 1824 3679 Lausiacam
1854 3610 2082 3689 scripta

514 3706 630 3801 est,
664 3726 1023 3794 edocemur,
1066 3706 1268 3783 catulo
1300 3717 1581 3795 hyaenae
1616 3712 1832 3775 oculos
1875 3727 1909 3771 a
1952 3711 2080 3769 Ma-

514 3829 683 3892 cario
716 3823 1132 3887 Alexandrino
1165 3820 1482 3881 restitutos
1511 3832 1669 3877 esse.
1702 3815 1856 3873 Nam
1885 3809 2079 3887 legis:

516 3954 545 3985 «
579 3929 750 3990 Idem
780 3927 915 4006 ipse
950 3921 1251 3985 Macarius
1280 3920 1534 3980 leaenae
1568 3915 1932 3995 speluncam
1966 3909 2082 3970 ha-

514 4030 651 4111 buit
705 4026 964 4089 cellulae
1018 4025 1211 4099 [suae]
1244 4020 1531 4081 vicinam.
1572 4019 1645 4075 Et
1672 4014 1940 4095 quadam
1985 4010 2086 4071 die

517 4130 754 4193 catulos
787 4145 934 4189 suos
958 4141 1179 4200 caecos
1208 4123 1285 4182 ad
1316 4139 1457 4181 eum
1484 4118 1687 4180 bellua
1718 4114 2007 4194 producit
2027 4120 2089 4173 et

518 4235 661 4291 ante
694 4226 887 4307 pedes
914 4225 1047 4286 eius
1074 4222 1271 4302 ponit.
1302 4226 1374 4280 At
1401 4219 1504 4279 ille
1533 4234 1726 4297 quum
1754 4212 2090 4275 intellexis-

521 4339 637 4403 set,
684 4344 799 4412 pro
842 4327 1138 4387 caecitate
1176 4321 1503 4393 oculorum
1552 4317 1814 4379 bestiam
1856 4313 2093 4393 suppli-

522 4448 688 4517 care,
720 4429 953 4507 rogavit
982 4424 1334 4495 Dominum,
1360 4429 1426 4483 ut
1448 4420 1536 4481 eis
1553 4419 1840 4481 redderet
1866 4416 2087 4477 visum.

526 4513 954 4606 Quo'recepto
1007 4532 1267 4603 matrem
1314 4526 1650 4599 sequentes
1707 4516 1972 4577 redeunt
2015 4513 2091 4575 ad

2249 2082 2358 2152 79
2378 2084 2598 2160 Itaque
2630 2078 2697 2139 in
2723 2075 2854 2139 sola
2882 2074 3140 2156 antiqua
3176 2072 3466 2136 versione
3509 2074 3755 2132 rectam

2168 2182 2433 2245 inveniri
2463 2180 2789 2243 nominum
2814 2177 3183 2256 scripturam
3204 2172 3526 2250 intelligis,
3552 2187 3753 2232 cunc-

2171 2292 2384 2364 taque,
2406 2298 2568 2362 quae
2598 2280 2802 2359 capite
2829 2277 2939 2339 illo
2970 2275 3260 2338 codicum
3291 2272 3753 2334 Vindobonen-

2173 2385 2379 2446 sium:
2436 2383 2575 2442 «De
2616 2380 2823 2440 Marco
2853 2400 2882 2433 »
2934 2374 3238 2455 inscripto
3288 2372 3620 2444 habentur,
3672 2370 3755 2431 ad

2173 2483 2507 2547 Macarium
2574 2476 3062 2541 Alexandrinum
3125 2480 3411 2555 spectare
3438 2520 3452 2547 ,
3540 2487 3755 2550 neque

2176 2583 2437 2646 omnino
2469 2582 2743 2642 Marcum
2779 2577 2845 2639 in
2884 2576 3087 2655 capite
3125 2573 3468 2646 nominari,
3510 2571 3632 2632 nisi
3682 2575 3756 2630 ut

2174 2684 2263 2757 id,
2296 2682 2468 2763 quod
2489 2682 2567 2742 de
2598 2696 2674 2741 eo
2707 2677 3009 2739 Macarius
3037 2675 3282 2749 dixerit,
3308 2677 3616 2744 narretur,
3650 2670 3757 2731 cui

2179 2784 2436 2865 quidem
2475 2780 2816 2844 narrationi
2839 2778 3176 2849 Palladius,
3206 2778 3502 2847 Marcum,
3554 2784 3756 2852 quum

2178 2886 2420 2947 iuvenis
2444 2890 2625 2957 esset,
2656 2902 2706 2945 s.
2740 2883 3077 2963 scripturas
3099 2879 3451 2952 edidicisse,
3481 2894 3552 2937 ac
3580 2892 3761 2937 sane-

2179 2989 2350 3049 titate
2379 2994 2439 3049 et
2467 2986 2745 3049 castitate
2772 2984 3084 3061 insignem
3110 2980 3325 3052 fuisse,
3357 2975 3688 3039 addiderit.

2261 3089 2389 3150 Nec
2422 3104 2574 3160 non,
2603 3094 2673 3148 ut
2702 3084 2857 3147 illud
2898 3087 3084 3163 caput
3114 3082 3197 3143 ita
3243 3079 3758 3158 interpretemur,

2184 3189 2369 3251 etiam
2397 3205 2597 3249 nexus
2635 3185 3009 3247 narrationis
3049 3181 3305 3244 Palladii
3356 3180 3434 3242 de
3474 3176 3761 3240 Macariis

2181 3290 2443 3361 suadere
2477 3288 2742 3349 videtur.
2774 3287 2929 3347 Nam
2959 3283 3325 3357 Palladium,
3356 3280 3500 3361 qui,
3533 3297 3761 3359 quam-

2183 3390 2291 3452 diu
2322 3389 2622 3450 Macarius
2650 3385 2989 3465 Aegyptius
3009 3383 3252 3455 vixerit,
3276 3386 3603 3452 memorat,
3643 3396 3763 3457 pa-

2183 3490 2355 3562 riter,
2390 3494 2545 3566 quot
2573 3502 2773 3547 annos
2800 3484 3103 3546 Macarius
3128 3479 3582 3543 Alexandrinus
3627 3478 3766 3539 atti-

2186 3591 2363 3668 gerit,
2410 3588 2718 3649 indicasse
2768 3590 3260 3646 consentaneum
3310 3586 3426 3642 est.
3480 3576 3763 3649 Accedit,

2185 3690 2353 3769 quod
2378 3687 2646 3750 nar-ratio
2664 3684 2920 3746 Palladii
2936 3683 3012 3744 de
3033 3681 3299 3743 Macario
3316 3676 3763 3749 Alexandrino,

2187 3789 2237 3855 si
2266 3788 2417 3849 illud
2461 3792 2647 3866 caput
2677 3784 2754 3845 ad
2784 3785 3054 3843 Marcum
3096 3779 3395 3851 refertur,
3436 3777 3601 3837 iusto
3638 3774 3768 3834 fine

2188 3906 2446 3967 prorsus
2474 3891 2680 3958 caret;
2727 3888 2964 3954 contra,
3006 3878 3058 3940 si
3092 3877 3169 3939 ad
3199 3874 3532 3937 Macarium
3562 3870 3763 3951 perti-

2190 3997 2318 4063 net,
2367 3988 2586 4048 ambae
2635 3985 2713 4045 de
2749 3980 3032 4043 Macariis
3074 3976 3331 4038 Palladii
3372 3972 3768 4036 narrationes

2190 4087 2509 4169 praeclare
2542 4084 2809 4145 invicem
2830 4080 2949 4142 sibi
2978 4075 3385 4155 respondent.

2268 4221 2543 4285 Tertium
2575 4219 2849 4297 denique
2880 4221 2940 4277 et
2976 4210 3397 4275 firmissimum
3426 4221 3767 4283 argumen-

2190 4331 2323 4387 tum
2370 4322 2713 4402 repetimus
2758 4336 2793 4379 a
2822 4320 3195 4389 Sozomeno,
3247 4311 3357 4390 qui
3409 4325 3650 4381 senem,
3688 4306 3772 4371 de

2196 4442 2323 4503 quo
2387 4423 2508 4483 isto
2576 4418 2780 4499 capite
2840 4421 3157 4486 narratur,
3221 4408 3557 4473 Macarium
3630 4421 3771 4466 esse

2198 4528 2412 4605 aperte
2449 4520 2655 4585 docet.
2694 4520 3077 4584 Sozomenus
3116 4513 3323 4581 enim:
3356 4508 3577 4569 «Alter
3614 4507 3771 4580 [Ma-

523 4632 911 4713 speluncam.
965 4629 1035 4687 Et
1082 4624 1271 4725 paulo
1324 4629 1467 4700 post
1509 4621 1643 4699 ipsa
1690 4635 1829 4679 cum
1871 4614 2079 4687 catulis

2195 4623 2397 4683 carius
2434 4618 2908 4691 Alexandrinus]
2953 4632 3101 4677 vero
3136 4638 3191 4693 »ι
3236 4610 3464 4690 inquit,
3509 4632 3536 4663 ‹‹
3570 4607 3773 4668 serius

406 4740 409 4747 ’
523 4732 652 4796 suis
675 4728 1036 4814 regrediens
1063 4716 1261 4807 pelles
1294 4721 1501 4781 ovium
1531 4716 1766 4780 lanatas
1795 4716 2093 4795 plurimas

522 4836 691 4897 velut
739 4848 964 4893 munus
1012 4844 1124 4909 pro
1174 4830 1461 4902 suscepta
1506 4820 1696 4899 gratia
1743 4818 1820 4879 ad
1877 4832 2094 4877 senem

525 4936 725 5000 defert
757 4949 971 4994 morsu
1007 4928 1131 4990 oris
1169 4932 1441 4997 evectas,
1475 4930 1535 4983 et
1575 4928 1718 4982 ante
1754 4919 1921 4980 fores
1960 4917 2094 4978 eius

525 5033 825 5115 depositis
868 5028 1146 5092 abscedit
1203 5025 1308 5105 (1).
1353 5048 1381 5080 ››
1430 5022 1698 5083 Dubium
1751 5036 1899 5080 sane
1957 5034 2094 5077 esse

522 5134 623 5194 vix
654 5138 880 5214 potest,
911 5129 1063 5208 quin
1092 5124 1355 5203 eandem
1397 5122 1556 5199 hanc
1586 5119 1971 5182 sanationem
1994 5134 2096 5178 ca-

524 5231 801 5294 tulorum
844 5228 1101 5289 leaenae
1157 5240 1346 5302 supra
1400 5220 1709 5297 Palladius
1763 5218 2093 5305 signiﬁcet.

525 5329 700 5404 Quod
731 5329 783 5389 si
803 5332 1065 5398 constat,
1100 5323 1369 5389 dubitari
1388 5320 1657 5400 amplius
1673 5318 1914 5397 nequit,
1941 5316 2096 5395 quin

2194 4721 2445 4801 quidem
2496 4719 2825 4799 presbyter
2868 4716 3066 4777 factus
3122 4720 3233 4775 est.
3301 4710 3422 4772 Sed
3476 4708 3773 4771 omnibus

2192 4820 2322 4882 fere
2352 4817 2633 4881 arctioris
2680 4816 3045 4896 disciplinae
3091 4809 3638 4874 exercitationibus
3677 4812 3773 4877 est

2197 4920 2583 4999 perfunctus,
2619 4934 2883 4996 quarum
2915 4916 3066 4977 alias
3107 4916 3243 4993 ipse
3290 4910 3770 4988 excogitaverat,

2198 5017 2495 5095 quasdam
2519 5017 2596 5077 ab
2626 5014 2760 5076 aliis
2793 5021 3082 5091 acceptas
3120 5017 3291 5071 tanto
3327 5008 3531 5070 studio
3577 5023 3769 5066 exeo-

2203 5118 2424 5192 luerat,
2460 5126 2527 5181 ut
2553 5137 2629 5179 ea:
2652 5117 2849 5177 nimia
2878 5116 3037 5179 cutis
3058 5115 3356 5186 ariditate
3390 5111 3509 5192 pili
3541 5108 3772 5170 barbae

2204 5220 2261 5277 ei
2308 5237 2437 5277 non
2487 5216 2903 5277 succreverint
2948 5214 3055 5294 (2).
3103 5237 3131 5270 ››
3194 5214 3311 5274 Ubi
3355 5214 3776 5278 Sozomenum

2202 5317 2537 5378 Historiam
2562 5316 2916 5377 Lausiacam
2951 5332 2987 5376 e
3021 5314 3223 5394 capite
3251 5314 3369 5374 isto
3400 5310 3775 5390 compilasse

526 5437 734 5497 cetera
764 5443 1044 5508 quoque,
1084 5442 1243 5504 quae
1277 5424 1479 5513 capite
1509 5422 1628 5499 isto
1665 5418 1917 5491 Palladii
1949 5436 2093 5479 nar—
2204 5417 2601 5487 manifestum
2653 5422 2766 5476 est.
2811 5414 3044 5487 Quodsi
3082 5419 3291 5474 autem
3334 5429 3429 5485 ea,
3487 5427 3650 5489 quae
3696 5408 3780 5468 de

527 5530 835 5594 rationem
864 5527 942 5589 de
971 5526 1176 5589 catulo
1208 5508 1491 5605 hyaenae
1525 5523 1604 5585 ad
1651 5522 1839 5601 tinem
1890 5534 2093 5598 usque
2198 5518 2390 5589 barba
2421 5517 2588 5576 senis
2631 5515 2695 5576 in
2737 5516 2939 5595 capite
2968 5513 3302 5575 Lausiacae
3341 5511 3656 5589 leguntur,
3698 5508 3783 5569 ad

2275 5726 2351 5797 (1)
2378 5723 2592 5781 Sozam.
2619 5724 2753 5789 Hist.
2774 5722 2922 5779 Eccl.
2955 5722 3052 5779 lib.
3072 5720 3138 5778 ill
3177 5735 3297 5792 cap.
3324 5719 3389 5777 M
3422 5717 3510 5777 ed.
3535 5714 3786 5779 Valesius»
3830 5656 3835 5691 τ

2206 5836 2260 5895 p.
2286 5817 2407 5876 516.

599 5740 679 5811 (1)
707 5739 838 5794 Ruf.
888 5738 1026 5796 Hist.
1075 5739 1221 5797 EQCI.
1258 5738 1355 5797 lib.
1385 5752 1431 5790 ιι
1452 5749 1574 5805 cap.
1598 5733 1632 5788 4
1665 5733 1751 5788 ed.
1786 5731 1953 5788 Basil.
1976 5730 2015 5784 ι.
2040 5745 2097 5800 p.

529 5834 656 5908 μᾶ,
690 5830 869 5886 Ruﬁni
907 5830 1047 5902 Opp.
1071 5832 1158 5887 ed.
1202 5829 1433 5884 Vallarsi
1454 5842 1509 5913 p.
1534 5826 1660 5889 272,
1684 5825 1859 5896 Miguc
1893 5822 2097 5877 Patrol.

528 5924 595 6002 τ.
632 5923 760 6000 χχι,
776 5939 831 6009 p.
862 5922 987 5994 Sta.
