4040 6574
276 492 334 547 7'1
1306 496 1311 499 ·
1758 474 1827 530 Vl

1932 473 1985 529 E.
3429 469 3529 525 7B.

271 588 583 658 Macarium
606 596 915 670 spectant,
946 592 1111 671 quis,
1135 593 1289 673 quin
1317 610 1521 656 cetera
1543 610 1822 675 quoque,
1851 594 1898 652 Δ
1924 591 2128 655 solum
2149 598 2275 655 tres
2302 593 2578 671 integros
2600 607 2821 666 annos,
2854 589 2965 652 sed
2998 588 3183 650 etiam
3212 592 3338 650 tres
3365 586 3501 652 fere

271 707 415 773 quae
440 687 549 749 illo
583 689 786 770 capite
819 690 1247 767 continentur,
1286 692 1353 753 in
1394 692 1663 754 eundem
1713 710 1819 755 ca-

269 792 423 862 dant,
445 788 712 868 amplius
736 787 1089 852 dubitabit?

336 891 547 967 Itaque
572 889 979 970 perspicuum
1002 895 1115 966 est,
1144 890 1211 952 in
1234 890 1556 955 codicibus
1581 893 1820 956 Vindo-

266 987 637 1054 bonensibus
677 1005 795 1068 pro
835 996 1103 1069 Μακάριος
1144 989 1302 1053 falso
1340 991 1641 1071 scriptum
1683 1009 1824 1058 esse

265 1093 496 1167 Mépxpc.
534 1086 650 1159 Qui
694 1086 947 1166 quidem
997 1105 1172 1149 error
1214 1105 1357 1151 cum
1392 1106 1470 1150 ex
1508 1090 1824 1153 adﬁnitate

264 1187 584 1249 verborum
612 1193 744 1249 tum
782 1205 858 1249 ex
885 1188 1095 1250 indice
1122 1206 1135 1249 :
1179 1212 1207 1244 ‹‹
1236 1190 1325 1251 De
1352 1191 1558 1252 Marco
1587 1214 1615 1247 »
1644 1197 1825 1255 natus

264 1290 366 1357 est,
398 1300 589 1363 quem
610 1302 754 1347 cum
776 1285 1063 1347 librarius
1091 1292 1197 1347 aut
1218 1285 1435 1361 lector,
1461 1287 1622 1350 facta
1636 1290 1826 1354 Marci

261 1380 572 1443 mentione
602 1380 861 1461 longum
904 1392 1093 1463 caput
1135 1385 1207 1445 de
1244 1386 1549 1447 Macariis
1584 1386 1827 1450 ﬁnitum

261 1498 387 1545 esse
421 1487 614 1556 ratus,
655 1482 724 1544 in
762 1484 1041 1562 margine
1072 1484 1527 1565 adscripsisset,
1572 1504 1830 1569 corrup-

260 1578 369 1641 tela
404 1581 808 1658 postmodum
848 1583 915 1643 in
955 1589 1194 1645 textum
1220 1584 1511 1647 facillime
1553 1586 1823 1666 irrepsit.

326 1677 433 1747 80
490 1680 685 1752 Quam
740 1682 995 1761 quidem
1044 1684 1496 1765 corruptelam,
1556 1687 1727 1767 quod
1763 1688 1829 1749 in

257 1775 731 1839 membranaceo
788 1780 1007 1842 codice
1061 1782 1253 1845 modo
1308 1790 1585 1865 Μακάριος
1638 1785 1829 1848 modo

1920 710 2121 754 annos
2149 691 2427 754 indicare
2456 707 2643 772 posse
2661 690 2764 773 (3).
2788 687 3042 751 Etiamsi
3070 705 3218 748 vero
3231 686 3353 750 hoc
3372 694 3497 749 sta-

1919 796 2187 865 tuamus,
2208 798 2374 855 certe
2391 798 2598 854 tamen
2620 797 2763 853 ante
2790 807 3024 853 annum
3050 786 3161 849 400
3191 787 3501 850 Palladius

1910 907 2002 955 .ex
2031 889 2279 953 Cellulis
2309 908 2437 955 non
2460 890 2747 954 decessit.

2002 994 2200 1071 Atque
2267 1008 2410 1056 cum
2472 988 2591 1052 hac
2659 996 3015 1069 temporum
3078 986 3501 1066 descriptione

1925 1090 2163 1172 Optime
2194 1090 2574 1154 conveniunt
2610 1088 2869 1150 Palladii
2889 1086 3098 1160 verba,
3127 1086 3336 1165 ipsum
3368 1090 3503 1145 trc—

1926 1189 2133 1251 decim
2195 1206 2395 1252 annos
2443 1188 2819 1251 monachum
2881 1186 3105 1260 fuisse,
3166 1191 3504 1264 antequam

1928 1290 2264 1370 episc0pus
2300 1290 2474 1352 ﬁeret
2513 1288 2619 1369 (4).
2664 1291 2711 1349 Ε
2750 1285 2999 1352 Cellulis
3039 1286 3208 1347 enim
3236 1284 3503 1347 aﬂlictae

1926 1390 2295 1453 valetudinis
2356 1408 2577 1465 causa,
2626 1396 2693 1452 ut
2740 1389 2877 1469 ipse
2925 1393 3165 1461 narrat,
3228 1383 3509 1446 Alexan-x

1928 1490 2149 1565 driam,
2196 1490 2423 1553 deinde
2464 1490 2853 1553 medicorum
2899 1486 3163 1554 consilio
3198 1486 3500 1548 Hierosoi-

1927 1586 2095 1667 lyma
2116 1590 2315 1670 petiit,
2342 1589 2507 1653 unde
2531 1608 2725 1671 quum
2742 1590 2807 1651 in
2828 1586 3181 1666 Bithyniam
3204 1584 3497 1657 venisset,

1930 1691 2266 1772 episcopus
2306 1692 2625 1755 ordinatus
2658 1696 2750 1753 est
2790 1688 2896 1769 (5).
2926 1690 3318 1767 QuaprOpter
3356 1701 3502 1745 eum

1930 1810 2097 1855 anno
2170 1800 2314 1873 post
2367 1794 2704 1856 adventum
2764 1808 2943 1857 suum
3004 1788 3188 1850 tertio
3253 1774 3529 1850 decimo.

258 1881 477 1983 biépaoc
523 1875 774 1983 legitur,
824 1880 1145 1960 antiquam
1180 1899 1342 1958 esse,
1376 1884 1485 1945 sed
1507 1884 1829 1965 paullatim
1864 1928 1905 1983 Β
1930 1897 2281 1973 Aegyptum
2303 1894 2655 1974 reliquisse,
2688 1896 2749 1954 et
2776 1906 2943 1953 anno
2975 1888 3083 1955 401
3130 1886 3502 1967 episcopum

255 1978 491 2034 tantum
516 1977 853 2053 genuinam
884 1995 1147 2041 vocem:
1189 1988 1456 2063 Μακάριος
1504 1989 1678 2045 textu
1722 2000 1826 2044 ex-

253 2070 509 2151 pulisse,
534 2079 603 2134 ut
631 2081 724 2136 est
751 2075 817 2136 in
844 2076 1062 2139 codice
1085 2077 1436 2153 chartaceo,
1457 2080 1819 2142 credideris.

250 2172 615 2235 Auctoritati
655 2181 863 2237 autem
902 2176 1194 2239 codicum
1243 2178 1824 2241 Vindobonensium

244 2271 581 2335 Lausiacae
599 2272 707 2336 illo
729 2291 942 2337 errore
964 2276 1063 2336 vix
1083 2275 1427 2356 quidquam
1464 2277 1821 2359 derogatur,

249 2386 522 2449 quorum
576 2372 771 2435 virtus
827 2373 894 2435 in
942 2390 1018 2437 eo
1074 2376 1470 2455 potissimum
1526 2379 1820 2453 cernitur,

250 2471 415 2550 quod
460 2489 566 2535 res
607 2473 772 2536 iusto
802 2476 1022 2537 ordine
1044 2475 1316 2555 integras
1346 2486 1618 2549 narrant,
1654 2478 1825 2559 quod

246 2569 309 2631 in
347 2570 737 2635 editionibus
766 2574 1002 2652 graecis
1032 2581 1094 2636 et
1128 2576 1194 2637 in
1232 2576 1483 2638 Herveti
1513 2577 1822 2655 versione,

247 2676 313 2731 ut
338 2671 733 2750 saepissime,
762 2673 847 2736 ita
875 2673 977 2736 hic
1007 2691 1287 2754 quoque,
1311 2674 1719 2743 desideratur.

319 2772 441 2833 Sed
466 2772 652 2847 haec,
678 2792 839 2854 quae
861 2773 1170 2837 Palladius
1187 2776 1265 2838 de
1280 2777 1546 2839 Macario
1569 2776 1828 2839 Alexan-

248 2867 424 2932 drino
475 2872 722 2947 retulit,
774 2892 941 2937 nunc
989 2875 1244 2954 quidem
1284 2877 1608 2938 hactenus.
1650 2877 1823 2939 Reli-

248 2988 437 3049 quum
499 2981 616 3048 est,
666 2982 737 3037 ut
779 2975 859 3037 ad
919 2992 994 3039 ea
1029 2975 1395 3039 illustranda
1440 2994 1640 3057 pauca
1683 2995 1823 3041 mo-

248 3085 536 3132 ncamus.

323 3176 372 3246 §.
410 3170 519 3232 20.
557 3176 639 3235 Ac
674 3173 945 3253 primum
987 3174 1244 3255 quidem
1290 3192 1389 3250 eo,
1434 3176 1605 3256 quod
1636 3174 1828 3239 Palla-

1929 1993 2036 2062 81
2069 1992 2299 2054 factum
2323 2008 2458 2053 esse
2482 1995 2972 2053 consentaneum
3001 1986 3266 2047 videtur.
3310 1985 3498 2044 Prae-

1928 2097 2099 2153 terea
2121 2106 2288 2153 anno
2320 2089 2432 2151 400
2465 2088 2811 2157 Palladium
2838 2085 3246 2151 Alexandriae
3283 2080 3500 2157 fuisse,

1928 2192 2005 2254 iis
2040 2208 2319 2273 quoque,
2352 2208 2514 2271 quae
2551 2190 2630 2252 de
2655 2194 2855 2253 morte
2885 2186 3129 2266 Evagrii
3154 2187 3291 2267 ipse
3328 2190 3501 2246 retu-

1930 2291 2021 2366 lit,
2056 2290 2381 2371 probabile
2421 2292 2488 2354 ﬁt
2513 2289 2619 2373 (6).

2010 2391 2130 2452 Sed
2160 2390 2496 2471 quominus
2538 2391 2603 2452 id
2646 2395 3008 2459 statuamus,
3055 2384 3379 2466 prohiberi
3408 2385 3501 2445 vi-

1931 2488 2154 2551 demur
2197 2489 2338 2551 loco
2386 2488 2616 2567 dialogi
2669 2488 2746 2551 de
2791 2489 2853 2548 S.
2896 2485 3316 2564 Chrysostomi
3356 2484 3501 2558 vita,

1931 2605 2145 2667 quem,
2192 2588 2456 2650 testibus
2493 2588 2763 2665 Georgio
2796 2585 3215 2648 Alexandrino
3245 2590 3307 2646 et
3334 2582 3503 2644 Pho-

1929 2688 2018 2750 tio
2052 2689 2160 2769 (7),
2208 2688 2518 2751 Palladius
2563 2688 2898 2768 episcopus
2945 2685 3212 2765 scripsit.
3257 2685 3330 2744 In
3382 2681 3505 2743 hoc

1932 2788 2101 2848 enim
2135 2787 2383 2865 dialogo
2409 2785 2660 2865 legitur,
2701 2784 2946 2864 synodo
2975 2781 3504 2860 Constantinopo~

1930 2885 2158 2948 litanae
2180 2885 2521 2948 indictione
2548 2886 2689 2945 XIII
2712 2883 2960 2945 habitae
2979 2880 3334 2943 interfuisse
3363 2879 3508 2941 Pal-

1933 2981 2170 3046 ladium
2184 2985 2532 3062 episcopum
2542 2981 2941 3062 Helenopolis
2956 2980 3035 3062 (8)
3048 2997 3229 3060 ,quae
3244 2985 3337 3040 est
3353 2979 3502 3040 urbs

1932 3082 2281 3162 Bithyniae.
2328 3082 2459 3143 Viri
2496 3082 2686 3159 igitur
2718 3080 2907 3155 docti,
2958 3078 3266 3158 imprimis
3308 3079 3507 3138 Baro-

1933 3184 2073 3246 nius
2095 3184 2173 3264 (9)
2219 3190 2280 3245 et
2317 3183 2747 3247 Tillemontius
2771 3182 2916 3262 (10),
2963 3197 3091 3241 non
3121 3179 3523 3252 dubitarunt,

247 3266 381 3331 dius
434 3278 689 3346 narrat,
735 3291 804 3335 se
862 3291 1091 3335 novem
1135 3291 1335 3338 annos
1377 3275 1442 3335 in
1492 3273 1693 3336 Celliis
1720 3292 1834 3337 seu
1859 3280 1903 3339 C
1933 3281 2102 3345 hunc
2128 3282 2537 3363 Helenopolis
2587 3282 2956 3367 epiSCOpum
2994 3278 3263 3341 eundem
3301 3276 3510 3339 facere

245 3370 495 3432 Cellulis
544 3372 792 3448 vixisse,
842 3372 1169 3436 diﬂicultas
1200 3374 1509 3454 quaedam
1562 3374 1833 3438 chrono-

246 3468 445 3547 logica
486 3473 789 3535 nascitur.
836 3473 1144 3535 Palladius
1183 3474 1375 3549 enim,
1414 3473 1525 3553 qui
1566 3491 1633 3536 se
1663 3492 1830 3538 anno

247 3568 354 3629 388
394 3571 845 3633 Alexandriam
871 3573 1116 3634 venisse
1154 3573 1292 3653 ipse
1320 3578 1601 3649 testatur,
1645 3574 1831 3636 etiam

244 3672 461 3747 tradit,
506 3691 598 3747 se,
634 3681 969 3754 antequam
1012 3674 1079 3734 in
1120 3672 1382 3736 Cellulas
1422 3674 1657 3749 abiret,
1704 3680 1832 3737 tres

241 3787 443 3834 annos
507 3773 748 3836 circum
806 3774 1243 3836 Alexandriam
1298 3773 1405 3855 (1),
1476 3781 1553 3837 et
1596 3792 1832 3837 annum

240 3870 569 3952 integrum
588 3875 653 3936 in
670 3884 880 3938 monte
901 3876 1129 3937 Nitriae
1148 3876 1225 3957 (2)
1242 3876 1576 3939 habitasse.
1602 3878 1828 3951 Quare,

242 3973 293 4033 si
336 3976 493 4037 anni
571 3982 1034 4056 computantur,
1075 3982 1218 4037 ante
1271 3994 1504 4039 annum
1547 3976 1654 4038 401
1700 3976 1833 4038 Cel-

239 4068 400 4135 lulas
456 4090 598 4135 non
636 4074 965 4154 reliquisse
1000 4075 1264 4137 videtur.
1298 4079 1524 4138 Fateor
1549 4076 1828 4156 quidem,

240 4173 433 4233 verba
460 4192 474 4234 2
529 4174 651 4235 Ἐπὶ
678 4180 766 4239 ἔτη
795 4184 943 4256 τρία,
975 4177 1205 4256 quibus
1252 4175 1654 4239 habitationis
1681 4194 1831 4240 suae

240 4271 486 4335 circum
544 4274 979 4339 Alexandriam
1019 4283 1271 4357 tempus
1312 4276 1651 4355 signiﬁcat,
1699 4294 1831 4340 non

309 4439 386 4511 (1)
422 4438 571 4496 Hist.
592 4439 759 4497 Laus.
782 4441 869 4497 ed.
898 4440 1098 4497 Meurs.
1122 4456 1244 4512 cap.
1275 4441 1309 4497 8
1332 4442 1470 4513 Opp.
1504 4440 1703 4498 Meurs.
1732 4442 1767 4496 l.
1795 4440 1835 4496 l.

237 4548 294 4604 ι).
318 4533 450 4588 560.

310 4626 391 4698 (2)
424 4625 578 4684 Ibid.
606 4642 658 4696 p.
685 4627 811 4681 561.

308 4719 391 4788 (5)
442 4718 712 4772 Matthiae
764 4718 920 4774 Aust‘.
982 4718 1203 4777 Griech.
1246 4718 1582 4775 Grammatik
1632 4718 1721 4775 ed.
1793 4716 1839 4772 Il

240 4807 305 4862 τ.
330 4808 373 4865 ιι
402 4808 433 4880 §
456 4809 593 4865 586.

309 4901 392 4970 (4)
417 4901 574 4957 Hist.
624 4900 786 4957 Laus.
825 4902 915 4958 ed.
957 4902 1157 4959 Meurs.
1204 4903 1415 4974 prolog.
1452 4901 1591 4973 Opp.
1635 4900 1839 4957 Mem-3..

240 4992 276 5045 l.
310 4991 350 5045 Ι.
384 5008 444 5063 p.
480 4992 615 5049 540.

308 5044 583 5157 (δῖίυῖιῇ
602 5044 820 5155 cap,“
850 5085 987 5157 Opp.
1014 5085 1217 5142 Meurs.
1255 5086 1295 5141 l.
1320 5086 1358 5140 l.
1388 5101 1442 5156 p.
1472 5084 1597 5139 472.

300 5178 388 5248 (6)
432 5177 581 5233 Ibid.
618 5195 739 5250 cap.
775 5181 845 5235 88
871 5180 1011 5249 Opp.
1042 5179 1246 5235 Meurs.
1297 5181 1335 5233 l.
1380 5181 1416 5233 l.
1452 5194 1505 5249 p.
1541 5178 1645 5232 550
1670 5192 1835 5246 sqq.;

237 5267 556 5325 Tillemont
592 5270 881 5327 Mémoires
950 5270 1017 5326 T.
1068 5271 1116 5325 X
1168 5288 1224 5342 p.
1281 5270 1388 5325 568
1441 5287 1596 5341 sqq.,
1639 5285 1692 5340 p.
1736 5267 1837 5324 796

237 5357 369 5415 Not.
427 5361 487 5415 7.

305 5453 389 5523 (7)
433 5454 643 5525 Georg.
697 5454 1107 5512 Alexandrinus
1157 5454 1212 5509 in
1260 5455 1383 5510 Vita
1432 5453 1492 5509 8.
1534 5452 1620 5509 Jo.
1659 5452 1836 5524 Chry-

236 5549 511 5602 sostomi.
563 5547 788 5603 Photius
832 5550 891 5603 in
930 5549 1069 5605 Bibl.
1116 5564 1186 5605 ex
1240 5564 1356 5604 rec.
1390 5547 1620 5603 Bekker.
1654 5546 1834 5601 Berol.

235 5637 385 5694 1824
413 5655 475 5707 p.
505 5637 602 5701 78,
633 5640 688 5695 b.
714 5640 798 5694 Cf.
830 5638 888 5694 S.
920 5638 1006 5695 Jo.
1036 5639 1326 5712 Chrysost.
1369 5637 1508 5710 Opp.
1540 5638 1627 5694 ed.
1660 5637 1839 5695 Mont-

239 5726 457 5784 faucon
483 5727 561 5783 Τ.
590 5727 705 5783 Xlll
736 5729 915 5784 Praef.
942 5745 996 5799 p.
1032 5745 1085 5786 XI
1111 5745 1197 5799 sq.

312 5822 396 5891 (8)
456 5821 677 5876 Pallad.
726 5821 866 5875 Dial.
921 5822 990 5876 de
1044 5821 1157 5875 vita
1204 5819 1263 5875 S.
1324 5817 1408 5875 εἷο.
1456 5818 1839 5891 Chrysostomi

240 5928 371 5981 cap.
428 5914 524 5968 15.
570 5912 652 5971 14.
694 5913 755 5969 8.
790 5907 875 5969 Ju.
921 5913 1210 5985 Chrysost.
1260 5911 1399 5985 Opp.
1439 5913 1526 5970 ed.
1572 5911 1835 5967 Moutfau-

1866 4605 1913 4661 ι)

1934 3398 2080 3444 cum
2116 3381 2422 3461 scriptore
2453 3382 2764 3447 Historiae
2802 3379 3157 3448 Lausiacae.
3201 3376 3508 3449 Quoniam

1933 3498 2081 3543 vero
2107 3481 2369 3545 indictio
2398 3485 2538 3544 XIII
2557 3484 2781 3545 abVIII
2809 3481 3058 3544 Calend.
3078 3478 3359 3542 Octobris
3379 3478 3422 3538 i.
3448 3493 3511 3543 e.

1934 3581 2121 3643 XXIV
2133 3582 2514 3662 Septembris
2538 3580 2657 3663 (11)
2676 3581 2824 3643 anni
2845 3578 2955 3641 399
2975 3578 3211 3657 incepit
3229 3576 3346 3657 (l2)
3361 3625 3374 3651 ,
3392 3574 3525 3636 Til«.
3640 3592 3643 3593 '

1933 3679 2294 3755 lemontius,
2316 3679 2857 3753 Montefalconius,
2885 3676 3175 3741 Neander
3198 3675 3519 3755 synodum.

1937 3796 2155 3841 mense
2201 3780 2361 3842 Maio
2408 3780 2557 3842 anni
2600 3778 2712 3840 400
2762 3778 3035 3840 habitam
3082 3794 3219 3839 esse
3274 3782 3508 3837 statue-

1937 3885 2081 3939 runt
2104 3876 2249 3958 (l3).
2288 3878 2567 3958 Scriptor
2600 3895 2749 3940 vero
2776 3878 2936 3939 vitae
2962 3880 3023 3938 S.
3061 3875 3524 3955 Chrysostomi,

1939 3993 2100 4055 quae
2125 3977 2190 4037 in
2219 3981 2338 4038 AA.
2370 3978 2473 4037 SS.
2503 3975 2661 4037 B01].
2690 3975 3026 4049 invenitur,
3057 3990 3273 4043 mense
3291 3972 3527 4033 Martio.

1938 4084 2045 4139 aut
2079 4078 2274 4157 Aprili
2303 4079 2452 4140 anni
2492 4076 2602 4139 399
2635 4094 2773 4139 eam
2817 4076 3010 4138 fuisse
3050 4075 3379 4137 arbitratus
3418 4080 3512 4133 est

1940 4178 2022 4239 ob
2053 4178 2465 4254 difﬁcultates,
2514 4195 2675 4259 quae
2713 4177 3022 4257 synodum
3054 4192 3219 4237 anno
3251 4172 3361 4234 400
3394 4172 3509 4233 ha-

1937 4276 2130 4340 bitam
2161 4295 2297 4340 esse
2327 4295 2457 4340 non
2484 4277 2815 4345 admittunt
2835 4274 2980 4356 (14).

1945 4457 2047 4497 con
2082 4440 2147 4495 Τ.
2179 4440 2295 4496 Xlll
2331 4458 2384 4514 p.
2418 4443 2485 4499 50
2514 4458 2624 4514 sq.,
2655 4440 2909 4497 Galland.
2947 4438 3084 4494 Bibl.
3133 4436 3236 4492 PP.
3290 4435 3354 4492 Τ.
3396 4435 3516 4499 Vlll

1944 4550 1999 4606 p.
2032 4534 2157 4590 298.
2197 4535 2320 4592 300;

2015 4627 2092 4695 (9)
2129 4622 2331 4680 Baron.
2365 4623 2566 4680 Annal.
2611 4636 2665 4679 8.
2702 4622 2828 4679 588.
2876 4620 3001 4677 400.
3050 4618 3175 4675 405.
3213 4618 3339 4674 404.
3381 4618 3507 4674 405.

1938 4712 2065 4771 406.

2011 4809 2125 4881 (10)
2165 4808 2461 4865 Tlllemont
2502 4807 2790 4865 Mémoires
2824 4805 2886 4859 T.
2924 4804 2992 4860 XI
3016 4821 3070 4875 p.
3113 4803 3217 4859 500
3255 4818 3373 4873 sqq.

2008 4902 2124 4975 (11)
2164 4901 2337 4958 ldeler
2381 4901 2583 4957 Lehrb.
2633 4900 2688 4955 d.
2736 4899 3102 4967 Chronologie
3157 4896 3339 4951 Berlin
3372 4896 3519 4951 1851

1938 5012 1994 5066 p.
2028 4995 2171 5062 412;
2227 4994 2308 5048 Du
2338 4992 2521 5062 Cange
2548 4992 2797 5047 Glossar.
2833 5005 2882 5044 s.
2907 5006 2960 5042 v.
2992 4988 3230 5041 indictio.

2009 5085 2123 5156 (η)
2164 5084 2274 5139 AA.
2318 5082 2419 5139 ss.
2446 5083 2582 5137 Boll.
2621 5081 2772 5151 Sept.
2815 5078 2878 5133 T.
2918 5077 2983 5132 IV
3018 5094 3072 5148 p.
3109 5076 3234 5141 545,
3267 5076 3319 5131 b.
3346 5073 3511 5130 Tille-

1941 5185 2095 5232 mont
2123 5176 2410 5230 Mémoires
2434 5172 2498 5227 Τ.
2534 5170 2604 5226 XI
2629 5187 2682 5241 p.
2727 5170 2846 5225 158.
2872 5166 2998 5222 58‘2.

2011 5265 2120 5336 (15)
2162 5264 2453 5318 Tillemont
2481 5262 2517 5314 l.
2549 5261 2585 5314 l.
2621 5276 2674 5328 p.
2707 5259 2803 5313 58l
2833 5272 2953 5325 sqq.
2981 5253 3102 5307 Not.
3126 5252 3211 5307 59.
3240 5251 3511 5307 Montl‘au-

1938 5373 2041 5413 con
2080 5359 2133 5411 in
2160 5354 2281 5410 Vita
2323 5353 2382 5409 S.
2413 5351 2501 5407 Jo.
2547 5349 2943 5424 Chrysoslomi,
2984 5345 3042 5400 S.
3091 5345 3175 5400 Jo.
3216 5346 3508 5417 Chrysost.

1940 5447 2081 5517 Opp.
2115 5445 2202 5500 ed.
2234 5441 2585 5497 Montl‘aucon
2626 5440 2691 5493 T.
2729 5437 2847 5492 Xlll
2874 5437 3045 5507 p.157
3080 5451 3202 5505 sqq.
3232 5434 3506 5502 Neander,

1938 5536 2046 5591 Der
2079 5537 2134 5590 h.
2164 5534 2288 5589 Joh.
2318 5532 2743 5603 Clirysostomus
2771 5545 2828 5584 u.
2859 5529 2947 5582 die
2981 5528 3183 5582 Kirche
3216 5526 3268 5580 in
3308 5526 3510 5581 desscn

1940 5628 2200 5683 Zeitaltcr
2230 5625 2411 5679 Berlin
2440 5624 2579 5678 1822
2612 5620 2677 5676 Τ.
2708 5622 2754 5676 ll
2777 5638 2831 5691 p.
2863 5621 2928 5674 77
2958 5636 3080 5689 sqq.

2011 5721 2123 5789 (ιιι)
2162 5718 2275 5773 AA.
2307 5716 2407 5771 ss.
2441 5717 2579 5772 Bell.
2608 5717 2762 5787 Sept.
2812 5714 2877 5769 Τ.
2912 5713 2979 5769 1v
3013 5731 3067 5786 p.
3111 5713 3216 5767 545
3255 5726 3375 5781 sqq.
3420 5710 3504 5765 cr.

1944 5812 2089 5869 Cave
2129 5820 2182 5867 et
2216 5812 2418 5867 Oudin.
2444 5826 2490 5866 s.
2516 5825 2567 5864 ν.
2597 5808 3030 5880 Chrysoslomus.
3060 5804 3353 5858 Bollandus
3382 5799 3523 5861 Jana

1946 5903 2012 5960 Τ.
2041 5904 2058 5959 l
2088 5920 2140 5977 p.
2182 5902 2320 5959 1007
2343 5900 2612 5973 synodum
2655 5894 3314 5977 Constantinopolitanam
3359 5904 3533 5947 anno.
