4040 6546
560 395 630 453 79
1384 395 1484 451 ss.
1523 394 1981 452 musmonem
2022 384 2342 453 AEGYPTII
2380 395 2468 449 ET
2509 394 2970 450 ALEXANDRINJ
3720 401 3785 458 so

636 511 746 582 82
794 513 995 590 Atque
1037 512 1364 582 Baronius,
1412 509 1870 582 Tillemontius,
1918 509 2133 582 ceteri,
2165 516 2212 572 A
2239 510 2544 590 episcopo
2577 510 2724 571 inde
2753 527 2789 570 a
2820 516 3130 592 tempore,
3174 526 3302 593 quo
3340 511 3405 573 S.
3434 509 3784 589 Chrysosto-

561 618 628 674 ut
672 610 1014 674 Palladium
1063 612 1392 683 Lausiacae
1441 610 1811 689 scriptorem
1859 608 2131 673 eundem

559 708 840 774 facerent
864 727 1005 772 cum
1032 708 1139 770 illo
1162 707 1575 787 Helenopolis
1594 707 1920 787 episc0po,
1955 722 2134 787 prae-

562 810 750 889 cipue
796 810 951 870 lncis
998 808 1374 888 quibusdam
1428 807 1737 868 Historiae
1801 806 2131 867 Lausiacae

560 910 801 972 inducti
843 916 1009 983 sunt,
1071 926 1232 988 quos
1274 908 1582 986 genuinos
1631 923 1768 969 esse
1810 908 1911 967 vix
1962 914 2133 968 certo

564 1016 825 1073 constat.
858 1012 904 1071 Ε
933 1025 1201 1090 quorum
1232 1024 1495 1070 numero
1518 1014 1611 1069 est
1630 1006 1806 1069 locus
1833 1005 2131 1079 Paradisi,

563 1125 716 1186 quo,
773 1114 1104 1189 postquam
1148 1107 1481 1187 prOphetia
1525 1107 1783 1170 Joannis
1831 1107 1898 1167 in
1939 1109 2130 1185 Lyco,

561 1207 902 1271 Palladium
929 1208 1296 1289 episcOpum
1337 1207 1497 1281 fore,
1539 1212 1781 1269 narrata
1822 1214 1937 1280 est,
1980 1204 2135 1268 haec

561 1306 855 1385 leguntur
887 1325 901 1368 :
938 1331 965 1364 α
992 1310 1063 1369 In
1114 1324 1242 1387 quo
1285 1307 1701 1388 [episc0patu]
1750 1306 2136 1384 tempestatis

560 1404 752 1480 illius,
795 1424 957 1488 quae
996 1408 1113 1469 sub
1147 1412 1364 1468 sancto
1402 1408 1645 1468 Joanne
1676 1412 1990 1468 commota
2020 1411 2133 1479 est,

561 1503 819 1566 interfui
837 1503 1013 1566 malis
1035 1529 1061 1560 ι)
1084 1502 1186 1584 (1).
1205 1504 1378 1564 Idem
1398 1502 1660 1565 habetur
1679 1504 1933 1582 quidem
1952 1503 2136 1565 etiam

560 1602 630 1665 in
680 1621 904 1683 graeco
949 1604 1199 1667 Meursii
1250 1610 1424 1665 textu
1483 1603 1601 1683 (2);
1669 1603 1780 1665 sed
1835 1605 2137 1665 Hervetus

524 1768 534 1779 ο
563 1701 718 1765 haec
736 1703 1009 1783 profert:
1037 1727 1064 1759 ‹‹
1094 1703 1329 1781 Dignus
1357 1702 1606 1764 habitus
1635 1720 1774 1765 sum
1803 1704 2139 1765 ordinatio-

562 1819 669 1877 ne,
700 1820 860 1882 quae
882 1820 1051 1865 meas
1078 1802 1233 1864 vires
1262 1810 1538 1882 superat,
1564 1804 1631 1864 in
1656 1820 1791 1863 cum
1808 1822 2017 1864 casum
2045 1805 2140 1863 ien-

562 1902 797 1977 oidens,
852 1922 1028 1983 quem
1079 1905 1352 1964 Ioannes
1406 1903 1495 1979 [in
1548 1905 1737 1982 Lyco]
1794 1903 2132 1982 praedixe-

562 2012 663 2063 rat
689 2003 794 2084 (3).
828 2027 854 2058 »
877 2006 1045 2076 Quae
1064 2003 1317 2083 quidem
1336 2002 1547 2077 lectio,
1568 2020 1762 2081 quum
1781 2009 1915 2064 toto
1936 2003 2139 2081 capite

563 2103 643 2165 de
662 2105 903 2166 Joanne
934 2104 999 2165 in
1025 2105 1191 2183 Lyco
1220 2109 1527 2177 narretur,
1547 2101 1933 2182 probabilior
1960 2102 2137 2163 vide-

563 2210 685 2260 tur.
730 2200 1079 2276 (Quomodo
1110 2202 1360 2264 codices
1390 2201 1909 2263 Vindobonenses
1930 2201 2139 2264 locum

565 2301 923 2375 exhibeant,
938 2318 1067 2363 non
1088 2302 1483 2372 examinavi.)
1499 2304 1739 2363 Rursus
1760 2308 1820 2363 et
1837 2303 2140 2364 Baronius

565 2408 627 2461 et
655 2400 1087 2464 Tillemontius
1118 2406 1370 2465 tradunt
1389 2404 1495 2484 (4),
1537 2403 1906 2483 scriptorem
1936 2404 2142 2466 Histo-

566 2500 693 2561 riae
734 2502 1065 2564 Lausiacae
1104 2504 1343 2565 Romae
1380 2502 1462 2564 ob
1494 2520 1743 2565 causam
1775 2502 1835 2563 S.
1879 2502 2141 2564 Joannis

564 2602 672 2683 [Ch
683 2604 1035 2681 rysostomi)
1053 2610 1447 2667 morantema
1460 2603 1721 2664 Piniano
1735 2602 2141 2665 Melaniaeiu—

567 2702 761 2763 nioris
787 2706 1008 2764 marito
1040 2710 1372 2784 exceptum
1403 2720 1563 2764 esse.
1588 2704 1763 2777 Quod
1785 2704 2042 2784 quidem
2072 2703 2139 2765 in

566 2798 841 2861 editione
880 2800 1222 2881 Meursii(5)
1265 2806 1327 2862 et
1353 2800 1419 2862 in
1451 2801 1747 2863 Paradiso
1769 2800 1846 2881 (6)
1887 2800 2136 2879 legitur,

565 2897 673 2959 sed
720 2903 894 2958 deest
924 2897 989 2959 in
1031 2898 1354 2961 codicibus
1404 2898 2000 2961 Vindobonensibus
2057 2898 2137 2977 (7)

562 3003 627 3061 .et
655 2995 721 3056 in
755 2996 1007 3075 antiqua
1036 2996 1346 3058 versione.
1394 2996 1678 3074 Denique
1704 2995 2140 3058 Tillemontius

565 3096 900 3161 Historiam
947 3098 1306 3159 Lausiacam
1362 3097 1429 3157 in
1475 3096 1799 3158 codicibus
1849 3095 2139 3157 Palladio

2231 627 2371 670 mus
2403 609 2470 670 in
2506 609 2758 670 exilium
2790 610 3017 673 missus
3053 614 3171 684 est,
3216 611 3261 671 i.
3294 628 3354 676 θ.
3386 610 3465 673 ab
3495 627 3657 674 anno
3685 611 3789 674 404

2233 709 2533 771 accidisse
2560 709 3068 785 dialogus‘tradit,
3098 709 3167 772 in
3192 709 3523 773 Lausiacae
3548 709 3791 790 scripto-

2233 826 2366 871 rem
2418 808 2652 887 Optime
2697 811 2943 872 cadere.
2992 810 3103 873 Ille
3150 810 3317 873 enim
3360 816 3616 890 propter
3648 826 3786 874 cau-

2234 923 2361 967 sam
2429 907 2490 966 S.
2546 906 2970 986 Chrysostomi
3030 910 3295 975 Romam
3351 907 3562 989 petiit,
3634 910 3791 974 unde

2236 1006 2434 1068 redux
2515 1006 2718 1069 factus
2776 1008 2842 1071 in
2899 1009 3119 1071 urbem
3172 1010 3425 1088 Syenen
3481 1008 3548 1073 in
3598 1011 3789 1088 Aegy-

2236 1114 2346 1187 pto
2387 1125 2589 1190 prOpe
2630 1108 2985 1189 Blemmyes
3032 1111 3213 1173 sitam
3245 1111 3314 1173 in
3358 1109 3616 1173 exilium
3654 1111 3793 1175 abiit

2235 1202 2593 1287 multosque
2626 1206 2731 1271 diu
2768 1226 3102 1288 perpessus
3132 1215 3224 1270 est
3242 1208 3487 1271 labores
3517 1206 3663 1288 (10).
3693 1214 3790 1270 At-

2237 1321 2363 1387 que
2392 1308 2699 1372 Palladius
2729 1309 3059 1373 Lausiacae
3093 1310 3362 1388 scriptor
3386 1326 3453 1369 se
3479 1309 3712 1370 Romae
3740 1317 3796 1370 et

2237 1406 2482 1485 Syenae
2511 1406 2703 1471 fuisse
2724 1407 2860 1487 ipse
2881 1413 3137 1470 testatur
3158 1406 3303 1486 (11).
3328 1405 3605 1480 Accedit,
3637 1407 3793 1485 quod

2238 1505 2568 1567 Lausiacae
2591 1506 2881 1585 scriptori
2900 1507 3174 1568 Joannes
3194 1505 3260 1566 in
3285 1507 3452 1584 Lyco
3473 1502 3793 1583 praedixit,

2238 1602 2470 1683 ipsum,
2501 1604 2553 1665 si
2585 1604 2920 1685 episcopus
2946 1603 3145 1667 factus
3173 1612 3359 1676 esset,
3389 1601 3800 1666 multoslabo~

2239 1718 2340 1763 res
2411 1702 2913 1783 calamitatesque
2975 1721 3423 1784 perpessurum
3471 1719 3610 1765 esse
3662 1700 3797 1783 (12).

2239 1802 2521 1883 Denique
2553 1803 2731 1878 illud,
2772 1804 2944 1885 quod
2974 1803 3284 1869 Palladius
3314 1802 3646 1864 Lausiacae
3666 1803 3800 1864 scri-

2238 1909 2383 1982 ptor
2424 1910 2655 1980 narrat,
2699 1922 2789 1979 se,
2854 1911 3187 1984 postquam
3234 1905 3577 1984 episc0pus
3616 1902 3802 1967 factus

2237 2019 2353 2080 per
2371 2001 2664 2063 undecim
2696 2018 2944 2064 menses
2969 2003 3035 2063 in
3067 2002 3222 2065 cella
3246 2002 3584 2063 tenebrosa
3614 2002 3800 2063 latue-

2238 2103 2341 2179 rit,
2390 2103 2789 2165 recordatum
2841 2121 2979 2167 esse
3031 2104 3209 2168 verbi
3251 2103 3417 2165 beati
3462 2104 3719 2165 Joannis
3743 2104 3802 2165 in

2238 2205 2405 2285 Lyco
2430 2203 2576 2285 (13),
2610 2205 2845 2284 Optime
2869 2205 2947 2266 de
2978 2204 3148 2269 exilii
3177 2211 3490 2285 tempore,
3523 2221 3652 2284 quo
3683 2204 3805 2265 Pal-

2238 2301 2463 2377 ladius,
2498 2303 2906 2383 HelenOpolis
2955 2305 3318 2387 episcopus,
3361 2304 3429 2366 in
3466 2308 3804 2384 Aegyptum

2238 2403 2541 2468 abductus
2572 2413 2690 2479 est,
2720 2405 2845 2469 dici
2871 2412 3097 2485 potest.

2320 2609 2395 2668 At
2422 2604 2564 2681 alia,
2616 2622 2777 2685 quae
2813 2605 2892 2670 de
2934 2604 3211 2668 Palladio
3240 2604 3654 2685 HelenOpolis
3680 2606 3806 2687 epi~

2240 2724 2441 2787 scopo
2478 2707 2545 2768 in
2586 2706 2836 2785 dialogo
2882 2706 3199 2787 leguntur,
3241 2726 3388 2770 eum
3426 2708 3667 2773 scilicet
3707 2726 3805 2787 sy-

2240 2806 2413 2869 nodo
2441 2807 2542 2868 isti
2570 2808 3289 2889 ConstantinOpolitanae
3320 2810 3703 2885 interfuisse,
3747 2810 3808 2872 in

2240 2902 2573 2965 Lausiacae
2611 2904 2985 2983 scriptorem
3026 2907 3250 2967 cadere
3290 2914 3639 2987 nequeunt.
3682 2908 3808 2970 Pri~

2239 3020 2409 3064 mum
2442 3004 2608 3065 enim
2637 3004 2977 3084 descriptio
3020 3012 3403 3086 temporum,
3445 3025 3567 3087 qua
3609 3008 3709 3069 hic
3750 3009 3809 3075 in

2240 3100 2511 3161 Historia
2536 3101 2831 3164 Lausiaca
2851 3102 2991 3183 ipse
3006 3102 3223 3177 utitur,
3246 3111 3461 3183 aperte
3484 3111 3807 3183 repugnat.

566 3190 965 3268 Helenopolis
1017 3193 1300 3271 episcopo
1349 3192 1540 3254 tribui
1590 3193 1775 3254 docet
1808 3190 1922 3271 (8),
1971 3192 2142 3270 quod
2171 3207 2210 3261 C
2243 3198 2479 3260 Deinde
2533 3200 2847 3263 Palladius
2901 3204 3233 3266 Lausiacae
3278 3206 3567 3284 scriptor,
3624 3223 3811 3284 quum

566 3304 697 3354 non
743 3289 1002 3351 omnino
1048 3307 1265 3352 verum
1318 3297 1440 3365 est;
1504 3309 1648 3352 nam
1686 3291 1938 3353 codices
1986 3291 2137 3351 Vin-

568 3390 968 3453 dobonenses
1033 3408 1171 3454 eam
1232 3390 1522 3455 Palladio
1574 3394 1859 3474 episcopo
1916 3391 2143 3453 inscri-

568 3491 727 3563 bunt
757 3488 866 3565 (9).

643 3685 755 3757 83
800 3687 1023 3748 Fateor
1063 3702 1160 3760 ea,
1186 3660 1377 3766 .quae
1417 3685 1693 3750 Palladio
1735 3688 2144 3772 HelenOpolis

569 3938 665 4003 wl
708 3938 948 3993 habitam
990 3954 1111 3997 esse
1138 3941 1370 4009 putavit,
1402 3941 1549 4015 quod
1578 3942 1801 4013 quidem
1821 3960 2000 4015 neque
2014 3961 2142 4003 cum

572 4032 754 4086 verbis
797 4032 1000 4102 dialogi
1036 4035 1097 4103 (l.
1134 4034 1220 4102 1.),
1265 4051 1378 4105 quo
1422 4044 1537 4089 tum
1575 4037 1868 4093 tumultum
1920 4049 2142 4109 propter

568 4124 800 4178 tiainam
833 4125 1128 4179 barbarum
1166 4125 1339 4182 fuisse
1369 4128 1623 4191 traditur,
1656 4147 1834 4201 neque
1864 4146 1990 4187 cum
2030 4140 2143 4189 tota

570 4214 691 4281 ejus
721 4216 983 4283 temporis
1018 4216 1375 4287 chronologia
1407 4220 1683 4273 convenit.

643 4306 720 4377 (1)
759 4305 957 4361 Parad.
1012 4323 1133 4376 cap.
1173 4309 1279 4377 22,
1342 4307 1454 4362 νγ.
1496 4309 1599 4362 PP.
1660 4309 1844 4365 Rosw.
1908 4328 1962 4380 p.
2012 4311 2140 4368 966.

570 4394 659 4449 Cf.
696 4396 916 4450 Baronii
966 4398 1163 4451 Annal.
1209 4414 1260 4453 a.
1310 4400 1454 4466 588;
1509 4399 1805 4457 Tillenlont
1853 4402 2143 4461 Mémoires

573 4487 637 4540 T.
666 4488 735 4540 XI
765 4504 817 4557 p.
846 4488 970 4543 5|6.

2247 3299 2624 3363 Alexandria
2651 3303 3176 3381 proﬁcisceretur,
3204 3302 3534 3385 hydrOpisi
3565 3306 3811 3367 labora-

2243 3395 2350 3456 bat
2379 3395 2525 3476 (14),
2575 3397 2657 3459 ita
2696 3403 2763 3459 ut
2800 3415 2947 3461 eum
2985 3399 3085 3459 vix
3122 3400 3442 3475 reducem,
3481 3408 3811 3483 postquam

2244 3511 2466 3555 recens
2510 3496 2848 3576 episcopus
2899 3498 3221 3560 ordinatus
3258 3505 3374 3572 est,
3432 3500 3510 3563 ad
3570 3517 3812 3567 causam

2245 3594 2543 3657 Antonini
2585 3595 2818 3675 Ephesi
2866 3597 3149 3677 epiSCOpi
3201 3598 3698 3678 disceptandam,
3754 3598 3813 3665 id

2245 3693 2416 3773 quod
2445 3693 2727 3774 dialogus
2767 3697 2974 3772 tradit,
3015 3714 3052 3761 a
3076 3697 3321 3777 synodo
3353 3699 3626 3762 electum
3661 3717 3813 3769 esse.

2248 3951 2619 4019 πραιποσιτῳ
2662 3950 2853 4018 παρὰ
2891 3951 3340 4008 Παλλαδίου
3380 3953 3814 4007 ἐπισκόπου

2248 4040 2379 4107 περὶ
2419 4041 2569 4104 ,βίου
2617 4040 2915 4109 διαφόρων
2960 4042 3304 4109 ἀσκητικῶν
3346 4044 3445 4097 και
3473 4045 3666 4098 ὁσίων
3707 4060 3816 4096 ara-.-

2248 4128 2422 4196 τρῶν.
2471 4126 2553 4181 tif.
2588 4127 2829 4182 Palladii
2877 4128 3179 4185 Historiam
3228 4129 3549 4187 Lausiacam
3586 4131 3656 4185 ad
3676 4131 3817 4183 codiv

2250 4220 2324 4279 cis
2375 4218 2791 4275 i’indobonensis
2834 4220 2993 4290 ﬁdem
3043 4238 3077 4276 α
3125 4222 3277 4277 nobis
3326 4223 3549 4279 breviter
3589 4224 3817 4279 delinea-

2251 4322 2359 4363 tam
2390 4311 2530 4367 infra
2562 4312 2596 4365 l.
2628 4313 2664 4365 ι.

2319 4399 2432 4468 (10)
2467 4399 2675 4455 Pallad.
2705 4400 2841 4455 Dial.
2882 4402 3083 4457 devita
3106 4402 3161 4457 S.
3192 4402 3278 4457 Jo.
3327 4403 3618 4473 (lhrysost.
3667 4417 3717 4456 ο.
3761 4403 3813 4457 5.

2247 4494 2301 4549 4.
2359 4496 2449 4548 20.
2484 4493 2541 4549 S.
2575 4494 2659 4549 J0.
2686 4496 2966 4567 Chrysost.
3005 4495 3143 4566 Opp.
3173 4497 3263 4551 ed.
3299 4496 3681 4551 Montfauc.'l'.
3706 4491 3821 4550 XIII

646 4578 725 4649 (2)
760 4577 903 4634 llist.
930 4578 1098 4634 Laus.
1146 4579 1234 4634 ed.
1286 4579 1492 4637 Meurs.
1527 4598 1649 4653 cap.
1681 4584 1748 4638 41
1771 4583 1910 4655 Opp.
1942 4584 2145 4641 Meurs.
2177 4578 2223 4633 Ι)
2251 4601 2308 4656 p.
2361 4586 2421 4640 11
2482 4603 2629 4656 sqq.,
2676 4588 2747 4639 77
2792 4604 2903 4656 sq.,
2942 4588 3194 4644 Galland.
3232 4588 3373 4644 Bibl.
3417 4588 3522 4643 PP.
3576 4586 3645 4642 T.
3707 4584 3815 4641 VIII

576 4672 612 4724 Ι.
656 4671 691 4724 Ι.
721 4687 775 4725 n.
816 4671 941 4725 472.

656 4687 691 4724 ι.
762 4712 775 4725 .
816 4687 941 4725 412.

644 4687 899 4829 (5)plbid.
946 4780 1000 4835 p.
1031 4764 1157 4833 471,
1194 4763 1309 4820 νγ.
1342 4764 1447 4820 PP.
1492 4764 1678 4821 Rosw.
1714 4767 1813 4824 lib.
1851 4766 1968 4822 Vill
1996 4785 2047 4824 c.
2076 4769 2146 4825 45

576 4870 628 4924 ρ.
672 4853 796 4921 740,
835 4854 891 4907 2.

574 5030 617 5083 Τ
646 4946 739 5085 (ζει
765 4945 965 5088 Βθτὲη.
1004 4947 1205 5003 Annal.
1252 4964 1305 5003 a.
1341 4949 1488 5017 388;
1532 4949 1830 5005 Tillemont
1858 4949 2146 5006 Mémoires

574 5060 578 5064 -
625 5070 639 5086 .
775 5049 830 5088 ι).
889 5035 991 5087 ⁸15.

574 5035 639 5086 Τ.
668 5035 739 5085 XI
775 5049 830 5103 p.
868 5035 991 5088 515.

648 5124 725 5192 (5)
767 5123 906 5179 Hist.
946 5124 1112 5182 Laus.
1148 5126 1237 5182 ed.
1274 5125 1478 5184 Meurs.
1505 5142 1627 5197 cap.
1653 5127 1755 5193 125
1779 5126 1919 5198 Opp.
1944 5125 2142 5182 Meurs.

575 5215 613 5271 l.
642 5217 680 5271 l.
712 5231 767 5285 p.
807 5216 934 5272 604.

645 5307 724 5377 (6)
752 5307 888 5379 Cap.
920 5308 1146 5373 49,VV.
1175 5308 1281 5363 PP.
1315 5309 1501 5365 Rosw.
1528 5325 1581 5379 p.
1612 5310 1739 5370 980.
1771 5310 1828 5364 1.

643 5398 722 5467 (7)
754 5397 837 5453 Cl'.
884 5399 1124 5453 Palladii
1175 5398 1473 5454 Historiam
1518 5399 1834 5453 Lausiacam
1887 5399 1954 5451 ad
1999 5397 2147 5451 codi-

573 5491 648 5551 cis
679 5490 1094 5545 Vindobonensis
1114 5493 1273 5561 ﬁdem
1308 5511 1341 5545 a
1377 5494 1524 5547 nobis
1556 5493 1778 5546 breviter
1799 5490 2140 5551 delineatam,

576 5578 723 5634 iul’ra
736 5580 866 5634 huic
887 5590 1109 5636 nostrae
1126 5580 1351 5636 editioni
1369 5581 1642 5647 Historiae
1667 5580 1969 5645 Laueiacae
1991 5594 2148 5649 praee

578 5668 807 5739 positam
818 5708 829 5719 .

648 5758 729 5818 (8)
768 5757 1374 5815 TillemontMémoires
1402 5760 1437 5813 1.
1476 5760 1515 5813 1.
1543 5774 1599 5829 p.
1636 5759 1761 5813 500.

647 5849 726 5922 ιθ)
774 5849 1163 5931 ’Λντίγραφον
1198 5848 1527 5919 ἐπιστολῆς
1557 5848 1883 5921 γραφείσης
1921 5846 2142 5915 Auum»

2248 4693 2303 4748 p.
2336 4677 2442 4732 267
2473 4695 2597 4749 sqq.
2630 4679 2754 4734 ⁸520.
2790 4679 2916 4734 521.

2319 4770 2433 4839 (11)
2494 4770 2637 4826 Ilist.
2690 4770 2855 4826 Laus.
2918 4769 3137 4842 Prolog.
3196 4770 3335 4841 Opp.
3406 4769 3613 4826 Meurs.
3679 4770 3719 4823 1.
3778 4768 3814 4825 1.

2249 4875 2304 4929 p.
2334 4860 2454 4916 559.

2321 4952 2433 5020 (12)
2475 4951 2610 5006 Ibid.
2646 4967 2767 5022 cap.
2800 4953 2871 5007 Μ
2899 4969 2953 5022 p.
2990 4954 3118 5008 471.
3230 5016 3233 5017 ν

2319 5044 2429 5111 (ιδ)
2489 5041 2623 5096 Ibid.
2656 5045 2691 5099 l.
2729 5046 2766 5098 ι.

2330 5133 2443 5203 (14)
2480 5133 2759 5189 Palladius
2800 5136 2982 5191 tribus
3015 5150 3176 5192 anms
3217 5144 3508 5207 postquam
3551 5134 3816 5191 Joannem

2249 5225 2302 5280 in
2342 5223 2488 5294 Lyco
2525 5227 2736 5292 invisit,
2767 5227 2803 5279 i.
2835 5242 2883 5280 e.
2913 5238 3151 5283 exeunte
3189 5244 3334 5282 anno
3365 5229 3469 5283 397
3501 5227 3596 5297 (cf.
3654 5241 3817 5294 supra

2250 5333 2305 5386 p.
2335 5317 2451 5385 2t),
2500 5319 2690 5386 splene
2738 5328 2793 5372 et
2844 5321 3133 5374 stomacho
3184 5322 3438 5376 laborare
3486 5324 3686 5391 coepit.
3718 5318 3817 5385 Qui

2250 5409 2475 5462 morbus
2504 5408 2703 5464 deinde
2735 5409 2790 5464 in
2818 5410 3144 5481 hydropisin
3168 5414 3355 5479 vertit,
3384 5413 3534 5468 unde
3568 5429 3599 5467 a
3634 5410 3821 5466 fratri-

2250 5500 2355 5556 bus
2382 5500 2775 5554 Alexandriam
2800 5504 3004 5559 missus
3045 5504 3384 5560 medicorum
3417 5505 3655 5559 consilio
3677 5502 3819 5555 aeris

2252 5590 2563 5644 subtilioris
2619 5593 2795 5659 gratia
2847 5603 3083 5647 exeunte
3123 5609 3272 5649 anno
3301 5593 3430 5659 400,
3491 5604 3550 5648 ut
3589 5591 3813 5663 patebit,

2249 5689 2345 5734 aut
2378 5680 2599 5734 ineunte
2630 5680 2727 5733 40!
2788 5679 3165 5755 Hierosolyma
3182 5692 3238 5739 et
3270 5684 3326 5740 in
3354 5684 3663 5757 Bithyniam
3714 5696 3807 5739 we

2246 5771 2348 5837 nit.
2371 5768 2509 5827 Hist.
2545 5769 2706 5831 Laus.
2738 5772 2772 5827 Ι.
2804 5773 2841 5829 1.
