4040 6546
208 400 260 455 81
1668 401 1896 462 ΥΙΤΔΕ.
3338 410 3421 472 δε

205 517 300 578 aut
314 510 565 577 instante
586 512 817 571 aestate
842 518 968 572 tam
1000 510 1255 590 longum
1278 513 1398 591 iter
1425 514 1744 594 Ephesum
1770 532 1820 591 Α
1846 520 1924 587 tis
1994 522 2235 597 nititur,
2291 523 2652 595 coniectura
2706 522 2943 604 optime
3013 524 3173 595 solvi
3210 524 3406 591 vides.

202 607 521 687 suscepisse
547 607 655 689 (1),
703 627 925 693 parum
958 612 1293 675 verisimile
1315 614 1412 681 sit.
1436 614 1545 687 84
1572 615 1736 677 Diﬂi—
1913 620 2022 695 85
2052 624 2635 705 Quomodocunque
2671 641 2819 687 vero
2848 641 2948 692 res
2978 640 3051 697 se
3078 622 3288 698 habet,
3331 642 3408 689 ex

202 709 429 775 cultates
456 712 666 807 autem
691 690 1069 787 expediendi
1098 712 1252 773 haec
1274 720 1461 775 restat
1489 713 1741 777 via.So-
2215 690 2684 806 disputavimus,
2734 723 2858 795 hoc
2913 690 3131 802 liquet,
3184 690 3412 789 iustam

200 816 375 872 crates
398 804 582 867 fere"
615 806 721 885 (θλ
774 807 1121 874 Palladium
1149 811 1517 890 episcopum
1539 811 1733 873 ΗθῘΘ-η
1837 804 2088 895 causam
2136 841 2265 885 non
2312 804 2483 897 esse,
2521 843 2632 892 cur
2673 841 2816 891 eum
2856 822 3255 889 Tillemontio
3286 822 3407 905 (10)

200 909 737 1020 nopolinAs‘punam
776 911 1143 1020 translatum
1372 908 1639 1020 Ouidrsi
1676 913 1740 975 id
1838 920 2273 1000 chronologia,
2294 940 2454 1009 quae
2476 923 2542 987 in
2562 923 2827 991 Historia
2846 920 3408 997 Lausiacalegitur,

196 1013 266 1079 ad
308 1009 669 1116 Palladium
710 1012 1098 1116 episcopum
1165 1011 1397 1091 dialogi
1466 1012 1742 1116 scripto—
1839 1019 2054 1085 relicta
2096 1028 2456 1097 statuamus,
2500 1021 2844 1087 Palladium
2878 1020 3209 1087 Lausiacae
3250 1018 3410 1085 scri-

197 1124 310 1215 rem
374 1108 711 1215 pertineat,
911 1108 1146 1215 paullo
1214 1117 1356 1215 post
1428 1110 1743 1215 synodum
1840 1127 2085 1198 ptorem
2111 1138 2284 1185 anno
2310 1120 2427 1187 399
2450 1122 2819 1186 Alexandria
2848 1120 3201 1201 profectum
3244 1136 3408 1194 esse,

195 1205 543 1287 Ephesinam
572 1223 739 1270 anno
766 1205 874 1268 401
910 1207 1185 1271 habitam
1220 1209 1452 1273 factum
1484 1208 1582 1281 sit,
1608 1208 1742 1269 Pal-
1837 1216 2095 1285 ineunte
2125 1235 2290 1281 anno
2319 1217 2429 1280 400
2453 1220 2821 1303 episcopum
2861 1235 2998 1279 esse
3027 1218 3408 1291 ordinatum,

196 1311 369 1372 ladius
396 1326 546 1371 vero
573 1310 908 1372 Lausiacae
943 1311 1214 1389 scriptor
1240 1310 1363 1376 hoc
1400 1309 1541 1393 ipso
1571 1326 1739 1377 anna
1841 1314 2008 1381 etin
2050 1316 2304 1385 Nitriam
2344 1333 2511 1384 anno
2543 1314 2653 1375 390
2691 1314 2959 1375 venisse.
3005 1316 3204 1375 Immo
3253 1313 3410 1376 haec

193 1412 245 1471 in
267 1409 388 1470 eius
416 1407 625 1473 locum
654 1409 732 1469 sit
764 1406 1107 1471 suffectus?
1840 1415 2055 1494 potius
2077 1416 2348 1479 tenenda
2376 1423 2468 1477 est
2499 1413 2927 1493 chronologia,
2948 1412 3291 1477 Palladium
3318 1430 3413 1474 se-

255 1514 441 1588 Atque
477 1527 609 1570 rem
638 1510 723 1573 ita
764 1527 831 1571 se
868 1509 1101 1571 habere
1135 1508 1424 1587 dialogus
1449 1507 1554 1568 ille
1588 1523 1744 1591 C1110—
1842 1517 2053 1579 cundo
2080 1517 2417 1580 Theodosii
2450 1517 2656 1595 Magni
2685 1514 3035 1585 consulatu,
3087 1512 3197 1592 qui
3229 1512 3409 1574 ince-

193 1608 502 1673 dammodo
545 1610 839 1672 ostendit.
885 1611 1070 1675 Cuius
1100 1609 1369 1689 scriptor
1410 1607 1635 1671 Photio
1681 1613 1743 1669 et
1841 1615 1933 1693 pit
1956 1633 1992 1677 a
2016 1615 2297 1678 Calendis
2315 1616 2619 1680 Ianuariis
2646 1612 2795 1675 anni
2823 1612 2937 1671 388
2968 1610 3121 1690 (11),
3145 1609 3413 1672 Alexan-

190 1709 432 1785 Georgio
489 1708 910 1775 Alexandrino
969 1709 1232 1771 testibus
1280 1712 1373 1769 cst
1415 1706 1741 1768 Palladius
1842 1716 2040 1783 ἀπίδω
2069 1717 2411 1797 appulisse],
2436 1732 2602 1781 δηηο
2626 1713 2731 1777 391
2760 1712 2828 1773 in
2849 1711 3128 1787 Nitriam,
3152 1728 3224 1778 ac
3258 1709 3409 1775 sub-

191 1808 487 1885 episcopus
521 1807 627 1890 (3),
672 1807 739 1868 in
782 1806 1106 1869 codicibus
1141 1804 1468 1869 Palladius
1501 1806 1739 1887 episco-

1848 1824 2147 1901 sequente
2188 1819 2256 1881 in
2306 1817 2570 1881 Cellulas
2619 1814 2888 1887 venisse,
2944 1828 3245 1890 annoque
3296 1808 3404 1871 401

185 1927 286 1985 pus
314 1905 893 1987 Helenopolitanus,
924 1906 1001 1968 ab
1042 1906 1184 1967 aliis
1206 1906 1389 1967 etiam
1421 1906 1741 1987 episcopus
1774 1892 1814 1946 Β
1850 1892 2220 1997 episcopum
2244 1916 2308 1983 in
2338 1914 2624 1994 Bithynia
2656 1912 3012 1974 ordinatum
3044 1926 3207 1981 esse,
3241 1910 3413 1971 unde

185 2008 543 2085 Asponensis
587 2007 789 2071 dictus
815 2006 919 2087 (4).
969 2008 1029 2072 Is
1069 2006 1258 2083 igitur
1290 2005 1357 2071 iu
1386 2004 1635 2085 dialogo
1672 2021 1740 2065 se
1851 2016 2037 2079 etiam
2060 2016 2392 2081 Historiam
2419 2013 2797 2084 Lausiacam,
2825 2018 2893 2073 ω,
2923 2027 3113 2089 supra
3145 2008 3263 2089 (12)
3286 2009 3413 2075 iam

184 2111 423 2171 Romam
502 2109 775 2189 Primum
833 2109 1080 2171 νθῐιίεεθ
1142 2108 1221 2187 (5)
1279 2107 1365 2171 ait
1418 2107 1738 2189 δίίίῐυδῐηο
1847 2115 2206 2188 docuimus,
2248 2130 2415 2179 anno
2452 2111 2567 2179 421
2616 2111 2909 2197 scriptam
2952 2124 3088 2177 esse
3130 2124 3165 2175 θ
3204 2105 3413 2171 verbis

187 2214 307 2287 post
336 2207 681 2270 Palladium
707 2207 1305 2289 Helenopolitanum
1342 2206 1737 2287 episcopum,

185 2324 348 2385 quem
377 2306 502 2367 sub
527 2308 897 2369 Innocentio
926 2310 1090 2387 Papa
1123 2307 1210 2366 ibi
1240 2305 1434 2371 fuisse
1466 2305 1548 2367 ob
1587 2322 1738 2367 cau-

184 2422 296 2466 sam
326 2408 383 2466 S.
414 2405 846 2487 Chrysostomi
876 2407 982 2489 (6),
1034 2413 1095 2470 et
1139 2422 1216 2467 eo
1254 2413 1562 2487 tempore,
1610 2422 1740 2485 quo

183 2500 441 2583 dialogus
486 2502 853 2577 instituitur,
893 2503 1062 2581 apud
1105 2502 1461 2580 Blemmyes
1509 2499 1579 2561 in
1616 2505 1738 2560 Ae-

183 2608 353 2679 gypto
382 2602 660 2665 detineri
687 2604 765 2683 (7)
805 2603 1041 2664 scribit.
1080 2604 1276 2663 Porro
1316 2601 1586 2679 scriptor
1614 2598 1742 2661 dia-

184 2700 288 2777 logi
319 2717 352 2762 a
381 2700 725 2764 Theodoro
757 2702 1049 2776 diacono,
1086 2716 1362 2780 quocum
1389 2699 1569 2759 illum
1604 2715 1737 2760 ser-

183 2817 408 2862 monem
447 2802 801 2876 conseruit,
851 2819 1040 2881 saepe
1071 2818 1185 2880 per
1223 2816 1417 2862 canos
1454 2815 1622 2871 suos,
1672 2802 1743 2858 ut

180 2918 369 2962 verum
397 2902 596 2977 dicat,
640 2920 833 2965 senex
859 2904 1223 2964 obsecratur
1253 2899 1363 2980 (8),
1408 2898 1578 2978 quod
1605 2896 1740 2958 sine

181 3000 350 3063 dubio
381 3002 446 3063 in
478 3002 827 3065 Palladium
853 3002 1186 3064 Lausiacae
1215 3000 1609 3082 scriptorem,
1632 2997 1742 3077 qui

179 3109 293 3163 tum
318 3102 413 3163 vix
439 3120 477 3165 a
494 3121 651 3165 nnos
682 3103 1091 3184 quadraginta
1123 3109 1304 3163 natus
1330 3106 1483 3175 erat,
1515 3099 1739 3161 cadere

182 3219 289 3266 non
329 3210 471 3282 pote
493 3211 569 3265 st.
616 3204 795 3265 Unde
835 3204 999 3265 inter
1039 3202 1197 3264 duos
1233 3200 1400 3262 illius
1435 3197 1740 3277 temporis

180 3302 460 3365 Palladios
510 3302 921 3382 HelenOpolis
969 3302 1303 3387 episcopos
1345 3299 1739 3383 distinguen-

1846 2214 2102 2281 Palladii
2130 2213 2477 2283 conﬁcitur.

1927 2389 2087 2467 §21.
2139 2388 2321 2463 Quod
2371 2388 2422 2449 si
2470 2391 2562 2447 est
2609 2384 3024 2465 exploratum,
3079 2379 3416 2448 Macarium

1845 2489 2329 2551 Alexandrinum
2380 2485 2596 2548 saltem
2642 2500 2845 2562 usque
2898 2482 2975 2543 ad
3012 2499 3247 2545 annum
3302 2479 3415 2545 395

1846 2590 2242 2668 superstitem
2282 2588 2473 2648 fuisse
2529 2590 2809 2665 apparet.
2855 2585 3010 2647 Nam
3050 2588 3172 2642 tres
3215 2597 3417 2645 annos

1847 2707 1991 2752 cum
2034 2687 2308 2750 Palladio
2354 2686 2423 2746 in
2467 2683 2716 2745 Cellulis
2752 2679 2902 2741 vixit
2948 2680 3017 2748 in
3058 2680 3258 2758 quiete
3306 2677 3413 2738 de-

1846 2808 1995 2868 gens
2030 2788 2175 2868 (13).
2228 2792 2423 2863 Atque
2455 2784 2608 2866 quin
2638 2787 2762 2841 tres
2806 2778 2992 2859 primi
3034 2777 3206 2850 anni,
3256 2792 3416 2855 quos

1847 2887 2155 2949 Palladius
2176 2885 2241 2944 in
2269 2882 2515 2943 Cellulis
2537 2878 2937 2955 transigebat,
2961 2876 3415 2954 signiﬁcentur,

1846 3002 1977 3046 non
1996 2982 2177 3045 facile
2197 2980 2530 3043 dubitabis.
2559 2980 2687 3038 Nec
2707 2983 2766 3037 te
2780 2974 3417 3053 Hierosolymitanum

1846 3088 1988 3160 iter,
2045 3084 2216 3164 quod
2256 3080 2567 3143 Palladius
2609 3077 2771 3139 circa
2798 3092 3034 3137 annum
3078 3072 3191 3134 394
3232 3072 3415 3135 insti-

1847 3190 1960 3251 tuit
2000 3187 2145 3269 (14),
2184 3184 2521 3265 quominus
2556 3188 2683 3242 tres
2712 3179 2950 3259 primos
2989 3193 3191 3245 annos
3220 3174 3417 3239 fuisse

1847 3290 2039 3362 dicas,
2080 3285 2405 3365 impediet.
2456 3280 2766 3344 Palladius
2810 3277 3001 3351 enim,
3044 3277 3153 3356 qui
3190 3290 3417 3339 novem

184 3401 315 3463 dum
340 3419 474 3465 esse
517 3375 847 3482 probabile
880 3409 973 3463 est
1004 3375 1111 3484 (9).
1156 3375 1335 3474 Quod
1382 3399 1434 3460 si
1473 3375 1736 3469 constat,
1766 3392 1813 3453 C
1844 3408 2066 3463 annos,
2090 3401 2449 3467 quanquam
2482 3382 2849 3463 saepissime
2876 3379 3115 3484 interea
3141 3375 3419 3461 peregri-

182 3501 594 3565 diﬂicultatem
657 3501 803 3576 illa,
884 3518 1047 3582 quae
1103 3497 1469 3564 testimonio
1524 3498 1743 3558 Socra-

242 3687 313 3755 (1)
348 3684 559 3743 Pallad.
590 3685 864 3755 Dial.cap.
890 3687 976 3739 15.
1002 3686 1091 3743 11.
1113 3684 1172 3739 S.
1192 3682 1623 3754 Chrysost.0pp.
1641 3681 1679 3733 l.
1698 3680 1737 3733 l.

185 3792 229 3845 p.
252 3776 475 3845 “sqq,
497 3776 757 3831 Galland.
782 3775 921 3830 Bibl.
939 3775 1112 3830 PPJI.
1141 3778 1177 3830 1.
1210 3794 1264 3844 p.
1282 3776 1410 3836 298.
1444 3776 1569 3831 299.
1616 3774 1742 3830 500.

238 3867 309 3937 (2)
349 3866 505 3927 Socr.
575 3866 720 3927 Hist.
772 3865 922 3927 Eccl.
970 3867 1071 3927 lib.
1117 3865 1210 3927 V’ll
1264 3883 1383 3939 cap.
1441 3867 1512 3927 36
1561 3867 1649 3927 ed.
1704 3865 1745 3921 L

184 3972 230 4025 ρ.
257 3957 375 4017 581.
1114 3980 1119 3985 -

241 4049 313 4119 (5)
343 4047 429 4107 Cf.
468 4064 644 4121 supra
690 4064 745 4125 p.
776 4048 868 4106 81.

240 4140 311 4211 (1)
351 4142 593 4199 Emeric.
627 4141 803 4211 Bigot.
845 4138 914 4195 de
949 4137 1195 4195 Palladio
1230 4140 1487 4210 episcopo
1514 4136 1747 4193 Heleno-

181 4234 409 4302 politano
437 4232 624 4291 Praef.
651 4234 705 4287 in
726 4231 868 4287 Bibl.
884 4228 1133 4286 Galland.
1151 4232 1188 4287 l.
1207 4232 1242 4285 1.
1264 4232 1480 4302 Proleg.
1510 4246 1561 4300 p.
1582 4228 1744 4283 XXV.

241 4324 312 4395 (5)
343 4323 477 4393 Cap.
517 4322 574 4389 1,
607 4320 664 4377 S.
701 4321 985 4391 Chrysost.
1014 4319 1153 4390 Opp.
1186 4320 1287 4404 1..1.
1323 4337 1377 4391 p.
1414 4322 1468 4385 5,
1494 4319 1743 4375 Galland.

182 4413 304 4469 Bibl.
335 4415 438 4469 PP.
473 4416 511 4470 l.
548 4415 587 4467 ι.
630 4430 683 4483 p.
705 4412 831 4467 261.

240 4507 313 4574 (6)
344 4508 480 4576 Cap.
533 4508 601 4570 3,
653 4506 712 4558 S.
746 4504 1029 4575 Chrysost.
1067 4502 1208 4575 Opp.
1243 4504 1280 4558 l.
1317 4503 1355 4559 l.
1392 4518 1446 4574 p.
1489 4502 1588 4568 11,
1620 4502 1748 4558 Gal-

179 4593 309 4649 land.
334 4596 476 4653 Bibl.
516 4596 623 4649 PP.
654 4594 689 4648 1.
718 4596 752 4649 1.
770 4610 824 4664 p.
852 4594 976 4647 267.

239 4685 309 4754 (7)
346 4686 481 4755 Cap.
499 4685 595 4747 20,
624 4684 683 4737 S.
706 4684 989 4754 Chrysost.
1011 4680 1149 4752 Opp.
1182 4681 1277 4739 1.1.
1304 4697 1361 4751 p.
1384 4682 1475 4747 77,
1495 4680 1747 4739 Galland.

179 4772 303 4829 Bibl.
326 4774 432 4829 pp.
456 4776 494 4829 l.
516 4777 554 4832 l.
571 4792 622 4845 p.
644 4774 767 4830 520.

241 4868 313 4937 (8)
350 4870 490 4939 Cap.
531 4869 587 4929 4,
627 4868 685 4921 S.
735 4867 1022 4938 Chrysost.
1073 4863 1215 4934 Opp.
1249 4864 1287 4918 l.
1315 4863 1353 4920 1.
1402 4878 1456 4932 p.
1489 4862 1575 4930 16,
1620 4860 1750 4916 Gal-

178 4958 315 5013 land.
346 4959 489 5013 Bibl.
528 4958 633 5013 PP.
677 4959 714 5012 1.
744 4959 780 5013 1.
824 4974 876 5028 p.
910 4957 1038 5011 270.
1101 4956 1231 5021 271,
1282 4960 1337 5009 et
1382 4954 1587 5024 passim
1644 4967 1744 5023 per

179 5049 468 5118 dialogum.

244 5140 318 5207 (9)
371 5138 425 5192 ld
465 5136 771 5207 Gregorius
804 5132 1213 5193 Alexandrinus
1260 5138 1315 5185 et
1349 5129 1580 5189 Photius
1622 5142 1750 5189 sen-

181 5227 311 5282 sisse
344 5228 631 5291 videntur,
666 5225 763 5295 qui
804 5225 1133 5293 scriptorem
1176 5220 1379 5288 diaIOgi
1425 5216 1751 5288 simpliciter

186 5316 480 5379 Palladium
518 5318 818 5385 episcopum
840 5314 1052 5371 dicunt.
1081 5312 1161 5367 Ac
1183 5310 1416 5369 Photius
1440 5307 1748 5367 Palladium

180 5412 495 5480 episcopum
544 5407 1056 5477 Helenopolitanum
1094 5411 1255 5459 antea
1288 5401 1453 5469 (Bibl.
1507 5408 1593 5457 exi
1631 5414 1746 5454 rec.

184 5500 393 5555 Bekkeri
424 5519 481 5572 p.
518 5501 605 5567 18,
637 5502 674 5557 1)
703 5500 1041 5554 laudaverat.
1070 5494 1377 5553 Palladium
1428 5493 1746 5565 episcopum

182 5608 297 5646 cum
343 5594 531 5650 tribus
578 5594 702 5648 aliis
741 5589 1019 5662 episcOpis
1067 5588 1126 5641 15.
1158 5585 1554 5656 Chrysostomo
1584 5583 1748 5652 pulso

186 5685 400 5739 Romam
440 5685 664 5739 venisse
690 5680 1041 5743 Innocentius
1068 5679 1217 5749 Papa
1256 5679 1407 5733 clero
1435 5675 1749 5731 Constanti-

187 5777 530 5844 nopolitanae
578 5774 843 5830 ecclesiae
888 5769 1138 5841 scripsit.
1188 5767 1243 5822 S.
1280 5766 1570 5838 Chrysost.
1605 5763 1744 5837 Opp.

188 5864 265 5926 ed.
299 5865 656 5925 Montfaucon
684 5865 750 5925 Τ.
782 5864 847 5923 111
892 5880 945 5937 p.
982 5861 1106 5921 521.
1146 5858 1646 5936 Eundempropter
1688 5873 1746 5913 se

1848 3496 2030 3552 natus
2061 3484 2173 3553 86
2198 3490 2313 3555 est,
2354 3481 2422 3542 in
2461 3478 2710 3541 Cellulis
2750 3475 3127 3554 transegisse
3171 3490 3239 3534 se
3267 3489 3417 3533 nar-

1846 3680 1903 3729 et
1935 3678 2157 3741 propter
2183 3666 2475 3725 ecclesiam
2502 3663 2783 3725 aerumnis
2811 3661 2949 3717 al’llci
2988 3661 3107 3731 ipse
3153 3658 3209 3713 S.
3240 3657 3421 3730 Chry-

1844 3767 2126 3817 sostomus
2153 3754 2317 3813 tradit
2348 3754 2400 3811 in
2440 3768 2527 3822 ep.
2560 3752 2661 3807 M8
2693 3752 2731 3807 l.
2761 3751 2798 3806 l.
2830 3766 2883 3821 p.
2917 3750 3041 3804 686.
3076 3748 3265 3803 Eidem
3290 3747 3419 3800 Pal-

1846 3850 1993 3905 ladio
2044 3846 2105 3904 S.
2156 3846 2589 3917 Chrysostomus
2643 3842 2829 3911 (annis
2877 3839 3181 3909 401—407)
3221 3838 3422 3907 episto-

1846 3940 1954 3999 lam
1983 3937 2230 4006 scripsit,
2263 3937 2321 3995 in
2350 3934 2512 4007 cujus
2527 3933 2637 3989 line
2661 3933 2816 4001 petit,
2849 3942 2909 3992 ut
2931 3931 3109 4001 ipsum
3141 3928 3421 3989 Palladius

1848 4030 1916 4089 de
1954 4028 2268 4087 valetudine
2304 4040 2404 4085 sua
2432 4024 2725 4083 certiorem
2770 4020 2958 4078 faciat.
3004 4020 3103 4091 Ep.
3136 4019 3239 4075 113
3287 4018 3323 4075 1.
3379 4018 3420 4074 l.

1851 4136 1908 4190 p.
1943 4119 2066 4179 656.
2104 4118 2251 4187 Quae
2282 4114 2498 4186 quidem
2530 4115 2581 4167 iu
2605 4120 2973 4183 aegrotantem
2994 4111 3261 4171 Historiae
3278 4107 3424 4162 Lau-

1850 4214 2032 4267 siacae
2076 4212 2400 4278 scriptorem
2454 4206 2656 4275 Optime
2701 4204 2922 4259 cadunt.
2973 4200 3235 4267 Plurima,
3280 4214 3424 4269 quae

1850 4301 1954 4355 viri
1982 4301 2132 4354 docti
2160 4300 2228 4354 de
2244 4296 2488 4351 Palladio
2505 4296 2876 4365 disputarunt,
2899 4294 3034 4363 legis
3056 4292 3195 4362 Opp.
3218 4290 3419 4346 Meurs.

1850 4390 1917 4447 Τ.
1952 4390 2069 4446 Vlll
2092 4408 2146 4460 p.
2168 4390 2277 4444 650
2304 4405 2423 4459 sqq.
2469 4387 2556 4442 Cl‘.
2589 4387 2822 4441 Emeric.
2857 4385 3028 4455 Bigot.
3075 4384 3111 4438 1.
3144 4384 3183 4437 1.

1920 4485 2031 4553 (10)
2089 4482 2384 4541 Tillemout
2454 4479 2744 4539 Mémoires
2808 4476 2873 4533 T.
2928 4475 3001 4530 X1
3056 4475 3126 4532 de
3178 4472 3425 4529 Palladio

1780 4605 1824 4659 ι)
1854 4594 1907 4648 p.
1940 4576 2225 4631 500—555
2265 4573 2569 4643 etpassim.

1922 4670 2033 4739 (1|)
2073 4666 2234 4730 Teste
2264 4664 2595 4725 Cassiodoro
2641 4659 2769 4717 inde
2799 4659 2867 4715 ab
2905 4673 2957 4719 a.
2986 4674 3044 4715 υ.
3090 4656 3189 4713 601
3228 4668 3426 4713 consu-

1850 4762 1997 4816 latus
2026 4775 2057 4813 a
2079 4757 2335 4813 Calendis
2364 4752 2645 4810 Januariis
2681 4748 3179 4820 iucepit.Cassiod.
3214 4748 3421 4803 Chron.

1851 4853 1990 4922 Opp.
2022 4848 2275 4905 Cassiod.
2299 4848 2386 4902 ed.
2416 4844 2554 4901 1656
2583 4860 2634 4914 p.
2669 4844 2797 4907 681,
2826 4842 2913 4897 ed.
2955 4841 3139 4896 Careti
3191 4855 3245 4909 p.
3294 4837 3423 4903 584,

1850 4941 2030 5014 Migue
2055 4939 2257 4995 Patrol.
2287 4935 2353 4991 T.
2390 4934 2555 4990 LXIX
2601 4950 2654 5003 p.
2688 4934 2849 4988 1225.
2880 4931 2966 4988 Cf.
3006 4931 3178 4985 ldeler
3220 4929 3423 4984 Lehrb.

1850 5036 1905 5090 d.
1941 5029 2315 5100 Chronologie
2357 5044 2411 5098 p.
2442 5027 2569 5081 528.
2603 5026 2690 5083 El.
2740 5024 3043 5083 Handbuch
3089 5024 3188 5077 der
3222 5020 3427 5074 matbe-

1851 5125 2155 5185 matischeu
2182 5138 2235 5176 u.
2279 5119 2636 5177 teclinisclien
2673 5115 3045 5183 Chronologie
3077 5113 3260 5167 Berlin
3286 5111 3425 5166 1825

1850 5215 1916 5270 Τ.
1944 5216 1989 5268 II
2021 5230 2073 5284 ρ.
2110 5210 2230 5269 149.
2263 5209 2335 5263 De
2366 5224 2513 5267 anno
2545 5205 2649 5261 583
2684 5204 2759 5265 cf.
2813 5220 2981 5272 supra
3015 5218 3070 5273 p.
3100 5200 3171 5255 58
3204 5206 3324 5255 not.
3366 5198 3422 5254 5.

1920 5303 2033 5374 (12)
2087 5301 2150 5357 Ρ.
2197 5301 2288 5361 24.
2331 5298 2559 5352 Plurimi
2603 5309 2724 5351 eam
2782 5294 2943 5357 falso,
2999 5303 3057 5347 ut
3101 5292 3206 5345 iam
3254 5299 3422 5360 patet.

1855 5412 2000 5453 anno
2030 5394 2135 5450 420
2178 5400 2272 5446 aut
2300 5391 2403 5444 M9
2445 5392 2708 5458 scriptam
2763 5401 2886 5445 esse
2932 5390 3285 5447 statuerunt;
3328 5395 3427 5437 an-

1854 5504 1986 5543 uum
2017 5485 2118 5545 421
2151 5484 2464 5539 indicarunt
2486 5482 2631 5537 Cave
2659 5486 2717 5533 et
2754 5477 2955 5532 Oudin.
2982 5491 3099 5530 a.v.
3121 5473 3426 5539 Palladius,

1851 5587 1907 5635 et
1941 5576 2200 5643 Rettberg
2232 5574 2289 5631 in
2319 5573 2500 5627 libro:
2534 5571 2681 5639 Allx.
2720 5566 3023 5639 Encyklop.
3065 5579 3122 5623 ν.
3162 5561 3336 5619 Ersch
3364 5574 3451 5617 ιι.Δ

1852 5670 2065 5727 Cruber
2092 5680 2120 5718 s
2165 5680 2220 5719 ν.
2255 5662 2559 5719 Palladius.

1920 5759 2033 5831 (l3)
2069 5753 2155 5811 Cf.
2190 5769 2356 5824 supra
2384 5768 2436 5824 p.
2474 5754 2563 5809 66.

1922 5852 2033 5924 (11)
2071 5843 2157 5909 Cf.
2198 5862 2363 5922 supra
2400 5862 2450 5919 p.
2483 5846 2572 5901 21.
2600 5844 2691 5901 22.
