4040 6554
596 418 669 475 83
1423 427 1530 487 ss.
1569 428 2030 488 MACARIORUM
2067 429 2391 487 AEGYPTII
2430 430 2520 488 ET
2550 432 3025 494 ALEXANDBINI
3769 429 3833 485 ει

590 540 708 634 rat,
746 535 933 600 etiam
967 544 1095 604 tres
1120 557 1188 605 se
1223 560 1423 609 annos
1451 564 1603 611 cum
1629 550 1899 612 Macario
1936 550 2237 612 vixisse'A
2264 549 2343 613 de
2377 558 2439 613 te
2481 551 2762 615 audirem
2788 577 2817 610 ι›
2866 554 2974 634 (7).
3015 555 3217 625 Quare
3271 557 3415 630 post
3454 560 3690 610 annum
3715 550 3828 616 335

592 633 803 699 dicere
833 640 1057 717 potuit,
1089 644 1204 705 etsi
1235 645 1345 709 illo
1384 654 1669 729 tempore
1701 650 1890 713 breve
1916 650 2036 713 iter
2062 650 2164 713 in-

593 735 882 801 stituerit.
919 741 1253 807 Macarium
1279 748 1347 808 in
1376 750 1576 827 quiete
1606 751 1832 812 sedisse
1862 753 1963 814 vix
1997 751 2166 815 aliud

594 835 937 915 quidquam
968 841 1297 919 signiﬁcat,
1321 846 1442 909 nisi
1475 866 1621 910 eum
1652 868 1916 913 munere
1950 869 2162 915 sacer-

593 933 747 996 dotii
769 936 835 998 in
855 956 1036 1002 usum
1056 942 1314 1007 fratrum
1335 954 1595 1029 pr0pter
1613 958 2001 1014 senectutem
2029 960 2163 1016 tum

591 1049 722 1096 non
762 1039 1030 1118 amplius
1075 1042 1359 1108 functum
1403 1065 1540 1111 esse
1574 1049 1683 1131 (1).
1728 1052 2163 1117 Tillemontius

589 1145 628 1192 c
668 1133 873 1195 verbis
917 1136 1173 1201 Palladii
1217 1143 1546 1220 conclusit,
1592 1148 1789 1210 tribus
1818 1148 1941 1212 illis
1980 1151 2162 1213 annis

587 1229 817 1310 elapsis
842 1236 1176 1302 Macarium
1216 1244 1445 1307 obiisse
1486 1245 1592 1328 (2),
1625 1249 1794 1311 unde
1824 1267 1992 1311 mors
2026 1251 2160 1314 eius

584 1328 653 1391 in
694 1348 931 1396 annum
987 1337 1100 1401 395
1149 1342 1418 1419 caderet,
1470 1354 1533 1409 et
1580 1349 1835 1429 quidem
1895 1357 2161 1415 testante

584 1430 1027 1515 Martyrologio
1067 1440 1131 1501 in
1158 1443 1237 1503 IV
1261 1451 1403 1506 ante
1425 1447 1583 1509 Non.
1606 1450 1948 1525 Januarias,
1966 1453 2157 1514 Grae-

586 1530 676 1594 cis
704 1534 976 1598 Menaeis
1016 1541 1277 1603 testibus
1314 1543 1379 1604 in
1412 1546 1543 1606 XIV
1583 1554 1727 1609 ante
1759 1548 2008 1611 Calend.
2042 1553 2158 1613 Fe-

585 1629 865 1697 bruarias
900 1635 1005 1717 (3).
1052 1640 1173 1702 Sed
1203 1660 1353 1703 num
1396 1662 1430 1706 e
1472 1647 1679 1709 verbis
1710 1647 1965 1711 Palladii
2002 1650 2158 1712 illud

582 1739 755 1795 recte
798 1735 1006 1816 colligi
1043 1743 1260 1819 possit,
1291 1743 1357 1806 in
1389 1746 1649 1809 dubium
1696 1748 1833 1812 iure
1874 1760 2155 1816 vocatur.

2264 648 2643 728 baptizatum
2673 668 2810 713 esse
2836 668 2980 714 eum
3012 668 3196 729 aegre
3239 646 3600 711 credideris.

2342 747 2661 810 Fabricius
2704 748 2811 829 (8),
2868 752 3100 813 Caveus
3152 748 3234 831 (9)
3264 797 3280 823 ,
3349 746 3630 808 Oudinus
3673 744 3829 826 (10).

2264 845 2343 908 d'e
2374 848 2587 910 Nesse]
2620 848 2767 930 (11),
2796 850 3023 913 Pritius
3048 848 3166 931 (12)
3202 848 3417 911 nescio
3442 847 3671 927 quibus
3698 844 3836 909 fulti

2263 947 2611 1010 rationibus
2646 948 2920 1025 tradunt,
2971 950 3308 1012 Macarium
3350 946 3833 1010 Alexandrinum

2263 1063 2431 1109 anno
2477 1046 2591 1109 404
2627 1064 2662 1110 e
2698 1048 2823 1111 vita
2870 1049 3237 1111 decessisse.
3286 1046 3408 1110 Sed
3444 1046 3547 1107 vix
3579 1044 3831 1105 dubium

2263 1154 2378 1221 est,
2421 1147 2575 1227 quin
2612 1149 2681 1210 in
2727 1167 2871 1212 eum
2912 1167 3187 1212 errorem
3226 1149 3372 1211 ideo
3410 1145 3652 1209 inducti
3690 1145 3829 1220 sint,

2262 1248 2434 1327 quod
2456 1249 2523 1310 in
2550 1256 2720 1311 textu
2744 1268 2969 1329 graeco
3002 1251 3253 1313 Meursii
3280 1249 3425 1330 (13),
3454 1250 3523 1310 in
3549 1247 3833 1310 versione

2259 1350 2511 1411 Herveti
2557 1349 2676 1433 (14)
2728 1360 2916 1430 atque
2961 1351 3029 1412 in
3075 1351 3370 1413 Paradiso
3418 1348 3537 1431 (15)
3584 1348 3830 1427 legitur,

2259 1450 2596 1512 Macarium
2616 1451 3103 1514 Alexandrinum
3122 1452 3389 1515 Macario
3415 1449 3726 1530 Aegyptio
3746 1448 3836 1510 iu-

2259 1541 2504 1613 niorem
2525 1552 2739 1614 fuisse.
2770 1554 2837 1614 Id
2868 1572 3013 1616 vero
3037 1554 3089 1616 si
3118 1553 3360 1628 fuisset,
3394 1570 3539 1615 eum
3562 1557 3707 1632 post
3735 1568 3836 1613 an-

2259 1668 2409 1712 num
2450 1651 2561 1712 300
2617 1662 2855 1729 natum,
2910 1659 3054 1735 post
3111 1671 3349 1716 annum
3406 1652 3518 1714 340
3557 1652 3833 1732 baptiza-

2261 1756 2392 1812 tum
2451 1769 2612 1829 esse,
2665 1759 2727 1816 et
2787 1760 2931 1817 ante
2977 1771 3214 1816 annum
3259 1752 3371 1814 348
3420 1760 3659 1815 tantam
3712 1752 3833 1813 vir-

582 1832 916 1943 Macarium
963 1840 1131 1902 enim
1176 1852 1321 1923 post
1370 1845 1512 1909 illos
1545 1853 1671 1911 tres
1711 1867 1911 1914 annos
1949 1854 2153 1917 statim
2187 1897 2233 1957 Β
2257 1852 2407 1914 tutis
2432 1852 2662 1916 famam
2689 1853 2903 1916 multis
2933 1854 3159 1916 abhinc
3181 1856 3364 1917 annis
3399 1854 3696 1918 habuisse
3724 1872 3833 1915 ne-

578 1932 852 2036 animam
887 1939 1129 2005 efflasse
1166 1945 1474 2009 Palladius
1513 1966 1639 2011 non
1678 1951 1848 2027 dicit,
1889 1954 2001 2016 sed
2032 1953 2154 2017 hoc
2187 1932 2233 1957 υ
2260 1971 2435 2016 cesse
2459 1962 2647 2031 esset,
2681 1956 2854 2036 quod
2879 1974 2915 2019 a
2946 1955 3489 2018 verisimilitudine
3512 1955 3703 2035 plane
3726 1954 3834 2015 ab-

579 2029 784 2094 solum
825 2052 839 2094 :
871 2038 1205 2102 Macarium
1246 2046 1618 2124 Aegyptium
1652 2066 1819 2112 anno
1859 2058 2003 2113 ante
2040 2053 2152 2115 ad-

578 2134 835 2191 ventum
867 2132 1066 2212 ipsius
1096 2138 1161 2199 in
1195 2140 1600 2207 solitudinem
1627 2154 1945 2210 mortuum
1984 2166 2152 2226 esse;

579 2243 725 2290 cum
754 2232 1019 2298 Macario
1051 2245 1261 2301 autem
1296 2242 1737 2324 Alexandrino,
1781 2250 2155 2315 Cellularum

580 2331 975 2411 presbytero,
998 2355 1065 2400 se
1092 2346 1218 2402 tres
1246 2360 1449 2408 annos
1467 2348 1717 2412 vixisse.
1742 2353 1924 2429 Quid,
1948 2355 1999 2415 si
2022 2358 2154 2417 Ma-

577 2429 782 2537 carius
820 2432 1299 2519 Alexandrinus,
1337 2448 1449 2527 qui
1484 2450 1758 2515 Palladio
1792 2461 1952 2518 teste
1979 2455 2059 2537 (4)
2088 2456 2156 2519 in

577 2530 771 2596 Nitria
810 2542 871 2598 et
910 2537 975 2600 in
1017 2541 1315 2609 interiore
1356 2556 1523 2613 vasta
1568 2553 1906 2618 solitudine
1967 2530 2155 2621 cellas

578 2627 818 2708 habuit,
860 2644 1003 2717 post
1045 2640 1188 2704 illos
1227 2650 1355 2708 tres
1381 2665 1583 2713 annos
1619 2652 1686 2714 in
1713 2654 1897 2717 aliam
1933 2656 2157 2719 cellam

574 2731 774 2795 abiit?
809 2737 965 2810 Quid
1000 2741 1052 2803 si
1091 2750 1458 2824 congressui
1490 2750 1750 2816 fratrum
1788 2757 2047 2819 omnino
2087 2776 2155 2821 se

575 2829 911 2898 subduxit?
940 2839 1181 2917 Fateor,
1219 2844 1599 2911 Tillemontii
1632 2854 2008 2916 sententiam
2043 2872 2151 2917 ve-

575 2927 897 2996 risimilem
933 2939 1190 3017 quidem
1229 2962 1388 3023 esse,
1435 2950 1546 3012 sed
1586 2959 1819 3017 certam
1859 2972 1998 3018 eam
2037 2973 2153 3019 ne-

577 3047 897 3111 quaquam
928 3036 1215 3104 dixerim.

653 3130 782 3206 Sin,
798 3134 1175 3203 Tillemontii
1194 3144 1558 3223 Opinionem
1571 3155 1788 3229 secuti,
1801 3160 2151 3238 statuimus,

573 3233 903 3300 Macarium
930 3240 1412 3312 Alexandrinum
1435 3270 1652 3317 mense
1675 3259 1968 3324 Januario
2007 3233 2156 3327 anni

577 3328 691 3392 395
724 3334 845 3397 vita
884 3337 1249 3420 decessisse,
1287 3351 1555 3414 eundem
1597 3360 1741 3418 ante
1773 3375 2009 3423 annum
2040 3361 2155 3425 295

573 3439 813 3511 uatum,
830 3445 891 3500 et
902 3448 1046 3504 ante
1065 3461 1297 3510 annum
1330 3449 1444 3512 335
1458 3453 1834 3535 baptizatum
1858 3478 2017 3539 esse,
2034 3471 2157 3528 sta-

572 3538 822 3599 tuamus
835 3556 1090 3605 necesse
1111 3552 1222 3608 est.
1238 3550 1389 3612 Nam
1407 3552 1682 3619 Palladio
1693 3566 1945 3623 auctore
1957 3580 2158 3627 annos

573 3635 982 3744 quadraginta
1004 3651 1183 3708 natus
1207 3647 1585 3729 baptismum
1607 3660 1904 3739 suscepit,
1932 3679 2007 3724 ex
2026 3682 2154 3744 quo

573 3735 793 3839 saltem
831 3743 1149 3821 sexaginta
1192 3766 1393 3813 annos
1434 3754 1583 3817 vixit
1615 3756 1724 3839 (5).
1763 3735 2013 3824 Macarii
2042 3735 2152 3827 illo

573 3835 653 3897 ad
682 3839 1173 3909 Tabennesiotas
1198 3848 1421 3914 itinere
1442 3835 1805 3933 edocemur,
1834 3878 1977 3923 eum
2004 3870 2151 3927 ante

572 3951 812 4042 annum
837 3939 975 4017 348,
1009 3962 1136 4024 quo
1172 3949 1544 4016 Pachomius
1576 3956 1741 4019 diem
1781 3977 2149 4042 supremum

574 4037 731 4100 obiit
761 4040 871 4121 (6),
916 4046 1024 4115 87
1055 4065 1280 4128 magna
1312 4054 1474 4117 vitae
1516 4037 1925 4125 monachicae
1962 4063 2149 4129 laude

573 4136 897 4239 tloruisse;
949 4146 1182 4209 etenim
1230 4151 1604 4218 Pachomius
1646 4157 1703 4219 ei
1738 4177 1751 4218 :
1792 4162 2065 4224 «Multis
2092 4188 2146 4239 ››,

571 4235 801 4318 inquit,
851 4242 1127 4309 «abhinc
1162 4252 1346 4312 annis
1385 4256 1555 4334 cupii
1582 4263 1644 4318 te
1678 4258 1911 4335 videre,
1953 4235 2149 4343 quum

649 4388 727 4458 (1)
757 4387 934 4444 Simili
967 4393 1127 4447 modo
1176 4393 1443 4465 Ephraem
1477 4399 1587 4452 τὸν
1616 4402 1861 4472 ἥσυχον
1885 4406 1974 4459 ἀεὶ
2011 4408 2149 4471 ἑξα-

571 4479 806 4548 σκῆσαι
854 4483 1001 4546 ,βίον
1056 4485 1283 4543 dicitur.
1337 4488 1477 4545 llist.
1550 4492 1713 4549 Laus.
1778 4497 1869 4553 ed.
1941 4498 2145 4556 Meurs.

571 4584 694 4641 cap.
723 4573 813 4626 101
849 4572 985 4645 Opp.
1022 4576 1221 4633 Meurs.
1259 4580 1294 4635 l.
1329 4582 1363 4637 Ι.
1400 4599 1455 4653 p.
1483 4584 1608 4638 572.

645 4664 724 4735 (Ξ)
764 4665 1058 4723 Tillemont
1100 4670 1392 4730 Mémoires
1433 4677 1519 4733 ed.
1576 4678 1861 4739 Bruxelles
1918 4681 1983 4737 Τ.
2029 4683 2144 4741 VIII

571 4754 637 4809 P.
673 4754 739 4808 ιιι
768 4773 821 4825 ρ.
862 4758 1017 4817 1078.

644 4848 723 4917 (5)
764 4848 851 4903 Cf.
889 4850 1031 4904 infra
1058 4852 1236 4925 Caput
1271 4854 1406 4913 Vlll.

642 4938 719 5009 (4)
763 4941 938 5012 Supra
973 4960 1025 5013 p.
1055 4944 1141 4998 69.

643 5027 722 5098 (5)
779 5028 866 5083 Cf.
898 5047 1060 5101 supra
1104 5030 1132 5102 ς
1165 5031 1230 5086 19
1254 5049 1303 5103 p.
1332 5033 1402 5089 75
1441 5052 1563 5107 sqq.

646 5119 723 5189 (6)
761 5120 873 5173 ΛΑ.
902 5120 1001 5176 SS.
1043 5123 1177 5178 Boll.
1218 5125 1319 5179 Mai
1349 5125 1411 5178 Τ.
1466 5126 1533 5181 111
1582 5146 1637 5199 p.
1691 5131 1798 5185 290
1848 5150 1967 5206 sqq.
2005 5175 2020 5199 ,
2068 5137 2143 5192 cf.

576 5209 873 5266 Tillemont
924 5214 1216 5273 Mémoires
1258 5219 1345 5274 ed.
1386 5218 1554 5275 Brux.
1618 5221 1684 5280 T.
1743 5223 1828 5279 VII
1866 5224 1927 5281 P.
1972 5226 2035 5281 III
2090 5247 2145 5301 p.

573 5304 732 5358 1255.

646 5394 721 5463 (7)
764 5395 849 5449 Cf.
880 5412 1045 5466 supra
1074 5414 1127 5468 p.
1158 5399 1247 5453 71.

645 5480 723 5549 (Β)
766 5481 904 5537 Bibl.
937 5483 1129 5538 Graec.
1189 5484 1277 5541 ed.
1315 5485 1553 5543 Harless.
1582 5488 1648 5543 Τ.
1686 5489 1802 5543 VIII
1848 5494 2143 5566 Hamburg.

573 5572 734 5633 l80‘2.
761 5574 837 5636 4ο,
872 5591 924 5644 ρ.
953 5576 1057 5631 565
1080 5592 1125 5631 s.
1150 5593 1200 5632 ν.
1221 5576 1496 5634 Macarius
1524 5582 1702 5635 iunior
1726 5584 2143 5639 Alexandrinus.

643 5662 720 5732 (9)
755 5662 979 5735 Scriplt.
1003 5668 1199 5724 eccles.
1226 5667 1372 5724 Hist.
1394 5670 1497 5723 litt.
1520 5686 1566 5726 s.
1584 5688 1633 5725 ν.
1657 5672 1926 5727 Macarius
1937 5673 2144 5742 junior.

642 5754 756 5824 (10)
805 5756 1112 5816 Comment.
1135 5761 1204 5819 de
1245 5760 1476 5835 Scriptt.
1512 5764 1713 5822 eccles.
1753 5778 1800 5819 s.
1834 5781 1887 5819 v.
1918 5762 2151 5820 Macarii

573 5854 679 5905 Ira
706 5852 967 5909 monachi.

2256 2053 2494 2117 horret.
2547 2056 2707 2118 Illud
2739 2075 2911 2132 vero,
2973 2058 3314 2120 Macarium
3350 2054 3836 2117 Alexandrinum

2254 2159 2563 2238 Aegyptio
2592 2158 2900 2221 iuniorem
2931 2158 3145 2235 fuisse,
3177 2176 3389 2239 neque
3420 2157 3485 2219 in
3515 2157 3836 2219 codicibus

2254 2256 2871 2333 Vindobonensibus,
2916 2277 3126 2339 neque
3150 2259 3218 2320 in
3259 2258 3518 2338 antiqua
3543 2258 3835 2319 versione

2256 2355 2543 2420 habetur.
2602 2359 3037 2422 Tillemontius
3087 2361 3421 2422 Macarium
3466 2360 3833 2421 Alexandri-

2256 2474 2406 2519 num
2436 2465 2636 2521 aetate
2655 2458 2847 2522 fuisse
2877 2461 3187 2523 minorem
3208 2460 3353 2522 ideo
3374 2461 3632 2541 putavit,
3669 2460 3836 2540 quod

2255 2558 2595 2637 scriptores
2626 2576 2769 2622 cum
2801 2578 3051 2641 semper
3090 2571 3230 2642 post
3265 2562 3597 2624 Maearium
3640 2566 3839 2643 Aegy-

2255 2660 2457 2741 ptium
2488 2664 3117 2725 commemoraverint
3151 2663 3295 2745 (16).
3337 2666 3496 2727 Rem
3534 2667 3835 2729 Sozome-

2255 2777 2374 2820 nus
2403 2760 2695 2840 explicat,
2738 2762 2872 2843 qui,
2918 2771 3253 2844 postquam
3286 2765 3365 2827 de
3403 2766 3675 2828 Macario
3719 2770 3836 2828 Ae—

2255 2860 2473 2939 gyptio
2501 2860 2876 2942 disputavit:
2913 2886 2941 2919 ‹‹
2968 2864 3270 2925 Macarius
3298 2887 3352 2939 »,
3381 2864 3608 2944 inquit,
3640 2889 3675 2922 α
3708 2865 3839 2927 Ale-

2254 2960 2599 3023 xandrinus
2667 2961 2867 3023 serius
2932 2963 3191 3043 quidem
3248 2964 3581 3045 presbyter
3636 2964 3838 3027 factus

2257 3066 2401 3120 est»
2427 3059 2574 3141 (17).
2614 3065 2816 3142 Atque
2864 3063 3053 3124 etiam
3100 3063 3432 3127 verisimile
3475 3071 3589 3139 est,
3630 3068 3836 3127 Maca-

2256 3160 2417 3223 rium
2462 3163 2576 3233 88
2618 3163 3110 3225 Alexandrinum
3152 3171 3295 3244 post
3340 3167 3681 3228 Macarium
3722 3170 3837 3227 Ae-

2184 3241 2225 3299 C
2261 3262 2545 3341 gyptium
2593 3262 2974 3325 monachum
3011 3241 3244 3327 factum
3285 3281 3443 3327 esse.
3502 3265 3841 3327 Macarium

2264 3380 2409 3426 vero
2450 3363 2940 3427 Alexandrinum
2982 3366 3291 3446 Aegyptio
3342 3372 3494 3428 natu
3528 3366 3840 3429 minorem

2261 3464 2477 3539 fuisse,
2526 3466 2649 3527 iam
2700 3468 2871 3546 apud
2908 3469 3270 3530 Makrizium
3304 3468 3459 3546 legis
3500 3466 3650 3549 (18).
3686 3470 3838 3542 Nec,

2264 3564 2432 3626 unde
2468 3582 2645 3628 error
2671 3566 2735 3626 in
2779 3565 2886 3628 illa
2915 3567 3225 3629 Historiae
3259 3567 3596 3629 Lausiacae
3624 3584 3841 3629 exem-

2260 3665 2458 3745 plaria
2507 3667 2854 3748 irrepserit,
2911 3675 3086 3732 certo
3126 3668 3379 3730 dixeris.
3438 3669 3591 3742 Quia
3627 3680 3840 3731 autem

2258 3766 2676 3828 Sozomenum
2698 3784 2794 3842 ea,
2816 3784 2981 3847 quae
3001 3767 3081 3829 de
3106 3766 3387 3829 Macariis
3407 3765 3618 3840 habet,
3645 3784 3683 3827 e
3702 3764 3839 3827 Pal-

2255 3865 2408 3927 ladii
2445 3868 2718 3931 Historia
2754 3869 3052 3931 Lausiaca
3087 3858 3462 3949 compilasse
3502 3870 3837 3931 manifesto

2252 3973 2448 4046 patet,
2466 3968 3324 4043 additamentum,Macarium
3346 3971 3839 4033 Alexandrinum

2253 4067 2453 4130 serius
2472 4068 2911 4148 presbyterum
2932 4086 3069 4130 esse
3089 4069 3342 4145 factum,
3356 4071 3479 4132 iam
3503 4071 3838 4132 Sozomeni

2256 4177 2539 4249 tempore
2572 4170 2637 4230 in
2677 4170 2972 4232 Lausiaca
3004 4171 3313 4233 exstitisse
3343 4170 3674 4252 probabile
3721 4178 3833 4230 est.

2336 4275 2362 4345 ᾗ
2392 4270 2488 4331 22.
2541 4270 2663 4332 Sed
2702 4270 2781 4333 ad
2822 4271 3213 4333 narrationes
3247 4272 3416 4353 ipsas
3449 4271 3527 4334 de
3562 4270 3836 4334 Macario

2326 4411 2437 4481 (11)
2483 4383 3113 4481 Supplem..COInInent.
3144 4411 3403 4467 Lambec.
3431 4410 3666 4467 Vindob.
3696 4411 3835 4466 1690

2264 4499 2326 4556 T.
2363 4500 2405 4555 ll
2451 4502 2506 4556 in
2530 4501 2713 4555 indice
2742 4501 3090 4571 alphabetico
3121 4518 3169 4558 s.
3205 4520 3257 4557 ν.
3288 4501 3563 4556 Macarius
3588 4504 3802 4571 junior.

2180 4569 2224 4622 D
2325 4592 2435 4663 (ιε)
2467 4592 2523 4647 S.
2554 4592 2775 4646 Macarii
2802 4569 3066 4664 _Aegyptii
3093 4595 3302 4665 Opusc.
3344 4606 3399 4652 et.
3426 4569 3833 4668 Apophtbegm.

2254 4682 2406 4754 Lips.
2456 4686 2591 4741 1699
2623 4683 2806 4740 Praef.
2850 4685 3010 4757 §Vll.

2326 4777 2438 4845 (15)
2471 4776 2607 4846 Cap.
2636 4776 2708 4831 20
2737 4776 2875 4847 Opp.
2911 4777 3113 4833 Meurs.
3139 4778 3177 4835 l.
3216 4778 3251 4832 Ι.
3291 4794 3343 4848 p.
3371 4778 3496 4833 389.

2325 4869 2436 4938 (ιιι)
2466 4868 2631 4934 11)ἱ(1.,
2681 4878 2738 4925 et
2786 4868 2902 4924 vv.
2953 4869 3055 4923 re.
3088 4868 3275 4924 Rosw.
3306 4871 3403 4924 lib.
3442 4868 3559 4923 vm
3604 4884 3731 4939 cap.
3768 4870 3836 4924 19

2255 4976 2308 5031 p.
2344 4960 2467 5024 τις),
2510 4960 2565 5014 2.

2325 5055 2439 5124 (15)
2469 5053 2585 5109 νγ.
2617 5052 2723 5109 ΡΡ.
2750 5051 2934 5108 Rosw.
2960 5066 3082 5122 cap.
3114 5050 3147 5106 6
3174 5067 3230 5122 p.
3256 5052 3382 5117 950,
3423 5053 3476 5107 1.

2324 5146 2510 5217 (16)'¢
2564 5145 2722 5200 Celui
2782 5144 3171 5199 d’Alexandrie
3206 5159 3236 5197 a
3291 5142 3377 5198 été
3421 5153 3837 5214 apparemment

2262 5238 2575 5308 postérieur
2603 5237 2635 5292 ὸ
2659 5237 2797 5292 celui
2834 5234 3095 5307 d‘Egypte
3140 5236 3288 5290 aussi
3350 5236 3480 5290 bien
3508 5251 3650 5307 pour
3695 5237 3835 5292 l‘en-

2254 5326 2376 5383 trée
2430 5328 2569 5382 dans
2625 5327 2675 5381 Ia
2732 5326 2968 5381 solitude
3034 5339 3142 5395 que
3204 5339 3343 5394 pour
3402 5326 3453 5379 Ia
3514 5329 3832 5390 naissance,

2256 5419 2548 5491 puisqu’on
2572 5419 2622 5473 le
2651 5427 2760 5473 met
2796 5418 3052 5488 toujours
3083 5414 3247 5487 aprés
3272 5417 3488 5474 l’autre.
3530 5438 3551 5472 ι
3600 5417 3835 5473 Mémoi-

2261 5529 2351 5568 res
2384 5512 2448 5567 Τ.
2475 5510 2592 5565 VIII
2617 5511 2676 5566 P.
2700 5510 2771 5564 lll
2805 5527 2840 5582 p
2897 5510 3057 5566 1045.

2323 5606 2440 5677 (17)
2481 5604 2615 5660 Hist.
2650 5604 2796 5660 Eccl.
2824 5606 2917 5660 lib.
2953 5604 3019 5660 Ill
3059 5623 3180 5676 cap.
3210 5607 3277 5660 11
3307 5605 3392 5659 ed.
3433 5604 3468 5658 I.
3507 5619 3559 5673 p.
3591 5602 3720 5657 516.

2336 5698 2380 5763 (l
2397 5698 2449 5767 8)
2481 5697 2703 5752 Macrizi
2728 5697 3057 5753 Geschichte
3078 5700 3178 5753 der
3204 5699 3416 5766 Copten
3449 5712 3498 5749 ν.
3519 5693 3676 5749 Fcrd.
3699 5690 3835 5748 Wh-

2260 5790 2494 5846 Sterticld
2524 5791 2767 5863 Gotting.
2805 5791 2949 5847 1815
2979 5807 3032 5862 ρ.
3068 5791 3191 5846 uo.
3241 5791 3363 5846 ιιι.
