4040 6558
177 384 247 444 85
1687 408 1753 465 Vl

1855 413 1917 471 Ε.
3346 433 3418 491 86

175 506 590 628 Alexandrino
618 527 656 573 θ
706 513 978 628 Historia
1006 519 1300 628 Lausiaca
1337 524 1611 602 prolatas
1638 544 1748 589 ve-
1777 538 1821 593 A
1851 536 2103 616 sederit,
2130 539 2196 602 in
2223 542 2474 607 Herveti
2509 551 2570 609 et
2596 546 2663 609 in
2690 548 2945 628 antiqua
2972 549 3258 613 versione
3287 569 3421 617 non

172 612 435 673 niamus.
474 614 742 686 Quarum
778 616 949 679 nulla
974 619 1141 698 apud
1161 619 1351 682 alium
1381 624 1751 705 scriptorem

170 711 481 776 invenitur
513 722 763 793 praeter
790 717 989 781 solam
1027 720 1105 782 de
1144 738 1473 801 magorum
1517 745 1747 790 monu-

172 820 383 875 mento
430 832 467 876 a
511 817 781 891 Macario
813 818 1236 885 Alexandrino
1278 824 1434 900 viso,
1484 845 1647 906 quae
1682 829 1749 892 in

173 911 329 974 libro
377 917 658 979 secundo
716 916 795 998 (1)
858 918 991 982 fere
1038 920 1161 985 hoc
1212 924 1400 987 modo
1439 926 1746 991 habetur:

169 1017 507 1079 Macarium
528 1036 678 1099 prae
706 1021 934 1083 ceteris
952 1022 1209 1084 senibus
1234 1033 1577 1089 amatorem
1608 1046 1749 1091 ere-

168 1114 249 1175 mi
278 1113 497 1190 fuisse,
531 1124 592 1178 et
620 1117 939 1183 inaccessa
968 1131 1424 1201 perscrutatum
1454 1143 1593 1189 esse
1628 1127 1748 1189 de-

168 1222 354 1276 serta.
396 1216 743 1297 Aliquando
779 1237 925 1281 eum
952 1223 1266 1285 invenisse
1296 1224 1506 1287 locum
1540 1227 1607 1289 in
1646 1246 1750 1291 re-

168 1315 530 1377 motissimis
542 1319 735 1379 eremi
754 1321 1033 1399 partibus
1046 1324 1317 1402 positum
1331 1327 1751 1410 omnibusque

169 1413 353 1476 bonis
377 1415 710 1495 repletum.
734 1419 1023 1483 Ubiduos
1035 1422 1343 1488 habitasse
1364 1426 1607 1506 fratres,
1638 1430 1748 1510 qui

169 1522 431 1595 prOpter
458 1516 920 1581 multitudinem
962 1522 1342 1587 daemonum
1373 1528 1460 1589 ibi
1508 1518 1783 1608 degen-‘

169 1615 344 1689 tium,
365 1634 448 1679 ne
474 1618 630 1679 alios
642 1636 719 1681 eo
740 1611 1455 1704 monachos-deduceret,
1470 1646 1613 1690 eum
1633 1630 1747 1691 ad-

166 1718 548 1778 monuerint.
582 1720 925 1797 Regressus
937 1730 1144 1786 autem
1166 1743 1360 1805 quum
1383 1730 1753 1807 Opportuni-

1850 637 2065 700 culicis
2101 639 2299 717 elisio,
2340 644 2451 707 sed
2494 645 2748 725 spiritus
2786 647 3216 712 fornicationis
3250 652 3418 714 indi:

1850 745 2044 801 catur.
2092 742 2163 804 In
2208 743 2438 823 quibus
2482 744 2639 809 haec
2687 747 2885 825 legis:
2922 772 2949 805 α
2980 750 3049 810 Ei
3082 749 3420 831 aliquando

1848 839 2198 904 molestiam
2245 844 2528 908 exhibuit
2572 848 2826 927 spiritus
2872 848 3328 926 fornicationis,
3360 858 3424 914 et

1850 943 1997 1004 tunc
2029 943 2463 1007 condemnavit
2490 948 2767 1028 seipsum
2796 949 3015 1013 sedere
3040 951 3279 1013 nudum
3310 970 3425 1014 sex

1848 1059 2098 1105 menses
2126 1044 2191 1105 in
2218 1045 2446 1125 palude
2475 1048 2668 1110 Scetis
2694 1096 2708 1110 .
2739 1097 2753 1110 .
2782 1095 2795 1109 .
2826 1072 2855 1107 »
2887 1050 2993 1129 (3).
3039 1052 3231 1123 Quam
3270 1069 3421 1115 eau-

1850 1159 1981 1205 sam
2012 1142 2227 1207 falsam
2255 1163 2391 1209 esse
2419 1147 2702 1210 existimo
2734 1156 2793 1210 et
2820 1149 2969 1211 inde
3002 1151 3226 1223 ﬁctam,
3250 1151 3423 1230 quod

1848 1244 1997 1307 talis'
2015 1263 2220 1325 poena
2253 1248 2371 1310 soli
2409 1248 2630 1310 ultioni
2666 1249 2881 1311 culicis
2922 1252 3256 1330 pungentis
3292 1270 3424 1314 non

1851 1362 2125 1423 congrua
2152 1346 2279 1408 visa
2310 1346 2407 1409 sit.
2438 1349 2654 1410 Versio
2682 1350 2934 1410 Herveti
2963 1351 3237 1411 Macario
3276 1368 3427 1429 qua-

1849 1448 1993 1503 tuor
2020 1444 2233 1505 tribuit
2261 1444 2514 1507 cellulas
2539 1445 2602 1507 in
2644 1448 2846 1520 Scete,
2878 1448 3094 1527 Libya,
3125 1447 3330 1511 Celliis
3361 1454 3424 1510 et

1849 1547 2064 1602 monte
2089 1542 2318 1605 Nitriae
2348 1545 2516 1606 sitas.
2538 1544 2659 1605 Sed
2682 1545 2868 1607 Cellia
2896 1547 2974 1607 ad
3000 1547 3256 1626 Libyam
3284 1565 3428 1626 per-

1849 1643 2190 1718 tinuerunt,
2255 1663 2462 1725 neque
2530 1647 2779 1710 codices
2847 1663 3055 1725 neque
3117 1647 3426 1711 editiones

1851 1750 2220 1827 ceteraeque
2243 1747 2560 1808 versiones
2586 1747 2728 1827 plus
2752 1747 2949 1809 tribus
2978 1747 3225 1809 Macarii
3252 1746 3426 1811 cellis

167 1818 370 1926 tatem.
385 1815 510 1877 loci
539 1816 833 1878 fratribus
854 1817 1224 1931 indicasset,
1250 1822 1590 1884 multorum
1617 1822 1751 1883 ani-
1784 1878 1824 1931 Β
1852 1815 2399 1924 ηοτυηῑ..Αηίί(1υδ
2432 1815 2633 1908 γενεῇ)
2648 1864 2775 1909 non
2817 1847 3026 1921 habet,
3058 1847 3422 1921 Macarium,

166 1930 310 1975 mos
352 1916 774 1979 inflammatos
828 1936 988 1993 esse,
1038 1920 1149 1982 sed
1197 1929 1440 1985 ceteros
1477 1923 1744 1986 dixisse:

167 2036 192 2068 α
220 2014 433 2076 Locus
472 2015 588 2076 iste
627 2017 679 2078 si
708 2034 877 2091 vere,
924 2024 995 2079 ut
1029 2018 1315 2095 iactatur,
1354 2039 1389 2083 a
1424 2022 1663 2095 Iamne.
1688 2028 1750 2084 et

162 2115 446 2178 Mambre
467 2117 744 2179 consitus
776 2126 890 2193 est,
916 2137 1044 2180 non
1072 2119 1236 2182 aliud
1266 2121 1343 2183 de
1371 2138 1447 2184 eo
1482 2122 1745 2185 creden-

164 2215 319 2278 dum
350 2224 468 2291 est,
502 2219 622 2299 nisi
649 2220 817 2299 quod
850 2220 1081 2283 diaboli
1104 2238 1296 2301 Opere
1326 2223 1402 2284 ad
1434 2223 1751 2305 deceptio-

165 2334 315 2378 nem
338 2326 614 2380 nostram
638 2331 1047 2400 praeparatus
1075 2321 1173 2383 sit.
1208 2323 1269 2383 Si
1293 2324 1461 2385 enim
1491 2342 1657 2400 vere,
1682 2333 1751 2389 ut

162 2418 526 2498 perhibent,
578 2420 914 2483 deliciosus
954 2428 1047 2483 est
1092 2427 1153 2482 et
1199 2423 1547 2499 abundans,
1596 2425 1747 2503 quid

163 2520 565 2598 sperabimus
600 2521 665 2581 in
712 2520 926 2583 futuro
964 2522 1240 2598 saeculo,
1283 2523 1336 2584 si
1368 2523 1470 2586 hic
1508 2525 1750 2590 deliciis

162 2617 525 2681 fruimur?»
553 2622 786 2694 Quibus
811 2624 1017 2687 verbis
1038 2627 1290 2689 tandem
1308 2627 1620 2692 ferventes
1648 2630 1748 2691 iu-

164 2736 403 2781 venum
439 2722 682 2784 animos
713 2742 1036 2804 repressos
1075 2745 1234 2790 esse.
1286 2733 1443 2792 Rem
1482 2734 1753 2814 scriptor

162 2815 310 2879 libri
357 2820 620 2882 secundi
662 2820 827 2884 fama
867 2832 1228 2905 acceperat;
1270 2845 1418 2892 nam
1454 2832 1701 2914 scripsit
1735 2850 1748 2891 :

165 2939 191 2969 α
218 2916 538 2978 Ferebant
561 2938 703 2982 eum
731 2930 1073 2986 amatorem
1096 2926 1288 2989 fuisse
1313 2975 1328 2989 .
1362 2977 1375 2991 .
1406 2978 1419 2991 .
1449 2948 1497 3004 .;
1519 2954 1547 2986 »
1578 2938 1749 2994 tum:

168 3036 193 3068 ι
219 3014 350 3075 Ubi
383 3016 569 3078 etiam
590 3018 750 3079 duos
770 3019 991 3085 fratres
1021 3023 1332 3089 invenisse
1353 3027 1695 3105 ferebatur.
1718 3053 1747 3086 ›)

1851 1963 2043 2024 quum
2074 1946 2556 2022 cogitationibus
2584 1964 2777 2009 vanae
2810 1946 3042 2026 gloriae
3072 1954 3422 2023 vexaretur,

1849 2058 2038 2104 arena
2079 2042 2356 2106 humeris
2398 2045 2691 2125 imposita
2733 2064 3014 2109 eremum
3051 2048 3425 2127 pervasisse,

1848 2145 1960 2206 sed
1999 2163 2013 2205 :
2056 2169 2084 2201 α
2120 2147 2220 2208 Sic
2271 2165 2442 2225 ergo,
2476 2172 2504 2204 ››
2536 2149 2763 2228 inquit,
2797 2173 2825 2205 α
2860 2150 3049 2211 iacuit
3092 2167 3296 2227 usque
3348 2149 3428 2211 ad

1847 2264 2203 2326 vesperam;
2230 2249 2631 2326 postmodum
2661 2249 2929 2310 surrexit
2949 2249 3026 2309 ad
3056 2256 3429 2311 consuetum

1850 2363 2011 2427 opus
2060 2347 2305 2409 Domini
2339 2374 2367 2404 υ
2403 2349 2506 2429 (4).
2540 2350 2818 2428 Denique
2863 2350 2930 2409 in
2974 2349 3227 2409 Herveti
3265 2355 3327 2410 et
3361 2341 3431 2410 iri

1848 2434 2104 2526 antiqua
2166 2448 2480 2523 versione,
2538 2456 2872 2528 postquam
2940 2454 3259 2509 narratum
3313 2452 3427 2517 est.

1850 2545 2191 2609 daemones
2222 2564 2255 2609 e
2287 2555 2699 2609 monumento
2724 2571 2751 2603 «
2779 2549 2978 2608 Janne
3006 2553 3068 2608 et
3096 2546 3371 2607 Mambre
3400 2568 3430 2602 »

1849 2642 2176 2725 magorum
2195 2665 2477 2727 egressos
2492 2666 2526 2710 a
2547 2647 2813 2709 Macario
2832 2647 3080 2726 fugatos
3102 2664 3263 2720 esse,
3278 2645 3434 2710 haec

1849 2746 2209 2809 adduntur:
2243 2772 2269 2804 τι
2304 2747 2701 2825 Ingrediente
2739 2754 2946 2808 autem
2987 2764 3063 2808 eo
3104 2746 3433 2823 [Macario]

1848 2845 1915 2908 in
1934 2847 2293 2927 paradisum
2316 2848 2373 2909 ei
2395 2848 2665 2910 occurrit
2682 2846 2968 2908 diabolus
2986 2847 3096 2917 90
3117 2865 3260 2908 cum
3288 2847 3435 2908 stri—

1853 2955 1951 3009 cta
1964 2947 2371 3027 rhomphaea,
2395 2947 2455 3010 ei
2474 2947 2789 3008 minitans.
2815 2946 2905 3007 Ad
2934 2964 3124 3025 quem
3150 2946 3311 3008 hanc
3329 2964 3439 3008 vo-

1853 3063 1991 3111 cem
2020 3048 2345 3129 respondit
2374 3054 2623 3109 sanctus
2652 3046 2953 3108 Macarius
2988 3065 3002 3106 :
3033 3049 3125 3107 Tu
3148 3046 3324 3107 venis
3356 3045 3439 3107 ad

164 3117 460 3179 Fortasse
483 3119 842 3183 etiamfama
863 3122 942 3184 de
959 3123 1208 3186 duobus
1228 3127 1572 3201 monachis,
1592 3146 1752 3211 quos
1786 3215 1820 3227 ﬁ
1853 3162 1957 3207 me
2002 3145 2067 3208 in
2115 3117 2323 3208 gtricta
2371 3145 2780 3227 rhomphaea,
2827 3151 2888 3205 et
2945 3162 3063 3224 ego
3112 3152 3328 3207 contra
3374 3152 3439 3207 te

164 3218 479 3279 Macarius
516 3222 857 3301 Aegyptius
884 3224 951 3284 in
988 3226 1421 3289 remotissimis
1463 3228 1752 3290 solitudi—

1855 3245 2174 3324 ingrediar
2200 3246 2265 3306 in
2296 3246 2552 3307 nomine
2586 3245 2835 3309 Domini
2872 3245 3168 3319 Sabaoth,
3196 3245 3265 3306 in
3302 3246 3440 3308 acie

164 3319 261 3382 nis
290 3320 579 3400 partibus
616 3324 1215 3395 nudoss9invenit
1242 3327 1352 3406 (2),
1388 3328 1454 3389 in
1475 3329 1756 3391 indolem

160 3418 201 3483 1"
218 3419 317 3481 ,θινὶ
340 3420 603 3481 secundi
630 3424 1001 3486 narrationis
1020 3425 1143 3487 vim
1162 3426 1436 3504 aliquam
1454 3430 1752 3493 exercuit.

240 3538 348 3601 Ad
405 3539 691 3601 ordinem
757 3542 1011 3620 deinde,
1064 3563 1192 3625 quo
1248 3548 1638 3611 narrationes
1693 3549 1759 3611 in

165 3638 359 3700 editis
383 3642 843 3720 exemplaribus
866 3663 933 3706 se
958 3647 1299 3727 excipiunt,
1320 3650 1490 3729 quod
1517 3651 1756 3726 attinet,

164 3739 506 3802 Paradisus
529 3749 588 3803 et
610 3744 811 3805 versio
839 3747 1095 3829 antiqua
1124 3765 1224 3810 res
1257 3750 1481 3811 eodem
1514 3752 1759 3827 ordine,

167 3858 301 3921 quo
354 3844 606 3906 codices
650 3846 1197 3923 Vindobonenses,
1230 3859 1516 3927 narrant;
1567 3854 1761 3917 altera

164 3943 231 4004 in
279 3944 415 4007 hoc
460 3946 596 4009 solo
645 3948 977 4029 discrepat,
1013 3953 1185 4031 quod
1213 3952 1394 4027 illud,
1424 3958 1760 4019 Macarium

166 4044 290 4105 sibi
344 4048 777 4126 pr0posuisse,
810 4057 879 4111 ut
923 4052 1205 4133 quinque
1251 4054 1472 4116 diebus
1516 4055 1583 4116 in
1624 4056 1761 4119 solo

166 4147 303 4209 Deo
342 4155 623 4210 mentem
654 4150 978 4233 deﬁgeret,
1011 4154 1239 4217 omisit.
1272 4156 1463 4233 Magis
1491 4164 1698 4219 autem
1728 4176 1765 4219 a

166 4249 505 4311 codicibus
535 4251 831 4315 differunt
855 4271 1115 4332 graecae
1146 4257 1451 4321 editiones
1482 4266 1542 4320 et
1574 4259 1768 4322 inter-

168 4350 449 4428 pretatio
496 4353 769 4414 Herveti.
811 4357 882 4416 In
914 4355 1144 4435 quibus
1187 4357 1266 4418 ab
1312 4357 1492 4420 initio
1545 4360 1765 4439 capitis

167 4456 451 4527 quatuor
474 4455 886 4529 narrationes,
902 4474 1065 4536 quae
1084 4458 1148 4518 in
1173 4458 1495 4521 codicibus
1512 4460 1761 4535 desunt,

1858 3348 1968 3408 Dei
1996 3346 2186 3407 Israel
2219 3344 2325 3425 (5).
2363 3368 2392 3401 »

1935 3449 2010 3508 Et
2036 3446 2191 3508 haec
2222 3445 2475 3525 quidem
2507 3451 2673 3518 sunt,
2697 3442 2927 3523 quibus
2956 3442 3267 3505 editiones
3295 3459 3439 3504 ver-

1860 3547 2197 3626 sionesque
2252 3545 2566 3607 Historiae
2633 3543 2969 3605 Lausiacae
3023 3560 3059 3604 a
3115 3542 3443 3604 codicibus

1860 3648 2178 3710 differunt.
2207 3648 2342 3708 Hoc
2369 3644 2573 3708 solum
2604 3643 2867 3716 accedit,
2900 3641 3074 3721 quod
3103 3642 3170 3703 in
3211 3642 3440 3705 editio-

1860 3749 2046 3813 nibus
2086 3746 2321 3825 graecis
2352 3753 2413 3809 et
2443 3745 2509 3809 in
2542 3745 2831 3815 versione
2870 3742 3122 3803 Herveti
3154 3743 3442 3817 traditur,

1860 3849 2195 3910 Macarium
2283 3846 2772 3910 Alexandrinum
2868 3843 3132 3905 bellaria
3218 3843 3442 3902 vendi-

1863 3950 2023 4011 disse
2057 3947 2160 4029 (6).
2199 3948 2318 4009 Ubi
2360 3947 2427 4008 in
2473 3945 2768 4010 Paradiso
2814 3942 3082 4005 habetur
3118 3960 3132 4003 :
3169 3966 3196 3998 α
3232 3943 3443 4021 Nego-

1863 4053 2057 4111 tialor
2099 4056 2269 4123 erat,
2306 4071 2335 4104 ι
2384 4046 2589 4125 glossa
2628 4046 2698 4109 in
2747 4045 3028 4125 margine
3076 4044 3388 4123 adscripta
3426 4058 3442 4102 :

1867 4175 1894 4208 α
1932 4154 2043 4214 Ms.
2074 4149 2243 4213 addit
2274 4167 2286 4210 :
2321 4150 2427 4229 qui
2459 4166 2643 4227 poma
2671 4145 2766 4207 vel
2797 4146 3112 4225 legumina
3142 4161 3445 4223 nucesque

1863 4250 2165 4312 vendebat
2200 4274 2228 4305 »
2260 4250 2365 4329 (7).
2395 4250 2562 4321 Quae
2612 4246 2858 4327 glossae
2904 4247 3092 4307 verba
3139 4244 3327 4311 etiam
3377 4243 3446 4305 in

1865 4348 2098 4411 codicis
2123 4347 2486 4428 pervetusti,
2506 4363 2694 4424 quem
2718 4346 2956 4405 Romae
2978 4342 3043 4403 in
3066 4340 3448 4402 bibliotheca

1864 4450 2227 4512 monasterii
2280 4447 2747 4511 Yerusalemme
2792 4446 2861 4506 in
2917 4446 3108 4506 Croce
3156 4442 3283 4504 adii
3333 4441 3443 4523 (8),

168 4548 609 4629 inveniuntur,
624 4563 811 4635 atque
833 4556 1129 4620 cellarum
1151 4559 1402 4621 Macarii
1428 4577 1754 4624 enumera-

1865 4554 2037 4611 textu
2065 4548 2377 4626 leguntur.
2405 4547 2673 4625 Antiqua
2712 4543 2987 4623 denique
3028 4542 3234 4603 versio
3279 4542 3445 4602 Ros-

170 4650 262 4714 tio
298 4653 691 4733 virginisque
723 4654 1163 4719 Thessalonica
1194 4657 1495 4720 oriundae
1523 4659 1761 4721 sanatio

113 4798 118 4802 .
170 4756 325 4829 post
362 4751 690 4814 historiam
726 4753 993 4816 infelicis
1025 4756 1389 4830 sacerdotis,
1419 4757 1529 4835 qui
1557 4756 1759 4819 forni-

169 4868 331 4918 cans
359 4871 539 4915 sacra
575 4854 836 4929 obierat,
866 4854 1181 4933 leguntur.

252 4950 351 5012 Ad
400 4968 504 5013 res
547 4952 820 5032 denique
865 4954 1036 5033 quod
1083 4959 1341 5034 spectat,
1394 4970 1601 5026 causa,
1651 4970 1763 5014 cur

169 5050 489 5114 Macarius
526 5069 638 5114 sex
676 5071 927 5116 menses
964 5055 1171 5116 nudus
1203 5054 1269 5117 in
1308 5053 1535 5135 palude
1565 5054 1758 5116 Scetis
1790 5080 1812 5108 ι.

255 5307 342 5377 (1)
364 5307 499 5378 Cap.
532 5306 624 5370 29,
664 5306 781 5363 νγ.
810 5306 914 5361 PP.
949 5306 1134 5363 Rosw.
1166 5323 1220 5376 p.
1257 5306 1385 5369 180,
1414 5307 1450 5360 2
1471 5321 1592 5376 sqq.

248 5399 334 5471 l2)
369 5396 485 5454 νγ.
510 5397 619 5452 ΡΡ.
668 5397 854 5453 Rosw.
888 5399 986 5467 lib.
1031 5396 1097 5451 Vl
1150 5397 1318 5451 libell.
1356 5398 1409 5459 5,
1436 5397 1506 5461 4;
1543 5392 1767 5464 Apoph-

174 5490 395 5560 llnegm.
427 5506 476 5545 s.
504 5506 557 5545 v.
586 5489 860 5544 Macarius
878 5490 1159 5560 Aegyptius
1191 5487 1316 5559 §ll;
1345 5488 1583 5542 Coteler.
1614 5485 1764 5540 Eccl.

172 5583 381 5638 Craec.
412 5581 559 5637 Mon.
592 5581 657 5637 T.
696 5582 716 5636 Ι
742 5598 795 5652 p.
825 5582 928 5637 526
964 5580 1194 5651 sqq.Cf.
1226 5581 1367 5634 infra
1398 5580 1573 5651 Caput
1602 5577 1693 5635 Vl.

242 5672 332 5743 (3)
360 5670 477 5728 VV.
529 5671 635 5728 PP.
671 5672 857 5728 Rosw.
894 5689 949 5742 p.
986 5672 1108 5736 722,
1143 5672 1195 5727 1.
1228 5673 1353 5737 992,
1389 5673 1442 5727 1.

253 5767 344 5833 ιι)
366 5765 500 5835 Cap.
526 5767 616 5833 10,
636 5766 748 5821 V’V.
782 5766 886 5821 PP.
917 5766 1099 5823 Rosw.
1118 5784 1170 5837 p.
1190 5767 1317 5831 995,
1343 5768 1400 5822 2.

253 5860 341 5936 (5)
390 5858 609 5919 Herveti
674 5861 853 5919 versio
930 5876 1052 5935 cap.
1122 5861 1214 5926 20,
1258 5860 1369 5917 νγ.
1421 5859 1525 5917 ΡΡ.
1574 5858 1761 5917 Rosw.

1867 4649 2204 4712 weidianae
2260 4647 2650 4712 collectionis
2700 4645 2894 4719 idem,
2944 4643 3117 4725 quod
3187 4659 3447 4721 graecus

1866 4757 2074 4813 textus
2103 4757 2164 4812 et
2190 4749 2441 4812 Herveti
2479 4747 2709 4821 versio,
2749 4745 3033 4826 profert:
3075 4766 3102 4800 α
3139 4742 3447 4805 Grutaria

1867 4853 2134 4913 vendens
2169 4850 2274 4931 (9).
2306 4874 2334 4906 »
2361 4849 2481 4911 Sed
2514 4864 2723 4929 neque
2758 4846 3079 4909 codicibus
3119 4833 3444 4902 Vindobo-

1868 4953 2169 5027 nensibus
2192 4968 2398 5030 neque
2422 4949 2646 5012 ceteris
2667 4947 2938 5027 antiquis
2956 4942 3258 5013 fontibus,
3282 4957 3445 5019 quos

1867 5049 2697 5126 etaminabimus,eiusmodi
2708 5048 3049 5135 quidquam
3061 5040 3437 5105 continetur.

1866 5319 1919 5373 p.
1951 5302 2078 5367 722,
2103 5302 2160 5357 2.
2197 5302 2437 5371 Antiqua
2460 5298 2647 5354 versio
2669 5312 2791 5366 cap.
2829 5294 2918 5357 10,
2962 5291 3095 5347 ibid.
3124 5305 3178 5361 p.
3219 5288 3344 5355 992,
3384 5288 3438 5343 1.

1941 5394 2018 5465 (6)
2092 5393 2440 5463 Τραγήματα
2500 5389 2857 5457 πιπράσκων
2920 5384 3061 5439 Hist.
3120 5382 3285 5438 Laus.
3346 5382 3436 5439 ed.

1866 5484 2067 5541 Meurs.
2088 5500 2210 5555 cap.
2251 5484 2324 5538 20
2353 5482 2491 5552 Opp.
2532 5482 2737 5535 Meurs.
2788 5495 2843 5549 p.
2892 5477 3020 5531 ⁸589.
3063 5474 3261 5529 Versio
3297 5472 3440 5528 Iler-

1865 5579 1970 5633 veli
2004 5577 2136 5632 ibid.
2167 5592 2222 5646 p.
2253 5575 2359 5630 590
2383 5584 2437 5629 et
2460 5570 2576 5628 VV.
2607 5570 2710 5628 PP.
2750 5569 2935 5625 Rosw.
2970 5584 3024 5638 p.
3053 5566 3177 5633 719,
3216 5565 3274 5620 2.

1943 5671 2021 5741 (7)
2071 5669 2203 5740 Cap.
2237 5668 2290 5735 6,
2323 5666 2436 5721 νγ.
2465 5664 2570 5719 ΡΡ.
2603 5663 2789 5720 Rosw.
2827 5679 2882 5735 p.
2909 5662 3038 5728 950,
3079 5660 3131 5714 1.

1942 5762 2021 5833 (8)
2066 5762 2151 5817 Cf.
2194 5776 2356 5831 supra
2390 5775 2443 5829 p.
2483 5758 2571 5813 15.

1943 5858 2024 5927 (9)
2051 5851 2186 5926 Cap.
2217 5852 2271 5909 9.
2311 5850 2423 5907 νγ.
2455 5849 2557 5908 PP.
2584 5847 2767 5905 Rosw.
2801 5860 2856 5917 p.
2888 5842 3015 5910 989,
3035 5842 3093 5897 2.
