4040 6598
591 384 660 439 87
1427 381 1531 437 SS.
1566 378 2025 437 MACABIORUM
2055 381 2372 439 AEGYPTII
2414 384 2501 439 ET
2557 380 3033 473 ALEXANDRINI~
3762 379 3829 436 U3

594 498 727 558 Hoc
747 496 954 572 etiam,
978 496 1231 577 quodin
1248 498 1482 575 graecis
1504 498 1901 570 editionibus,
1923 499 2171 568 Herveti
2203 505 2244 563 A
2275 500 2464 575 olera,
2496 518 2659 581 quae
2692 506 2920 581 sponte
2951 500 3295 567 nascuntur
3326 494 3397 559 in
3418 500 3601 567 terra,
3631 510 3833 576 neque

598 597 882 659 versione
935 608 995 659 et
1044 598 1111 659 in
1169 598 1458 661 Paradiso
1516 598 1799 672 habetur,
1836 598 2170 673 Macarium
2273 617 2524 680 panem,
2555 618 2673 663 nec
2710 600 3027 678 legumen,
3059 613 3265 677 neque
3296 612 3374 657 ex
3401 594 3702 659 fructibus
3732 613 3831 659 ar-

598 696 1082 779 Alexandrinum
1104 697 1432 759 virtutibus
1450 698 1609 765 vitae
1630 696 2031 761 monachicae
2054 699 2173 761 Ma-

598 797 765 859 cario
779 799 1057 877 Aegypto
1072 797 1307 860 antecel
1318 793 1530 880 luisse(
1537 798 1588 879 1)
1602 798 1687 872 ,in
1699 798 2019 860 codicibus
2029 798 2172 861 Vin-

599 897 1067 960 dobonensibus
1079 900 1509 961 etinversione
1522 900 1774 980 antiqua
1786 899 2168 981 nonlegitur.

681 1002 709 1073 §
752 997 849 1059 23.
897 998 985 1059 Ad
1022 998 1298 1076 singulas
1337 1006 1544 1061 autem
1576 999 1984 1072 narrationes,
2018 1016 2173 1081 quas

603 1098 681 1159 de
726 1099 992 1160 Macario
1040 1099 1459 1173 Alexandrino
1506 1116 1542 1161 e
1584 1099 1877 1160 Lausiaca
1918 1098 2174 1173 Palladii

601 1196 994 1275 protulimus,
1024 1196 1421 1271 illustrandas
1448 1196 1604 1271 haec
1630 1195 2174 1271 animadvertenda

602 1302 771 1357 sunt.

683 1407 891 1470 Primo
925 1408 1292 1471 abstinentia
1327 1408 1573 1471 Macarii
1603 1408 2000 1473 Alexandrini
2039 1425 2175 1475 ma-.

607 1524 886 1586 gnopere
925 1509 1338 1586 praedicatur.
1372 1510 1486 1581 Qui
1525 1527 1706 1570 usum
1750 1509 2174 1571 Tabennesio-

609 1614 809 1669 tarum
842 1628 956 1689 per
988 1617 1179 1671 totam
1219 1609 1753 1690 quadragesimam
1792 1609 1985 1671 coctis
2023 1609 2177 1677 cibis

608 1724 677 1768 se
707 1708 1148 1779 abstinentium
1188 1714 1459 1785 secutus,
1490 1714 1731 1790 septem
1776 1709 1955 1771 annis
1996 1708 2177 1789 nihil,

610 1805 783 1883 quod
819 1807 947 1884 igni
986 1808 1305 1870 admotum
1346 1813 1530 1885 esset,
1562 1806 1856 1881 comedit,
1901 1807 2011 1868 sed
2046 1807 2177 1873 sola

2271 703 2496 764 borum
2534 701 2900 782 quidquam,
2933 717 3142 779 neque
3179 696 3438 760 omnino
3481 715 3577 768 ea,
3612 698 3834 776 quibus

2270 802 2402 880 igni
2433 803 2699 867 admotis
2727 801 3016 865 homines
3045 807 3404 887 vescuntur,
3439 800 3709 863 comedit
3730 799 3830 881 (9).

2270 888 2577 983 Serapion
2618 902 2944 964 Sindonita
2985 908 3234 981 praeter
3268 917 3499 981 panem
3528 907 3589 963 et
3615 918 3834 981 aquam

2272 1004 2429 1077 nihil
2457 1004 2721 1084 sumpsit
2743 1002 2889 1083 (10).
2920 1003 3240 1080 Evagrius.
3263 1019 3339 1064 ex
3368 1020 3496 1081 quo
3526 1003 3593 1065 in
3618 1003 3832 1067 solitu-

2273 1103 2486 1176 dinem
2505 1103 2614 1175 92
2638 1103 2826 1179 venit,
2845 1120 3051 1182 neque
3071 1101 3376 1171 lactucam
3401 1102 3619 1181 tetigit,
3636 1120 3837 1184 neque

2273 1202 2584 1277 minutum
2649 1201 2811 1277 olus,
2868 1219 2987 1264 nec
3049 1201 3246 1263 viride
3302 1201 3673 1281 quidquam,
3726 1220 3836 1267 nec

2272 1300 2565 1375 fructum,
2583 1318 2700 1363 nec
2721 1318 2926 1374 uvam,
2940 1316 3057 1361 nec
3078 1299 3414 1375 lavacrum,
3432 1317 3549 1362 nec
3569 1316 3835 1375 carnem,

2274 1419 2393 1469 nec
2434 1418 2683 1481 panem,
2708 1417 2825 1462 nec
2853 1401 3088 1473 vinum,
3122 1417 3329 1480 neque
3361 1401 3620 1462 omnino
3661 1402 3837 1479 quid-

2276 1519 2470 1581 quam
2497 1518 2576 1562 ex
2600 1502 2699 1575 iis,
2722 1518 2883 1580 quae
2910 1517 3023 1581 per
3047 1500 3257 1578 ignem
3288 1508 3634 1575 transeunt,
3666 1519 3836 1580 prae-

2276 1607 2373 1662 ter
2415 1600 2721 1679 quaedam
2762 1600 2932 1663 olera
2965 1599 3155 1679 cruda
3187 1606 3248 1661 et
3278 1600 3595 1662 modicum
3626 1618 3838 1679 aquae.

2279 1699 2715 1769 Sextodecimo
2770 1705 2981 1763 autem
3049 1698 3411 1761 huiusmodi
3466 1701 3628 1762 vitae
3684 1716 3842 1762 anno

2281 1818 2476 1883 quum
2506 1806 2765 1882 prOpter
2791 1801 3075 1880 corporis
3102 1799 3535 1879 stomachique
3562 1799 3841 1862 imbecil-

610 1881 801 1965 cruda
834 1881 1002 1969 olera
1028 1907 1131 1977 91
1158 1913 1218 1972 et
1238 1881 1642 1986 Ιρςυωίιίδβί
1655 1923 1815 1986 quae
1828 1906 2176 1968 forteinve_
2212 1881 2252 1935 Β
2278 1881 2513 1962 litatem
2539 1917 2769 1980 panem
2795 1899 3048 1979 quidem
3076 1899 3401 1977 tetigisset,
3432 1905 3612 1962 cocta
3645 1904 3843 1961 tamen

609 2003 826 2078 nissct,
843 2005 1194 2069 humectata
1215 2008 1497 2087 gustavit.
1512 2011 1596 2069 Ac
1616 2026 1810 2087 quum
1823 2006 2177 2081 audivisset,

609 2104 863 2166 fratrem
921 2108 1234 2187 quendam
1295 2110 1519 2171 libram
1582 2109 1763 2190 panis
1820 2108 2182 2183 comedere,

611 2203 996 2281 buccellatis,
1021 2224 1183 2287 quae
1220 2208 1459 2284 habuit,
1483 2209 1550 2271 in
1579 2209 1862 2287 lagenam
1881 2206 2179 2268 immissis

613 2304 1008 2378 solummodo
1057 2315 1320 2382 tantum,
1366 2316 1667 2390 quantum
1724 2325 1914 2370 manu
1960 2307 2183 2369 efferre

615 2411 879 2481 poterat,
938 2407 1230 2482 comedit,
1285 2408 1610 2486 tribusque
1675 2408 1857 2469 annis
1917 2413 2186 2487 quatuor

612 2508 852 2564 tantum
880 2504 975 2566 vel
1009 2507 1289 2586 quinque
1324 2508 1650 2593 unciarum
1693 2509 1845 2570 cibis
1878 2526 2027 2569 usus
2068 2514 2181 2569 est.

614 2601 747 2664 Olei
777 2613 984 2666 autem
1015 2608 1349 2668 sextarium
1370 2625 1537 2670 anno
1564 2608 1629 2669 in
1655 2607 2015 2681 alimentum
2041 2626 2189 2671 con-

617 2704 901 2783 sumpsit.
941 2707 1067 2767 Iam
1096 2706 1174 2767 ad
1202 2706 1421 2768 libram
1451 2706 1784 2769 duodecim
1818 2708 2040 2783 unciae
2082 2725 2185 2769 re-

616 2800 811 2863 deunt
836 2802 938 2881 (2).
963 2807 1045 2867 Ac
1075 2815 1277 2884 Ξέστης
1304 2824 1415 2867 seu
1441 2806 1777 2869 sextarium
1806 2807 1928 2870 olei
1955 2809 2191 2869 duode-.

615 2901 832 2979 viginti
868 2903 999 2965 fere
1024 2906 1243 2967 uncias
1269 2906 1485 2967 habuit
1509 2906 1615 2987 (3).
1656 2908 1836 2971 Unde
1876 2909 2192 2971 abstinen-

618 3002 765 3062 tiam
825 3006 1074 3066 Macarii
1138 3007 1467 3069 maximam
1530 3007 1722 3070 fuisse
1778 3016 2037 3089 apparet
2080 3008 2187 3090 (4).

618 3102 745 3163 Nec
768 3104 971 3165 solum
994 3106 1134 3168 oieo
1157 3125 1339 3169 senes
1365 3107 1432 3167 in
1460 3106 1845 3185 alimentum,
1869 3110 1980 3172 sed
2008 3116 2189 3183 etiam

2281 2000 2452 2063 olera
2498 1999 2576 2065 ad
2628 2006 2895 2065 mortem
2950 2016 3152 2078 usque
3206 2015 3337 2063 non
3394 1998 3659 2076 gustavit
3706 1996 3840 2078 (11).

2281 2100 2677 2171 Philoromus
2730 2099 3007 2179 denique
3063 2100 3395 2178 presbyter
3449 2099 3647 2161 coctis
3699 2098 3843 2162 cibis

2282 2199 2706 2277 duodeviginti
2734 2200 2913 2269 annis
2943 2217 3011 2261 se
3041 2199 3338 2261 abstinuit
3364 2198 3508 2279 (12).

2359 2304 2659 2366 Macarius
2735 2302 3211 2377 Alexandrinus,
3268 2308 3336 2362 ut
3405 2302 3669 2365 omnino
3725 2318 3844 2365 non

2283 2404 2451 2466 vesci
2482 2404 2679 2484 cupiit
2709 2404 2881 2483 quod
2918 2411 3124 2473 tamen
3166 2402 3437 2464 humana
3476 2411 3699 2471 natura
3726 2421 3845 2466 non

2284 2504 2677 2579 admittebat,
2708 2505 2794 2566 ita
2820 2504 3006 2573 etiam
3037 2505 3103 2565 in
3125 2521 3347 2567 somno
3368 2504 3680 2569 vincendo
3706 2505 3845 2585 quid

2283 2610 2494 2685 posset
2525 2605 2796 2686 experiri
2823 2604 3055 2679 statuit,
3088 2605 3364 2683 totisque
3391 2605 3607 2683 viginti
3640 2605 3846 2667 diebus

2285 2704 2399 2769 sub
2426 2704 2604 2767 coelo
2637 2704 2871 2783 degens
2901 2704 3058 2765 nihil
3091 2704 3349 2767 omnino
3389 2703 3716 2777 dormivit;
3748 2704 3846 2766 sed

2286 2811 2671 2884 postremum
2701 2810 2958 2875 naturae
2988 2822 3133 2867 eum
3169 2805 3393 2867 cedere
3433 2821 3694 2866 necesse
3721 2803 3844 2864 fuit.

2288 2905 2548 2966 Noctem
2596 2920 2745 2985 vero
2807 2904 3172 2984 saepissime
3230 2902 3631 2982 pervigilasse
3684 2900 3845 2962 multi

2288 3019 2471 3075 senes
2518 3002 2825 3065 feruntur.
2874 3005 2965 3073 Ex
3010 3004 3238 3083 quibus
3291 3001 3665 3075 Dorotheus,
3698 3000 3849 3080 apud

2290 3119 2479 3182 quem
2545 3103 2857 3166 Palladius
2925 3104 3257 3166 Lausiacae
3323 3103 3597 3182 scriptor
3665 3117 3851 3181 prope

618 3201 697 3261 ad
730 3204 1095 3279 unguendas
1131 3212 1191 3266 et
1230 3205 1599 3268 molliendas
1635 3209 1712 3269 ab
1742 3223 1933 3288 opere
1972 3225 2192 3270 manus
2220 3224 2261 3281 ο
2297 3202 2729 3265 Alexandriam
2796 3204 2968 3279 vixit,
3028 3220 3065 3265 a
3134 3203 3453 3265 iuventute
3517 3218 3724 3281 usque
3784 3200 3853 3263 ad

622 3298 709 3358 uti
738 3300 1024 3363 solebant
1055 3302 1175 3385 (5);
1229 3320 1265 3365 a
1305 3321 1430 3383 quo
1470 3322 1591 3365 usu
1628 3304 1754 3367 iam
1796 3306 1856 3365 S.
1887 3305 2191 3379 Antonius

622 3414 688 3461 se
734 3400 1030 3469 abstinuit
1077 3403 1184 3480 (6).
1228 3408 1313 3463 Ac
1362 3402 1555 3465 coctis
1606 3404 1761 3465 cibis
1798 3403 1971 3465 multi
2007 3421 2191 3477 senes

622 3498 720 3559 usi
756 3517 885 3561 non
925 3519 1062 3563 esse
1106 3501 1414 3567 dicuntur.
1445 3503 1535 3565 Ex
1573 3503 1801 3584 quibus
1830 3504 2192 3565 Ammonius

620 3597 771 3661 inde
798 3617 830 3660 a
858 3598 1175 3663 iuventute
1200 3619 1399 3683 usque
1418 3603 1494 3664 ad
1516 3609 1781 3665 mortem
1809 3602 1957 3665 solis
1985 3604 2192 3666 crudis

625 3699 781 3763 cibis
817 3702 1201 3777 vescebatur,
1226 3720 1344 3765 nec
1376 3721 1680 3785 unquam,
1710 3704 1878 3784 quod
1912 3704 2042 3782 igni
2078 3704 2189 3765 ad-

624 3805 867 3859 motum
945 3808 1141 3876 esset,
1193 3802 1466 3864 comedit
1519 3813 1767 3885 praeter
1819 3821 2045 3883 panem
2083 3803 2189 3883 (7).

625 3900 872 3976 Moyses
924 3900 1114 3962 abbas
1162 3918 1241 3973 ex
1284 3902 1524 3967 latrone
1582 3905 1926 3968 monachus
1972 3903 2191 3979 factus,

627 4015 823 4075 quum
858 3999 1199 4078 plurimum
1241 4013 1606 4086 Operaretur
1645 4014 1707 4069 et
1744 4006 2196 4088 quinquaginta

627 4097 942 4159 orationes
995 4101 1277 4179 quotidie
1327 4111 1675 4183 perageret,
1724 4106 1880 4168 nihil
1946 4114 2198 4190 praeter

628 4196 863 4259 siccum
922 4200 1255 4263 duodecim
1318 4205 1642 4266 unciarutn
1719 4224 1949 4285 panem
2023 4224 2195 4268 sum-

630 4298 753 4375 psit
801 4297 909 4379 (8).
955 4301 1179 4381 Apollo
1233 4303 1425 4365 abbas
1480 4321 1611 4368 non
1667 4305 1936 4385 amplius
2010 4322 2195 4385 quam

2293 3310 2678 3367 senectutem
2732 3321 3057 3383 nunquam
3110 3310 3333 3383 sponte
3397 3302 3711 3375 dormivit,
3756 3300 3853 3363 sed

2294 3419 2423 3464 'ton
2470 3403 2591 3463 nisi
2633 3403 2797 3464 inter
2839 3402 3229 3483 Operandum
3271 3402 3367 3466 vel
3408 3402 3854 3467 comedendum

2297 3498 2514 3560 oculos
2555 3516 2779 3562 somno
2826 3518 3047 3580 parum
3094 3501 3466 3565 connivebat
3495 3500 3646 3581 (13).
3678 3502 3854 3563 Porro

2296 3598 2592 3660 Arsenius
2618 3617 2807 3665 unam
2840 3600 3046 3675 somni
3075 3600 3292 3664 horam
3329 3608 3584 3665 strenuo
3628 3601 3854 3664 exerci-

2296 3698 2482 3760 tatori
2550 3697 2839 3761 sufﬁcere
2913 3701 3253 3783 perhibuit,
3303 3708 3491 3781 atque
3551 3703 3694 3783 ipse
3742 3709 3857 3764 tota

2299 3806 2483 3861 nocte
2532 3800 2891 3883 pervigilata
2941 3818 3125 3862 mane
3172 3819 3393 3880 parum
3448 3801 3680 3864 sedens
3722 3804 3853 3869 dor-

2298 3896 2471 3957 mivit
2502 3897 2646 3975 (14).
2692 3900 2752 3958 S.
2800 3899 3106 3960 Antonius
3156 3899 3429 3979 denique
3483 3906 3680 3964 totam
3724 3919 3854 3982 per-

2295 4013 2485 4075 saepe
2507 4004 2757 4065 noctem
2776 3999 3129 4059 insomnem
3153 3999 3328 4061 duxit
3344 3998 3392 4080 (1
3408 4000 3486 4076 5).
3504 4002 3856 4080 Quanquam

2296 4112 2512 4156 senem
2583 4096 2859 4175 aliquem
2926 4114 3149 4159 somno
3218 4098 3331 4173 sic,
3388 4106 3456 4159 ut
3536 4101 3855 4167 Macarium

2298 4194 2808 4269 Alexandrinum,
2840 4196 3212 4258 abstinuisse
3241 4214 3371 4258 non
3400 4199 3634 4260 inveni.

2375 4307 2649 4369 Tertium
2682 4307 2953 4388 denique
2984 4327 3265 4373 summae
3309 4312 3558 4375 Macarii
3602 4311 3853 4385 Alexan-

700 4572 777 4641 (I)
818 4572 954 4625 Hist.
981 4573 1147 4629 Laus.
1209 4576 1298 4630 ed.
1332 4577 1536 4633 Meurs.
1580 4578 1615 4631 ι.
1664 4580 1696 4631 I.
1733 4576 1931 4634 νει·λείη
1974 4578 2191 4635 Ilerveti
2232 4564 2273 4616 ί)
2300 4581 2630 4654 Regularum
2662 4586 2748 4641 ed.
2775 4586 2913 4655 Aug.
2942 4579 3376 4647 Vindelic.17'59
3404 4590 3469 4646 Τ.
3500 4591 3595 4662 Ip.
3622 4593 3713 4656 3i,
3756 4593 3804 4649 1.

632 4662 669 4716 i.
704 4665 736 4714 l.
770 4664 1015 4719 l’at'adis.
1055 4668 1090 4718 l.
1124 4668 1156 4718 Ι.

702 4755 779 4822 (2)
816 4755 1027 4819 lhteckh
1053 4757 1333 4840 Metrolog.
1364 4757 1865 4830 Untersuchungen
1891 4762 2030 4817 Berl.
2061 4763 2195 4817 1858

629 4857 687 4913 p.
720 4844 822 4896 160
852 4860 974 4914 sqq.

702 4932 778 5004 (5)
806 4934 939 4990 ibid.
973 4953 1026 5009 p.
1057 4938 1123 4993 17
1143 4955 1263 5012 sqq.
1287 4939 1372 4997 Ci.
1394 4940 1581 5012 Steph.
1599 4940 1833 5003 Thes.s.
1851 4960 1937 4999 vv.
1969 4944 2199 5017 Ξέστης

629 5034 686 5082 et
725 5029 969 5098 Οὺγκία.

704 5119 780 5191 (4)
845 5119 1112 5191 Evagrius
1158 5123 1581 5209 quatuordecitn
1626 5128 1786 5181 annis
1813 5126 2005 5180 libram
2041 5128 2201 5197 panis

632 5211 875 5280 quotidie
904 5228 968 5268 ac
989 5216 1155 5267 tribus
1184 5218 1449 5270 mensibus
1475 5219 1773 5272 sextarium
1798 5220 1905 5273 olei
1938 5235 2199 5275 consutn-
2256 5276 2257 5283 η

634 5303 764 5372 psit.
813 5302 954 5361 Hist.
1009 5306 1175 5367 Laus.
1219 5309 1308 5365 ed.
1340 5307 1543 5365 Meurs.
1577 5324 1700 5379 cap.
1733 5312 1804 5367 88
1830 5310 1968 5381 Opp.
1994 5312 2199 5373 Meurs.

634 5391 673 5443 1.
703 5393 736 5453 ι.
764 5408 818 5461 p.
851 5394 977 5457 555.
1004 5395 1310 5457 Domtheus
1331 5414 1496 5454 Senex
1523 5400 1773 5469 quotidie
1800 5418 1892 5461 sex
1913 5404 2196 5457 auctarum

636 5498 830 5551 panem
880 5486 1116 5547 comedit
1169 5502 1233 5541 ac
1290 5487 1561 5545 modicum
1604 5505 1782 5561 aquae
1838 5492 1997 5546 bibit.
2064 5491 2201 5548 Ibid.

637 5586 760 5639 cap.
795 5571 831 5639 2
867 5588 921 5641 p.
976 5575 1101 5641 349,
1151 5578 1336 5639 Abbas
1374 5578 1540 5644 Filias,
1603 5595 1767 5639 senex
1810 5597 1979 5651 quum
2036 5592 2200 5647 esset,

637 5664 797 5712 trium
838 5665 1109 5731 unciqrttm
1142 5680 1335 5736 patient
1360 5678 1415 5731 ei.
1441 5677 1553 5733 tres
1586 5670 1736 5732 oleas
1757 5671 2000 5741 quotidie
2025 5687 2204 5735 come-

637 5751 734 5805 dit.
774 5750 906 5811 Ibid.
942 5769 994 5825 p.
1023 5756 1148 5812 495.

714 5845 789 5908 (5)
827 5844 1028 5912 Itcgula
1093 5848 1150 5915 S.
1186 5849 1468 5913 Pachumii
1505 5870 1625 5924 cap.
1664 5854 1822 5921 XCII,
1854 5853 2031 5913 llolst.
2068 5854 2201 5913 Cod.

2371 4678 2445 4749 (6)
2474 4676 2593 4732 Vita
2638 4678 2696 4733 S.
2735 4680 2962 4735 Antonii
2994 4696 3117 4751 cap.
3152 4684 3206 4746 7,
3247 4681 3303 4737 S.
3338 4684 3536 4737 Athan.
3584 4682 3723 4755 Opp.
3752 4683 3852 4739 T.l

2302 4769 2363 4826 P.
2390 4769 2433 4822 ιι
2460 4786 2514 4840 p.
2536 4770 2662 4833 eas.

2370 4865 2445 4935 (7)
2471 4864 2610 4920 Hist.
2633 4864 2797 4919 Laus.
2823 4865 2911 4919 ed.
2952 4864 3153 4923 Meurs.
3217 4880 3341 4937 cap.
3386 4867 3451 4922 14
3479 4872 3617 4938 Upp.
3666 4864 3852 4921 Meurs.

2306 4959 2344 5011 I.
2381 4959 2416 5012 I.
2444 4973 2497 5027 ῃ.
2528 4958 2654 5012 577.

2378 5052 2456 5121 (8')
2480 5050 2617 5113 Ibid.
2643 5065 2763 5119 cap.
2791 5049 2862 5111 25
2887 5067 2939 5118 ν.
2976 5050 3103 5108 416.

2380 5140 2459 5209 (9)
2498 5138 2634 5194 Ibid.
2660 5154 2779 5207 cap.
2811 5140 2880 5193 53
2914 5154 2966 5209 p.
2996 5140 3123 5194 496.

2378 5231 2492 5301 (10)
2538 5232 2672 5285 Ibid.
2700 5247 2825 5300 cap.
2855 5232 2924 5286 84
2957 5247 3010 5301 p.
3040 5232 3165 5287 542.

2374 5324 2489 5391 (11)
2529 5323 2663 5377 Ibid.
2683 5338 2805 5392 cap.
2839 5322 2908 5378 88
2932 5340 2984 5393 p.
3018 5325 3149 5379 553.

2373 5410 2505 5481 (12))
2526 5410 2664 5466 Ibid.
2689 5425 2813 5480 cap.
2846 5412 2950 5469 115
2980 5428 3035 5484 p.
3059 5415 3187 5470 584.

2375 5503 2488 5573 (15)
2523 5502 2660 5558 Ibid.
2692 5518 2815 5573 cap.
2847 5503 2883 5557 2
2904 5520 2957 5574 p.
2998 5506 3125 5562 552.

2376 5599 2487 5671 (14)
2512 5599 2746 5654 VV.PP.
2778 5600 2964 5655 Rom.
2982 5601 3076 5658 lib.
3103 5602 3145 5656 V
3170 5603 3336 5660 libell.
3362 5605 3418 5666 :1,
3450 5605 3504 5659 2.
3535 5605 3585 5659 3.

2376 5689 2488 5759 (15)
2517 5688 2643 5742 Vita
2668 5689 2726 5745 S.
2752 5690 2976 5747 Antonii
3001 5707 3122 5765 cap.
3148 5694 3201 5761 7,
3238 5692 3299 5750 S.
3330 5695 3530 5750 Athan.
3571 5695 3707 5763 Opp.
3729 5686 3791 5746 1'.
3835 5682 3854 5740 Ι

2306 5780 2367 5835 Ρ.
2402 5780 2445 5836 ll
2472 5795 2524 5851 p.
2553 5779 2679 5837 638.
