4040 6554
252 256 324 311 89
1774 245 1837 302 Vl

1943 246 2007 307 Ε.
3426 253 3497 309 9η
3547 264 3555 283 ⁸

253 370 418 432 drini
443 369 899 433 exercitationis
919 372 1355 447 argumentum
1376 363 1497 429 hoc
1518 372 1634 441 est,
1657 366 1829 447 quod
1859 373 1902 429 Α
1932 365 2170 427 veritati
2214 364 2502 427 resistant
2532 361 2642 445 (6).
2690 364 2857 437 Quae
2897 366 3165 445 apostoli
3200 367 3387 429 verba
3416 367 3495 429 ad

253 478 518 550 propter
546 468 743 530 solam
782 466 1085 530 ultionem
1104 466 1327 528 ‘culicis
1355 466 1692 546 pungentis
1718 483 1827 527 sex

253 583 507 629 menses
551 567 757 629 nudus
796 568 861 628 in
908 565 1139 647 palude
1184 567 1378 628 Scetis
1429 566 1609 628 sedit.
1649 565 1827 626 Unde

254 685 454 747 quum
482 664 837 742 reverterat,
868 685 903 729 a
935 664 1235 729 culicibus
1270 674 1402 729 toto
1440 683 1707 746 corpore
1744 666 1828 727 ita

251 767 616 829 vulneratus
650 766 789 842 fuit,
821 775 890 829 ut
916 785 994 830 ex
1023 767 1153 829 sola
1185 784 1337 829 voce
1364 772 1826 844 agnosceretur,

257 876 321 931 et
351 868 761 954 elephantiasi
816 869 1102 931 laborare
1158 868 1492 929 videretur.
1538 860 1631 926 Ita
1687 883 1829 927 vero

256 971 446 1030 etiam
512 970 829 1047 Evagrius,
876 969 984 1049 qui
1038 986 1073 1031 a
1133 967 1355 1047 spiritu
1406 965 1831 1045 blasphemiae

255 1070 364 1140 93
427 1069 747 1148 quondam
813 1075 1068 1129 vexatus
1136 1066 1357 1128 diebus
1425 1066 1833 1145 quadraginta

255 1177 494 1231 tectum
557 1187 687 1231 non
762 1167 1078 1246 ingressus
1145 1174 1298 1240 erat,
1364 1174 1497 1228 toto
1567 1184 1833 1246 corpore

258 1270 492 1331 muscis
530 1269 826 1331 seatuisse
872 1266 1131 1329 traditur
1174 1266 1285 1346 (1).
1338 1266 1638 1345 Idemque
1675 1269 1830 1327 Eva-

258 1370 455 1448 grius,
509 1387 545 1430 a
622 1368 927 1430 daemone
1007 1367 1435 1428 fornicationis
1516 1367 1833 1446 quondam

258 1476 539 1541 vexatus,
572 1469 795 1531 hiemis
838 1475 1121 1548 tempore
1162 1474 1290 1530 tota
1332 1473 1514 1530 nocte
1543 1468 1610 1529 in
1643 1477 1835 1547 puteo

257 1571 431 1634 stetit
486 1569 592 1652 (2).
640 1570 761 1633 Sed
812 1586 1208 1649 nequaquam
1259 1568 1569 1631 Palladius
1606 1569 1691 1632 ita
1734 1571 1834 1631 in-

257 1672 640 1751 telligendus
667 1677 781 1744 est,
804 1678 872 1732 ut
901 1670 1145 1743 dixerit,
1168 1670 1501 1731 Macarium
1527 1688 1635 1731 sex
1664 1689 1837 1732 men-

259 1773 436 1835 sibus
471 1773 535 1834 in
570 1770 815 1851 paludis
844 1787 1002 1849 aqua
1030 1768 1266 1831 sedisse
1301 1787 1314 1829 :
1347 1768 1480 1843 sed,
1512 1776 1580 1830 ut
1608 1779 1831 1849 sponte

260 1875 493 1949 elucet,
534 1872 701 1953 apud
748 1870 1008 1951 paludes
1035 1868 1133 1929 vel
1182 1869 1249 1929 in
1297 1868 1432 1949 ripa
1486 1868 1829 1948 paludium.

259 1977 425 2048 Quas
464 1972 751 2052 regiones
790 1970 1091 2034 culicibus
1128 1968 1392 2048 aliisque
1430 1968 1681 2030 inseetis
1712 1969 1832 2033 ho-

261 2075 522 2139 diedum
579 2074 898 2138 abundare
956 2072 1239 2134 Minutoli
1290 2070 1522 2133 indicat
1567 2071 1672 2151 (3).
1729 2072 1833 2132 Li-

260 2173 509 2235 brarius
564 2182 795 2249 autem,
847 2173 957 2253 qui
1011 2174 1345 2235 Macarium
1390 2174 1457 2235 in
1505 2173 1836 2253 paludibus

260 2281 529 2354 prepter
589 2275 872 2354 spiritum
930 2273 1363 2337 fornicationis
1421 2274 1655 2337 sedisse
1714 2275 1831 2337 tin-

261 2374 353 2435 xit
383 2373 494 2456 (in),
518 2372 859 2436 Palladium
887 2371 1043 2435 falso
1072 2374 1191 2435 isto
1232 2374 1422 2435 modo
1458 2373 1837 2438 intellexisse

262 2472 851 2551 videtur.Idemque
883 2473 1182 2534 Macarius
1210 2470 1661 2533 Alexandrinus
1687 2472 1837 2535 alias

263 2571 351 2632 ob
380 2570 565 2632 aliam
594 2589 843 2633 causam
872 2572 935 2632 in
966 2571 1161 2632 Scetis
1196 2569 1457 2650 paludes
1483 2571 1833 2646 secessisse,

262 2671 437 2732 unde
458 2670 760 2734 culicibus
779 2672 1159 2752 perforatum
1182 2672 1480 2735 Macarius
1501 2672 1838 2752 Aegyptius

262 2773 347 2834 ad
404 2773 629 2835 fratres
674 2773 1010 2848 reduxerit,
1060 2773 1126 2835 in
1168 2772 1721 2853 ApOphthegmatis
1753 2772 1832 2855 (5)

265 2872 519 2953 legitur.

346 2974 471 3059 Sed
526 2973 652 3035 iam
705 2972 783 3035 de
835 2972 944 3035 illo
1017 2972 1394 3055 cepota-phio
1466 2960 1697 3035 'Jannes
1778 2980 1839 3035 et

265 3072 576 3135 Mambres
630 3089 976 3150 magorum,
1028 3075 1198 3152 quod
1246 3092 1281 3133 a
1333 3090 1399 3134 se
1450 3073 1649 3134 visum
1701 3090 1838 3135 esse
1866 3064 1909 3122 (ἶ

266 3171 571 3235 Macarius
597 3171 733 3251 ipse
768 3170 1039 3233 Palladio
1067 3171 1298 3246 retulit,
1318 3172 1726 3250 disputemus.
1748 3173 1837 3232 Eo

267 3270 439 3330 enim
468 3270 719 3331 nomine
745 3288 779 3331 a
806 3270 1057 3331 Judaeis
1091 3271 1256 3348 magi
1288 3270 1675 3345 dicebantur,
1705 3270 1840 3350 qui—

266 3368 538 3429 bitscum
568 3372 771 3431 Moses
797 3376 857 3429 et
877 3372 1078 3430 Aaron
1109 3386 1315 3431 coram
1344 3368 1665 3431 Pharaone
1695 3388 1839 3450 pro-

266 3470 458 3549 digiis
512 3476 974 3532 concertarunt.
1029 3470 1118 3529 Ex
1177 3486 1302 3548 qua
1368 3469 1721 3544 traditione,
1768 3477 1837 3531 ut

268 3578 444 3632 recte
500 3568 683 3630 docet
740 3558 1190 3642 Theodoretus,
1237 3568 1462 3630 Paulus
1519 3569 1838 3649 apostolus

269 3670 530 3731 nomina
556 3669 659 3730 illa
686 3669 750 3729 in
782 3668 1045 3747 epistola
1070 3668 1146 3730 ad
1174 3670 1565 3731 Timotheum
1595 3671 1841 3732 desum-

260 3768 420 3847 psit,
467 3784 686 3829 omnes
735 3767 1091 3847 increpans,
1134 3769 1264 3847 qui,
1312 3771 1838 3848 quemadmodum

256 3870 507 3931 Jannes
548 3874 610 3930 et
649 3869 956 3929 Mambres
1002 3868 1156 3929 Mosi
1200 3869 1558 3945 restiterint,
1590 3870 1674 3931 ita
1719 3869 1843 3949 ipsi

344 4032 422 4103 (1)
464 4030 602 4087 list.
630 4020 802 4087 Laus.
837 4028 1399 4101 ed.'lleurs.cap.:88
1435 4032 1573 4104 Opp.
1595 4003 1831 4092 ‘lleu‘rs.

258 4122 303 4176 ι.
348 4121 390 4175 ι.
424 4136 483 4190 ρ.
512 4120 635 4174 555.

466 4210 671 4354 grite}.
700 4212 821 4352 lzitm
856 4298 1072 4355 Temnel
1106 4300 1202 4355 des
1235 4298 1450 4370 Jupiter
1498 4299 1729 4356 Ammon
1782 4302 1837 4357 in

1866 1729 1905 1787 Β
1934 1729 2105 1843 quod
2163 1771 2255 1825 est
2308 1764 2473 1843 apud
2527 1729 2863 1823 Evuscbvium
2922 1761 3040 1842 (9),

1926 460 2154 524 librum
2192 462 2626 543 apocryphum
2661 486 2689 519 α
2722 464 2972 525 Jamnes
3016 473 3079 527 et
3124 468 3430 529 Mambres
3464 492 3492 523 ι»

1926 563 2296 643 inscriptum
2346 564 2685 644 respicere,
2723 564 3007 642 Origines
3039 564 3357 644 perhibuit
3384 566 3493 647 (7).

1924 663 2107 725 Unde
2159 671 2352 744 patet,
2388 664 2808 739 traditionem,
2844 682 2965 744 qua
3014 668 3241 727 Jannes
3284 673 3346 728 et
3389 658 3501 738 9!;

1926 766 2233 827 Mambres
2274 766 2437 844 magi
2484 767 2639 827 Mosi
2670 766 3066 828 adversantes
3092 769 3494 843 vocabantur,

1929 868 2076 929 satis
2122 867 2439 946 antiquam
2482 865 2693 928 fuisse.
2731 870 2927 947 Atque
2977 867 3199 930 eodem
3238 870 3495 930 nomine

1930 968 2093 1045 magi
2136 968 2234 1029 isti
2260 986 2294 1029 a
2325 970 2709 1045 Targumista
2748 968 3080 1041 Jonathan,
3109 986 3226 1030 nec
3263 984 3393 1031 non
3429 972 3495 1032 in

1928 1067 2187 1128 Talmud
2207 1067 2590 1145 Babylonico
2609 1066 2686 1149 (8)
2711 1068 3125 1148 appellantur.
3143 1070 3268 1131 Nec
3294 1069 3497 1130 solum

1930 1168 2097 1248 apud
2143 1169 2435 1242 Iudaeos,
2483 1168 2589 1229 sed
2640 1168 2824 1229 etiam
2872 1168 3040 1249 apud
3102 1171 3393 1243 Graecos,
3438 1178 3499 1231 et

1932 1268 2096 1349 apud
2130 1270 2445 1331 Romanos
2475 1272 2705 1331 Jannes
2735 1276 2794 1329 et
2825 1271 3129 1331 Mambres
3164 1271 3343 1332 laude
3374 1290 3502 1333 ma-

1934 1368 2105 1446 gicae
2128 1369 2273 1429 artis
2296 1369 2657 1430 ﬂoruerunt.
2685 1368 2837 1428 Nam
2863 1368 2971 1429 Jan
2983 1386 3090 1428 nes
3114 1375 3174 1429 et
3195 1369 3501 1430 Mambres

1931 1484 2147 1544 magos
2216 1466 2450 1527 artibus
2514 1466 2768 1543 magicis
2832 1465 3223 1539 excelluisse,
3294 1474 3355 1527 et
3422 1469 3502 1529 ab

1933 1566 2375 1647 Aegyptiorum
2408 1566 2643 1646 populo
2677 1569 2926 1627 Musaeo
2953 1567 3148 1648 (Mosi)
3179 1568 3503 1647 Oppositos

1936 1681 2096 1739 esse,
2128 1666 2469 1727 Numenius
2513 1664 2975 1743 Pythagoraeus
3022 1665 3087 1726 in
3125 1664 3500 1743 fragmento,

3100 1764 3367 1841 scripsit.
3418 1766 3503 1823 Ac

1932 1864 2165 1924 Plinius
2198 1861 2315 1940 (10)
2347 1882 2360 1923 :
2394 1887 2421 1919 «
2453 1863 2579 1938 ESt,
2615 1885 2642 1918 »
2672 1862 2910 1941 inquit,
2945 1886 2972 1917 (ι
3000 1868 3059 1923 et
3082 1862 3205 1923 alia
3238 1862 3505 1940 Magices

1932 1960 2121 2023 factio
2148 1977 2183 2023 a
2208 1963 2379 2023 Mose
2406 1967 2467 2022 et
2493 1962 2711 2022 Iamne
2738 1969 2799 2023 et
2825 1962 3047 2039 Jotape
3071 1961 3321 2023 Judaeis
3351 1978 3505 2040 pen-

1935 2062 2111 2123 dens.
2144 2085 2173 2118 »
2204 2061 2697 2142 Abulpharagius
2736 2061 2804 2122 in
2851 2063 3105 2141 Dynast.
3134 2065 3185 2123 Ι.
3215 2066 3501 2124 Artemo-

1934 2165 2109 2224 nium
2168 2164 2484 2243 quendam
2552 2163 2783 2238 laudat,
2833 2163 2943 2242 qui
3003 2166 3217 2225 Mosen
3283 2163 3503 2224 decem

1934 2282 2133 2326 annos
2161 2271 2374 2327 natum
2404 2282 2438 2327 a
2460 2264 2582 2326 tilia
2611 2264 2950 2326 Pharaonis
2973 2265 3202 2325 Jannes
3233 2271 3293 2325 et
3322 2267 3510 2325 Mam-

1934 2364 2077 2426 bres
2119 2363 2505 2444 sapientibus
2550 2362 3001 2423 instituendum
3036 2362 3329 2423 traditum
3369 2379 3506 2424 esse

1936 2465 2219 2527 docuerit
2261 2464 2403 2546 (11).
2448 2468 2650 2543 Atque
2688 2464 2754 2525 in
2811 2471 3017 2526 vetere
3074 2463 3381 2526 Midrasch
3430 2464 3509 2524 ad

1936 2565 2132 2627 Exod.
2172 2566 2300 2639 XV,
2347 2564 2415 2625 10
2452 2589 2478 2621 α
2512 2568 2787 2628 Joannes
2829 2572 2890 2627 et
2934 2568 3196 2626 Mamres
3232 2588 3259 2619 ››
3294 2581 3509 2641 magos

1936 2669 2293 2728 submersos
2322 2682 2460 2728 esse
2489 2667 2555 2727 in
2585 2667 2741 2729 mari
2778 2667 2968 2728 rubro
3006 2672 3311 2739 narratur,
3344 2676 3508 2744 quo-

1938 2785 2080 2828 cum
2144 2774 2362 2829 catena
2420 2769 2663 2830 arabica
2721 2787 2838 2829 ms.
2896 2769 2961 2829 in
3015 2767 3509 2830 Pentateuchum

1938 2867 2255 2939 convenit,
2284 2866 2349 2928 in
2386 2874 2509 2947 qua
2541 2866 2696 2930 haec
2726 2867 3077 2929 habentur:
3116 2892 3143 2923 «
3179 2870 3344 2929 Haec
3389 2884 3509 2928 no-

1938 2964 2107 3027 mina
2136 2982 2483 3043 magorum,
2517 2965 2623 3044 qui
2658 2971 2961 3027 steterunt
2990 2972 3205 3027 contra
3244 2968 3457 3028 Mosen
3493 2985 3507 3027 :

1944 3064 2272 3137 Deiannes,
2329 3064 2647 3125 Jamharas
2704 3072 2763 3124 et
2817 3064 3102 3125 Sarudas.
3150 3065 3312 3126 Deus
3364 3084 3511 3127 vero

1944 3180 2053 3224 eos
2124 3164 2396 3243 perdidit
2456 3163 2520 3224 in
2592 3164 2746 3224 mari
2822 3166 3014 3226 rubro
3058 3164 3203 3246 (12).
3243 3189 3271 3221 ››
3332 3166 3512 3228 Unde

1940 3262 2337 3327 Ilacnmundo
2371 3263 2490 3344 (13)
2536 3264 2735 3325 visum
2786 3271 2897 3335 est,
2945 3266 3113 3345 apud
3170 3265 3514 3329 Palladium

1942 3383 2058 3447 pro
2107 3373 2442 3445 κηποτάφιον
2488 3365 2823 3443 legendum
2863 3382 2998 3426 esse
3034 3376 3347 3444 κενοτάφιον
3376 3368 3416 3428 i.
3452 3385 3511 3431 e.

1938 3465 2347 3545 sepulchrum
2400 3447 2685 3526 vacuam.
2740 3465 2848 3526 Cui
2914 3452 3171 3528 Palladii
3217 3469 3512 3543 narratio,

1942 3566 2282 3628 daemones
2350 3565 2599 3639 dixisse,
2646 3566 2724 3626 ab
2778 3566 2931 3644 ipsis
2992 3583 3208 3644 magos
3256 3567 3350 3629 ibi
3408 3586 3513 3630 se-

1944 3667 2153 3747 pultos
2196 3684 2352 3741 esse,
2383 3674 2693 3746 repugnat
2728 3666 2873 3746 (14).
2913 3667 3327 3746 Sepulchrum
3363 3687 3512 3733 vero

1943 3768 2009 3829 in
2078 3768 2262 3830 horto
2322 3768 2649 3830 arboribus
2711 3768 2977 3841 consito,
3025 3768 3241 3847 quales
3291 3771 3512 3832 etiam-

1944 3868 2053 3939 95
2101 3876 2270 3931 nunc
2327 3867 2735 3949 pulcherrimi
2782 3868 2850 3930 in
2908 3869 3168 3931 Oasibus
3221 3870 3512 3950 plantan-

1948 4031 2111 4093 ηδε,
2152 4030 2231 4094 ιο,
2262 4029 2326 4083 Τ.
2360 4028 2405 4084 ιι
2440 4046 2495 4101 ρ.
2528 4030 2619 4084 te.

2012 4121 2123 4184 (10)
2149 4119 2269 4174 Nat.
2295 4120 2436 4176 Hist.
2463 4119 2631 4186 XXX,
2666 4121 2721 4185 2,
2749 4120 2838 4175 ed.
2868 4120 3304 4195 deGrandsagne
3334 4125 3512 4183 Paris.

1941 4212 2078 4268 1829
2118 4211 2181 4265 Τ.
2212 4210 2398 4281 Vlllp.
2432 4212 2665 4267 288.012
2712 4224 2869 4269 notas
2891 4214 2963 4268 ibi
2986 4215 3054 4268 ad
3094 4215 3132 4270 l.
3170 4216 3206 4269 I.
3247 4218 3511 4276 adiectas.

2013 4305 2123 4371 (11)
2153 4302 2529 4367 Bar—Hebraei
2582 4303 2789 4361 Chron.
2822 4305 2962 4378 Dyn.
2993 4306 3082 4363 ed.
3106 4306 3313 4364 .Kirsch
3360 4309 3512 4382 Lips.

264 4389 378 4445 der
409 4389 689 4460 libyschen
723 4388 913 4445 Wﬁste
947 4391 1169 4447 u.‘nach
1192 4389 1598 4461 Oberaegypten
1625 4408 1678 4463 p.
1705 4391 1834 4448 205.
1872 4417 1915 4472 ι)
1940 4395 2083 4449 1788
2108 4411 2166 4464 p.
2205 4394 2293 4449 14.

350 4479 431 4547 (4)
474 4478 560 4533 Cf.
596 4495 761 4549 supra
796 4496 848 4549 p.
885 4480 975 4536 89.

353 4570 429 4641 (5)
506 4568 565 4625 8.
604 4586 656 4626 ν.
707 4569 985 4625 Macarius
1033 4572 1317 4643 Aegyptius
1375 4571 1557 4647 §XXI
1595 4572 1840 4629 Coteler.

267 4662 431 4717 Eccl.
467 4658 657 4719 Graec.
709 4660 853 4717 lion.
879 4660 946 4717 Τ.
979 4662 1000 4717 l
1048 4678 1104 4732 ρ.
1138 4662 1242 4718 557
1279 4677 1403 4734 sqq.
1446 4662 1538 4720 Cf.
1562 4662 1715 4725 infra
1743 4661 1846 4718 (La-

270 4761 381 4825 put
410 4751 522 4807 VII.

350 4845 430 4912 (6)
471 4841 515 4897 ll
571 4842 812 4898 Timoth.
840 4844 896 4910 ⁸5,
930 4842 985 4898 8.
1028 4842 1307 4914 Δάψιθιιι
1356 4846 1606 4916 Apostoli
1662 4846 1844 4901 locum

272 4936 661 4992 Theodoretus
684 4937 817 4992 haec
834 4936 1058 5006 scripsit
1087 4954 1101 4991 :
1138 4935 1214 4990 Τὰ
1232 4936 1436 5006 μέντοι
1469 4938 1696 4992 τούτων
1714 4938 1849 4991 ὀμό-

266 5045 438 5099 ματα
471 5031 579 5081 οὐκ
602 5029 671 5081 ἐκ
708 5028 821 5097 τῆς
844 5030 1003 5095 θείας
1032 5029 1266 5101 ψαφῆς
1284 5031 1627 5100 μεμάθηκεν
1642 5034 1675 5085 ό
1694 5030 1849 5098 θεῖος

272 5121 646 5186 ἀπόστολος,
681 5121 805 5174 ἀλλ
824 5122 837 5138 ⁹
858 5120 927 5174 ἐκ
958 5120 1067 5191 τῆς
1096 5121 1365 5192 ἀγράφου
1402 5121 1518 5175 τῶν
1546 5122 1851 5177 Ἰουδαίων

274 5210 694 5277 ὁιὸασκιιλίας.
725 5211 825 5266 Ed.
857 5210 1124 5269 Noesselt.
1165 5212 1330 5270 Halae
1358 5212 1518 5277 1771,
1543 5214 1625 5283 8°,
1670 5211 1733 5268 T.
1781 5211 1849 5268 ιιι

276 5318 338 5372 p.
372 5303 496 5356 689.
1320 5360 1327 5367 .

353 5392 433 5460 (7)
474 5392 531 5445 1n
555 5392 757 5447 Matth.
811 5392 1024 5449 Comm.
1068 5393 1250 5449 Series
1286 5390 1315 5463 ᾗ
1353 5392 1475 5447 117.
1505 5391 1657 5466 Orig.
1706 5393 1843 5463 Opp.

273 5482 370 5535 ed.
399 5480 470 5536 de
490 5482 542 5536 la
575 5482 695 5538 Rue
728 5482 911 5541 Paris.
944 5484 1082 5538 1N0
1121 5485 1185 5537 T.
1220 5484 1283 5538 Ill
1311 5500 1363 5553 p.
1397 5486 1526 5551 916,
1549 5486 1606 5541 2.

355 5575 433 5643 (8)
480 5573 667 5629 Tract.
718 5575 1044 5631 licnachoth
1074 5592 1197 5646 cap.
1234 5575 1327 5630 IX.

356 5666 435 5736 (9)
476 5665 668 5738 Praep.
691 5683 884 5741 evang.
924 5666 1013 5733 IX,
1043 5668 1099 5736 8,
1144 5666 1230 5724 ed.
1287 5665 1589 5724 Heinichen
1636 5667 1851 5738 Lipsiae

2011 4484 2126 4555 (12)
2158 4482 2323 4539 Henr.
2359 4480 2687 4551 Hammond.
2720 4484 2788 4540 ad
2813 4484 2860 4541 Il
2879 4485 3189 4552 Timoth.3.
3209 4489 3265 4546 8.

2012 4573 2298 4644 (15),lbid.

2013 4666 2127 4736 (id)
2186 4664 2471 4735 Magorum
2517 4666 2737 4721 nomina
2795 4667 2938 4737 apud
3000 4670 3183 4724 varios
3220 4671 3518 4741 scriptores

1936 4758 2093 4811 varie
2122 4758 2397 4826 leguntur.
2424 4755 2480 4810 In
2504 4756 2571 4811 Ν.
2607 4756 2673 4811 Τ.
2711 4758 2969 4828 leguntur
3014 4759 3323 4827 Ἰαννῆς-ει
3358 4763 3517 4831 ἰαμ-

1934 4844 2127 4915 βρῆς,
2175 4852 2341 4916 atque
2370 4846 2425 4899 in
2458 4846 2594 4901 solis
2640 4846 2858 4902 duobus
2895 4847 3057 4904 codd.
3107 4849 3309 4920 legitur
3349 4852 3519 4919 Μαμ-

1912 4935 2122 5005 ;,Βρῆς.
2176 4935 2239 4992 In
2294 4934 2554 5008 Vulgata,
2610 4938 2907 5007 Evangelio
2950 4938 3228 4994 Nicodemi
3270 4949 3325 4995 et
3373 4940 3517 5010 apud

1928 5026 2140 5083 Patres
2197 5027 2433 5083 habetur
2499 5028 2657 5083 lectio
2717 5027 2987 5083 Mambres
3038 5038 3202 5100 atque
3244 5030 3518 5084 interdum

1945 5116 2193 5171 lumnas.
2223 5116 2279 5173 In
2320 5116 2576 5173 Pescliito
2603 5129 2870 5175 vocantur
2905 5116 3099 5175 :Jom's
3143 5129 3198 5173 et
3219 5118 3518 5184 Jambaris,

1950 5209 2011 5262 in.
2058 5207 2317 5276 Talmud,
2376 5208 2692 5280 Targumim
2743 5220 2797 5265 et
2848 5212 3005 5267 libris
3066 5212 3282 5267 rabbin.
3312 5232 3324 5267 :
3357 5209 3520 5268 lanis

1950 5299 2293 5365 ethambris,
2340 5299 2580 5368 lamnas,
2626 5302 2842 5377 Janni‘s,
2881 5302 3113 5366 lamnas.
3167 5303 3365 5368 Jones,
3410 5305 3512 5358 Jo-

1951 5391 2134 5455 ct‘taue,
2158 5392 2381 5457 Jachne,
2409 5392 2650 5447 Jochana
2684 5404 2738 5449 et
2778 5393 3005 5471 Mamre,
3049 5395 3322 5461 Jambroa,
3367 5395 3521 5450 Jam-

1953 5483 2373 5545 bros,lambres.
2404 5485 2489 5539 Cf.
2517 5487 2749 5539 Coteler.
2793 5486 2982 5543 Patres
3016 5487 3319 5558 Apostolic.
3371 5489 3520 5544 Con-

1955 5578 2130 5629 stitut.
2166 5577 2355 5645 Apost.
2387 5576 2527 5640 Vill,
2554 5578 2576 5629 1
2640 5577 2730 5632 ed.
2762 5580 2926 5633 Antv.
2956 5579 3092 5634 i700
3124 5579 3190 5635 T.
3237 5578 3258 5632 ι
3290 5596 3343 5649 p.
3392 5581 3522 5633 588.

1956 5669 2097 5737 Altg.
2133 5667 2427 5741 Encyclop.
2472 5684 2524 5724 ν.
2558 5667 2729 5725 Ersch
2775 5686 2831 5726 ιι.
2866 5669 3083 5727 Gruber
3119 5686 3165 5727 s.
3201 5687 3255 5727 ν.
3295 5670 3519 5725 Jama-rs.
