4040 6548
590 190 656 252 91
1400 194 1505 253 SS.
1544 191 2006 252 IACARIORUM
2042 194 2362 252 AEGYPTII
2408 194 2498 251 ET
2537 192 3002 251 ALEXANDRINI
3422 182 3431 193 ’
3754 194 3832 251 93

591 318 696 376 tur
724 306 833 397 (1),
874 311 1149 397 positum
1195 329 1475 394 saxoque
1505 313 1833 395 quadrato.
1881 331 2007 394 quo
2040 312 2157 375 ho-
2188 336 2235 393 Α
2264 320 2431 377 ctum
2460 331 2604 375 cum
2637 311 3048 375 daemonibus
3082 308 3245 385 iniit,
3279 306 3390 370 sed
3420 307 3550 383 illa,
3582 312 3651 369 ut
3676 306 3833 369 dae-

592 413 851 476 diedum
882 413 1184 493 Aegyptia
1218 421 1624 476 monumenta
1662 422 1973 476 exstructa
2004 430 2162 475 con-

505 500 509 504 ’
591 512 947 593 spiciuntur
981 512 1089 594 (2),
1128 514 1519 576 aedificatum
1552 514 1689 575 fuit.
1723 516 1850 577 Nec
1880 532 2009 576 non
2042 532 2163 593 pu-

590 614 720 687 teo,
748 613 859 693 qui
884 613 1016 674 fere
1062 615 1125 674 in
1152 613 1325 675 nullo
1372 614 1479 674 tali
1527 614 1788 693 Aegypti
1831 612 2163 694 sepulchro

595 712 987 775 desideratur
1020 714 1127 793 (3),
1152 720 1434 776 ornatum
1459 714 1595 787 fuit,
1620 711 2010 793 multumque
2031 714 2167 776 auri

594 811 662 872 in
684 821 1099 880 monumento.
1122 814 1473 893 depositum
1504 832 1641 875 esse
1672 813 1833 875 fama
1860 814 2020 875 tulit.
2046 817 2167 893 Ap-

596 914 1046 992 propinquanti
1090 930 1238 974 vero
1287 913 1553 975 Macario
1604 914 1993 993 septuaginta
2031 914 2165 975 fere

597 1012 935 1074 daemones
1005 1030 1038 1073 e
1094 1023 1505 1074 monumento
1569 1015 1802 1092 egressi
1855 1015 2165 1093 variisque

590 1107 812 1170 formis
866 1110 1129 1189 praediti
1170 1120 1602 1187 occurrerunt,
1657 1113 1760 1173 alii
1804 1112 2162 1187 clamantes,

592 1208 697 1271 alii
721 1209 1098 1282 exsilientes,
1126 1210 1228 1271 alii
1249 1228 1476 1286 magno
1497 1210 1747 1273 fremitu
1768 1213 1830 1273 in
1853 1230 1995 1273 eum
2019 1212 2169 1273 den-

594 1309 760 1371 tibus
793 1310 1163 1383 stridentes;
1205 1312 1397 1373 ceteri
1427 1318 1721 1391 tanquam
1752 1313 1919 1375 corvi
1947 1313 2166 1375 volan-

594 1412 689 1469 tes
738 1408 871 1469 eius
915 1408 1112 1469 vultui
1152 1409 1547 1471 insultarunt.
1585 1411 1900 1472 Consimili
1960 1417 2167 1473 autem

593 1507 786 1568 modo
836 1509 897 1567 S.
965 1510 1235 1570 Antonio
1282 1510 1345 1570 in
1395 1508 1729 1588 sepulchro
1778 1512 2166 1589 pernoctanti

599 1604 945 1667 daemones
990 1608 1053 1668 in
1105 1607 1304 1669 forma
1345 1608 1623 1681 leonum,
1672 1626 1983 1682 ursorum,
2034 1609 2168 1672 leo-

2265 425 2486 469 mones
2514 408 2904 482 recederent,
2936 413 3160 487 sponte
3187 405 3493 487 promisit.
3538 403 3841 466 Diabolus

2261 508 2400 581 iste,
2438 509 2545 588 qui
2557 508 2821 570 Macario
2839 513 3315 569 monumentum
3345 506 3600 567 intranti
3620 506 3842 567 stricto

2263 604 2468 685 gladio
2510 608 2751 669 obviam
2781 608 3023 669 venisse
3064 607 3128 667 in
3172 606 3433 679 duabus,
3474 612 3543 665 ut
3580 606 3841 665 monui-

2262 723 2420 778 mus,
2448 706 2775 768 Lausiacae
2795 706 3185 767 versionibus
3202 704 3360 766 falso
3383 704 3665 773 traditur,
3692 704 3846 763 dae-

2262 823 2412 867 mon
2434 806 2727 885 princeps
2756 823 2892 868 esse
2912 806 3175 880 videtur,
3200 804 3310 885 qui
3337 810 3601 865 testante
3630 806 3693 865 S.
3717 808 3843 865 An-

2262 904 2462 978 tonio,
2488 907 2711 967 ceteris
2735 906 3145 968 daemonibus
3167 905 3491 985 superatis,
3518 904 3655 983 ipse
3685 928 3713 959 α
3732 906 3845 965 ad-

2262 1004 2431 1067 venit
2480 1006 2763 1067 horribili
2808 1005 3030 1081 forma,
3070 1013 3139 1068 ut
3185 1013 3486 1068 terrorem
3547 1002 3839 1077 incutiat,

2264 1107 2581 1185 multaque
2621 1107 2873 1179 iactitat,
2919 1107 3026 1168 sed
3070 1106 3381 1177 mentitur,
3419 1121 3535 1167 nec
3568 1106 3842 1167 extime-

2264 1208 2534 1269 scendus
2562 1214 2675 1282 est,
2704 1209 2847 1287 quia
2869 1226 2981 1287 per
2996 1208 3216 1269 Christi
3241 1208 3497 1285 gratiam
3514 1223 3669 1267 vana
3690 1213 3843 1266 sunt

2267 1306 2547 1367 omnium
2565 1306 2940 1368 daemonum
2964 1306 3285 1368 molimina
3303 1331 3328 1360 »
3348 1303 3493 1385 (11).
3515 1306 3642 1366 Res
3661 1322 3840 1375 vero,

2268 1423 2422 1484 quas
2456 1406 2756 1468 Macarius
2792 1413 3267 1468 monumentum
3308 1406 3629 1483 ingressus
3656 1406 3844 1467 inve-

2269 1506 2393 1578 nit,
2451 1505 2674 1567 cadum
2712 1524 2977 1569 aeneum
3018 1513 3235 1569 catena
3271 1507 3472 1568 ferrea
3526 1524 3602 1569 ex
3640 1516 3845 1587 puteo

2268 1606 2672 1684 pendentem,
2695 1606 2982 1687 malaque
3011 1608 3386 1670 intrinsecus
3415 1625 3625 1681 vacua,
3651 1626 3685 1669 a
3707 1608 3852 1669 Pal-

596 1706 957 1782 pardorum,
1018 1712 1360 1780 taurorum,
1412 1715 1798 1786 serpentum,
1853 1709 2162 1787 aspidum,
2198 1715 2237 1768 Β
2267 1704 2430 1767 ladio
2454 1716 2571 1786 ῥόαι
2599 1714 2834 1779 vocata,
2865 1708 3110 1787 aliaque
3135 1708 3445 1770 eiusmodi
3474 1709 3539 1769 in
3568 1711 3846 1788 Aegypti

593 1806 999 1885 scorpionum
1028 1813 1213 1885 atque
1237 1808 1531 1886 luporum
1560 1817 1987 1888 apparuerunt
2018 1810 2167 1873 den-

592 1906 886 1985 tibusque
916 1908 981 1969 in
1010 1925 1151 1969 eum
1184 1910 1523 1971 striderunt
1547 1911 1653 1991 (4).
1686 1911 2027 1990 Eidemque
2049 1916 2167 1973 An-

592 2004 768 2066 tonio
824 2006 891 2067 in
936 2007 1191 2069 castello
1231 2009 1502 2086 quodam
1534 2009 1783 2088 degenti
1830 2011 2165 2074 daemones

594 2102 940 2167 clamarunt
972 2125 985 2167 :
1020 2131 1047 2161 α
1080 2108 1126 2166 Ε
1157 2108 1383 2169 nostris
1421 2110 1645 2171 recede
1683 2110 1967 2173 sedibus!
2008 2113 2165 2185 Quid

592 2203 705 2264 tibi
733 2223 876 2266 cum
907 2205 1162 2269 eremo?
1206 2209 1459 2270 Nostras
1501 2227 1823 2290 nunquam
1866 2211 2029 2273 feres
2062 2213 2163 2273 in-

591 2304 780 2366 sidias
805 2329 832 2360 η
862 2304 967 2387 (5).
1010 2308 1236 2369 Iisdem
1271 2307 1401 2371 fere
1446 2310 1651 2372 verbis
1688 2310 2026 2373 daemones
2065 2312 2165 2375 isti

591 2400 926 2464 Macarium
955 2404 1440 2466 Alexandrinum
1461 2414 1865 2486 exceperunt.
1890 2410 2163 2480 Quorum

590 2502 847 2580 quidem
877 2521 1008 2578 eos,
1044 2505 1151 2584 qui
1172 2505 1487 2581 volabant,
1513 2525 1654 2569 cum
1684 2509 1904 2581 corvis,
1938 2510 2165 2588 quibus

589 2603 695 2666 illa
737 2623 984 2668 eremus
1030 2606 1371 2670 hodiedum
1409 2608 1680 2671 abundat
1713 2608 1815 2689 (6),
1864 2608 2164 2671 Macarius

591 2712 933 2783 comparat.
987 2708 1185 2784 Atque
1240 2714 1570 2769 corvorum
1623 2707 1865 2786 species
1904 2707 2160 2769 daemo-

590 2804 775 2865 nibus
795 2803 959 2866 haud
984 2824 1123 2868 raro
1156 2807 1515 2869 tribuuntur
1546 2807 1652 2888 (7).
1683 2804 2023 2887 Sepulchra
2059 2809 2164 2871 de-

589 2902 781 2983 nique
802 2914 1336 2986 monumentaque
1352 2906 1463 2977 96
1485 2906 1677 2969 eremi
1696 2925 1730 2968 a
1753 2908 2160 2970 daemonibus

586 3002 921 3066 inhabitari
950 3023 1297 3086 eorumque
1336 3008 1397 3069 in
1440 3014 1747 3087 potestate
1774 3006 2013 3082 haberi,
2061 3008 2158 3069 Si-
2187 3044 2229 3101 ο

586 3103 724 3165 wab
755 3104 925 3167 Oasis
956 3106 1197 3169 incolae
1226 3108 1582 3171 etiamnunc
1611 3106 1872 3168 credunt
1902 3106 2007 3188 (8).
2044 3109 2160 3169 Mi-

589 3221 728 3265 rum
757 3212 869 3278 est,
903 3208 1070 3285 quod
1102 3210 1401 3269 Macarius
1440 3204 1872 3282 daemonibus,
1908 3209 2160 3286 cognito

588 3313 999 3368 monumento
1028 3322 1095 3368 se
1118 3325 1508 3370 recessurum
1530 3327 1690 3383 esse,
1712 3310 1832 3371 ﬁde
1861 3309 2000 3371 data
2019 3327 2163 3390 pro-

589 3405 779 3466 misit.
814 3406 967 3467 Nam
996 3406 1336 3470 daemones
1369 3409 1627 3471 omnino
1646 3427 1787 3471 non
1815 3410 2159 3472 audiendos

591 3522 729 3566 esse
750 3507 811 3565 S.
833 3507 1137 3567 Antonius
1153 3507 1364 3569 docuit
1386 3506 1489 3587 (9).
1512 3511 1583 3569 In
1602 3508 1856 3587 antiqua
1879 3510 2160 3571 versione

589 3606 893 3667 Macarius
917 3606 1069 3669 haec
1090 3614 1329 3669 tantum
1345 3608 1531 3670 verba
1563 3627 1576 3671 :
1613 3634 1641 3665 α
1670 3609 1925 3689 Oportet
1945 3626 2045 3671 me
2071 3611 2163 3672 in-

590 3707 765 3785 gredi
778 3714 839 3768 et
851 3708 1060 3770 videre
1078 3709 1536 3788 urespondisse,
1554 3709 2016 3790 daemonesque
2033 3728 2161 3772 non

589 3824 812 3870 curans
851 3809 1113 3871 intrasse
1159 3809 1524 3890 perhibetur
1552 3810 1694 3891 (10).
1730 3812 1905 3885 Quod
1950 3817 2160 3874 tamen

587 3908 783 3969 textui
813 3908 1124 3983 codicum,
1160 3911 1503 3973 editionum
1528 3918 2001 3992 ceterarumque
2030 3929 2164 3973 ver-

586 4006 837 4069 sionum
878 4016 1207 4089 repugnat.
1247 4011 1468 4090 Neque
1508 4011 1809 4074 Macarius
1851 4028 1997 4075 vere
2044 4030 2160 4094 pa-

2266 1808 2614 1887 sepulchris
2642 1808 2979 1870 hodiedum
3015 1809 3302 1883 inveniri,
3351 1827 3479 1870 non
3520 1816 3615 1871 est
3660 1810 3844 1889 quod

2267 1906 2547 1986 pluribus
2569 1908 2791 1969 dicam.
2815 1913 2897 1971 Ac
2918 1909 3085 1970 fraus
3114 1910 3218 1971 illa
3244 1909 3498 1985 diaboli,
3523 1911 3631 1989 qui
3650 1928 3849 1971 arun-

2265 2009 2444 2073 dines
2504 2007 2664 2089 signi
2705 2028 2892 2074 causa
2936 2009 3003 2072 in
3052 2011 3147 2071 via
3193 2011 3426 2089 positas
3473 2010 3843 2089 collegerat,

2264 2108 2564 2190 virgoque
2610 2110 2844 2171 munda
2887 2116 3057 2171 veste
3103 2106 3343 2182 induta,
3398 2124 3558 2187 quae
3611 2127 3845 2171 urnam

2264 2224 2425 2288 aqua
2467 2207 2796 2270 stillantem
2844 2208 2906 2268 in
2938 2208 3141 2287 capite
3182 2213 3429 2285 gestans
3455 2207 3695 2269 fessum
3729 2228 3843 2271 se-

2266 2323 2410 2366 nem
2442 2312 2565 2367 tres
2598 2305 2730 2367 dies
2772 2307 3170 2386 provocabat,
3214 2323 3366 2383 grex
3407 2307 3680 2387 denique
3714 2308 3844 2369 bu-

2264 2406 2572 2479 balorum,
2595 2406 2703 2486 qui
2724 2406 2823 2467 siti
2845 2423 3215 2486 oppressum
3237 2406 3511 2479 nutrivit,
3540 2407 3845 2470 virtutem

2266 2513 2327 2568 et
2370 2507 2778 2569 constantiam
2808 2506 3055 2568 Macarii
3096 2506 3467 2585 divinaeque
3508 2508 3740 2584 gratiae
3782 2505 3847 2569 ei

2263 2606 2617 2685 impertitae
2662 2605 3154 2685 magnitudinem
3209 2605 3566 2666 ostendunt.
3616 2606 3848 2667 Bubali

2272 2713 2478 2768 autem
2510 2707 2744 2769 circum
2775 2705 3004 2767 Nitriae
3042 2705 3303 2785 paludes
3331 2704 3672 2766 hodiedum
3707 2723 3848 2767 cre-

2263 2806 2518 2868 berrimi
2549 2814 2695 2868 sunt
2727 2805 2879 2886 (12).
2910 2805 3190 2866 Narratio
3219 2821 3365 2865 vero
3400 2803 3542 2864 libri
3571 2803 3846 2865 secundi

2264 2904 2342 2967 de
2379 2905 2599 2967 eodem
2644 2910 3055 2965 monumento
3083 2919 3117 2964 a
3158 2903 3425 2965 Macario
3465 2903 3599 2965 viso
3641 2902 3841 2978 fama,

2262 3012 2331 3066 ut
2361 3004 2709 3078 docuimus,
2741 3004 2920 3065 valde
2948 3005 3281 3085 depravata
3327 3001 3585 3064 Palladii
3617 3020 3844 3065 narra-

2268 3107 2423 3167 tioni
2454 3105 2883 3186 posthabenda
2913 3110 3028 3166 est.
3060 3108 3257 3183 Atque
3289 3103 3477 3165 istum
3508 3120 3845 3181 magorum

2267 3205 2517 3268 hortum
2548 3206 2833 3267 manibus
2863 3204 2968 3276 97
3016 3203 3460 3284 Aegyptiorum
3505 3203 3842 3282 iussuque,

2265 3315 2334 3370 ut
2364 3309 2629 3381 videtur,
2651 3307 2990 3368 Pharaonis
3010 3306 3375 3367 adornatum
3404 3306 3619 3378 fuisse,
3645 3323 3682 3367 a
3706 3306 3849 3368 Pal-

2266 3404 2432 3468 ladio
2464 3403 2629 3465 haud
2662 3404 2927 3465 obscure
2956 3403 3293 3478 indicatur;
3324 3421 3519 3482 quare
3538 3404 3617 3465 ab
3638 3402 3847 3466 hortis

2264 3502 2543 3587 magicis,
2558 3504 2663 3583 qui
2680 3503 2841 3565 haud
2859 3519 2997 3564 raro
3010 3503 3322 3581 leguntur,
3336 3504 3441 3566 ille
3454 3504 3849 3583 distinguen—

2266 3611 2382 3673 dus
2403 3624 2539 3672 esse
2572 3604 2812 3666 videtur
2835 3604 2981 3684 (13).
3006 3606 3125 3667 Sed
3156 3605 3235 3666 ad
3265 3612 3469 3667 cetera
3488 3606 3844 3667 veniamus.

2342 3712 2642 3773 Macarius
2680 3706 2983 3786 aspidem,
3027 3721 3062 3767 a
3107 3722 3232 3785 qua
3275 3705 3340 3766 in
3380 3713 3572 3786 puteo
3611 3706 3690 3767 ad
3733 3725 3843 3768 re-

2266 3813 2569 3875 creandos
2597 3812 2816 3875 fratres
2846 3807 3143 3871 fodiendo
3166 3807 3585 3880 mordebatur,
3620 3808 3769 3870 inde
3806 3826 3843 3871 a

2265 3910 2549 3973 faucibus
2578 3930 2835 3992 prorsus
2865 3908 3214 3993 discerpsit.
3266 3909 3453 3993 Isque
3500 3925 3636 3969 mos
3668 3909 3840 3987 apud

2265 4011 2643 4076 Mamelucos
2663 4012 3004 4076 hodiedum
3021 4014 3310 4090 obtinuit,
3328 4015 3438 4095 qui
3451 4014 3841 4095 ascorpione

586 4300 648 4359 In
673 4303 862 4359 codice
882 4304 1302 4359 membranaceo
1336 4302 1478 4358 Vind
1496 4302 1590 4358 ob.
1646 4302 1791 4373 magi
1836 4302 2026 4357 vocari
2065 4301 2152 4357 vi-
2184 4294 2228 4350 D
2260 4301 2321 4362 P.
2352 4304 2396 4360 ll
2428 4323 2482 4379 p.
2513 4306 2620 4364 640
2644 4323 2764 4379 sqq.

586 4394 786 4449 dentur
820 4414 833 4449 :
870 4395 1100 4463 ἰαννῆς
1131 4395 1229 4448 καὶ
1267 4392 1573 4463 Ἰαμβρῆς.
1625 4394 1680 4449 in
1710 4394 1903 4449 codice
1936 4395 2155 4449 charta-

584 4494 712 4540 taco
742 4496 1009 4541 vocantur
1043 4484 1244 4554 Ἰαννῆ
1272 4487 1371 4539 καὶ
1417 4483 1687 4555 Ἰαμβρῆ.
1734 4484 1810 4539 De
1843 4486 1952 4540 illis
1984 4485 2158 4556 magis

586 4593 729 4645 quae
760 4578 865 4630 viri
923 4577 1067 4631 docti
1106 4578 1477 4647 disputarunt,
1517 4577 1734 4648 collegit
1779 4575 2063 4632 Fabricius
2102 4578 2159 4632 in

586 4668 764 4723 libro:
789 4668 927 4721 Cod.
954 4667 1346 4739 Pseudoepigr.
1379 4669 1443 4724 γ.
1473 4668 1541 4725 Τ.
1582 4668 1776 4723 Hamb.
1803 4670 1942 4723 1722
1970 4686 2025 4740 p.
2052 4670 2158 4724 813

586 4774 707 4829 sqq.
736 4757 809 4813 De
849 4759 1044 4813 iisdem
1086 4762 1310 4830 scripsit
1350 4759 1633 4830 Zentgral‘.
1666 4778 1681 4815 :
1719 4760 1871 4832 Disp.
1918 4761 2051 4816 hist.
2090 4761 2159 4817 de

584 4851 779 4906 Jamne
809 4858 864 4906 et
896 4850 1113 4906 Jambre
1140 4852 1513 4907 celeberrimis
1542 4853 1940 4922 Aegyptiorum
1979 4854 2157 4924 magis

585 4941 813 5000 Witteb.
843 4943 1082 5007 £669,4'.
1107 4943 1156 4998 J.
1188 4943 1255 5000 G.
1299 4943 1578 4999 Michaelis
1602 4962 1617 4999 :
1640 4943 1788 4999 Diss.
1820 4943 1889 4999 de
1903 4942 2081 5001 Janne
2097 4952 2153 5000 et

583 5034 804 5092 Jambre
824 5035 1047 5093 famosis
1067 5037 1452 5109 Aegyptiorum
1489 5037 1665 5109 magis
1697 5036 1865 5093 Halae
1889 5038 2048 5101 1747,
2070 5038 2145 5096 4⁸.

656 5127 734 5199 (1)
774 5127 1019 5183 Minutoli
1048 5127 1208 5184 Reise
1246 5144 1368 5183 zum
1398 5126 1620 5200 Tempe!
1649 5130 1747 5186 des
1776 5127 1991 5200 Jupiter
2034 5130 2158 5185 Am-

585 5236 711 5276 mon
739 5220 793 5275 in
825 5221 922 5275 der
951 5221 1231 5292 libyschen
1265 5219 1455 5277 Wﬁste
1478 5238 1534 5277 υ.
1568 5222 1707 5276 nach
1748 5220 2157 5292 Oberaegypten

584 5327 641 5382 p.
673 5311 796 5365 175.
826 5311 911 5364 Cf.
944 5309 1098 5383 Sulp.
1124 5311 1252 5368 Sev.
1280 5312 1416 5366 Dial.
1449 5311 1609 5382 lcap.
1640 5311 1706 5366 l3
1730 5308 1979 5365 Galland.
2016 5309 2153 5363 Bibl.

584 5401 688 5460 PP.
715 5404 778 5459 Τ.
808 5401 921 5455 VIII
948 5419 999 5473 p.
1036 5403 1157 5467 406,
1184 5404 1240 5471 2,
1270 5403 1445 5475 Migne
1475 5402 1682 5458 Patrol.
1705 5402 1770 5458 Τ.
1802 5401 1901 5457 XX
1943 5418 1998 5468 ι).
2027 5401 2152 5457 192.

655 5494 731 5563 (2)
773 5493 1016 5548 Minutoli
1050 5495 1087 5548 1.
1114 5495 1149 5548 l.
1180 5510 1233 5564 p.
1260 5495 1351 5549 61.

655 5585 735 5654 (5)
775 5583 909 5638 Ibid.
944 5602 998 5655 p.
1028 5586 1117 5640 44.
1147 5585 1239 5639 61.

527 5666 545 5727 ἑ
653 5677 735 5748 (ι)
776 5676 885 5731 Viti
931 5676 989 5733 S.
1020 5678 1237 5734 Antonii
1272 5691 1393 5749 cap.
1422 5674 1479 5746 9,
1513 5673 1571 5732 S.
1608 5674 1809 5733 Athan.
1834 5675 1971 5746 Opp.
1999 5669 2065 5730 τ.
2109 5670 2150 5730 Ι.

2336 4397 2414 4466 (5)
2456 4396 2591 4453 Ibid.
2626 4414 2750 4468 cap.
2778 4395 2842 4452 l3
2867 4412 2922 4467 p.
2950 4394 3076 4451 642.

2334 4488 2411 4559 (6)
2452 4487 2701 4544 Minutoli
2733 4490 2768 4544 Ι.
2795 4489 2831 4545 Ι.
2866 4504 2920 4559 p.
2953 4486 3076 4543 186.

2330 4580 2409 4651 (7)
2448 4579 2534 4634 Cf.
2572 4580 2630 4635 S.
2660 4578 2885 4635 Hieron.
2930 4581 3262 4637 Commentt.
3299 4580 3353 4634 in
3382 4578 3477 4634 lib.
3500 4574 3604 4635 Job
3640 4580 3698 4636 in
3727 4580 3836 4637 ﬁne

2256 4684 2379 4741 cap.
2407 4670 2497 4725 58.
2523 4666 2729 4725 Grimm
2756 4671 3027 4726 Deutsche
3052 4669 3378 4743 Mythologie
3412 4670 3511 4726 Ed.
3538 4669 3585 4725 Il
3616 4687 3673 4743 p.
3698 4672 3827 4729 949.

2331 4762 2409 4832 (8)
2450 4763 2693 4818 Minutoli
2723 4764 2760 4817 l.
2794 4764 2830 4817 Ι.
2859 4779 2913 4834 p.
2946 4762 3037 4819 82.
3538 4798 3541 4801 -

2328 4852 2406 4924 (9)
2445 4853 2567 4908 Vita
2609 4853 2668 4911 S.
2711 4854 2933 4910 Antonii
2964 4869 3083 4926 cap.
3117 4855 3207 4911 24.
3238 4854 3329 4912 25.
3377 4853 3439 4911 8.
3460 4854 3662 4911 Athan.
3690 4854 3828 4928 Opp.

2258 4941 2298 5000 l.
2322 4942 2360 4997 Ι.
2393 4958 2447 5013 p.
2473 4943 2579 4997 650
2601 4959 2721 5014 sqq.

2329 5033 2440 5107 (10)
2475 5033 2588 5089 vv.
2618 5033 2724 5089 PP.
2754 5032 2939 5089 Rosw.
2970 5048 3024 5103 p.
3050 5032 3179 5096 992,
3214 5034 3267 5088 ι.

2327 5124 2579 5197 (ll)Vita
2610 5125 2669 5181 8.
2697 5126 2920 5182 Antonii
2950 5142 3072 5197 cap.
3098 5125 3170 5180 24
3198 5129 3234 5184 Ι.
3262 5128 3300 5182 l.
3322 5142 3376 5197 p.
3405 5126 3531 5183 650.

2332 5217 2448 5291 (is)
2490 5218 2738 5274 Minutoll
2784 5218 2823 5275 ι.
2864 5220 2906 5273 ι.
2952 5235 3005 5291 p.
3056 5219 3185 5276 206.
3236 5219 3323 5274 cr.
3374 5218 3516 5276 Hist.
3537 5218 3702 5276 Laus.
3737 5220 3824 5274 ed.

2256 5308 2456 5366 Meurs.
2491 5325 2613 5381 cap.
2642 5311 2733 5365 5|.

2328 5401 2441 5473 (15)
2461 5400 2569 5457 Eos
2587 5416 2693 5456 non
2716 5409 2972 5458 accurate
2986 5401 3323 5471 distinguere
3334 5400 3823 5459 videturDuentzer

2255 5492 2309 5547 in
2370 5490 2513 5547 libro
2556 5510 2571 5547 :
2624 5488 2722 5549 Die
2770 5490 2911 5565 Sage
2966 5507 3092 5549 von.
3149 5491 3244 5550 Dr.
3300 5490 3579 5551 Iohannes
3633 5492 3818 5548 Faust.

2256 5599 2309 5656 p.
2350 5584 2469 5640 192.
