4040 6548
218 200 277 254 95
1687 181 1768 239 νιτ

1869 183 1913 239 Β.
3354 193 3426 248 94

217 310 432 397 puncti,
486 312 550 370 ut
604 302 846 368 vulneri
903 303 1295 379 medeantur,
1351 302 1751 384 scorpionem
1780 307 1825 365 A
1852 302 2044 366 fuisse
2078 304 2185 387 (7).
2218 304 2573 387 Iisaemque
2609 319 2741 369 tere
2770 307 3013 381 verbis,‘
3037 308 3267 388 quibus
3292 308 3423 369 Ma—

213 416 397 495 ipsum
452 424 637 487 super
691 425 915 470 recens
983 406 1210 469 vulnus
1257 411 1591 468 conterunt
1640 402 1746 481 (1).

213 509 631 590 Scorpionibus
658 515 866 570 autem
887 526 1135 570 eremus
1164 507 1269 569 illa
1309 507 1584 569 abundat
1645 504 1749 587 (2).

281 613 324 673 E
350 610 538 671 tribus
567 606 765 682 cellis,
818 626 975 688 quas
1012 608 1075 669 in
1106 608 1405 681 interiore
1444 614 1611 670 vasta
1646 626 1751 671 so-

209 711 469 784 litudine,
502 709 565 769 in
598 708 802 769 Celliis
825 714 895 769 «et
932 708 999 769 in
1043 716 1257 770 monte
1286 708 1517 769 Nitriae
1548 710 1753 771 Maca-

209 813 321 878 rius
368 809 816 871 Alexandrinus
857 809 1097 883 habuit,
1149 827 1300 884 una,
1350 811 1415 871 in
1468 827 1589 889 qua
1646 828 1756 889 per

209 910 721 995 quadragesimam
746 911 810 972 in
843 911 1117 973 tenebris
1146 911 1424 983 sedebat,
1457 912 1618 971 ostio
1648 928 1753 972 ca-

208 1015 336 1077 ruit.
367 1010 562 1073 Cellae
589 1011 758 1072 enim
790 1011 1314 1073 monasteriorum
1342 1010 1509 1071 illius
1547 1011 1755 1088 regio-

209 1116 291 1177 nis
317 1111 595 1173 fenestris
625 1110 814 1174 hodie
845 1129 1099 1191 quoque
1135 1118 1370 1185 carent,
1430 1112 1514 1175 ita
1542 1118 1611 1175 ut
1650 1113 1756 1174 lux

209 1220 421 1277 tantum
455 1229 570 1292 per
600 1211 830 1273 ostium
873 1211 1065 1273 intret
1116 1210 1223 1290 (3).
1253 1213 1532 1292 Eamque
1561 1214 1759 1274 Maca-

210 1315 273 1378 rii
306 1312 586 1375 cellulam
616 1313 683 1373 in
716 1311 1013 1374 interiore
1038 1318 1203 1373 vasta
1223 1311 1559 1374 solitudine
1580 1312 1758 1373 sitam

211 1415 376 1479 fuisse
420 1412 758 1479 verisimile
808 1419 923 1474 est.
968 1412 1173 1474 Altera
1202 1419 1411 1474 autem
1437 1411 1502 1474 in
1529 1412 1755 1488 Celliis,

211 1523 265 1580 ut
297 1514 553 1587 videtur,
585 1514 703 1575 sita
743 1513 1177 1591 angustissima
1214 1514 1353 1588 fuit,
1392 1513 1459 1575 in
1506 1530 1628 1593 qua
1653 1512 1759 1575 ille

1854 406 2089 467 carium
2119 406 2514 480 Pachomius,
2564 406 2902 487 aliquando
2930 408 3264 471 Palaemon
3306 411 3425 469 Pa-

1855 504 2174 568 chomium
2213 505 2319 586 (8),
2393 509 2455 568 S.
2512 510 2817 571 Antonius
2869 508 3131 571 Paulum
3184 509 3426 589 simpli-

1854 624 1991 668 cem
2025 605 2103 688 (9)
2135 609 2516 688 repulerant.
2563 608 2936 671 Pachomius
2975 609 3041 670 in
3067 607 3172 670 illa
3211 627 3429 671 narra-

1853 708 2027 772 tione
2083 710 2370 790 spiritum
2417 710 2787 791 prophetiae
2832 709 3127 772 habuisse
3182 710 3430 784 dicitur,

1855 810 2027 889 quod
2046 816 2106 871 et
2126 810 2190 871 in
2204 811 2323 873 vita
2346 811 2480 873 eius
2510 811 3258 892 quodammodotraditur
3277 807 3429 889 (10).

1854 912 1940 971 Ac
1961 910 2253 973 monachi
2281 914 2642 975 monasterii
2672 914 2839 975 illius
2858 930 3064 975 ramos
3086 912 3435 993 palmarum

1857 1016 2151 1087 tractant,
2186 1013 2356 1091 quod
2384 1013 2451 1074 in
2480 1014 2873 1076 monasteriis
2900 1016 2961 1074 S.
2992 1012 3245 1074 Antonii
3274 1011 3433 1073 alio-

1856 1130 2124 1191 rumque
2147 1130 2364 1175 senum
2389 1114 2522 1175 ﬁeri
2544 1114 2782 1177 solebat
2807 1114 2953 1195 (11).
2983 1118 3183 1193 Atque
3204 1113 3271 1174 in
3290 1113 3439 1174 Ter-

1856 1212 2078 1287 raneh,
2120 1230 2283 1292 quae
2313 1221 2407 1276 est
2446 1216 2594 1277 urbs
2645 1232 2845 1294 prope
2881 1215 3135 1276 Nitriam
3177 1214 3313 1288 sita,
3357 1228 3436 1273 ex

1856 1311 2071 1388 iunco,
2104 1313 2224 1405 qui,
2252 1313 2316 1373 in
2353 1312 2486 1392 ejus
2508 1313 2840 1393 paludibus
2868 1312 3285 1373 creberrimus
3316 1318 3435 1386 est,

1857 1420 2098 1494 tapetes
2126 1414 2542 1476 venustissimi
2571 1414 2776 1475 adhuc
2810 1422 3106 1475 texuntur
3126 1413 3272 1492 (12).

1937 1516 2335 1595 PrOpositum
2384 1514 2655 1588 Macarii,
2707 1514 2987 1594 quinque
3034 1513 3255 1575 diebus
3293 1531 3437 1575 cum

210 1634 277 1680 ne
305 1615 526 1697 pedem
557 1615 816 1694 quidem
850 1615 1191 1677 extendere
1231 1620 1497 1696 poterat.
1538 1615 1757 1695 Cujus-
1790 1650 1835 1706 Β
1862 1615 1998 1678 solo
2022 1617 2151 1678 Deo
2183 1615 2593 1678 conversandi
2619 1622 2940 1693 totamque
2962 1622 3235 1675 mentem
3260 1615 3326 1675 in
3360 1630 3439 1675 eo

208 1719 356 1783 modi
387 1717 560 1781 cellis
588 1718 692 1779 alii
732 1736 985 1798 quoque
1025 1734 1209 1780 senes
1236 1718 1333 1779 usi
1362 1735 1499 1781 esse
1532 1718 1757 1781 dicun-

208 1830 295 1884 tur
338 1820 443 1900 (4).
484 1822 558 1881 In
609 1820 792 1882 tertia
827 1819 1101 1899 denique
1136 1820 1315 1895 cella,
1357 1821 1600 1884 duabus
1638 1822 1762 1883 illis

208 1921 510 2002 ampliore,
534 1921 837 1983 Macarius
859 1920 1264 1984 adventantes
1294 1923 1564 2003 excepit,
1592 1923 1762 2003 quod

206 2023 263 2083 in
281 2021 491 2084 cellam
517 2020 750 2083 Nitriae
772 2020 1026 2093 montis,
1053 2038 1245 2100 quem
1272 2021 1526 2101 plurimi
1551 2029 1611 2084 et
1633 2040 1766 2084 Ino-

210 2122 373 2185 nacbi
399 2129 460 2183 et
480 2122 801 2202 peregrini
830 2122 1031 2185 visere
1059 2123 1369 2197 solebant,
1401 2125 1637 2205 optime
1669 2144 1767 2189 ca-

209 2222 303 2282 dit.
330 2223 484 2300 Erga
515 2238 703 2301 quos,
743 2222 796 2284 si
829 2222 907 2283 ad
935 2222 1146 2302 ipsum
1183 2224 1588 2307 accedebant,
1634 2227 1763 2287 Ma-

208 2322 422 2383 carium
467 2319 963 2384 Alexandrinum
1031 2322 1393 2387 hilariorem
1459 2327 1766 2406 Aegyptio

208 2423 454 2485 Macario
483 2422 708 2499 fuisse,
739 2429 927 2504 atque
958 2424 1308 2487 urbanitate
1355 2426 1628 2505 quadam
1667 2427 1767 2488 iu-

207 2522 397 2585 niores
439 2522 519 2584 ad
560 2522 957 2603 disciplinam
994 2524 1427 2588 monachicam
1456 2526 1767 2605 allexisse,

209 2622 474 2683 Socrates
503 2622 725 2683 nescio
754 2622 925 2683 unde
958 2622 1203 2702 accepit
1236 2622 1342 2704 (5).

277 2722 620 2800 Devirgine
645 2722 1087 2785 Thessalonica
1117 2724 1402 2799 oriunda,
1438 2744 1625 2806 quam
1650 2730 1773 2790 Ma-

211 2830 393 2887 carius
424 2826 888 2887 Alexandrinus
922 2825 1065 2887 oleo
1102 2834 1316 2890 sancto
1358 2828 1533 2890 unxit
1563 2829 1770 2909 preci-

1862 1717 1999 1779 solo
2042 1718 2377 1796 deﬁgendi,
2423 1716 2607 1779 tertio
2654 1716 2755 1777 die
2793 1716 3085 1789 daemon,
3145 1715 3211 1776 in
3254 1715 3433 1776 ﬂam-

1862 1835 2027 1879 mam
2057 1818 2220 1895 ignis
2254 1834 2614 1890 conversus,
2656 1816 2898 1878 irritum
2936 1815 3104 1877 fecit.
3150 1815 3265 1888 Qui
3303 1824 3435 1877 sto-

1864 1936 2061 1992 ream,
2088 1918 2151 1979 in
2177 1935 2300 1997 qua
2319 1935 2512 1980 senex
2535 1917 2754 1991 stabat,
2778 1918 3141 1991 combussit,
3166 1934 3440 1997 eumque

1861 2018 2069 2100 ipsum
2102 2018 2366 2080 adurere
2407 2019 2573 2080 visus
2620 2025 2733 2080 est.
2781 2019 2960 2080 Unde
3012 2016 3182 2079 hunc
3228 2018 3441 2095 ignem

1865 2138 1995 2183 non
2017 2120 2385 2201 phantasma
2406 2120 2730 2183 daemonis
2748 2120 2962 2194 fuisse,
2992 2120 3101 2182 sed
3128 2119 3252 2179 vim
3274 2136 3447 2180 com-

1864 2220 2133 2283 burendi
2162 2219 2453 2282 habuisse
2493 2220 2855 2283 credideris.
2889 2220 3237 2281 Daemones
3267 2234 3442 2291 vero,

1868 2320 1978 2401 qui
2023 2322 2222 2383 varias
2261 2323 2520 2383 omnino
2549 2321 2820 2383 induunt
2844 2320 3078 2382 formas
3102 2319 3249 2398 (13),
3279 2318 3446 2397 ignis

1868 2424 2079 2503 specie
2110 2424 2473 2503 apparuisse
2504 2429 2691 2503 atque
2722 2421 3085 2484 incendium
3116 2420 3445 2495 excitasse,

1869 2525 2017 2588 alibi
2045 2526 2211 2588 haud
2240 2524 2422 2588 facile
2457 2525 2651 2603 leges.

1946 2627 2057 2698 99
2087 2629 2391 2691 Sacerdos
2418 2627 2547 2701 ille,
2579 2626 2689 2707 qui
2720 2624 3039 2688 fornicans
3091 2640 3267 2685 sacra
3304 2639 3450 2702 per-

1873 2736 2106 2805 egerat,
2155 2746 2283 2791 non
2323 2729 2443 2789 nisi
2465 2728 2605 2789 data
2631 2727 2775 2800 ﬁde,
2816 2730 3075 2787 munera
3103 2723 3450 2785 sacerdotis

1874 2844 1941 2889 se
1974 2846 2103 2889 non
2134 2829 2401 2909 amplius
2430 2830 2742 2890 obiturum
2774 2843 2936 2901 esse,
2970 2842 3005 2885 a
3048 2824 3313 2886 Macario
3343 2840 3446 2885 sa-

210 2924 434 3003 busque
468 2923 693 3003 viginti
724 2923 967 2986 dierum
996 2924 1255 2999 sanavit,
1302 2941 1433 2987 non
1472 2935 1565 2987 est
1601 2926 1771 3006 quod
1803 2986 1842 3006 η
1875 2938 2079 2990 natur.
2112 2930 2352 2991 Veteris
2381 2929 2550 2991 enim
2591 2927 2893 2990 ecclesiae
2935 2924 3263 3005 disciplina
3305 2923 3449 2996 fuit,

212 3022 615 3103 disputemus.
646 3024 845 3096 Quare
874 3023 952 3085 ad
979 3023 1425 3085 monasterium
1454 3024 1775 3087 Pachomii

210 3140 241 3184 a
264 3124 366 3195 98
392 3124 666 3187 Macario
689 3124 957 3187 invisum
978 3129 1387 3186 transeamus.
1420 3126 1597 3198 Quod
1622 3143 1772 3205 per-

212 3243 418 3305 magno
455 3244 729 3289 numero
766 3226 1221 3289 monachorum
1264 3225 1577 3289 efﬂuxisse
1616 3244 1771 3289 con-

211 3332 425 3387 stanter
468 3325 741 3388 traditur
773 3325 880 3409 (6).
927 3327 1263 3390 Macarium
1302 3327 1559 3408 quidem
1602 3336 1773 3390 veste

213 3428 466 3508 cperarii
504 3427 804 3489 indutum
853 3428 1229 3492 Pachomius
1268 3436 1512 3510 septem
1551 3430 1773 3493 diebus

210 3528 521 3591 admittere
574 3529 798 3591 noluit.
836 3530 954 3592 Ubi
1002 3531 1478 3605 animadvertas,
1530 3531 1772 3595 Pacho-

209 3628 309 3690 mii
337 3630 574 3709 regula,
624 3635 695 3691 ut
740 3630 992 3693 saeculo
1020 3631 1499 3695 renunciaturus
1540 3650 1777 3713 paucos

210 3735 332 3799 dies
380 3745 526 3801 ante
571 3738 825 3800 ianuam
879 3739 1241 3801 monasterii
1288 3746 1642 3803 remaneret
1678 3740 1776 3801 di-

210 3854 519 3921 gnumque
578 3855 648 3902 se
702 3856 843 3902 esse
896 3841 1277 3918 ostenderet,
1320 3841 1777 3924 praescriptum

272 4044 347 4116 (1)
386 4044 641 4102 Minutoli
676 4046 713 4100 l.
743 4046 781 4101 l.
813 4062 867 4118 p.
909 4047 997 4104 77.

275 4136 347 4206 (2)
386 4137 525 4193 Ibid.
560 4156 615 4209 p.
651 4138 780 4194 204.

273 4230 345 4299 (5)
383 4228 762 4287 Tischeudorf
787 4237 839 4284 et
871 4228 1183 4287 Wilkinson
1215 4231 1254 4285 Ι.
1284 4230 1323 4287 1.
1354 4249 1521 4305 supra
1552 4251 1604 4306 p.
1626 4234 1683 4292 2.

276 4321 345 4390 (1)
382 4320 628 4378 Passim.
683 4321 993 4378 Marcianus
1044 4323 1099 4377 in
1161 4324 1298 4379 cella
1354 4341 1459 4380 non
1518 4329 1856 4408 ampliore!)

213 4428 429 4483 corpore
476 4430 584 4470 suo
624 4429 684 4470 se
733 4414 1024 4470 inclusisse
1056 4415 1254 4487 legitur
1283 4414 1395 4482 γν,
1436 4415 1541 4475 PP.
1587 4418 1773 4476 Rosw.

213 4502 298 4556 lib.
330 4502 400 4558 IX
426 4519 554 4575 cap.
571 4504 627 4559 5.
1476 4522 1485 4531 ’

279 4593 351 4665 (5)
393 4595 556 4651 Socr.
604 4594 745 4651 Hist.
793 4594 942 4650 Eccl.
991 4593 1060 4649 ιν
1099 4610 1222 4668 cap.
1262 4596 1334 4652 25
1370 4599 1457 4653 ed.
1500 4598 1683 4656 Vales.
1721 4614 1777 4670 p.

213 4685 328 4740 254.
1572 4687 1579 4695 ’

280 4779 352 4850 (6)
392 4778 538 4837 Hist.
565 4778 731 4833 Laus.
776 4778 865 4834 ed.
903 4776 1106 4833 Meurs.
1146 4794 1267 4851 cap.
1304 4780 1373 4837 59
1401 4781 1453 4837 in
1486 4783 1612 4847 ﬁne,
1637 4782 1779 4854 Opp.

214 4866 408 4923 lleurs.
458 4870 496 4924 l.
528 4869 567 4922 l.
599 4884 654 4939 p.
690 4867 815 4921 456.
848 4866 964 4921 Vita
998 4868 1056 4921 ἓ.
1088 4866 1363 4925 Pachomii
1409 4887 1527 4943 cap.
1572 4874 1606 4929 5
1627 4914 1641 4937 ,
1666 4876 1779 4929 AA.

217 4956 312 5012 SS.
347 4958 483 5012 Boll.
533 4957 659 5011 Mai.
700 4957 764 5012 Τ.
803 4956 866 5009 111
904 4974 957 5028 p.
999 4958 1124 5012 510.
1171 4958 1229 5012 S.
1262 4959 1481 5015 Hieron.
1515 4961 1693 5019 Praef.
1728 4966 1782 5018 in

216 5051 451 5119 regulam
500 5050 562 5105 S.
613 5048 892 5105 Pachomii
943 5049 1193 5106 Holsten.
1241 5049 1378 5106 Cod.
1420 5051 1613 5125 Hegul.
1659 5054 1723 5111 Τ.
1761 5055 1782 5109 1

255 5141 379 5194 ,25.

255 5154 379 5194 .25.

217 5154 249 5208 Ρ
282 5235 354 5303 (7)
393 5232 599 5303 Regula
644 5232 703 5289 S.
752 5231 1031 5288 Pachomii
1089 5248 1211 5305 cap.
1255 5234 1325 5291 49
1376 5233 1621 5294 Holsten.
1670 5239 1707 5294 1.
1743 5240 1780 5296 l.

294 5321 383 5377 28.

217 5335 517 5485 1)‘(‘;!)L\iita
546 5415 601 5470 S.
634 5413 916 5470 Pachomii
948 5431 1067 5487 cap.
1112 5417 1164 5481 1,
1188 5416 1225 5471 l.
1258 5418 1294 5473 l.
1326 5434 1378 5489 p.
1417 5419 1553 5488 297,
1588 5422 1641 5475 1.

221 5590 255 5646 ι.
282 5504 355 5573 (9)
395 5502 539 5559 Hist.
584 5505 747 5561 Laus.
790 5505 878 5562 ed.
909 5506 1110 5563 Meurs.
1154 5523 1275 5578 cap.
1306 5508 1376 5565 29
1405 5507 1542 5580 Opp.
1580 5510 1781 5568 Meurs.

277 5592 310 5647 1.
337 5610 389 5663 p.
418 5596 547 5650 429.

1878 3038 1947 3092 ut
1975 3032 2289 3106 sacerdos,
2346 3030 2455 3110 qui
2502 3030 2706 3091 carnis
2748 3035 3077 3108 peccatum
3126 3032 3231 3087 aut
3278 3024 3449 3090 aliud

1880 3150 2061 3213 grave
2094 3133 2328 3195 crimen
2360 3131 2776 3204 commiserat,
2800 3147 2834 3191 a
2861 3127 3206 3191 ministerio
3240 3126 3451 3193 altaris

1877 3234 2320 3315 prohiberetur
2356 3239 2416 3294 et
2470 3231 2547 3294 ad
2589 3230 2890 3293 laicorum
2935 3228 3450 3292 cemmunionem

1877 3336 2285 3414 redigeretur.
2332 3333 2517 3395 Cuius
2555 3331 2840 3411 exempla
2886 3336 3030 3392 sunt
3074 3328 3142 3390 in
3189 3329 3450 3389 Decreto

1879 3436 2155 3497 Gratiani
2186 3434 2307 3516 (14)
2328 3442 2389 3495 et
2418 3434 2482 3495 in
2504 3433 2680 3494 libris
2708 3431 3264 3513 poenitentialihus
3295 3428 3447 3512 (15).

1875 3538 2177 3601 Macarius
2222 3535 2559 3611 infelicem,
2602 3534 2704 3597 cui
2736 3532 3194 3596 funestissimus
3241 3529 3453 3594 cancri

1876 3640 2134 3703 morbus
2165 3638 2247 3702 ob
2278 3638 2443 3701 istud
2466 3643 2796 3718 peccatum
2825 3642 2955 3698 erat
2974 3634 3267 3708 inﬂictus,
3297 3649 3452 3694 num

1877 3742 2087 3804 credat
2107 3743 2301 3803 Deum
2325 3756 2483 3813 esse,
2518 3755 2708 3820 quem
2744 3735 2901 3799 nihil
2931 3735 3118 3798 lateat
3150 3750 3265 3796 nec
3284 3732 3454 3812 quis-

1878 3860 2066 3924 quam
2089 3841 2353 3904 illudere
2384 3841 2603 3921 possit,
2626 3854 2906 3917 numque
2938 3841 3278 3913 cognoscat
3305 3849 3455 3916 peo-

1876 4055 2132 4111 absentes
2154 4054 2355 4110 vidisse
2388 4054 2442 4108 in
2460 4054 2580 4109 eius
2596 4052 2706 4107 vita
2734 4048 2942 4122 capp.4
2965 4056 3017 4105 et
3045 4048 3077 4104 6
3108 4048 3146 4103 l.
3178 4047 3215 4101 1.
3249 4045 3453 4118 ρ.508,

1881 4144 1933 4199 1.
1973 4145 2099 4212 514,
2140 4145 2175 4198 2
2215 4145 2430 4214 legitur.

1951 4233 2207 4304 (11)Hist.
2229 4233 2394 4289 Laus.
2414 4232 2501 4288 ed.
2524 4230 2725 4287 Meurs.
2743 4228 2970 4300 capulo.
2986 4227 3076 4283 29.
3093 4227 3129 4282 2
3146 4242 3207 4281 ac
3220 4226 3454 4297 passim.

1954 4326 2068 4396 (12)
2109 4325 2359 4379 Minutoli
2397 4324 2433 4378 Ι.
2470 4325 2505 4378 1.
2548 4340 2599 4393 ρ.
2632 4322 2753 4377 189.
2783 4321 2909 4375 202.

1956 4418 2069 4481 (15)
2112 4416 2305 4486 Specie
2334 4415 2461 4486 galli
2492 4413 2779 4486 gallinacei
2806 4411 3046 4467 adhibita
3076 4409 3324 4465 diabolus
3352 4407 3455 4461 Pa-

1880 4508 2155 4564 chomium
2184 4515 2393 4563 tentare
2416 4514 2662 4561 conatur.
2691 4502 2814 4559 Vita
2837 4502 2893 4560 S.
2927 4502 3204 4557 Pachomii
3240 4516 3363 4570 cap.
3394 4499 3453 4555 2.

1879 4601 1938 4657 In
1978 4601 2149 4655 forma
2182 4601 2403 4672 vaporis
2448 4600 2725 4654 diabolum
2776 4611 3041 4668 apparere
3071 4594 3238 4649 tradit
3270 4591 3456 4648 Delrio

1882 4693 2120 4762 Disquis.
2155 4693 2351 4763 magic.
2377 4690 2469 4746 lib.
2504 4689 2636 4757 HQ.
2666 4690 2737 4744 28
2770 4688 2828 4744 S.
2850 4688 2885 4741 2
2923 4702 2978 4758 p.
3015 4685 3140 4741 502.
3181 4686 3267 4740 ed.
3300 4685 3341 4739 l.

1959 4787 2070 4856 (14)
2101 4787 2235 4841 (Jan.
2263 4786 2296 4841 9
2325 4784 2460 4839 Dist.
2498 4783 2573 4839 L:
2608 4802 2626 4836 ι
2664 4782 2766 4849 Qui
2814 4782 2979 4854 igitur
3008 4786 3132 4851 post
3166 4785 3454 4850 acceptum

1882 4891 2099 4933 sacrum
2131 4874 2375 4929 ordinem
2408 4875 2592 4944 lapsus
2615 4874 2669 4926 in
2719 4882 3000 4942 peccatum
3046 4869 3229 4924 carnis
3267 4866 3451 4929 fuerit,

1882 4984 2040 5023 sacro
2066 4968 2258 5023 ordine
2306 4968 2377 5022 ita
2412 4975 2618 5031 careat,
2656 4977 2712 5022 ut
2754 4966 2819 5021 ad
2851 4963 3039 5019 altaris
3086 4962 3455 5017 ministerium

1885 5062 2115 5116 ulterius
2146 5076 2253 5115 non
2295 5061 2539 5115 accedat.
2580 5078 2599 5111 ι
2638 5059 2774 5112 Tum
2825 5058 2956 5112 ibid.
3003 5071 3126 5111 can.
3162 5054 3271 5109 10:
3304 5072 3322 5106 ς
3356 5054 3455 5108 Sin

1883 5159 2061 5205 autem
2085 5166 2208 5206 eum
2235 5150 2545 5206 fraternitas
2570 5158 2663 5204 tua
2691 5152 2851 5205 talem
2881 5146 3267 5220 poenitentiam
3297 5161 3459 5216 agere

1882 5241 2218 5310 cognoverit,
2259 5248 2319 5295 ut
2351 5242 2399 5296 ei
2436 5241 2577 5296 iuste
2608 5241 2673 5294 ad
2699 5240 3065 5309 recipiendam
3109 5240 3251 5296 inter
3286 5240 3459 5295 laieos

1882 5334 2322 5388 communionem
2352 5342 2405 5389 et
2438 5342 2566 5388 ante
2589 5336 2795 5389 exitum
2819 5334 3014 5389 debeat
3043 5334 3315 5399 misereri,
3356 5334 3458 5387 hoc

1883 5424 1937 5480 in
1973 5434 2098 5481 tuae
2142 5425 2503 5480 fraternitatis
2522 5425 2779 5496 ponimus
2813 5432 3105 5495 potestate.
3139 5443 3158 5477 ο
3194 5424 3281 5479 Ct'.
3318 5423 3453 5478 ibid.

1882 5532 2005 5572 can.
2034 5518 2208 5572 8.11.
2248 5516 2330 5570 12.

1953 5608 2063 5679 (15)
2098 5606 2216 5662 Lib.
2266 5605 2476 5661 Poenit.
2520 5607 2792 5664 Theodori
2830 5609 3088 5664 Cantuar.
3136 5607 3364 5680 XVIll§
3404 5609 3457 5664 1.

285 5684 399 5757 (10)
439 5687 815 5751 Pachomium.
847 5705 935 5746 res
963 5690 1209 5747 occultas
1249 5693 1571 5764 cognovisse
1621 5704 1785 5767 atque
1886 5698 1979 5756 Die
2005 5700 2189 5757 latein.
2213 5697 2785 5758 Poenitentialbucher
2807 5703 2903 5759 der
2922 5703 3327 5775 Angelsachsen
3351 5717 3458 5757 von
