4040 6574
587 265 657 323 95

1402 241 1506 300 SS.
1546 230 2008 296 MACARIORUM
2061 226 2385 286 AEGYPTII
2438 223 2529 280 ET
2576 216 3053 281 ALEXANDle
3770 211 3836 272 95

587 379 796 439 catum
815 387 1023 444 suum,
1041 367 1414 444 interrogat.
1440 365 1608 436 Quae
1633 369 1828 438 quum
1849 353 2172 419 annuisset
2201 358 2246 414 Α
2269 349 2374 423 rit,
2403 345 2691 409 invenire
2720 358 2853 406 non
2897 338 3100 421 potui.
3147 334 3258 398 Cui
3293 326 3654 444 Mar-arium,
3695 333 3834 412 quid

587 483 651 538 et
679 480 933 556 peccata
955 469 1281 532 confessus
1302 460 1724 539 esset,morbo
1738 458 2038 518 liberatus
2051 461 2165 514 est.

587 551 896 656 Equidem
927 569 1025 631 his
1057 565 1307 629 Macarii
1348 556 1946 636 interrogationibus
1994 551 2170 615 ordi-

599 693 748 740 nem
792 673 869 737 ad
912 672 1178 734 dandam
1207 663 1660 747 poenitentiam
1702 666 1834 721 tum
1871 656 2172 717 usitatum

592 773 907 838 contineri
925 769 1317 840 crediderim;
1333 781 1477 826 nam
1489 764 1555 823 in
1567 762 1727 823 libro
1741 747 2177 840 poenitentiali

593 879 803 940 Bedae
838 870 1187 956 presbyteri
1212 862 1290 949 (1)
1324 865 1615 928 sacerdos
1653 859 1962 924 consimili
1985 857 2176 919 modo

601 979 1033 1060 poenitentem
1078 971 1374 1053 primum,
1417 982 1568 1027 num
1597 963 1663 1024 in
1701 961 1896 1022 Deum
1941 957 2174 1030 credat,

601 1079 875 1158 denique
899 1091 1047 1136 num
1062 1077 1324 1152 peccata
1341 1067 1459 1149 ipsi
1477 1063 1715 1127 demitti
1732 1061 1902 1130 velit,
1915 1061 2182 1121 interro-

603 1196 750 1258 gare
777 1176 1049 1238 iubetur.
1083 1169 1216 1231 Alio
1240 1167 1448 1230 cancri
1480 1165 1723 1237 morbo,
1750 1161 1859 1241 qui
1886 1167 2182 1238 φαγέδαινα

604 1278 1064 1344 nominabatur,
1111 1269 1462 1352 Stephanus
1496 1265 1682 1345 Libys
1715 1280 1943 1342 genere
1965 1271 2183 1338 aegro-

595 1383 768 1441 tasse
798 1374 1026 1452 legitur
1043 1370 1152 1449 (2).

687 1477 776 1537 De
797 1475 1022 1537 iuvene
1053 1470 1164 1532 illo
1193 1486 1228 1531 a
1249 1465 1557 1529 daemone
1577 1467 1820 1534 vexato,
1856 1475 2043 1538 quem
2065 1457 2189 1518 Ma-

611 1577 816 1641 carius
849 1574 1136 1636 manibus
1163 1571 1228 1631 in
1264 1574 1452 1648 caput
1489 1572 1548 1626 et
1577 1580 1687 1625 cor
1719 1563 1850 1641 ejus
1880 1559 2189 1639 impositis

2272 455 2579 530 portaret,
2608 440 3023 520 interroganti
3051 451 3431 517 responsum
3461 431 3672 494 datum
3699 437 3790 493 est
3822 451 3834 492 :

2268 527 2303 605 .7.
2337 549 2512 609 Vexo
2557 562 2726 616 eum,
2766 542 2877 622 qui
2917 556 3021 618 me
3067 543 3250 599 vexat
3273 557 3328 595 ν.
3369 527 3703 594 Consimiie
3743 548 3836 593 ie-

2270 657 2580 729 ‘sponsum
2607 642 2921 707 Palladius
2961 635 3040 703 ab
3067 637 3336 711 Isidoro,
3361 647 3555 714 quem
3585 639 3839 692 interro-

2273 755 2544 829 gaverat,
2569 765 2682 810 cur
2699 750 2896 808 aetate
2919 743 2992 806 ad
3002 741 3256 803 modum
3274 735 3606 818 provectus
3621 749 3840 824 corpu»

2276 851 2521 914 sculum
2542 851 2918 919 contereret,
2935 844 3058 905 hoc
3079 840 3324 921 accepit
3355 856 3370 902 :
3404 860 3433 893 α
3455 833 3529 898 Id
3552 850 3655 897 me
3685 835 3840 896 occi-

2281 953 2392 1028 dit,
2425 969 2540 1030 ego
2569 951 2777 1031 ipsum
2806 945 3087 1009 occidam
3118 941 3197 1024 (6)
3228 965 3283 1003 ».
3327 967 3336 1000 :

2357 1056 2460 1128 Et,
2510 1052 2665 1113 haec
2709 1047 2968 1128 quidem
3017 1050 3194 1106 erant
3234 1037 3593 1104 adnotanda
3637 1037 3713 1099 ad
3759 1053 3843 1110 ea,

2283 1171 2445 1233 quae
2476 1153 2540 1214 in
2567 1151 2892 1214 codicibus
2921 1143 3523 1208 Vindobonensibus
3555 1165 3584 1196 ε(
3614 1139 3702 1200 De
3728 1140 3844 1200 Ma-

2284 1252 2452 1314 cario
2475 1249 2943 1312 Alexandrino»
2971 1245 3275 1324 inscripta
3305 1242 3618 1320 leguntur.
3654 1240 3740 1300 Ad
3759 1256 3850 1300 ce-

2283 1356 2437 1426 tera,
2481 1366 2640 1429 quae
2672 1348 2788 1409 sub
2820 1344 2978 1408 falso
3007 1343 3215 1406 indice
3248 1359 3262 1402 :
3295 1366 3326 1396 ·‹‹
3346 1341 3433 1401 De
3473 1342 3679 1400 Marco
3711 1357 3736 1391 ι)
3783 1351 3850 1399 ex

2285 1453 2508 1515 iisdem
2548 1447 2879 1511 codicibus
2933 1443 3309 1525 protulimus
3363 1449 3425 1502 et
3461 1439 3542 1502 ad
3595 1439 3849 1500 eundem

2288 1551 2621 1614 Macarium
2643 1546 3129 1609 Alexandrinum
3152 1547 3433 1624 spectare
3455 1537 3849 1614 ostendimus,

613 1677 873 1747 sanavit,
901 1687 1035 1735 non
1069 1677 1161 1732 est
1189 1669 1360 1749 quod
1391 1667 1788 1757 disseramus.
1821 1659 2043 1724 Mirum
2074 1678 2188 1721 au-
2217 1700 2266 1757 Β
2291 1647 3025 1757 haec-animadvertenda
3053 1651 3223 1752 sunt.

613 1784 743 1838 tem
777 1775 866 1850 id,
910 1771 1080 1852 quod
1112 1767 1414 1848 sequitur,
1446 1756 1718 1844 cuipiam
1742 1762 2047 1834 videatur,
2074 1778 2191 1823 cur

611 1875 884 1938 Macario
931 1869 1355 1932 Alexandrino
1397 1868 1464 1927 in
1503 1873 1778 1927 mentem
1805 1864 2022 1924 venire
2069 1875 2191 1941 po-

615 1974 827 2048 tuerit,
883 1969 1057 2034 adire
1106 1973 1369 2032 Romam
1417 1973 1726 2046 οἰκονομίας
1756 1964 1979 2043 gratia,
2019 1969 2090 2024 ut
2127 1961 2194 2024 in

615 2078 794 2134 textu
823 2085 1046 2150 graeco
1071 2068 1324 2146 legitur.
1357 2066 1479 2128 Sed
1509 2083 1544 2129 e
1577 2068 1640 2127 S.
1677 2062 2066 2144 Hieronymo
2097 2062 2195 2124 di-

619 2175 878 2247 scimus,
941 2187 1018 2234 eo
1064 2178 1373 2252 tempore,
1423 2186 1550 2250 quo
1583 2175 1752 2231 totus
1785 2167 2004 2230 Oriens
2041 2161 2199 2235 100

621 2272 952 2337 monachis
983 2270 1295 2345 attinebat,
1336 2273 1575 2332 Romae
1613 2275 1801 2348 atque
1833 2267 2100 2329 omnino
2127 2265 2198 2326 in

623 2375 961 2438 Occidente
1006 2372 1439 2434 monachicam
1486 2371 1674 2431 vitam
1719 2369 1789 2430 in
1838 2368 2055 2448 primis
2097 2366 2199 2427 in-

627 2474 957 2538 cunabulis
987 2473 1274 2535 iacuisse.
1297 2475 1472 2545 Quae
1497 2471 1648 2532 inde
1669 2471 1746 2532 ab
1769 2463 2221 2530 Alexandrinis

630 2571 1038 2652 presbyteris,
1091 2588 1253 2653 papa
1293 2569 1625 2631 Athanasio
1656 2585 1730 2630 ac
1771 2574 1989 2647 postea
2018 2567 2200 2628 Petro

631 2671 769 2732 eius
801 2685 1185 2742 successore,
1220 2661 1330 2747 qui
1363 2668 1599 2729 Romae
1634 2667 1954 2729 exulantes
1983 2670 2047 2728 S.
2072 2672 2202 2729 An-

630 2766 792 2830 tonii
829 2767 1015 2828 vitam
1055 2763 1469 2842 divulgarunt,
1516 2765 1722 2845 prima
1757 2766 1831 2826 in
1866 2765 2205 2828 Occidente

627 2869 808 2932 initia
821 2867 1018 2947 cepit.
1049 2867 1202 2927 Nam
1233 2867 1470 2926 Romae
1486 2881 1681 2926 nemo
1709 2871 1969 2945 propter
1981 2861 2070 2926 rei
2095 2882 2209 2928 no-

633 2971 886 3031 vitatem
915 2966 1405 3045 ignominiosum
1432 2964 1730 3044 vel-turpe
1756 2981 1997 3027 nomen
2019 2965 2211 3028 adsu-

635 3086 810 3133 mere
833 3086 910 3130 eo
946 3079 1149 3147 usque
1178 3083 1366 3128 ausus
1393 3072 1527 3128 erat
1552 3065 1660 3146 (3).
1691 3068 1859 3128 Haec
1897 3085 2093 3146 quum
2123 3067 2205 3129 ita

2395 3061 2534 3123 Istis
2561 3067 2771 3121 autem
2801 3056 3010 3119 verbis
3046 3063 3374 3134 ’πολιοφάγε,
3407 3061 3562 3132 λῆρε,
3587 3057 3869 3130 ccxx/67119:,
3978 3097 3979 3100 η

641 3188 710 3232 se
746 3165 1048 3242 habeant,
1075 3167 1340 3228 iubinam
1362 3167 1671 3228 Macarius
1698 3167 2056 3228 uberiorem
2092 3167 2212 3229 h0-

638 3272 845 3332 mines
887 3268 1148 3331 sanandi
1190 3274 1252 3329 et
1286 3269 1415 3329 Deo
1455 3269 1900 3330 reconciliandi
1937 3285 2214 3331 messem

640 3371 925 3433 invenire
951 3370 1178 3450 potuit,
1207 3385 1402 3448 quam
1429 3371 1690 3444 Romae,
1726 3369 1896 3430 unde
1927 3369 2214 3444 Ruﬁnus,

642 3469 707 3529 S.-
729 3468 1176 3546 Hieronymus,
1207 3466 1494 3540 Melania,
1517 3465 1824 3541 Marcella,
1857 3467 2065 3540 Paula,
2089 3468 2215 3544 ehi,

646 3578 719 3634 ut
747 3581 968 3633 senum
1013 3569 1199 3631 vitam
1237 3575 1688 3646 cognoscerent
1717 3576 1779 3631 et
1805 3570 2218 3642 imitarentur,

643 3673 712 3735 in
733 3679 1083 3752 Aegyptum
1109 3669 1525 3733 ventitabant?
1539 3671 1739 3733 Verba
1759 3682 2070 3753 οἰκονομίας
2081 3691 2225 3752 gra-

647 3777 743 3838 tia
762 3791 891 3837 non
920 3773 999 3835 ad
1019 3762 1567 3854 dispensationem;
1583 3783 1791 3835 rerum
1811 3775 2221 3851 terreStrium,
2271 3789 2278 3793 ·

647 3893 780 3957 quo
809 3892 1000 3936 sensu
1031 3891 1152 3936 vox
1178 3873 1283 3936 illa
1310 3880 1402 3934 est
1432 3873 1497 3934 in
1513 3873 1766 3936 Palladii
1783 3875 1992 3954 capite
2008 3875 2098 3937 ~de
2121 3876 2228 3936 Se-

649 3976 935 4056 rapione,
987 3991 1140 4035 sene
1186 3973 1464 4051 regionis
1490 3974 1830 4035 Arsenoitis
1869 3974 1976 4055 (4),
2007 3957 2117 4036 sed
2148 3975 2226 4037 ad

651 4074 1187 4155 dispensationem
1212 4073 1532 4145 virtutum,
1573 4077 1732 4152 quas
1764 4090 1798 4133 a
1827 4072 2066 4134 Christo
2095 4073 2226 4135 Ma-

652 4174 858 4259 carius
885 4177 1237 4251 acceperat,
1268 4169 1812 4231 retulerim-Sicut
1839 4186 1986 4231 vero
2016 4171 2223 4232 Maca-

645 4272 786 4334 rius
813 4285 1011 4331 arena
1034 4267 1314 4329 humeris
1342 4267 1634 4346 imposita
1669 4266 2079 4344 cogitationes
2113 4283 2228 4327 xe-

2372 1749 2650 1811 Primu‘m
2689 1744 2955 1807 similem
2995 1742 3254 1821 gratiam
3306 1735 3725 1818 perspiciendi
3751 1751 3852 1796 cu-

2294 1851 2486 1913 iusvis
2505 1847 2801 1911 monachi
2822 1846 2900 1908 ad
2921 1847 3305 1907 sacramenta
3327 1837 3682 1902 accedentis
3700 1853 3855 1896 men-

2297 1959 2423 2014 tem
2453 1949 2748 2027 Eulogius
2783 1948 3114 2028 presbyter
3144 1942 3500 2024 possedisse
3528 1939 3682 2008 101
3711 1927 3852 2014 legi-

2299 2059 2400 2114 tur
2431 2051 2539 2133 (7).
2573 2057 2840 2113 Ammon
2869 2060 3148 2129 quoque,
3173 2062 3368 2126 quum
3388 2040 3755 2104 sacriﬁcium
3779 2037 3860 2099 of-

2299 2154 2514 2228 ferret,
2541 2152 2694 2214 vidit
2713 2152 3003 2230 angelum
3022 2157 3289 2210 stantem
3314 2147 3378 2206 in
3403 2145 3619 2206 dextra
3647 2140 3856 2213 altaris,

2301 2253 2737 2334 fratresquead
2759 2269 3002 2315 sacram
3029 2248 3536 2312 communionem
3566 2243 3858 2306 acceden‘

2303 2364 2400 2419 tes
2442 2356 2510 2417 in
2539 2353 2704 2417 libro
2752 2359 3074 2416 notantem
3097 2349 3213 2432 (8).
3254 2347 3424 2409 Alius
3459 2345 3653 2406 etiam
3689 2359 3862 2403 senex

2305 2457 2678 2520 sacriﬁcanti
2713 2455 2832 2518 sibi
2859 2472 2894 2517 a
2934 2454 3150 2515 dextra
3182 2457 3243 2513 et
3273 2467 3308 2512 a
3347 2447 3594 2510 sinistra
3625 2441 3864 2521 angelos

2270 2562 2620 2625 --adstantcs
2662 2560 2892 2622 vidisse
2935 2564 3218 2620 narratur
3263 2553 3368 2635 (9).
3416 2556 3501 2614 Ac
3545 2549 3865 2612 Macarium

2309 2663 2672 2741 dignitatem
2705 2659 2804 2721 vel
2830 2657 3261 2735 indignitatem
3287 2669 3529 2724 eorum,
3560 2649 3672 2729 qui
3700 2648 3770 2709 ad
3790 2645 3870 2708 al-

2309 2769 2441 2824 tare
2470 2761 2872 2833 accedebant,
2905 2756 3273 2836 cognovisse
3299 2753 3568 2831 legimus
3587 2749 3746 2809 libro
3779 2762 3869 2806 se-

2307 2862 2520 2926 cundo
2556 2859 2701 2940 (10).
2761 2858 2938 2933 Quod
2965 2857 3132 2919 idem
3179 2855 3258 2916 de
3285 2855 3491 2914 Marco
3515 2865 3669 2912 sene
3695 2849 3866 2909 Sozo-

2313 2980 2537 3025 menus
2589 2961 2710 3041 ('11)
2760 2957 2990 3032 retulit,
3023 2954 3367 3018 Palladium
3397 2957 3674 3014 secutus.

2317 3159 2546 3243 quibus
2579 3158 2909 3232 "Macarius,
2953 3156 3541 3236 'quumin'extrema
3569 3159 3872 3214 senectute

2311 3265 2382 3327 in
2409 3263 2570 3326 cella
2594 3261 2864 3334 sederet,
2897 3275 2966 3320 se
3001 3258 3137 3337 ipse
3164 3257 3498 3336 increpuit,
3529 3253 3590 3314 S.
3625 3251 3872 3314 Antonio

2313 3370 2381 3425 et
2406 3359 2600 3424 Paulo
2631 3357 2902 3438 Simplici
2927 3356 3314 3418 daemonem
3353 3351 3672 3435 quendam
3701 3351 3871 3413 male—

2321 3462 2552 3523 dixis‘se
2599 3459 2756 3536 legis
2789 3456 2935 3537 ('12).
2981 3458 3200 3542 Neque
3241 3455 3590 3532 incongrue
3636 3453 3712 3514 iis
3735 3452 3874 3513 dicta

2321 3561 2799 3632 contumeliosa,
2866 3557 3094 3638 quibus
3140 3573 3395 3619 summa
3441 3555 3875 3617 incontinentia

2322 3663 2733 3742 signiﬁcetur,
2766 3676 3008 3722 cernas.

2403 3761 2487 3824 De
2503 3761 2712 3825 caecis
2731 3760 3015 3839 hyaenae
3041 3756 3141 3818 vel
3169 3744 3672 3817 leaenae'Catulis
3692 3771 3726 3815 a
3748 3769 3877 3814 sene

2327 3863 2522 3926 eremi
2564 3860 2794 3924 sanatis
2829 3859 3014 3920 etiam
3053 3855 3351 3936 Sulpitius
3395 3857 3665 3916 Severus
3705 3851 3876 3914 tradi-

2328 3960 2416 4022 dit
2447 3959 2565 4042 (13)
2592 4007 2608 4034 ,
2641 3959 2751 4038 qui
2788 3973 3006 4020 senem
3054 3954 3270 4017 oculos
3297 3970 3516 4014 eorum
3563 3953 3878 4014 restituen-

2325 4067 2454 4123 tem
2512 4077 2644 4122 non
2706 4057 3072 4131 nominavit,
3121 4061 3397 4116 attamen
3471 4071 3608 4113 eum
3665 4051 3879 4112 duobm

2331 4164 2584 4226 Nitriae
2611 4158 2930 4221 monachis
2962 4155 3109 4217 olim
3142 4157 3210 4216 in
3242 4154 3612 4214 monasterii
3643 4169 3878 4214 concer-

2331 4263 2570 4323 satione
2593 4276 2806 4320 carum
2837 4263 2893 4317 et
2912 4255 3292 4335 familiarem
3311 4254 3530 4332 fuisse,
3574 4262 3635 4313 et
3669 4251 3877 4312 duode—

655 4373 968 4436 nodoxiae
998 4371 1406 4451 impUgnavit,
1442 4370 1527 4431 ita
1556 4366 1948 4432 Palaemonis
1976 4368 2230 4431 hortatu
2263 4411 2304 4464 Β
2334 4363 2454 4423 cim
2473 4377 2670 4422 annos
2700 4360 2767 4419 in
2790 4366 3060 4418 extremo
3083 4354 3189 4416 illo
3214 4353 3451 4415 deserto
3479 4352 3748 4413 Blembis
3764 4367 3883 4410 con-

655 4474 1031 4538 Pachomius
1047 4472 1620 4554 arenamportando
1633 4471 1916 4549 abegisse
1937 4485 2227 4531 somnum
2264 4451 2303 4464 ν
2335 4463 2505 4541 tiguo
2525 4459 2962 4520 anachoretam
2977 4455 3285 4518 habitasse
3307 4455 3412 4517 ait.
3435 4453 3552 4516 Ubi
3571 4471 3688 4534 pro
3708 4451 3884 4512 Βιεπδρ

661 4572 886 4652 legitur
917 4570 1023 4654 (5,).
1047 4571 1193 4646 Quis
1220 4567 1335 4633 ille
1350 4570 1736 4633 Theosebius
1765 4574 2077 4632 cosmetor
2093 4565 2229 4630 fue-

662 4828 878 4887 Dr.‘Fr.
910 4817 1254 4884 Kunstmann
1282 4825 1456 4884 Mainz
1483 4825 1623 4884 1814
1661 4843 1713 4898 p.
1750 4823 1838 4882 56.
1859 4821 2007 4882 Beda
2037 4825 2104 4880 de
2141 4838 2228 4879 re-

603 4937 608 4944 '
661 4919 859 4976 mediis
897 4931 1281 4991 peccatorum,
1313 4907 1444 4976 ibid:
1487 4935 1542 4990 p.
1578 4919 1706 4975 155.
1742 4917 1953 4975 Similia
2002 4919 2058 4973 in
2110 4917 2234 4974 aliis

661 5013 819 5069 libris
856 5013 1334 5083 poenitentialibus
1351 5014 1634 5084 teguntur.

735 5103 813 5176 (ι)
848 5103 985 5159 Ibid.
1009 5121 1065 5176 p.
1100 5105 1223 5161 146.

665 5267 704 5324 b
731 5195 1188 5338 ‘(l2)pﬂiks‘t‘.0Laus.
1219 5197 1310 5256 ed.
1352 5189 1560 5254 Meurs.
1595 5209 1718 5269 cap.
1743 5193 1808 5251 21
1849 5191 1996 5268 ‘Opp.
2032 5193 2234 5252 Meurs.

739 5360 818 5431 (ὗ)
847 5360 908 5415 S.
944 5360 1167 5416 Hieron.
1192 5375 1280 5431 ep.
1301 5359 1433 5415 1'27.

739 5451 1000 5595 (sign-ist.
1035 5450 1207 5508 Laus.
1230 5451 1319 5508 ed.
1353 5451 1552 5508 Meurs.
1600 5467 1720 5522 cap.
1751 5449 1820 5505 77
1855 5450 1996 5523 Opp.
2031 5449 2237 5507 Meurs.

670 5556 728 5612 p.
753 5556 878 5595 θοι.

745 5633 822 5704 (5)
851 5633 968 5687 Vita
999 5632 1056 5688 S.
1086 5633 1362 5691 Pachomii
1396 5649 1518 5707 cap.
1553 5636 1603 5702 l,
1647 5636 1758 5690 AA.
1798 5633 1898 5691 SS.
1929 5631 2064 5692 Boil.
2101 5635 2233 5692 'Mai.

676 5722 744 5780 T.
773 5722 841 5779 III
872 5741 920 5795 p.
951 5725 1078 5780 297.

2335 4563 2428 4626 bis
2455 4563 2522 4626 in
2551 4560 2924 4626 collectione
2966 4558 3276 4622 Rosweidi
3316 4558 3498 4634 falso,
3543 4563 3614 4620 ut
3655 4557 3880 4637 opinor,

2409 4815 2486 4888 (6)
2518 4811 2652 4868 Hist.
2687 4811 2854 4869 Laus.
2901 4812 2992 4867 ed.
3035 4809 3242 4867 Meurs.
3278 4824 3401 4880 cap.
3444 4809 3481 4863 2
3508 4808 3646 4880 Opp.
3700 4809 3880 4861 Πρω-ε.

2335 4910 2374 4965 1.
2404 4911 2442 4963 I.
2466 4922 2520 4978 p.
2545 4905 2669 4961 349.

2413 4996 2488 5067 (τ)
2521 4995 2656 5051 Ibid.
2679 5009 2801 5063 cap.
2826 4991 2892 5046 '76
2919 5009 2972 5062 p.
3004 4992 3129 5048 557.

2411 5088 2488 5158 (8)
2521 5083 2656 5140 Ibid.
2681 5099 2804 5152 cap.
2831 5083 2902 5135 73
2928 5097 2979 5151 p.
3004 5080 3127 5138 556.
3495 5095 3500 5100 ·

2412 5180 2486 5250 (9)
2519 5175 2635 5232 VV.
2660 5175 2767 5230 PP.
2791 5174 2980 5229 Rosw.
3003 5174 3098 5229 lib.
3136 5172 3181 5226 Χ
3213 5189 3333 5245 cap.
3370 5172 3472 5228 199
3497 5188 3553 5244 p.
3583 5171 3711 5237 937,
3731 5171 3784 5225 2.

2414 5269 2528 5342 (10)
2555 5269 2642 5325 Cf.
2675 5267 2817 5322 infra
2843 5266 3021 5337 Caput
3051 5266 3138 5322 IV.

2412 5361 2770 5434 (li),Sozom.
2795 5357 2936 5415 Ilist.
2968 5356 3180 5413 Eccles.
3203 5358 3296 5412 lib.
3327 5355 3390 5410 VI
3423 5371 3545 5428 cap.
3576 5356 3649 5411 29
3677 5354 3763 5411 ed.
3791 5348 3886 5406 Ya-

2341 5454 2442 5511 les.
2475 5469 2531 5524 p.
2576 5439 2700 5508 681.

2414 5545 2526 5616 (12)
2560 5543 2703 5598 Hist.
2738 5542 2906 5597 Laus.
2938 5541 3028 5596 ed.
3068 5540 3270 5594 Meurs.
3307 5555 3427 5610 cap.
3461 5540 3532 5593 29
3562 5555 3614 5609 p.
3646 5538 3771 5593 456.

2416 5636 2530 5703 (15)
2576 5635 2714 5688 Dial.
2749 5634 2765 5686 1
2797 5649 2922 5700 cap.
2946 5633 3012 5687 15
3035 5630 3288 5686 Gallam].
3318 5632 3454 5685 Bibl.
3491 5629 3588 5686 PP.
3613 5629 3684 5687 Τ.
3711 5627 3817 5682 VIII
3843 5641 3882 5696 p.

2344 5727 2468 5790 an,
2493 5727 2550 5795 ’1,
2580 5725 2754 5797 Migne
2783 5721 2986 5779 Palrol.
3016 5719 3079 5776 τ.
3114 5721 3210 5778 xx
3237 5739 3290 5794 p.
3327 5725 3445 5780 193.
