4040 6588
298 322 359 383 91

1765 318 1987 375 VITAE.

3419 320 3487 375 98
3526 294 3535 317 τ

295 432 587 514 Memphis
608 433 687 514 (1)
722 441 845 507 est;
882 450 1024 496 nam
1045 434 1359 497 desertum
1387 436 1661 517 Memphi
1683 454 1829 499 con-
1856 447 1901 501 Α
1931 435 2332 498 desideraret.
2373 435 2777 497 Postmodum
2812 436 2876 497 in
2913 435 3033 497 hoc
3057 433 3197 497 loco
3230 451 3357 497 non
3397 441 3490 496 est

294 540 511 615 tignum
522 535 629 595 vix
653 537 1363 597 extremumvocaveris.
1389 540 1472 599 Ac
1494 538 1831 611 desertum,

292 638 349 700 in
368 652 483 714 quo
494 634 868 696 anachoreta
884 635 1144 710 vivebat,
1160 654 1193 697 a
1206 637 1397 699 Nitria
1410 638 1594 715 longe
1609 638 1836 697 distare

291 754 415 802 cum
447 735 745 814 Sulpitius
774 737 1037 797 Severus
1078 737 1214 817 ipse
1248 745 1477 811 narrat,
1508 745 1639 799 tum
1686 737 1833 798 inde

290 835 642 919 patet,quod
657 835 1568 917 illiNitriaemonachiseptimo
1584 838 1834 899 demum

287 954 485 1000 mense
511 937 575 997 id
606 937 984 999 invenerunt
1005 937 1112 1016 (2).
1144 938 1434 1000 Blembos
1463 955 1610 1000 vero
1635 937 1835 1016 Sulpi-

285 1036 395 1096 tius
427 1036 693 1096 Severus
721 1036 1074 1116 Blemmyes
1106 1054 1331 1099 vocare
1357 1036 1620 1107 videtur,
1664 1036 1833 1096 Stra-

281 1136 431 1198 bone
460 1141 723 1199 testante
780 1137 859 1217 (3)
918 1136 1293 1217 AethiOpum
1334 1136 1633 1208 subditos,
1679 1128 1841 1204 102

278 1235 585 1314 Aegyptiis
622 1236 938 1298 ﬁnitimos.
972 1237 1219 1297 Etenim
1249 1235 1547 1314 Sulpitius
1572 1237 1841 1298 Severus

279 1332 476 1415 paullo
521 1340 685 1413 post,
738 1335 1203 1397 adolescentem
1249 1335 1586 1415 quendam,
1636 1354 1830 1416 quum

275 1434 334 1495 in
357 1436 642 1512 Aegypto
684 1436 973 1497 tribunus
1012 1442 1198 1509 esset,
1244 1436 1670 1516 frequentibus
1712 1440 1841 1499 ad-

274 1552 506 1595 versum
524 1534 807 1595 Blembos
832 1535 1333 1614 expeditionibus
1352 1538 1658 1616 quaedam
1687 1558 1826 1602 ere-

271 1632 509 1696 miloca
554 1635 888 1712 contigisse
922 1635 1031 1714 (4),
1080 1643 1307 1698 narrat.
1351 1639 1517 1710 Quae
1566 1642 1824 1719 expedi-

269 1734 462 1795 tiones
479 1734 634 1813 quin
654 1741 871 1797 contra
891 1734 1242 1815 Blemmyes
1266 1738 1584 1814 nomades,
1611 1740 1825 1801 ﬁnium

266 1833 525 1911 Aegypti
545 1832 809 1905 accolas,
834 1832 1031 1895 factae
1052 1834 1196 1907 sint,
1220 1836 1320 1895 vix
1336 1835 1594 1898 dubium
1611 1847 1701 1899 est
1719 1840 1823 1919 (5).

266 1932 375 1992 Sed
396 1931 731 1992 Macarium
752 1930 1237 1993 Alexandrinum
1256 1932 1601 1997 duodecim
1630 1953 1843 1999 annos

261 2032 321 2093 in
385 2030 508 2091 ista
557 2031 961 2110 Blemmyume
997 2048 1209 2094 eremo
1254 2033 1691 2097 anachoretam
1734 2038 1826 2098 vi-

260 2132 438 2203 xisse,
477 2130 547 2191 id
578 2130 748 2209 quod
771 2130 917 2192 alibi
946 2148 1077 2193 non
1097 2132 1381 2205 traditUr,
1403 2133 1537 2195 solo
1564 2135 1828 2216 Sulpitio

257 2237 405 2291 teste
436 2246 573 2290 non
603 2230 1016 2304 crediderim;
1052 2232 1111 2292 is
1146 2231 1312 2292 enim
1352 2249 1482 2292 rem
1520 2232 1684 2294 fama
1720 2252 1826 2297 ac-

257 2332 437 2411 cepit,
475 2349 667 2412 quam
707 2331 984 2394 Palladio
1010 2332 1423 2412 Paphnutius,
1453 2336 1700 2396 Macarii
1729 2335 1849 2397 (ἰί-⁵

253 2431 558 2511 scipulus,
594 2433 825 2505 retulit,
856 2432 965 2512 qui
998 2432 1354 2507 Macarium,
1388 2450 1582 2512 quum
1612 2435 1829 2498 catulis

254 2531 468 2594 oculos
502 2532 874 2604 restitueret,
915 2532 1081 2593 domi
1125 2534 1193 2594 in
1232 2531 1380 2592 aula
1413 2532 1601 2593 cellae
1633 2536 1829 2612 ipsius

250 2630 485 2692 sedisse
517 2630 695 2691 dixit.
724 2629 1173 2692 Familiaritatis
1196 2636 1404 2691 autem
1435 2648 1657 2694 senum
1681 2650 1827 2694 cum

247 2730 394 2792 feris
420 2729 702 2810 plurima
729 2730 1017 2810 exempla
1042 2730 1446 2792 inveniuntur
1473 2730 1581 2812 (6).
1606 2734 1829 2794 Ludol-

244 2829 341 2891 fus
372 2847 642 2911 quoque
663 2848 857 2909 quum
886 2846 1049 2892 saec.
1075 2833 1206 2891 XIV
1237 2832 1649 2894 Palaestinam
1677 2835 1831 2896 invi-

245 2937 434 3002 seret,
469 2928 561 2992 de
591 2929 772 2991 terris
797 2931 1053 2993 Jordani
1081 2932 1507 2997 adiacentibus
1526 2935 1678 2999 haec
1701 2946 1825 2999 tra-

242 3028 394 3090 didit
430 3045 447 3091 :
488 3053 524 3085 α
553 3030 753 3109 Supra
788 3031 1027 3092 ﬂuxum
1063 3033 1349 3096 Iordanis
1385 3043 1529 3097 sunt
1564 3038 1828 3117 plurima

1863 1789 1903 1844 Β

1934 537 2101 597 visus
2127 535 2246 608 leo,
2280 535 2389 597 sed
2411 553 2595 615 quam
2616 536 2884 615 plurima
2904 536 3127 597 damna
3148 534 3353 596 intulit
3380 536 3491 597 ho-

1936 637 2202 698 minibus
2223 644 2282 697 et
2300 637 2591 701 iumentis
2646 636 2751 717 (7).
2780 654 2817 691 ››Δ

2013 740 2207 800 Porro
2236 755 2507 811 causam,
2550 754 2660 799 cur
2679 736 3003 807 Macarius,
3029 748 3109 796 ex“
3128 751 3253 814 quo
3284 737 3487 816 bapti-

1934 845 2107 899 zatus
2163 847 2255 900 est
2304 846 2613 919 tempore,
2649 838 3040 918 septuaginta
3095 836 3272 897 annis
3316 835 3489 897 humi

1934 956 2061 999 non
2082 939 2341 1017 spuerit,
2369 938 2551 1000 aliam
2580 938 2781 1000 nisiut
2800 934 3244 999 continentiam
3275 941 3487 997 osten-

1934 1038 2131 1111 deret,
2197 1055 2323 1099 non
2376 1038 2650 1100 invenio.
2693 1038 2815 1099 Sed
2848 1037 2957 1117 pili
2994 1030 3225 1098 barbae
3268 1036 3351 1097 ob
3390 1035 3488 1096 ni-

1932 1138 2120 1199 miam
2163 1138 2670 1199 exercitationem
2727 1137 2913 1199 etiam
2957 1136 3180 1197 Joanni
3216 1135 3281 1197 in
3326 1138 3511 1215 Lyco

1931 1255 2059 1299 non
2105 1238 2270 1298 enati
2316 1255 2452 1300 esse
2492 1237 2782 1315 leguntur
2830 1236 3177 1315 (8).Ultima
3219 1236 3509 1316 denique

1928 1336 2045 1397 ista
2078 1335 2345 1396 narratio
2397 1335 2472 1396 de
2522 1334 3024 1411 cogitationibus,
3081 1350 3241 1412 quae
3288 1332 3486 1395 Palla~

1930 1438 2101 1498 dium
2117 1436 2290 1498 abire
2310 1436 2623 1509 iusserint,
2648 1435 2817 1514 quod
2843 1434 2999 1497 nihil
3020 1441 3231 1512 ageret
3250 1434 3315 1495 in
3337 1434 3485 1496 soli-

1930 1537 2187 1609 tudine,
2240 1537 2404 1598 varie
2470 1535 2711 1598 exculta
2763 1534 2915 1598 alibi
2963 1550 3214 1615 quoque
3264 1550 3487 1596 occur‘

1930 1638 2008 1699 rit
2041 1637 2146 1716 (9).

2008 1742 2036 1813 §
2082 1737 2177 1798 24.
2202 1741 2275 1799 Et
2304 1737 2460 1800 haec
2495 1736 2746 1819 quidem
2787 1736 2865 1798 ad
2900 1742 3085 1816 caput
3129 1734 3377 1798 Palladii
3412 1735 3489 1797 de

1933 1839 2200 1902 Macario
2266 1838 2681 1901 Alexandrino
2730 1836 3163 1898 illustrandum
3226 1834 3506 1896 dicenda

1918 1947 2131 2004 erant.
2155 1943 2399 2013 Restat,
2429 1944 2497 2000 ut
2533 1944 2800 2017 quatuor
2834 1935 3240 2008 narrationes,
3263 1934 3489 2012 quibus

1932 2046 2173 2103 textum
2202 2059 2236 2102 a
2264 2039 2531 2101 Meursio
2570 2037 2804 2099 editum
2844 2034 3219 2113 Hervetique
3250 2033 3487 2095 versio-

1935 2156 2080 2202 nem
2114 2142 2180 2202 in
2203 2140 2311 2203 illo
2340 2140 2541 2220 capite
2561 2137 2882 2201 codicibus
2903 2132 3490 2196 Vindobonensibus

1934 2242 2283 2322 ceterisque
2313 2240 2698 2303 versionibus
2717 2235 3193 2316 locupletiorem
3217 2247 3352 2295 esse
3373 2232 3486 2293 do-

1934 2342 2198 2416 animus,
2258 2340 2705 2402 examinemus.
2764 2339 2929 2410 Quae
2973 2334 3227 2414 quidem
3273 2330 3490 2410 capitis

1932 2440 2112 2501 initio
2143 2445 2286 2519 post
2314 2438 2569 2500 Palladii
2594 2436 2801 2508 verba,
2820 2432 3061 2496 Macarii
3093 2430 3490 2493 Alexandrini

1939 2522 2099 2605 103
2118 2534 2237 2596 alia
2266 2551 2333 2595 se
2360 2534 2567 2613 ipsum
2589 2532 2812 2593 vidisse
2841 2547 3033 2610 Opera
3062 2538 3123 2591 et
3154 2529 3349 2607 signa,
3374 2528 3489 2590 alia

1934 2652 2000 2697 se
2029 2636 2108 2696 ab
2140 2634 2237 2708 iis,
2273 2634 2381 2714 qui
2405 2651 2531 2696 una
2557 2650 2697 2696 cum
2738 2648 2813 2695 eo
2842 2630 3127 2703 vixerint,
3176 2627 3489 2699 didicisse,

1932 2737 2017 2797 ita
2036 2736 2328 2813 leguntur
2348 2753 2362 2796 :

2014 2860 2045 2893 ‹‹
2078 2839 2136 2897 Is
2164 2853 2359 2916 quum
2388 2833 2555 2913 apud
2579 2838 2815 2912 patrem
2842 2831 3178 2893 Antonium
3199 2834 3491 2909 magndm

1935 2937 2167 2999 electos
2215 2936 2533 3017 quondam
2590 2934 2831 3014 palmae
2878 2948 3116 3005 ramos,
3171 2948 3331 3012 quos
3386 2931 3491 2993 illc

1932 3038 2249 3110 tractabat,
2302 3034 2575 3108 vidisset,
2625 3051 2819 3095 unum
2863 3033 2941 3093 ab
2989 3047 3067 3094 eo
3104 3026 3495 3111 manipulum

240 3132 633 3194 Graecorum
668 3140 730 3195 et
768 3130 1338 3197 Schismaticorum‘
1359 3139 1731 3200 monasteria
1772 3147 1831 3200 et
1856 3142 1899 3199 Ο
1931 3150 2244 3199 ramorum
2275 3134 2472 3216 petiit.
2506 3134 2613 3195 Cui
2646 3134 2946 3195 Antonius
2979 3150 2992 3192 :
3025 3132 3331 3211 Scriptum
3376 3139 3489 3204 est,

238 3234 608 3295 eremitoria
634 3235 1417 3312 gratiosa.Juxtaeundem
1458 3238 1694 3299 ﬂuxum
1729 3240 1841 3301 ina
1932 3236 2155 3315 inquit,
2203 3235 2343 3297 Non
2403 3232 2813 3312 concupisces
2868 3248 2967 3293 res
3028 3230 3296 3310 proximi
3366 3230 3481 3291 tui.

235 3333 661 3395 numerabilia
717 3342 1055 3397 cernuntur
1145 3336 1431 3398 animalia
1532 3337 1833 3401 silvestria
1932 3333 2343 3408 Quod‘solum
2387 3350 2578 3413 quum
2620 3333 2894 3406 dixisset,
2940 3333 3093 3394 rami
3122 3338 3490 3394 omnessta-

234 3448 423 3510 parva
461 3439 535 3493 et
572 3449 801 3511 magna
835 3435 1005 3496 omni
1037 3451 1297 3515 vespere
1326 3452 1393 3497 se
1433 3438 1828 3515 adaquantia,
1931 3434 2041 3496 tim
2071 3441 2367 3513 tanquam
2406 3434 2537 3511 igni
2564 3433 2877 3495 torrefacti
2919 3440 3084 3494 sunt.
3125 3432 3191 3493 Id
3225 3432 3334 3494 ubi
3366 3437 3489 3493 An-

229 3531 612 3610 specialiter
649 3531 891 3607 leones,
932 3530 1174 3613 vulpes,
1226 3534 1523 3613 capreoli,
1575 3536 1738 3597 cervi
1774 3536 1849 3596 et“
1929 3537 2139 3599 tonius
2177 3535 2350 3609 vidit,
2398 3535 2688 3608 Macario,
2744 3535 2926 3606 Ecce,
2967 3532 3191 3611 inquit,
3241 3532 3494 3612 spiritus

229 3629 519 3711 lepores,
561 3632 732 3711 capri
763 3632 1076 3694 silvestres
1106 3641 1167 3695 et
1194 3633 1559 3696 huiusmodi
1591 3635 1843 3698 anima-
1931 3635 2233 3715 requievit
2258 3649 2449 3713 super
2464 3638 2548 3705 te,
2578 3633 2824 3711 erisque
2845 3631 2997 3691 mihi
3016 3630 3325 3710 deinceps
3350 3630 3493 3692 hae-

226 3732 334 3806 lia,
364 3751 553 3813 quae
574 3734 747 3797 iuxta
783 3734 1073 3797 homines
1111 3735 1411 3797 incedunt
1445 3742 1512 3797 ut
1543 3737 1832 3799 animalia
1929 3748 2029 3797 res
2052 3736 2343 3796 virtutum
2372 3749 2672 3795 mearum.

226 3832 618 3896 domestica.
662 3836 734 3898 In
786 3836 1011 3897 eodem
1058 3835 1201 3898 loco
1238 3836 1635 3916 temporibus
1675 3837 1847 3897 meis
2012 3858 2040 3891 «
2073 3835 2355 3897 Eundem
2387 3850 2650 3913 corpore
2681 3832 2854 3894 valde
2876 3831 3277 3911 defatigatum
3302 3834 3367 3894 in
3396 3846 3494 3895 so-

223 3939 401 3996 trans
426 3935 645 4013 ripam
666 3932 955 3996 Iordanis
984 3934 1084 3996 leo
1113 3935 1370 3997 adsidue
1409 3954 1545 3997 esse
1567 3936 1827 4012 solebat,
1929 3934 2191 3997 litudinc
2206 3934 2493 3997 diabolus
2516 3935 2972 4014 invenit,eique
3004 3953 3016 3995 :
3052 3937 3235 4009 Ecce,
3266 3935 3488 4014 inquit,

225 4041 288 4095 et
314 4033 637 4095 homines
672 4040 1068 4095 transeuntes
1092 4035 1334 4114 aSpexit
1372 4043 1431 4097 et
1448 4037 1641 4097 cauda
1660 4036 1835 4097 blan-
1931 4038 2188 4115 gratiam
2240 4035 2492 4098 Antonii
2543 4037 2865 4116 accepisti;
2918 4054 3028 4097 cur
3073 4036 3323 4096 tandem
3365 4054 3491 4097 non

218 4133 410 4195 diens
441 4150 639 4195 more
664 4134 832 4194 canis
859 4140 918 4193 et
951 4150 1077 4194 non
1107 4134 1284 4211 fugit,
1320 4151 1435 4196 nec
1468 4135 1545 4196 de
1584 4136 1683 4197 die
1712 4137 1827 4197 ali-
1929 4137 2119 4198 uteris
2153 4134 2471 4214 dignitate,
2522 4141 2708 4215 atque
2743 4154 2778 4197 a
2816 4137 2943 4197 Deo
2985 4137 3193 4198 cibum
3239 4144 3299 4199 et
3334 4139 3493 4199 vires

216 4228 324 4289 cui
377 4228 640 4308 aliquid
686 4229 895 4289 damni
951 4229 1182 4291 intulit.
1246 4231 1521 4293 Tandem
1575 4234 1828 4312 quidam

213 4329 599 4406 sagittarius
634 4336 867 4406 noster,
891 4330 1105 4391 volens
1143 4348 1284 4392 eum
1324 4339 1558 4394 terrere
1598 4340 1657 4395 et
1686 4334 1825 4395 irri-

212 4429 375 4495 tare,
433 4427 736 4501 sagittam
789 4427 1016 4488 emisit.
1066 4430 1191 4490 Leo
1238 4447 1304 4490 se
1348 4448 1477 4491 non
1517 4434 1824 4506 movebat,

209 4525 324 4585 sed
360 4525 447 4585 ad
489 4525 786 4603 sagittam
826 4528 1145 4602 adorabat,
1199 4536 1260 4590 et
1296 4547 1438 4591 cum
1477 4530 1582 4592 ille
1613 4532 1822 4593 denuo
1857 4525 1901 4556 ”
1930 4540 2079 4607 ergo
2110 4528 2507 4599 diabolus,ut‘
2524 4527 2577 4589 ei
2609 4527 2971 4606 phantasma
3000 4541 3350 4610 appareret,
3383 4553 3486 4595 ca-

209 4626 524 4703 sagittam
578 4628 911 4701 emitteret,
956 4629 1057 4691 leo
1096 4647 1163 4691 se
1201 4631 1433 4692 directe
1466 4639 1680 4693 contra
1719 4650 1819 4694 sa-
1927 4629 2127 4690 melus
2160 4645 2350 4689 onera
2397 4627 2678 4688 baiulans
2710 4636 2769 4688 et
2807 4645 3017 4690 errans
3062 4648 3174 4709 per
3204 4633 3485 4695 solitudi-

204 4724 437 4799 gittam
463 4725 700 4799 erexit,
743 4728 921 4804 quasi
942 4744 1050 4788 ore
1073 4734 1134 4789 et
1154 4728 1418 4808 pedibus
1439 4746 1574 4791 eam
1595 4748 1820 4810 capere
1927 4732 2095 4803 nem,
2128 4728 2373 4792 habens"
2386 4730 2601 4789 omnia
2616 4729 2691 4790 ad
2718 4744 2901 4790 usum
2924 4734 3292 4795 necessaria.
3324 4740 3489 4807 Quae

274 4860 362 4932 (Ι)
410 4859 544 4914 VV.
584 4860 685 4914 PP.
713 4860 894 4917 Rosw.
927 4862 1020 4917 lib.
1054 4862 1120 4917 IV
1157 4878 1275 4934 cap.
1304 4864 1337 4918 8
1363 4880 1418 4934 p.
1453 4866 1576 4931 540,
1605 4868 1656 4920 2.

273 4953 363 5023 (2)
416 4952 581 5005 Dial.
621 4952 659 5015 ι,
687 4953 721 5005 ι.
751 4954 784 5007 ι.

273 5040 361 5111 (5)
397 5040 734 5109 Geograph.
760 5042 853 5095 lib.
889 5040 1028 5095 XVII
1058 5043 1237 5099 initio.

271 5134 357 5202 (4)
420 5131 592 5184 Dial.
629 5130 646 5183 l
680 5147 799 5201 cap.
831 5133 902 5185 22
932 5132 1183 5188 Gallantl.
1219 5132 1357 5187 Bibl.
1404 5134 1508 5189 PP.
1552 5134 1588 5187 l.
1621 5134 1657 5187 Ι.
1690 5136 1816 5200 608,

193 5221 253 5285 2,
297 5222 510 5293 Migne
559 5224 597 5276 Ι.
638 5224 673 5276 l.
712 5240 762 5292 p.
804 5224 924 5278 197.

266 5317 353 5383 (5)
384 5314 633 5368 Plinius
664 5316 807 5381 (Nat.
835 5314 975 5371 Hist.
1009 5315 1074 5379 V,
1100 5316 1154 5386 8)
1186 5316 1494 5388 Blemmyas
1518 5326 1732 5387 gentem
1761 5319 1817 5373 in

1929 4237 2007 4299 ad
2054 4237 2171 4298 iter
2214 4236 2689 4314 ingrediendum
2737 4234 2933 4315 petis?
2982 4238 3094 4298 Hic
3143 4245 3350 4299 autem
3402 4258 3491 4301 re-

1930 4338 2181 4416 spondit
2216 4354 2228 4396 :
2262 4337 2467 4395 Virtus
2519 4352 2657 4396 mea
2707 4343 2767 4396 et
2810 4335 2942 4396 laus
2995 4351 3129 4396 mea
3168 4337 3486 4400 Dominus.

1857 4435 2019 4556 l)Tu
2065 4437 2271 4493 autem
2323 4448 2402 4492 ne
2448 4431 2780 4491 tentaveris
2824 4448 3068 4491 servum
3122 4434 3266 4495 Deil
3325 4438 3490 4497 Fecit

1935 4540 2075 4556 ,ιη-Α
2113 4528 2391 4556 Δε,ι.,.1..-
2435 4527 2577 4556 ..ιλ-κε
2610 4527 2968 4556 κιεηηιληκηι.
3005 4541 3321 4556 -.._..._,,__-.
3394 4553 3445 4556 ,Α

1925 4879 2088 4917 manu
2106 4864 2496 4933 praebuerunt.
2532 4884 2549 4915 ι
2582 4848 2668 4919 Cl‘.
2712 4866 2930 4933 Vupisc.
2965 4869 3244 4924 Aurelian.
3277 4870 3367 4926 35.
3396 4874 3484 4927 Η.

1992 4953 2071 5024 {6)
2094 4953 2367 5008 Nonnulla
2400 4955 2537 5023 legis
2569 4955 2620 5006 iu
2640 4953 2859 5024 Sulpitii
2893 4955 3076 5013 Severi
3104 4959 3240 5015 Dial.
3262 4962 3302 5015 Ι.
3328 4978 3483 5033 capp.

1922 5045 2010 5100 13.
2051 5045 2136 5098 14;
2171 5046 2290 5099 Alia
2319 5046 2491 5099 multa
2526 5046 2722 5101 in‘VV.
2756 5046 2861 5103 PP.
2892 5060 3207 5105 occurrunt.

1991 5135 2066 5207 (7)
2108 5136 2315 5191 Ludolll
2352 5138 2583 5192 rectoris
2624 5140 2881 5195 ecclesiae
2920 5141 3247 5210 parochialis
3291 5142 3343 5196 in
3378 5142 3485 5196 Sua

1920 5227 2075 5281 citem
2103 5227 2175 5280 De
2194 5228 2379 5281 itinere
2394 5238 2608 5281 sanctae
2628 5239 2797 5283 terrae
2815 5218 2969 5285 liber.
2988 5230 3134 5285 Nacti
3158 5233 3296 5286 alten
3314 5232 3486 5288 Hand-

1924 5320 2193 5373 schrilten
2224 5320 2514 5391 bericlitigt
2536 5322 2973 5393 hcrausgegeben
2990 5330 3098 5379 won
3117 5324 3181 5377 D'
3202 5324 3264 5379 F.
3291 5325 3481 5398 Dcyks.

1923 5411 2125 5481 Stuttg.
2159 5412 2288 5467 1851
2326 5430 2378 5483 p.
2407 5413 2474 5469 89
2504 5431 2565 5484 sq

1992 5503 2069 5572 (8)
2102 5502 2241 5556 llist.
2272 5501 2439 5559 Laus.
2466 5506 2553 5559 ed.
2580 5505 2779 5562 Meurs.
2810 5512 2931 5577 cap'.
2958 5506 3028 5561 44
3050 5504 3187 5578 Op'p.
3212 5504 3412 5566 Mcnrs.
3444 5510 3479 5565 Ι.

1920 5592 1961 5647 1.
1998 5607 2050 5662 p.
2077 5592 2203 5647 475.

1995 5684 2070 5753 (9)
2098 5678 2208 5739 vv.
2245 5682 2349 5738 rp.
2388 5685 2570 5743 Rosw.
2608 5689 2701 5744 lib.
2736 5689 2800 5743 ιιι
2844 5705 2997 5763 capp.
3040 5690 3163 5748 l06.
3200 5690 3479 5755 107.108;

1920 5774 2014 5830 lib.
2046 5774 2083 5826 V
2121 5776 2287 5832 libell.
2325 5777 2373 5842 7,
2410 5778 2495 5835 53.

189 5408 551 5461 conﬁnibus
595 5406 817 5477 Aegypti
857 5408 1191 5463 habitantem
1227 5410 1473 5477 perhibet
1498 5428 1577 5475 ,,‹
1617 5411 1819 5479 quibus

188 5500 525 5553 traduntur
582 5490 759 5567 capita
794 5498 1007 5562 abesse,
1053 5514 1150 5553 ore
1186 5507 1239 5553 ct
1284 5501 1460 5555 oculis
1500 5502 1705 5570 pectori
1732 5501 1817 5554 af-

191 5589 347 5644 ﬁxis.
380 5608 403 5641 ι
442 5586 737 5656 Vopiscus
768 5589 822 5642 in
856 5588 1033 5643 Probo
1062 5590 1163 5643 l7:
1194 5608 1210 5637 ε
1236 5589 1592 5661 Blemmyas,»
1618 5591 1813 5660 inlinit,

190 5697 211 5730 ι
240 5682 427 5736 etiam
466 5678 729 5748 subegit,
760 5696 992 5750 quorum
1015 5681 1265 5750 captivos
1295 5679 1523 5735 Romam
1557 5684 1812 5737 transmi-

188 5771 287 5827 sit.
336 5770 465 5839 Qui
505 5769 825 5825 mirabilem
857 5772 941 5826 sui
977 5772 1156 5825 visum
1190 5779 1444 5841 stupente
1475 5774 1677 5843 populo
1703 5773 1809 5829 Bo-

519 5865 789 5927 Pnnox.
846 5866 962 5927 Gn.
992 5866 1286 5929 XXXIV.
3126 5885 3159 5948 ι
