4040 6578
508 292 607 351 ‘9'.)

1387 285 1487 341 SS.
1529 281 1988 341 MACARIOHUM
2038 278 2355 336 AEGYPTH
2396 280 2484 335 ΕΤ
2528 277 2993 334 ALEXANDRINI

3656 276 3748 333 σου

532 410 785 491 quidem
864 425 1063 489 prope
1153 407 1516 481 Macarium,
1572 424 1761 487 quem
1835 406 2093 474 viderat,
2125 409 2168 465 Α
2200 418 2277 463 ex
2315 402 2471 463 urbe
2506 399 2877 465 Alexandria
2919 396 3243 471 oriundus,
3279 393 3647 475 appellatur.
3673 402 3747 462 Αυ

530 509 791 571 adsedit.
836 510 975 587 Ipse
1008 505 1371 586 phantasma
1410 522 1570 578 esse,
1600 510 1668 565 ut
1701 511 1851 577 erat,
1896 500 2103 580 suspi-

530 618 704 672 catus
743 608 1012 669 substitit
1054 606 1132 667 ad
1180 604 1507 678 orandum,
1557 611 1745 683 atque
1790 599 2104 680 extemplo

531 705 806 769 camclus
836 712 998 766 terra
1028 704 1321 781 absorpta
1348 709 1460 763 est.

611 829 639 860 «
666 804 839 865 Idem
868 803 1171 865 Macarius
1191 812 1464 874 πολιτικός
1485 800 1803 880 quondam
1833 799 1999 861 venit
2027 798 2105 859 ad

531 904 861 966 Macarium
900 920 1218 980 magnum.
1262 902 1461 962 Ambo
1511 917 1705 979 quum
1748 898 1954 960 Nilum
2003 916 2103 959 es-

532 1015 668 1067 sent
701 1007 1139 1081 transmissuri,
1179 1006 1405 1079 evenit,
1451 1012 1517 1065 ut
1549 1004 1888 1065 maximum
1938 1020 2103 1083 pon-

532 1116 741 1170 tonem
774 1107 1276 1184 ingrederentur,
1318 1107 1385 1167 in
1429 1123 1619 1185 quem
1648 1105 1955 1166 intrarunt
1991 1105 2101 1165 tri-

532 1207 681 1268 buni
715 1225 856 1269 cum
889 1223 1117 1283 magno
1144 1207 1328 1279 fastu,
1370 1206 1477 1284 qui
1507 1204 1763 1266 rhedam
1794 1204 2105 1266 habebant

532 1315 725 1368 totam
762 1324 1045 1379 aeneam,
1080 1314 1141 1367 et
1174 1323 1370 1384 equos
1413 1304 1605 1365 frenis
1634 1304 1837 1365 aureis
1870 1303 2102 1363 instru-

533 1416 690 1481 ctos,
720 1426 791 1469 ac
820 1408 1047 1468 milites
1076 1407 1382 1485 quosdam
1421 1405 1714 1467 satellites
1748 1420 2105 1483 puerosque

532 1507 859 1585 torquibus
882 1513 942 1567 et
965 1505 1170 1567 aureis
1198 1504 1371 1565 zonis
1402 1510 1675 1564 ornatos.
1708 1502 1963 1562 Tribuni
1995 1502 2106 1580 igi-

530 1612 632 1666 tur
675 1604 1019 1666 monachos
1050 1603 1393 1682 conspicati
1419 1602 1733 1663 veteribus
1762 1602 1985 1679 pannis
2012 1604 2106 1662 in—

2206 502 2364 563 duae
2394 502 2535 563 illae
2567 502 2805 581 priores
2835 500 3221 564 narrationes
3251 497 3397 559 alibi
3425 513 3550 557 non
3580 514 3751 578 repe-

2205 602 2477 675 riuntur;
2518 601 2796 680 reliquae
2841 617 2988 663 vero
3019 600 3137 673 bis,
3174 598 3364 659 altera
3397 597 3647 676 quidem
3684 598 3753 663 de

2203 700 2473 761 tribunis
2502 700 2661 761 libro
2691 700 2968 762 secundo
3021 698 3100 781 (2)
3134 706 3194 760 et
3230 706 3407 760 sexto
3440 698 3546 776 (3),
3580 700 3756 765 altera

2206 799 2284 860 de
2314 818 2432 862 uva
2463 800 2621 861 libro
2652 800 2928 862 secundo
2966 799 3045 881 (4)
3080 806 3140 861 et
3172 800 3354 861 tertio
3393 798 3471 879 (5)
3506 801 3759 863 Roswei-

2206 900 2425 962 dianae
2455 901 2841 963 collectionis
2868 901 2951 961 ita
2981 900 3290 978 leguntur,
3324 908 3391 961 ut
3438 916 3514 961 ex
3549 900 3756 963 eodem

2206 1018 2429 1078 graeco
2462 1000 2635 1062 fonte
2681 1018 2786 1061 eas
2829 1017 3114 1062 manasse
3148 999 3473 1080 probabile
3508 998 3604 1060 sit.
3640 1002 3757 1062 No-

2206 1116 2351 1159 men
2402 1100 2655 1159 urbicus
2704 1098 2782 1179 (6)
2840 1098 3107 1161 Macario
3139 1116 3266 1160 non
3316 1098 3566 1177 quidem
3612 1099 3672 1159 in
3701 1100 3763 1160 lie

2205 1199 2317 1261 bro
2347 1199 2646 1273 secundo,
2677 1198 2786 1259 sed
2821 1199 2887 1260 in
2931 1199 3093 1260 libro
3124 1206 3297 1260 sexto
3342 1199 3605 1259 inditum
3641 1207 3759 1272 est;

2202 1298 2269 1359 in
2313 1300 2582 1360 Historia
2629 1300 2921 1361 Lausiaca
2968 1305 3198 1374 autem,
3241 1307 3309 1360 ut
3350 1316 3496 1360 mox
3544 1298 3765 1361 videbi-

2204 1416 2365 1472 mus,
2390 1416 2621 1462 nomen
2651 1411 2923 1474 πολιτικός
2947 1402 3138 1463 semel
3162 1401 3219 1462 ei
3241 1400 3549 1462 tribuitur.
3574 1404 3764 1472 Quare

2206 1500 2585 1578 posteriores
2633 1502 2793 1563 duae
2830 1503 3217 1564 narrationes
3263 1503 3417 1580 quin
3455 1501 3532 1563 ad
3582 1504 3768 1564 Maca-

2206 1599 2366 1660 rium
2393 1600 2874 1663 Alexandrinum
2898 1608 3200 1682 spectent,
3232 1602 3328 1661 vix
3352 1600 3609 1662 dubium
3640 1618 3767 1663 esse

530 1704 739 1778 dutos,
776 1705 885 1783 qui
915 1704 979 1765 in
1009 1702 1234 1780 angulo
1277 1702 1603 1776 sedebant,
1645 1702 2100 1782 simplicitatem
2137 1742 2179 1798 Β
2208 1706 2434 1777 potest,
2468 1701 2659 1778 idque
2689 1701 2912 1775 solum,
2944 1719 3094 1762 num
3124 1702 3282 1762 duae
3312 1700 3553 1779 priores
3576 1699 3652 1760 de
3673 1719 3769 1762 eo-

530 1820 749 1864 eorum
778 1804 1022 1864 beatam
1069 1801 1530 1881 praedicarunt;
1556 1819 1843 1881 unusque
1887 1821 1962 1865 ex
1992 1805 2102 1864 tri-
2146 1797 2163 1798 ﬁ
2208 1797 2349 1859 dem
2389 1798 2680 1873 referant,
2732 1800 3071 1879 quaeritur.
3115 1800 3291 1873 Quod
3340 1800 3484 1861 inde
3520 1800 3767 1879 pendet,

531 1902 754 1964 bunis:
802 1902 993 1976 Beati,
1049 1902 1276 1981 inquit,
1329 1918 1437 1962 vos
1492 1900 1662 1975 estis,
1720 1903 1827 1981 qui
1870 1904 2106 1964 mundo
2206 1915 2358 1959 num
2387 1900 2708 1976 Macarius,
2743 1904 2804 1963 S.
2846 1902 3095 1963 Antonii
3141 1900 3485 1981 discipulus
3515 1901 3770 1981 eiusque

530 2002 835 2064 illusistis.
868 2001 975 2062 Cui
1004 2002 1306 2062 Macarius
1337 2009 1612 2072 πολιτικός
1647 2001 1973 2080 respondit
2010 2002 2126 2063 di-.
2207 1996 2429 2062 haeres
2454 2001 2771 2076 virtutum,
2796 2020 2958 2064 unus
2984 2020 3062 2064 ex
3089 2002 3318 2063 nostris
3343 2001 3624 2064 Macariis
3648 2001 3775 2064 fue-

533 2118 719 2162 cens:
774 2101 900 2161 Nos
961 2098 1216 2178 quidem
1270 2096 1505 2157 mundo
1554 2096 1879 2169 illusimus,
1930 2097 2107 2158 vobis
2208 2100 2308 2161 rit.
2338 2105 2414 2164 At
2440 2101 2563 2165 hoc
2593 2120 2720 2165 non
2746 2104 2962 2177 fuisse,
2993 2102 3154 2164 infra
3187 2101 3459 2165 dilucide
3490 2103 3775 2182 probabi-

533 2208 741 2262 autem
788 2199 981 2260 illusit
1026 2198 1317 2258 mundus.
1370 2198 1537 2259 Scito
1587 2205 1795 2259 tamen
1826 2215 1953 2259 non
2003 2206 2109 2261 tua
2208 2219 2367 2263 mus.
2416 2205 2576 2283 Ergo
2622 2204 2776 2267 duas
2820 2206 3061 2285 priores
3106 2204 3496 2265 narrationes
3544 2203 3623 2266 ad
3674 2222 3775 2265 no-

535 2308 783 2382 sponte,
818 2300 926 2362 sed
950 2298 1317 2379 prOphetice
1350 2306 1411 2360 te
1433 2298 1554 2360 hoc
1576 2298 1843 2373 dixisse;
1878 2300 2105 2364 etenim

534 2404 720 2464 ambo
758 2410 1033 2481 Μακάριοι
1068 2418 1384 2462 vocamur.
1432 2401 1563 2471 Quo
1594 2417 1884 2462 sermone
1932 2418 2112 2462 com-

535 2510 804 2583 punctus
850 2501 1158 2574 tribunus,
1206 2500 1577 2581 simulatque
1626 2500 1881 2562 domum
1920 2502 2107 2576 venit,

536 2602 739 2663 exutis
805 2600 1077 2661 vestibus
1133 2598 1319 2659 vitam
1391 2598 1820 2661 monachicam
1888 2598 2113 2678 delegit

535 2701 887 2779 multasque
915 2698 1062 2760 fecit
1095 2697 1554 2777 elecmosynas.

624 2825 651 2859 ε(
689 2801 853 2863 Alias
899 2800 1173 2873 missam,
1227 2816 1350 2876 qua
1382 2799 1549 2859 vesci
1587 2799 1889 2877 cupierat,
1930 2819 2113 2862 uvam

537 2908 880 2976 recentem,
913 2899 1358 2963 continentiam
1414 2900 1751 2960 ostendens
1796 2918 1993 2975 suam,
2034 2901 2114 2964 ad

535 3002 786 3066 fratrem
809 3001 1127 3081 quendam
1148 3006 1598 3077 aegrotantem,
1630 3000 1739 3079 qui
1763 3004 1920 3075 104
1946 3002 2113 3064 idem

536 3122 686 3166 uvas
716 3103 1132 3171 desiderabat,
1171 3102 1358 3162 misit.
1390 3106 1586 3180 Atque
1617 3102 1717 3164 hic
1741 3122 1921 3164 uvam
1949 3123 2115 3166 sum-

538 3222 642 3266 ma
668 3222 812 3266 cum
858 3202 1091 3264 laetitia
1136 3208 1456 3280 acceptam
1497 3201 1598 3261 alii
1629 3201 1800 3263 fratri
1843 3204 2113 3266 eundern

540 3304 751 3366 cibum
801 3302 1124 3382 appetenti
1172 3301 1415 3363 obtulit.
1468 3301 1588 3362 Sed
1645 3308 1706 3362 et
1752 3301 1876 3376 hic,
1936 3322 2117 3366 uvam

541 3410 781 3478 nactus,
835 3402 1002 3464 idem
1048 3401 1215 3475 fecit,
1270 3402 1384 3464 etsi
1427 3402 1565 3482 ipse
1610 3418 1683 3464 ea
1728 3404 1895 3465 vesci
1942 3404 2118 3468 valde

540 3502 853 3582 cupiebat.
886 3502 1088 3573 Quum
1120 3517 1266 3562 vero
1297 3500 1596 3581 deinceps
1625 3502 1703 3563 ad
1732 3502 1962 3565 multos
1992 3505 2118 3567 fra-

541 3608 668 3663 tres
716 3617 873 3663 uvae
922 3598 1373 3679 pervenissent,
1425 3616 1541 3661 nec
1572 3599 1736 3662 ullus
1782 3619 1888 3665 eas
1929 3603 2116 3665 edere

541 3697 859 3771 voluisset,
894 3696 1174 3769 ultimus,
1205 3696 1312 3774 qui
1345 3703 1696 3775 acceperat,
1741 3714 1845 3761 eas
1872 3698 1950 3761 ad
1983 3701 2112 3760 Ma-

542 3799 780 3860 carium
827 3796 1085 3870 remisit,
1132 3801 1429 3874 tanquam
1460 3813 1755 3873 magnum
1786 3798 1845 3860 ei
1878 3799 2115 3861 donum

541 3895 895 3974 largiturus.
925 3894 1041 3968 Qui
1071 3893 1337 3971 cognitis
1364 3894 1499 3956 uvis
1527 3912 1723 3975 reque
1753 3897 1995 3959 curiose
2024 3898 2119 3958 in-

545 3996 770 4077 quisita
802 3996 1061 4057 miratus
1090 3994 1315 4072 gratias
1347 3995 1473 4057 Deo
1501 3997 1582 4057 ob
1608 4002 1839 4059 tantam
1866 3997 2114 4060 illorum

543 4096 991 4159 continentiam
1040 4093 1187 4171 egit,
1220 4110 1337 4155 nec
1379 4094 1517 4173 ipse
1562 4096 1816 4175 quidem
1857 4113 1961 4160 eas
2002 4117 2113 4161 co-

543 4196 760 4258 medii.
799 4219 827 4251 ››

628 4294 832 4369 Vides,
863 4310 941 4355 ex
970 4299 1240 4374 quatuor
1272 4292 1443 4355 hisce
1475 4293 1934 4355 narrationibus
1962 4294 2117 4357 duas

2208 2306 2369 2364 stros
2389 2305 2691 2367 Macarios
2729 2323 2858 2367 non
2885 2304 3199 2385 pertinere
3224 2304 3303 2384 (7)
3336 2311 3562 2383 sponte
3590 2310 3771 2383 patet.

2290 2400 2445 2473 105
2469 2407 2495 2479 ς
2535 2402 2629 2464 25.
2653 2404 2762 2465 His
2778 2404 2985 2482 igitur,
3002 2403 3243 2483 quaein
3261 2403 3547 2465 codicum
3574 2420 3646 2464 ac
3660 2403 3779 2464 sin-

2212 2504 2493 2582 gularum
2523 2505 2828 2565 Historiae
2877 2504 3213 2566 Lausiacae
3249 2504 3596 2565 editionum
3642 2521 3774 2564 ver-

2212 2605 2587 2684 sionumque
2629 2605 2871 2684 capite:
2913 2605 3001 2666 De
3047 2604 3313 2666 Macario
3362 2603 3778 2666 Alexandrino

2211 2705 2522 2783 leguntur,
2540 2706 2606 2766 in
2628 2706 2903 2767 medium
2918 2705 3197 2785 prolatis,
3222 2705 3342 2767 iam
3360 2711 3429 2766 ut
3446 2705 3522 2766 ad
3543 2711 3778 2767 ceteros

2214 2805 2397 2867 etiam
2442 2805 2773 2866 Lausiacae
2829 2805 3039 2878 locos,
3099 2805 3327 2883 quibus
3372 2805 3778 2866 Macariorum

2214 2906 2449 2967 mentio
2477 2911 2563 2977 ﬁt,
2595 2907 2869 2967 animum
2910 2905 3324 2978 advertamus,
3375 2906 3530 2966 ordo
3568 2906 3780 2985 dispu-

2214 3004 2464 3065 tationis
2493 3003 2808 3082 postulare
2838 3002 3097 3063 videtur.
3125 3001 3359 3073 Quibus
3382 3001 3637 3080 quidem
3662 3018 3781 3061 non

2218 3105 2518 3167 Macarius
2546 3104 2907 3183 Aegyptius,
2953 3103 3062 3164 sed
3091 3101 3393 3163 Macarius
3428 3101 3786 3162 Alexandri-

2220 3222 2338 3265 nus
2362 3202 2541 3265 aliive
2573 3203 2817 3265 Macarii
2845 3208 3290 3263 memorantur.

2294 3307 2379 3365 Ac
2409 3303 2679 3383 primum
2708 3302 2960 3381 quidem
2981 3299 3281 3360 Macarius
3302 3300 3403 3360 ille
3427 3299 3783 3378 presbyter,

2218 3402 2685 3482 ptochotrOphii
2730 3399 3129 3462 Alexandrini
3188 3399 3539 3479 praefectus
3601 3405 3663 3460 et
3714 3400 3787 3458 ab

2217 3503 2634 3566 adolescentia
2655 3501 3016 3582 lapidarius,
3052 3500 3130 3561 de
3161 3516 3287 3579 quo
3319 3498 3634 3560 Palladius
3660 3516 3789 3559 nar-

2218 3612 2312 3668 rat
2356 3604 2460 3686 (8),
2495 3622 2639 3667 cum
2671 3602 2900 3664 nostris
2930 3601 3178 3662 duobus
3222 3600 3501 3661 Macariis
3530 3617 3615 3661 ne
3649 3616 3794 3662 con-

2215 3703 2531 3766 fundatur.
2563 3703 2692 3765 Nec
2743 3718 2870 3762 non
2909 3699 3015 3761 ille
3053 3699 3264 3759 iunior
3306 3699 3639 3771 Macarius,
3687 3700 3791 3778 qui

2214 3803 2457 3865 iuvenis
2500 3800 2887 3879 undeviginti
2941 3816 3247 3861 annorum
3305 3798 3565 3859 caedem
3626 3799 3794 3859 invo-

2215 3903 2542 3966 luntariam
2561 3902 2791 3964 fecerat
2813 3899 2917 3981 (9),
2944 3899 3018 3963 ab
3047 3898 3169 3960 illis
3184 3898 3667 3975 distinguendus
3679 3905 3790 3960 est.

2214 4008 2516 4067 Macarius
2542 4001 2996 4064 Alexandrinus
3027 3999 3145 4081 (10)
3178 4007 3383 4063 autem
3406 4006 3797 4060 memoratur

2215 4102 2282 4163 in
2332 4100 2533 4180 capite
2584 4107 2717 4178 Περὶ
2743 4105 2958 4159 Παύλου
3004 4096 3339 4175 inscripto,
3390 4096 3565 4174 quod
3619 4111 3656 4156 e
3698 4108 3799 4156 co-

2216 4202 2458 4264 dicibus
2484 4196 3077 4261 Vindobonensibus
3103 4196 3293 4258 latine
3325 4195 3650 4257 redditum
3682 4211 3796 4272 ap-

2222 4317 2513 4380 pommus
2548 4317 2560 4360 :

543 4395 788 4476 priores
817 4354 895 4456 ad
926 4354 1260 4456 Macarium
1318 4394 1380 4453 S.
1417 4392 1688 4466 Antonii,
1715 4394 1891 4455 cuius
1910 4394 2116 4473 digni-
2152 4409 2194 4463 ι)
2223 4354 2255 4380 Γ
2303 4426 2331 4456 ‹‹
2366 4403 2545 4461 Mons
2573 4404 2666 4459 est
2699 4415 2765 4458 1n
2801 4401 3082 4476 Aegypto
3111 4354 3430 4456 abducens
3458 4392 3525 4454 in
3560 4401 3797 4455 vastam

542 4501 733 4557 tatem
769 4492 949 4574 quasi
994 4494 1408 4557 haereditarie
1453 4501 1800 4573 acceperat,
1849 4494 2119 4575 discipu-

541 4593 673 4656 lum
701 4602 1010 4674 spectare,
1041 4601 1281 4656 ceteras
1311 4609 1458 4655 vero
1490 4593 1644 4654 duas
1673 4594 1750 4655 ad
1783 4595 2115 4658 Macarium

543 4697 907 4771 πολιτικόν,ἱ.
931 4710 987 4755 e.
1019 4710 1097 4754 ex
1127 4692 1283 4754 urbe
1312 4691 1671 4768 oriundum,
1703 4710 1831 4773 quo
1861 4696 2117 4758 nomine

542 4796 893 4859 Sozomeno
944 4801 1103 4855 teste
1154 4792 1235 4873 (1)
1285 4793 1586 4855 Macarius
1636 4792 2111 4869 Alexandrinus,

616 5021 692 5090 (l)
721 5021 938 5075 Snzom.
973 5019 1113 5074 Hist.
1143 5018 1288 5073 Eccl.
1336 5018 1431 5073 lib.
1457 5015 1525 5069 ιιι
1555 5032 1677 5087 cap.
1710 5017 1774 5071 14
1803 5017 1890 5073 ed.
1929 5015 2114 5073 Vales.

546 5129 600 5184 p.
626 5114 750 5168 5l5.

616 5204 690 5273 (2)
724 5202 857 5273 Cap.
893 5201 985 5264 29,
1014 5199 1126 5254 VV.
1157 5199 1263 5254 PP.
1295 5198 1482 5254 Rosw.
1520 5215 1574 5270 p.
1612 5200 1739 5265 482,
1772 5199 1821 5252 1.

618 5294 695 5363 (5)
726 5292 916 5347 Libell.
946 5291 1036 5356 lli,
1067 5290 1133 5345 15
1166 5306 1218 5360 p.
1256 5290 1382 5357 656,
1417 5292 1472 5345 2.

614 5384 693 5453 (4)
718 5383 850 5453 Cap.
879 5384 948 5439 29
979 5399 1032 5454 p.
1060 5383 1184 5447 481,
1216 5383 1264 5436 1.

615 5475 693 5545 (δ)
728 5474 860 5542 Cap.
889 5475 959 5528 42
990 5492 1042 5544 p.
1073 5474 1199 5540 507,
1222 5474 1275 5527 2.

616 5565 693 5637 (6)
722 5564 776 5618 In
807 5564 1097 5635 Nicephori
1124 5565 1331 5619 Callisti
1354 5563 1562 5619 Eccles.
1592 5562 1732 5617 Hist.
1763 5562 1855 5616 lib.
1890 5560 1961 5615 IX
1985 5575 2107 5631 cap.

548 5658 615 5713 Η
646 5658 893 5711 versione
923 5656 1089 5709 latina
1121 5656 1355 5726 legitur:
1393 5653 1666 5708 Macarius
1698 5650 1949 5706 urbanus.

618 5749 692 5808 l7)
720 5747 867 5802 Illam
898 5763 1031 5802 uvae
1050 5747 1335 5803 historiam
1363 5746 1524 5800 nimis
1555 5745 1723 5798 libere
1746 5743 1998 5813 exposuit
2036 5739 2105 5794 ll.

2222 4501 2417 4563 Scetis
2459 4497 2881 4571 solitudinem,
2932 4496 3039 4575 qui
3086 4494 3351 4555 Pherme
3400 4492 3797 4572 appellatur;

2220 4602 2287 4663 in
2316 4618 2443 4680 quo
2487 4600 2596 4660 viri
2628 4598 2758 4659 fere
2815 4595 3135 4675 quingenti
3185 4593 3427 4665 sedent,
3463 4593 3580 4671 qui
3628 4610 3805 4653 exer-

2223 4705 2463 4760 centur.
2512 4699 2603 4758 Ex
2651 4694 2879 4775 quibus
2924 4693 3171 4765 Paulus,
3226 4690 3579 4753 monachus
3633 4692 3803 4769 opti-

2220 4817 2381 4873 mus,
2435 4806 2563 4861 toto
2609 4806 2893 4876 tempore
2939 4811 3052 4855 suo
3094 4794 3256 4856 hanc
3302 4793 3491 4854 vitam
3545 4795 3799 4872 agebat.

2214 5014 2362 5071 Bone
2387 5016 2440 5069 in
2475 5014 2745 5084 Legendis
2777 5012 2991 5083 poetice
3015 5012 3338 5081 descriptis.

2284 5108 2359 5178 (8)
2385 5107 2527 5163 Hist.
2555 5108 2721 5161 Laus.
2755 5105 2848 5160 ed.
2873 5104 3074 5159 Meurs.
3107 5120 3227 5174 cap.
3265 5104 3319 5157 7.

2285 5200 2364 5273 (9)
2398 5199 2535 5253 Ibid.
2572 5214 2693 5266 cap.
2725 5199 2813 5253 18.

2288 5291 2404 5360 (10)
2436 5292 2736 5345 Palladium
2769 5299 2994 5345 ser-ntus
3022 5287 3455 5343 iunioremtllum
3490 5278 3805 5340 Macarinm

2218 5398 2247 5436 a
2280 5382 2486 5437 nostris
2512 5380 2763 5437 Macariis
2796 5381 2933 5435 bene
2957 5379 3248 5449 distinguit
3273 5379 3632 5432 Snzumenus
3656 5377 3802 5431 Hist.

2219 5474 2473 5529 Ecc|.lib.
2496 5472 2563 5527 IV
2593 5488 2711 5542 cap.
2731 5472 2799 5526 29
2820 5470 3093 5527 ed.Vales.
3118 5470 3699 5541 p.68l.Sozomenum
3723 5486 3810 5522 se»

2216 5567 2405 5637 quitur
2429 5563 2765 5636 Nicephorius
2788 5565 3049 5620 Callistus
3078 5562 3225 5620 Eccl.
3262 5561 3401 5617 llist.
3437 5562 3533 5615 lib.
3565 5560 3643 5615 XI
3681 5571 3804 5631 cap.

2216 5658 2304 5713 35.
