4040 6568
259 310 343 366 101
1728 310 1951 373 VITAE.

3377 314 3479 369 102

256 422 578 501 Νυηᾳωωι
625 438 787 502 opus
814 422 1031 500 attigit,
1066 438 1186 484 nec
1234 428 1553 501 negotium
1597 442 1812 487 susce-
1844 439 1884 487 Α
1917 424 2292 487 editionibus
2320 440 2509 505 supra
2542 423 2623 506 (2)
2699 425 2962 503 egimus,
2998 425 3073 487 ad
3118 424 3321 488 solum
3347 429 3480 493 Ma-

252 520 357 600 pit,
391 536 598 599 neque
652 521 731 582 ab
756 520 970 601 aliquo
1016 538 1295 600 unquam
1333 529 1574 602 acceplt
1622 523 1809 603 quid-

251 638 452 700 quam,
482 629 730 700 praeter
755 621 925 701 quod
953 621 1093 701 ipso
1120 623 1221 685 die
1239 624 1619 687 comederet.
1643 626 1811 706 Opus

248 730 448 786 autem
494 723 956 785 exercitationis
998 724 1133 786 eius
1176 725 1293 786 fuit
1355 744 1535 789 orare
1575 745 1808 807 perpe-

194 822 197 825 ’
247 832 370 886 tuo.
407 828 605 904 Atque
640 833 895 887 statutas
923 825 1193 888 habebat
1222 844 1444 906 preces
1473 836 1807 903 trecentas,

245 944 394 1005 quas
419 926 541 988 hoc
569 927 757 989 modo
789 931 1132 992 numeravit
1167 948 1179 990 :
1213 930 1487 993 calculos
1515 930 1809 993 collectos

241 1027 380 1089 sinu
411 1028 631 1102 tenuit,
672 1046 939 1107 quorum
976 1048 1172 1091 unum
1204 1039 1345 1109 post
1388 1049 1808 1110 unamquam-

241 1140 361 1205 que
393 1128 740 1190 orationem
782 1130 1029 1191 abiecit.
1061 1131 1166 1192 Vir
1192 1130 1469 1192 utilitatis
1512 1149 1585 1192 ac
1615 1130 1809 1193 collo-

241 1227 367 1308 quii
396 1229 733 1307 Spiritualis
780 1231 971 1308 gratia
1022 1232 1314 1293 convenit
1350 1239 1632 1294 sanctum
1677 1234 1806 1293 Ma-

239 1329 469 1391 carium
504 1331 799 1406 πολιτικόν,
848 1333 998 1393 cui:
1046 1333 1239 1407 Abba,
1287 1333 1511 1412 inquit,
1558 1332 1803 1406 Macari,

234 1430 473 1509 aﬂligor
500 1432 701 1493 valde.
734 1433 847 1506 Qui
873 1434 1081 1495 dicere
1110 1452 1253 1495 eum
1284 1434 1489 1512 coegit
1532 1451 1803 1506 causam,

235 1534 309 1594 ob
353 1551 543 1611 quam
575 1534 941 1595 tristaretur.
992 1536 1050 1595 Is
1082 1534 1313 1612 igitur:
1358 1536 1426 1595 In
1470 1533 1607 1596 vico
1653 1550 1807 1613 quo-

232 1634 396 1708 dam,
446 1635 673 1713 inquit,
737 1635 905 1712 virgo
957 1634 1221 1703 habitat,
1284 1651 1442 1715 quae
1491 1634 1804 1695 tricesimo

231 1748 400 1793 anno
430 1732 551 1793 iam
584 1740 928 1794 exercetur.
968 1735 1159 1805 Quam
1188 1733 1366 1794 multi
1402 1732 1556 1795 mihi
1585 1750 1802 1793 narra-
1835 1768 1877 1822 Β

227 1838 370 1894 runt
415 1832 587 1894 nullo
630 1832 751 1894 alio
787 1833 889 1894 dic
931 1833 1051 1896 nisi
1084 1835 1342 1895 sabbato
1391 1840 1452 1894 et
1490 1833 1802 1895 dominica

226 1939 438 2002 cibum
462 1956 732 2012 sumere,
762 1938 874 1999 sed
906 1945 1039 2000 toto
1065 1940 1222 2015 106
1242 1946 1525 2017 tempore
1551 1936 1803 1999 trahens

223 2039 654 2102 hebdomadas
685 2057 756 2101 ac
804 2045 946 2118 post
985 2039 1266 2118 quinque
1302 2038 1435 2100 dies
1465 2039 1804 2101 comedens

221 2141 544 2203 orationes
570 2139 715 2201 facit
744 2140 1190 2218 septingentas.
1233 2140 1365 2201 Hoc
1406 2158 1599 2218 quum
1638 2141 1802 2202 didi-

219 2242 443 2317 cerim,
478 2241 806 2322 reprobavi
854 2258 955 2302 me
1010 2242 1148 2321 ipse
1196 2241 1620 2321 perpendens,
1675 2260 1800 2316 me,

220 2341 549 2404 hominem
584 2342 949 2415 maioribus,
989 2359 1178 2421 quam
1197 2341 1325 2416 illa,
1358 2342 1642 2422 corporis
1666 2343 1809 2403 viri-

217 2448 332 2508 bus
377 2446 777 2519 instructum,
825 2444 1038 2524 plures
1078 2444 1372 2506 trecentis
1419 2444 1805 2506 orationibus

214 2548 433 2610 facere
463 2564 595 2608 non
622 2545 923 2626 potuisse.
960 2546 1379 2625 Respondens
1408 2555 1656 2607 sanctus
1684 2547 1807 2607 Ma-

211 2651 476 2715 carius:
527 2651 682 2727 Ego,
728 2647 958 2727 inquit,
1017 2646 1471 2725 sexagesimum
1520 2665 1640 2726 ago
1689 2666 1804 2710 an-

211 2770 393 2825 num,
432 2768 510 2812 ex
540 2767 666 2830 quo
698 2754 955 2811 statutas
988 2754 1240 2810 centum
1271 2748 1586 2810 orationes
1616 2749 1803 2824 facio,

210 2871 446 2934 eaque,
497 2867 659 2931 quae
703 2855 848 2911 sunt
889 2850 969 2911 ad
1014 2848 1381 2911 alimentum
1428 2850 1804 2925 necessaria,

210 2956 372 3017 meis
404 2953 563 3015 mihi
600 2952 888 3013 manibus
917 2967 1237 3029 comparo,
1270 2968 1343 3012 ac
1377 2950 1672 3013 fratribus
1703 2952 1809 3013 de-

210 3057 411 3119 bitam
441 3072 543 3116 me
568 3053 840 3116 adeundi
862 3052 1111 3132 COpiam
1140 3052 1362 3127 reddo,
1396 3070 1510 3115 nec
1532 3071 1634 3114 me
1662 3070 1801 3115 mea

206 3154 607 3220 conscientia
636 3153 872 3215 indicat
909 3151 1334 3230 negligentem
1376 3168 1533 3213 esse.
1568 3153 1659 3212 Tu
1700 3169 1803 3212 ve-

208 3276 302 3334 ro,
336 3275 545 3338 quum
572 3263 884 3319 trecentas
915 3254 1230 3316 orationes
1275 3251 1512 3315 faciens
1558 3270 1594 3314 a
1643 3269 1798 3314 con-

204 3360 481 3424 scientia
508 3357 827 3432 iudicaris,
865 3362 973 3419 aut
999 3371 1130 3416 non
1168 3370 1329 3435 pure
1367 3370 1473 3415 eas
1503 3358 1565 3414 te
1594 3351 1800 3414 facere

206 3461 458 3541 prodis,
500 3466 634 3528 aut,
694 3457 979 3539 quamvis
1034 3455 1248 3536 plures
1293 3453 1500 3517 facere
1568 3452 1796 3533 possis,

200 3577 335 3625 non
364 3561 582 3624 facere
610 3557 715 3639 (1).
753 3580 782 3613 ι»

276 3710 407 3773 Hic
468 3707 773 3770 Macarius
822 3714 1097 3777 πολιτικός
1139 3704 1184 3765 i.
1231 3720 1288 3764 e.
1342 3700 1799 3763 Alexandrinus

198 3813 593 3894 appellatur.
627 3807 804 3883 Quod
827 3819 1207 3884 cognomen,
1237 3803 1588 3863 Sozomeno
1616 3805 1796 3873 teste,

197 3913 506 3987 Macario,
562 3917 630 3972 ut
689 3908 980 3981 vidimus,
1025 3900 1446 3967 Alexandrino
1502 3899 1795 3971 inditum,

198 4014 326 4076 hoc
356 4019 612 4075 tantum
652 4006 964 4070 Historiae
989 4004 1325 4067 Lausiacae
1368 4001 1512 4063 loco
1545 4000 1795 4079 legitur.

192 4113 323 4175 Sed
355 4112 449 4174 ad
478 4110 583 4171 illa
611 4106 863 4170 Macarii
888 4102 1075 4166 verba
1104 4100 1559 4164 animadvertas
1588 4098 1801 4159 dicen-

192 4215 299 4288 tis,
331 4210 805 4290 sexagesimum
835 4206 933 4285 agi
959 4220 1218 4277 annum,
1250 4219 1328 4264 ex
1358 4217 1486 4281 quo
1517 4217 1653 4261 eam
1681 4198 1800 4260 sibi

192 4315 363 4377 vitae
390 4312 678 4391 regulam
710 4305 1202 4390 praescripserit.
1234 4302 1414 4365 Unde
1439 4300 1795 4374 Macarium,

1912 526 2147 589 carium
2166 526 2650 590 Alexandrinum
2678 543 2812 588 esse
2842 525 3259 588 referendum.
3283 529 3479 593 Porro

1912 626 2114 705 capite
2156 628 2580 706 subsequente
2633 623 2713 707 (3)
2760 625 3067 687 Historiae
3124 627 3477 700 Lausiacae,

1912 728 2082 807 quod
2140 737 2275 807 Περὶ
2305 738 2562 812 Εὑλογίου
2595 735 2806 789 καὶτοῦ
2844 735 3221 806 λελωϐημένου
3250 738 3344 788 καὶ
3380 738 3480 805 τῆς

1912 837 2145 907 κρίσεως
2191 838 2283 892 τοῦ
2329 839 2484 906 ἁγίου
2524 838 2809 892 Ἀντωνίου
2839 826 3223 901 inscribitur,
3274 830 3478 889 Maca-

1912 928 2039 991 rius
2068 932 2129 990 S.
2163 932 2414 992 Antonii
2435 931 2776 1012 discipulus
2806 930 3165 991 nominatur
3191 947 3226 991 a
3253 930 3479 992 Cronio

1912 1031 2208 1109 quodam,
2247 1031 2355 1110 qui
2384 1031 2659 1093 Palladio
2687 1030 2844 1093 haec
2876 1029 3122 1092 retulit:
3165 1052 3193 1086 «
3223 1032 3329 1091 Est
3364 1048 3478 1092 au-

1908 1134 2032 1191 tem
2090 1132 2294 1207 [mons
2346 1132 2407 1191 S.
2458 1132 2731 1207 Antonii]
2764 1124 2944 1193 inter
2988 1132 3373 1211 Babylonem
3420 1141 3479 1195 et

1907 1231 2269 1293 Heracleam
2300 1232 2453 1293 situs
2481 1233 2545 1293 in
2576 1240 2741 1295 vasta
2778 1232 3135 1307 solitudine,
3172 1250 3331 1312 quae
3361 1233 3481 1294 fert

1907 1329 1985 1391 ad
2024 1334 2177 1403 107
2204 1348 2373 1393 mare
2394 1332 2670 1394 Rubrum
2700 1351 2771 1394 ac
2797 1333 3047 1411 triginta
3090 1332 3222 1395 fere
3253 1333 3475 1395 millia-

1908 1430 1996 1491 ria
2009 1429 2189 1493 distat
2213 1450 2249 1493 a
2268 1432 2478 1494 ﬂuvio.
2504 1432 2593 1493 Ad
2614 1433 3059 1494 monasterium
3074 1433 3268 1509 igitur
3285 1452 3476 1513 quum

1909 1531 2215 1594 venissem
2244 1551 2441 1614 prope
2466 1534 2722 1595 ﬂuvium
2750 1534 2934 1595 situm
2963 1552 3034 1597 ac
3060 1535 3264 1615 Pispir
3292 1552 3474 1597 voca-

1906 1638 2062 1708 tum,
2112 1635 2221 1696 ubi
2247 1636 2535 1716 diScipuli
2567 1637 2701 1698 eius
2744 1636 3044 1698 sedebant
3073 1638 3374 1699 Macarius
3418 1648 3481 1699 et

1905 1737 2175 1810 Amatas,
2210 1738 2317 1817 qui
2347 1739 2532 1800 etiam
2568 1746 2851 1800 sanctum
2882 1738 3221 1799 Antonium
3250 1738 3478 1800 defun-

1907 1844 2073 1898 ctum
2101 1838 2506 1918 sepelierunt,
2538 1840 2817 1920 quinque
2839 1840 3082 1914 diebus,
3108 1849 3177 1901 ut
3195 1847 3475 1902 sanctum

1902 1936 2242 1998 Antonium
2264 1939 2691 2011 convenirem,
2717 1938 3090 2018 exspectavi.
3117 1939 3228 2012 Qui
3253 1938 3330 1999 ad
3358 1937 3480 2000 hoc

1904 2040 2349 2101 monasterium
2373 2040 2561 2101 modo
2589 2047 2732 2119 post
2752 2039 3198 2112 decem,modo
3221 2046 3364 2120 post
3383 2040 3476 2101 vi-

1906 2138 2081 2215 ginti,
2100 2137 2413 2199 interdum
2434 2144 2493 2199 et
2516 2144 2655 2217 post
2677 2137 3130 2217 quinquaginta
3152 2137 3286 2199 dies
3305 2155 3481 2201 acce-

1906 2238 2055 2300 dere
2074 2238 2418 2312 dicebatur,
2448 2247 2635 2318 prout
2654 2239 2817 2298 Deus
2839 2256 2980 2299 eum
2994 2244 3207 2316 ageret
3227 2238 3304 2299 ad
3326 2239 3479 2299 sub-

1907 2339 2281 2402 veniendum
2304 2340 2400 2414 iis,
2427 2339 2535 2420 qui
2566 2357 2642 2401 eo
2659 2339 3058 2400 advenerant.
3078 2340 3241 2401 Varii
3268 2347 3478 2403 autem

1906 2440 2125 2503 fratres
2169 2442 2250 2504 ob
2278 2442 2474 2503 varias
2518 2441 2920 2505 necessitates
2961 2458 3477 2515 conveneramus,

1908 2561 1984 2606 ex
2016 2544 2244 2623 quibus
2267 2550 2328 2605 et
2350 2543 2646 2620 Eulogius
2686 2540 3139 2603 Alexandrinus
3165 2541 3303 2617 fuit,
3336 2560 3477 2604 cum

1909 2661 2113 2723 eoque
2151 2645 2310 2706 alius
2354 2643 2652 2706 membris
2690 2661 2967 2705 mancus.
3008 2666 3035 2700 υ
3067 2646 3223 2705 Tum
3270 2661 3477 2718 causa,

1909 2762 2020 2806 cur
2046 2744 2343 2824 Eulogius
2387 2744 2737 2805 mutilatum
2790 2744 3110 2806 hominem
3147 2745 3227 2806 ad
3255 2762 3478 2807 mona-

1908 2845 2165 2907 sterium
2203 2869 2229 2900 «
2265 2846 2469 2923 Magni
2503 2868 2530 2900 ι)
2571 2844 2921 2918 adduxerit,
2968 2845 3249 2924 exposita
3277 2845 3477 2909 Palla-

1908 2945 2046 3007 dius
2080 2946 2161 3007 ita
2189 2947 2432 3025 pergit:
2468 2970 2495 3001 «
2519 2946 2757 3019 Evenit,
2782 2952 2849 3006 ut
2869 2945 3063 3006 altero
3097 2946 3197 3008 die
3218 2963 3480 3023 magnus

1909 3048 2235 3122 Antonius,
2275 3048 2626 3127 chlamyde,
2682 3048 2842 3109 sicut
2884 3049 3142 3110 Cronius
3188 3050 3478 3125 narravit,

1904 3150 2169 3229 pellicea
2213 3150 2476 3212 amictus
2506 3168 2646 3212 sero
2695 3151 2939 3231 vesperi
2968 3152 3228 3213 veniret.
3280 3157 3479 3234 Atque

1898 3252 2219 3330 ingressus
2254 3259 2349 3314 est
2382 3253 2831 3315 monasterium
2862 3270 3067 3315 suum.
3102 3255 3230 3316 Hac
3268 3262 3480 3317 autem

1899 3351 1965 3412 in
2002 3351 2267 3413 Macario
2295 3352 2604 3432 discipulo
2646 3370 2764 3414 suo
2808 3353 2886 3415 de
2928 3353 3024 3427 iis,
3057 3355 3167 3433 qui
3198 3356 3476 3418 advene-

1899 3460 2058 3528 rant,
2115 3454 2559 3533 interrogando
2625 3457 2916 3516 utebatur
2991 3458 3475 3534 consuetudine,

1898 3561 1968 3616 ut
1996 3555 2341 3625 monachos
2370 3564 2616 3618 vocaret
2664 3556 3290 3636 Hierosolymitanos,
3337 3552 3489 3623 sae-i

1900 3655 2142 3718 culares
2158 3673 2307 3718 vero
2334 3657 2695 3736 Aegyptios.
2717 3660 2974 3735 Magnus
2998 3658 3186 3736 igitur
3211 3678 3223 3719 :
3253 3662 3478 3725 Macari

1898 3755 2111 3831 frater,
2142 3756 2370 3836 inquit,
2401 3763 2791 3819 veneruntne
2830 3757 2953 3819 huc
2982 3758 3177 3838 aliqui
3213 3759 3480 3825 fratres?

1898 3856 2248 3936 Respondit
2278 3874 2290 3917 :
2322 3857 2663 3918 Venerunt.
2698 3858 2809 3918 Ille
2838 3875 2851 3918 :
2887 3859 3126 3921 Suntne
3163 3863 3474 3942 Aegyptii,

1899 3976 1979 4021 an
2016 3955 2616 4036 Hierosolymitani?
2655 3959 2853 4038 Eique
2898 3959 3146 4037 signum
3194 3961 3472 4038 dederat,

1900 4067 1968 4122 ut
1995 4077 2124 4133 eos,
2157 4060 2386 4139 quibus
2416 4059 2625 4122 minus
2656 4060 2892 4139 negotii
2920 4067 3104 4136 esset,
3137 4064 3477 4142 Aegyptios

1901 4178 2038 4223 esse
2081 4161 2338 4223 diceret.
2374 4164 2573 4239 Atque
2616 4161 2694 4221 ad
2735 4162 3075 4241 Aegyptios
3113 4164 3282 4241 quod
3329 4182 3476 4244 spe-

1900 4266 2040 4333 ctat,
2081 4257 2387 4320 Macario:
2418 4258 2592 4330 Para,
2626 4257 2853 4336 inquit,
2886 4257 3150 4333 lentem,
3188 4267 3248 4319 et
3290 4259 3366 4319 da
3401 4260 3478 4322 iis

1899 4360 2254 4424 comedere.
2278 4359 2513 4420 Deinde
2544 4377 2687 4421 cum
2712 4359 2788 4420 iis
2811 4360 3157 4421 orationem
3188 4360 3474 4436 faciebat,

190 4415 307 4494 qui
340 4430 559 4476 annos
594 4408 1003 4490 quadraginta
1040 4412 1220 4466 natus
1247 4403 1625 4482 baptismum
1654 4418 1793 4461 sus-

184 4521 493 4597 ceperat,
528 4528 698 4574 anno
734 4510 892 4570 vitae
923 4523 1072 4569 suae
1106 4504 1451 4567 centesimo
1498 4501 1563 4562 h.
1600 4519 1656 4563 e.
1692 4518 1794 4562 eo—

186 4618 346 4679 dem
393 4616 535 4677 fere
579 4619 886 4689 tempore,
930 4624 1058 4687 quo
1095 4623 1223 4667 una
1275 4622 1419 4666 cum
1463 4620 1539 4665 eo
1589 4602 1793 4664 Palla-

184 4720 337 4781 dius
370 4719 448 4778 in
479 4712 725 4776 Cellulis
756 4711 928 4783 vixit,
959 4708 1114 4770 illud
1147 4707 1341 4769 Paulo
1370 4705 1505 4767 seni
1533 4721 1797 4784 respon-

182 4835 335 4882 sum
380 4814 662 4887 dedisse,
696 4811 1100 4892 perspicuum
1145 4814 1260 4870 est.
1294 4806 1557 4867 Pherme
1587 4813 1797 4868 autem

181 4936 415 4989 mons,
465 4916 573 4995 qui
605 4916 672 4975 in
714 4912 1117 4975 solitudinem
1161 4910 1357 4971 Scetis
1402 4910 1713 4988 vergebat,
1759 4924 1795 4968 a

177 5018 465 5081 Cellulis
495 5015 658 5076 haud
704 5012 969 5074 multum
1004 5010 1222 5072 abfuit.
1271 5012 1317 5070 E
1348 5010 1577 5089 quibus
1609 5010 1794 5071 etiam

175 5121 421 5181 denuo
468 5114 830 5187 conficitur,
867 5112 1030 5174 istud
1072 5120 1281 5191 caput,
1326 5112 1495 5192 quod
1537 5113 1653 5175 sub
1693 5113 1791 5174 in-
1981 5115 2097 5177 Hic
2122 5114 2308 5191 igitur
2334 5114 2637 5176 Macarius
2658 5113 2718 5172 S.
2750 5110 3001 5172 Antonii
3030 5110 3315 5169 minister
3338 5108 3475 5183 fuit,

175 5218 333 5279 dice
388 5235 403 5277 :
460 5216 550 5275 De
612 5214 832 5275 Marco
900 5212 967 5272 in
1010 5211 1335 5273 codicibus
1383 5212 1797 5292 plurimisque
1905 5223 2093 5297 atque
2114 5219 2179 5278 in
2206 5215 2517 5280 coenobio
2540 5213 2937 5295 Pispiritano,
2962 5210 3132 5291 quod
3163 5216 3255 5271 est
3277 5208 3478 5291 prope

1830 4463 1874 4518 D
1904 4479 2142 4541 eosque
2190 4461 2560 4522 dimittebat.
2604 4463 2778 4523 Tunc
2819 4462 3122 4523 Macarius
3163 4462 3243 4524 de
3296 4464 3479 4526 nobis

1904 4565 1985 4626 ob
2016 4562 2366 4625 mutilatum
2408 4560 2586 4621 illum
2615 4561 2939 4641 respondit
2967 4579 2980 4621 :
3022 4563 3193 4623 Mixti
3224 4564 3474 4626 adsunt.

1902 4664 2009 4724 Sin
2056 4663 2355 4725 dicebat:
2406 4660 2953 4740 Hierosolymitani
3005 4671 3170 4737 sunt,
3229 4671 3478 4726 sanctus

1897 4783 2012 4845 per
2040 4772 2231 4826 totam
2271 4771 2518 4825 noctem
2553 4762 2831 4836 sedebat,
2879 4762 2957 4824 ad
3002 4780 3262 4841 eosque,
3312 4781 3476 4842 quae

1901 4867 1977 4929 ad
2007 4867 2266 4928 salutem
2312 4866 2648 4945 pertinent,
2684 4862 3081 4942 loquebatur.
3112 4863 3223 4925 Illa
3270 4872 3478 4925 autem

1901 4986 2162 5049 vespera
2186 4971 2445 5046 Magnus
2467 4965 2693 5027 sedens
2716 4981 2937 5026 omnes
2957 4964 3474 5044 arcessivit...(4)»

251 5438 339 5509 (Ι)
370 5433 1800 5506 Texlusgraecuslcgiturinfrainliarquuaestio-
1915 5436 2328 5491 Vindobonensis
2377 5435 2535 5503 ﬁdem
2569 5432 2791 5486 breviter
2819 5429 3139 5484 delineatam
3188 5427 3329 5481 infra
3377 5443 3484 5484 no-

173 5547 318 5584 num
356 5529 691 5598 Appendice
725 5527 909 5597 priore
955 5527 1081 5582 sub.
1125 5526 1212 5591 Ill,
1248 5527 1297 5581 i.
1326 5526 1409 5581 Cf.
1440 5524 1581 5583 Hist.
1627 5525 1796 5582 Laus.
1904 5538 2051 5581 strae
2083 5524 2306 5579 editioni
2339 5521 2610 5577 Historiae
2644 5519 2948 5573 Lausiacae
2982 5518 3371 5588 praepositam.

170 5624 263 5677 ed.
306 5620 539 5676 Meurs.
573 5636 696 5690 cap.
726 5620 818 5683 23,
848 5618 942 5673 Ἠ.
1975 5619 2051 5689 (4-)
2083 5619 2289 5673 Textus
2322 5630 2552 5686 graecus
2590 5622 2676 5668 est
2708 5612 2851 5667 infra
2885 5612 2940 5667 in
2968 5611 3163 5667 harum
3187 5609 3481 5677 Quaestio-

244 5715 336 5782 (2)
386 5712 421 5782 §
470 5711 531 5765 19
562 5728 616 5780 D-
654 5711 721 5765 78
756 5727 879 5780 sqq.
1904 5726 2033 5765 num
2061 5709 2377 5778 Appendice
2410 5706 2593 5775 priore
2626 5705 2729 5759 sub
2766 5702 2854 5769 ΙΙΙ,
2896 5705 2950 5759 ‘2.

246 5806 337 5870 (ὅ)
376 5801 481 5859 Cf.
514 5802 751 5857 Palladii
800 5802 1097 5857 Historiam
1134 5801 1446 5855 Lausiacam
1493 5798 1560 5851 ad
1597 5797 1794 5849 codicis
