4040 6564
481 273 586 329 103

1292 272 1396 326 SS.
1430 268 1888 327 MACARIORUM
1927 268 2253 324 AEGYPTH
2289 271 2379 327 ET
2428 271 2902 329 ALEXANDRINI

3631 272 3737 328 ωδ

470 401 641 449 mare
655 380 955 461 Rubrum,
986 382 1307 461 habitavit,
1339 385 1621 448 Macariis
1654 386 1960 467 Aegyptio
1992 390 2053 446 et
2079 402 2131 459 Α
2156 386 2312 450 toris
2361 386 2622 466 ﬁguram
2667 388 3006 451 simulavit:
3039 387 3215 451 Unus
3248 392 3457 451 autem
3485 383 3685 451 accito
3722 404 3737 449 :

472 486 893 549 Alexandrino
958 486 1024 548 in
1077 486 1305 548 eremis
1368 486 1599 565 Libyae
1657 486 2052 565 degentibus.

471 591 668 663 Quem
699 588 954 669 quidem
986 590 1047 650 S.
1078 588 1331 657 Antonii
1364 589 1715 655 ministrum
1750 606 1881 651 non
1910 588 2060 650 fuis-

473 707 541 751 se
574 690 907 753 Macarium
946 690 1343 769 Aegyptium,
1386 689 1589 763 exiis,
1624 706 1785 768 quae
1830 689 1907 750 de
1937 689 2059 752 hoc

476 790 788 852 Palladius
830 789 1060 864 retulit,
1102 791 1252 851 satis
1290 789 1625 867 colligitur.
1674 792 1893 869 Neque
1928 792 2056 851 Ma-

476 891 715 957 carium
767 890 1258 953 Alexandrinum
1304 890 1499 953 fuisse
1544 908 1687 953 eum
1736 892 2073 972 probabile

478 998 592 1067 est,
619 992 815 1072 quod,
841 992 890 1053 si
919 992 1161 1065 fuisset,
1194 997 1367 1071 108.
1384 992 1694 1053 Palladius
1723 993 1789 1053 in
1816 994 2017 1073 capite
2043 1012 2059 1054 :

480 1121 509 1155 α
545 1098 632 1160 De
660 1098 924 1159 Macario
954 1094 1376 1159 Alexandrino
1412 1122 1439 1153 ››
1489 1098 1791 1177 inscripto
1822 1098 1885 1159 id
1926 1098 2061 1161 lau-

478 1195 628 1260 dare
669 1215 796 1260 non
831 1198 1163 1261 omisisset.
1198 1197 1317 1260 Sed
1350 1199 1679 1259 S.Antonii
1712 1199 2064 1260 ministrum

479 1296 673 1360 alium
701 1298 961 1361 omnino
989 1298 1155 1361 illius
1191 1301 1497 1380 temporis
1525 1301 1858 1377 Macarium
1906 1301 2062 1362 fuis-

479 1413 571 1471 se,
605 1414 682 1460 ex
712 1398 811 1474 iis,
848 1416 1011 1479 quae
1044 1399 1205 1461 infra
1236 1399 1313 1461 de
1354 1418 1431 1461 eo
1465 1400 1865 1474 disseremus,
1900 1399 2081 1469 clare,

479 1500 743 1582 patebit.

2160 489 2385 551 Dilexit
2416 497 2501 564 te,
2534 490 2764 570 inquit,
2792 490 3072 555 Christus
3100 490 3185 553 ob
3214 490 3375 553 vitae
3405 495 3547 552 tuae
3572 489 3742 550 inte-

2161 588 2447 667 gritatem
2488 589 2969 671 institutumque
3016 600 3194 653 tuum
3248 597 3311 653 et
3356 590 3627 663 advenit,
3672 594 3748 651 ut

2161 692 2223 748 te
2251 686 2495 762 videat;
2529 687 2830 766 egredere
2865 704 2901 749 e
2930 687 3086 749 cella
3113 703 3406 765 eumque,
3440 685 3494 746 si
3521 682 3747 766 procul

2163 790 2431 847 stantem
2478 784 2733 859 videris,
2786 786 3215 865 procumbens
3258 782 3471 844 adora.
3528 783 3751 858 Egres-

2162 902 2271 947 sus
2306 885 2495 964 igitur
2532 903 2567 947 e
2605 885 2760 948 cella
2800 886 3163 947 comitatum
3204 884 3355 945 vidit
3395 888 3569 961 109;
3596 882 3749 945 lam-

2164 984 2357 1067 padas
2412 984 2748 1047 ferentium
2789 992 2850 1046 et
2905 986 3107 1066 spatio
3157 984 3292 1046 fere
3336 983 3519 1045 stadii
3566 983 3745 1045 Anti-

2166 1086 2492 1160 christum,
2529 1103 2721 1165 quem
2766 1085 3191 1167 procumbens
3222 1085 3521 1147 adoravit.
3563 1083 3752 1145 Miser

2165 1193 2376 1255 autem
2420 1192 2749 1266 tantopere
2795 1185 3090 1249 subactus
3131 1192 3193 1247 et
3230 1185 3534 1265 deceptae
3572 1201 3755 1246 men-

2164 1286 2244 1348 tis
2282 1285 2419 1357 fuit,
2464 1289 2533 1347 ut
2572 1284 2674 1347 die
2701 1287 3125 1365 subsequente
3168 1285 3409 1346 veniret
3446 1285 3512 1346 in
3548 1283 3754 1347 eccle-

2168 1388 2322 1450 siam
2349 1394 2410 1451 et
2442 1406 2653 1451 coram
2673 1389 2967 1451 omnibus
2987 1388 3226 1450 diceret
3252 1406 3264 1449 :
3293 1386 3443 1448 Mihi
3470 1404 3755 1449 commu-

2168 1489 2359 1551 nione
2396 1506 2559 1570 Opus
2588 1507 2715 1551 non
2756 1494 2887 1563 est;
2918 1487 3225 1550 Christum
3257 1488 3427 1550 enim
3468 1488 3594 1550 vidi
3638 1486 3757 1551 bo-

2170 1590 2294 1653 die.
2348 1592 2522 1653 Tunc
2582 1597 2791 1671 patres
2848 1589 3379 1670 comprehensum
3436 1606 3582 1652 eum
3638 1607 3759 1670 per

487 1759 500 1771 ,
561 1659 845 1773 θθηᾞυθ
913 1660 1217 1773 Μδίξδῗίυδ
1278 1661 1624 1773 ,Ρῗξθδδιῗίξξν
1677 1668 2070 1773 ,ωῗῖῖῖξπδίυτ
2102 1767 2135 1773 _
2169 1698 2420 1773 tempus
2440 1658 2696 1772 aliqdod
2716 1691 2886 1755 ferro
2909 1692 3263 1754 vinxerunt.
3296 1692 3405 1753 Cui
3436 1690 3761 1754 continuis

482 1759 549 1873 inn
580 1759 845 1873 .capite’_
876 1758 1048 1837 quOd
1098 1759 1701 1873 ίηδξῗτῖξήωνξνιῖῗρ
1748 1760 2064 1873 ΟὐάλεῨΪ⁰ς’
2101 1767 2143 1826 Β
2173 1758 2403 1854 deinde
2443 1758 2738 1873 precibus
2782 1809 2900 1873 pro
2938 1809 3016 1859 eo
3061 1792 3241 1854 factis
3290 1798 3351 1854 et
3385 1790 3775 1854 multimoda.

483 1859 675 1921 Cuius
715 1864 958 1938 partem
1013 1876 1049 1920 e
1095 1858 1421 1921 codicibus
1474 1859 2068 1921 Vindobonensibus

483 1957 879 2039 desumptam
919 1975 991 2020 ac
1023 1957 1213 2021 latine
1254 1958 1561 2021 redditam
1601 1959 1952 2021 adscribere
1990 1960 2068 2020 li-

485 2065 663 2122 ceat:
699 2084 726 2114 «
759 2057 987 2121 Valens
1010 2059 1288 2139 quidam,
1315 2077 1545 2138 genere
1570 2059 1973 2132 Palaestinus,
2004 2058 2072 2121 in

486 2160 889 2225 solitudinem
922 2160 1242 2242 profectus
1287 2161 1545 2241 longum
1592 2168 1837 2243 tempus
1866 2161 2075 2223 nobis-

489 2280 633 2325 cum
665 2262 983 2324 habitavit.
1012 2262 1127 2335 Qui
1154 2280 1350 2342 quum
1402 2262 1669 2323 maxima
1696 2261 1943 2322 vivendi
1981 2277 2076 2321 se-

488 2365 745 2427 veritate
796 2381 1105 2425 summam
1145 2364 1478 2425 asceticam
1528 2363 1715 2424 vitam
1755 2361 2071 2441 suscepis-

490 2472 606 2538 set,
636 2483 791 2527 vana
821 2465 901 2527 de
943 2482 1010 2527 se
1044 2464 1347 2544 Opinione
1388 2481 1459 2526 ac
1510 2463 1803 2543 superbia
1839 2480 1875 2525 a
1924 2462 2074 2524 dae-

490 2586 683 2631 mone
709 2568 930 2630 irrisus
960 2574 1023 2631 et
1050 2566 1158 2629 tali
1189 2556 1543 2647 perniciosa
1580 2566 1773 2627 animi
1820 2564 2077 2627 calami-

493 2676 617 2733 tate
659 2670 833 2733 brevi
864 2676 1153 2749 tempore
1194 2668 1498 2748 deceptus
1543 2672 1659 2741 est,
1702 2673 1771 2728 ut
1820 2666 2078 2745 angelos

493 2787 635 2832 cum
674 2770 816 2849 ipso
844 2767 1224 2839 conversari,
1276 2773 1337 2827 et
1364 2766 1430 2826 in
1476 2765 1698 2844 quovis
1730 2764 2078 2825 ministerio

492 2870 615 2952 ipsi
652 2870 955 2932 inservire
995 2868 1271 2931 iactaret.
1326 2870 1382 2929 Is
1431 2866 1752 2946 quondam
1803 2874 2080 2946 spoﬂam

494 2987 833 3046 consuens,
884 2975 956 3032 ut
1004 2969 1140 3031 eius
1188 2967 1344 3029 socii
1397 2973 1747 3040 narrarunt,
1809 2968 2077 3047 vesperi,

496 3090 693 3153 quum
750 3070 982 3134 multae
1029 3071 1326 3132 tenebrae
1385 3075 1626 3142 essent,
1680 3086 1893 3142 acum,
1955 3087 2081 3149 qua

497 3174 867 3248 consuebat,
905 3172 1131 3235 amisit.
1165 3173 1293 3243 Qua
1330 3189 1460 3233 non
1492 3170 1768 3243 inventa,
1808 3172 2079 3233 daemon

500 3275 559 3337 ei
588 3273 944 3354 lampadem
988 3271 1162 3347 fecit,
1197 3288 1321 3351 qua
1368 3288 1551 3333 acum
1598 3270 1854 3351 reperit,
1892 3273 1976 3333 ita
2012 3278 2082 3334 ut

500 3376 691 3438 miser
719 3376 835 3437 iste
873 3374 1071 3451 magis
1111 3373 1296 3434 etiam
1335 3390 1497 3433 vano
1542 3379 1790 3435 tumore
1826 3372 2081 3436 inﬂare-

502 3485 624 3539 tur.
653 3475 763 3539 Dei
787 3481 995 3538 autem
1029 3473 1421 3555 providentia
1441 3472 1807 3535 fraternitati
1838 3474 2086 3536 calami-

501 3584 595 3640 tas
627 3577 762 3640 eius
808 3576 991 3638 citius
1020 3574 1350 3636 manifesta
1396 3572 1556 3635 facta
1585 3580 1699 3635 est.
1731 3574 1887 3635 Nam
1915 3574 2081 3636 acci-

502 3677 614 3752 dit,
647 3683 715 3739 ut
745 3676 1029 3756 hospites
1050 3674 1306 3755 quidam
1326 3672 1620 3736 fratribus
1639 3674 1878 3737 fructus
1906 3675 2087 3736 aesti-

502 3796 612 3841 vos
657 3778 977 3841 afferrent.
1029 3779 1304 3851 Quorum
1355 3774 1751 3855 manipulum
1791 3776 2085 3837 dominus

501 3878 803 3941 Macarius
842 3876 1172 3957 presbyter
1198 3874 1540 3953 unicuique
1570 3873 1635 3935 in
1662 3872 1949 3936 cellulam
1975 3875 2088 3936 mi-

504 3976 603 4049 sit,
641 3976 1001 4055 pariterque
1039 3973 1270 4035 misero
1306 3971 1571 4033 Valenti.
1604 3972 1719 4033 Hic
1765 3989 1934 4045 eum,
1976 3975 2085 4053 qui

503 4073 815 4147 attulerat,
846 4072 1193 4135 verberavit
1236 4078 1298 4133 et
1335 4070 1716 4133 contumelia
1755 4071 2035 4134 afﬁciens
2068 4091 2081 4134 :

505 4172 635 4244 Dic,
670 4173 898 4251 inquit,
948 4170 1259 4233 Macario:
1292 4170 1373 4232 Te
1424 4169 1701 4231 deterior
1738 4187 1867 4232 non
1921 4190 2083 4247 sum,

506 4273 678 4352 quod
723 4282 791 4333 tu
848 4271 1001 4333 mihi
1051 4286 1314 4332 munera
1370 4270 1599 4331 mittas.
1651 4272 1853 4344 Quum
1899 4272 2089 4349 igitur

504 4380 758 4436 sanctus
790 4371 1093 4434 Macarius
1124 4388 1270 4431 eum
1304 4370 1639 4450 deceptum
1677 4388 1814 4432 esse
1846 4389 2085 4449 cogno-

2175 1892 2583 1974 despectione
2637 1893 2889 1973 vitaque
2953 1893 3298 1956 austeriore
3341 1909 3562 1954 vanam
3610 1892 3758 1972 cpi-

2174 1994 2429 2057 nionem
2465 1994 2859 2070 ademerunt,
2891 1994 2975 2056 ita
3016 2000 3087 2055 ut
3114 1999 3458 2055 sanaretur.
3494 1994 3757 2054 Contra-

2174 2093 2281 2155 riis
2323 2093 2493 2155 enim
2547 2093 2858 2155 contraria
2895 2093 3280 2156 conveniunt
3326 2091 3757 2154 medicamen-

2174 2192 2375 2275 πέλω).
2417 2219 2443 2249 υ

2255 2315 2558 2381 Macarius
2611 2314 2717 2376 ille
2774 2314 3108 2395 presbyter
3169 2311 3497 2376 Valentem
3558 2310 3760 2373 corri-

2178 2413 2361 2494 piens
2395 2421 2457 2476 et
2484 2414 2853 2487 admonens,
2888 2414 3041 2492 quin
3072 2413 3374 2479 Macarius
3402 2410 3765 2477 Alexandri—

2179 2536 2321 2593 nus,
2377 2519 2708 2598 presbyter
2761 2515 3158 2586 Cellularum,
3215 2513 3427 2588 fuerit,
3487 2512 3768 2578 dubitari

2183 2620 2280 2681 vix
2350 2626 2582 2700 potest.
2644 2620 2797 2683 Nam
2860 2617 3183 2683 Valentem
3254 2616 3335 2683 in,
3386 2614 3762 2686 solitudine,

2179 2721 2247 2782 in
2303 2738 2429 2799 qua
2491 2718 2805 2783 Palladius
2868 2718 3051 2792 vixit,
3105 2716 3169 2779 h.
3238 2733 3296 2778 e.
3344 2715 3412 2777 in
3477 2713 3764 2787 Cellulis,

2181 2822 2375 2901 longo
2452 2829 2738 2902 tempore
2810 2820 3120 2885 habitasse
3184 2819 3474 2898 legimus.
3536 2818 3768 2897 Sequiv

2183 2933 2285 2988 tur
2328 2925 2600 2991 narratio
2648 2924 2727 2988 de
2774 2927 3051 2997 Herone,
3089 2922 3201 3003 qui
3242 2945 3271 2978 α
3319 2921 3767 2985 beatumEva-

2186 3026 2389 3105 grium
2456 3050 2483 3084 »
2555 3025 2870 3091 consimili
2931 3024 3313 3087 contumelia
3370 3022 3581 3086 affecit
3654 3020 3765 3101 (2).

2108 3115 2150 3174 C
2184 3126 2302 3188 Ubi
2349 3127 2653 3191 Hervetus
2683 3128 2748 3188 in
2792 3125 3074 3203 margine
3119 3123 3471 3204 adscripsit,
3523 3122 3795 3200 Evagrii.

2183 3224 2326 3289 loco
2356 3227 2422 3288 in
2453 3226 2590 3289 aliis
2628 3226 2953 3291 codicibus
2997 3224 3393 3291 «.Macarium
3432 3224 3774 3305 presbyte-

2185 3344 2325 3390 rum
2357 3351 2385 3383 ››
2418 3326 2543 3406 legi
2581 3327 2688 3405 (3).
2724 3330 2895 3400 Quae
2932 3323 3543 3404 corruptelaprocul
3573 3322 3777 3387 dubio

2185 3427 2334 3497 inde
2388 3434 2529 3491 nata
2579 3433 2707 3499 est,
2742 3425 2910 3506 quod
2959 3426 3163 3505 capite
3222 3424 3634 3491 antecedente
3689 3424 3777 3489 de

2184 3527 2451 3589 Macario
2472 3526 2868 3606 presbytero,
2886 3525 2953 3585 in
2975 3540 3166 3603 quem
3186 3522 3413 3586 Valens
3432 3522 3780 3602 superbiis-

2185 3636 2301 3701 set,
2344 3634 2659 3693 narratum
2708 3632 2858 3688 erat.
2916 3625 3274 3687 Editionum
3315 3642 3573 3705 quoque
3627 3640 3773 3685 ver-

2186 3731 2565 3808 sionumque
2596 3728 2751 3790 locis
2779 3728 2900 3789 illis
2935 3727 3232 3789 nomina:
3266 3727 3571 3790 Macarius
3610 3734 3777 3789 πολι-

2185 3840 2355 3905 τικὸς,
2396 3830 2700 3891 Macarius
2750 3830 2810 3889 S.
2844 3831 3097 3893 Antonii
3145 3829 3511 3909 discipulus,
3560 3831 3777 3897 Macae

2187 3932 2315 3993 rius
2364 3930 2717 4011 presbyter,
2766 3929 2987 3992 eadem
3033 3931 3474 4011 reperiuntur;
3513 3931 3777 4011 antiqua

2186 4038 2393 4091 autem
2435 4030 2639 4091 versio
2671 4029 2963 4094 historias
2990 4031 3068 4094 de
3099 4030 3293 4094 Paulo
3326 4038 3387 4094 et
3408 4030 3486 4094 de
3510 4030 3779 4095 Valente

2188 4131 2419 4191 omisit.

2264 4266 2394 4325 Iam
2418 4283 2567 4344 ergo
2583 4264 2659 4327 ad
2686 4266 2874 4326 tinem
2895 4283 3102 4329 rerum
3125 4268 3201 4330 de
3222 4267 3491 4331 Macario
3510 4266 3783 4330 Alexan-

2190 4363 2374 4427 drino
2418 4382 2452 4426 e
2490 4365 2650 4428 libro
2689 4366 2947 4428 Palladii
2991 4369 3574 4445 cognoscendarum
3622 4387 3780 4449 per-

506 4474 718 4547 visset,
752 4472 903 4535 abiit
929 4472 1006 4534 ad
1036 4488 1180 4532 eum
1219 4470 1701 4546 cohortandum,
1732 4480 1793 4533 et
1818 4490 1831 4532 ε
1859 4473 2089 4536 valens
2122 4467 2168 4524 D
2192 4466 2929 4531 venimus.Transeamus
2948 4470 3139 4547 igitur
3153 4471 3230 4532 ad
3251 4471 3463 4533 Ruﬁni
3483 4470 3780 4532 testimo-

506 4575 719 4648 frater,
753 4574 981 4653 inquit,
1015 4573 1236 4634 illusus
1265 4590 1371 4647 es;
1407 4573 1623 4635 desine
1654 4580 1714 4635 et
1747 4576 2086 4655 deprecare

507 4673 740 4738 Deum!
781 4673 896 4748 Qui
933 4672 1427 4735 admonitionem
1475 4674 1610 4736 eius
1650 4692 1776 4735 non
1828 4676 2080 4750 audivit,

506 4777 616 4840 sed
654 4774 1031 4837 inobediens
1062 4773 1395 4835 oblocutus
1424 4780 1537 4834 est.
1576 4775 1869 4837 Diabolus
1900 4776 2085 4855 igitur

507 4894 705 4957 quum
769 4881 1164 4954 compertum
1225 4872 1501 4947 haberet,
1566 4876 1899 4936 maximam
1965 4878 2084 4939 sibi

508 4976 694 5040 ﬁdem
741 4993 885 5038 eum
942 4974 1257 5045 habuisse,
1317 4976 1577 5051 ﬁguram
1632 4974 2084 5037 Salvatorisin-

508 5077 664 5149 duit,
706 5083 768 5137 et
804 5082 993 5138 noctu
1023 5074 1103 5135 ad
1142 5091 1287 5135 eum
1343 5074 1407 5135 in
1459 5074 1893 5155 phantasmate
1940 5097 2081 5139 cum

506 5178 677 5239 inille
716 5175 1130 5240 daemonibus
1162 5174 1480 5253 lampadas
1513 5174 1860 5239 ferentibus
1891 5181 2083 5255 venit,

509 5285 835 5356 rutamque
860 5280 1103 5354 igneam
1139 5276 1431 5348 ostendit,
1450 5276 1513 5336 in
1536 5294 1657 5354 qua
1677 5278 1873 5339 media
1889 5282 2091 5343 Salva-

580 5493 883 5563 (1)1‘cxtus
901 5511 1132 5563 graecus
1151 5496 1346 5565 legitur
1366 5496 1505 5549 infra
1526 5496 1578 5548 in
1598 5496 1791 5550 harum
1808 5496 2092 5561 Quaestio-

510 5606 637 5643 num
676 5589 987 5658 Appendice
1043 5590 1223 5657 priore
1257 5592 1360 5644 sub
1404 5587 1493 5645 Ill.
1522 5590 1576 5645 5.
1609 5588 1693 5642 Cf.
1743 5588 1883 5644 Hist.
1921 5587 2087 5642 Laus.

511 5683 595 5737 ed.
628 5682 825 5736 Mcnl's.
858 5697 976 5751 cap.
1010 5680 1098 5732 5‘2.

574 5774 653 5846 (Ξ)
676 5773 880 5830 Textus
899 5788 1133 5846 graecus
1146 5779 1323 5827 exstat
1342 5772 1480 5825 infra
1505 5774 1555 5825 in
1578 5774 1769 5826 harum
1796 5772 2087 5837 Quaestio-

2196 4567 2299 4629 nia
2328 4568 2405 4629 de
2433 4568 2713 4631 Macariis
2740 4571 3048 4650 Aegyptio
3078 4578 3141 4633 et
3168 4572 3613 4635 Alexandrino.

2793 4732 3035 4793 CAPUT
3078 4733 3176 4795 IV.

2193 4893 2466 4938 RUFINUS
2520 4895 2600 4937 DE
2663 4894 2918 4938 SANCTIS
2982 4896 3270 4940 MACARIIS
3337 4896 3646 4941 AEGYPTIO
3705 4894 3788 4941 ΕΤ

2754 4974 3220 5021 ALEXANDRINO.

2277 5092 2303 5162 §
2348 5087 2442 5148 26.
2479 5090 2546 5149 In
2581 5089 2741 5151 libro
2774 5092 3054 5154 secundo
3084 5095 3208 5155 νγ.
3239 5095 3355 5155 PP.
3386 5094 3790 5157 collectionis

2196 5189 2663 5251 Rosweidianae
2722 5192 2801 5253 de
2869 5195 3147 5257 Macariis
3202 5194 3359 5258 haec
3417 5196 3719 5274 leguntur
3770 5216 3789 5255 :

2200 5312 2227 5343 ‹‹
2262 5290 2605 5352 Narrabant
2634 5299 2843 5355 autem
2874 5297 3056 5358 nobis
3089 5299 3249 5371 110
3280 5298 3534 5379 quidam
3560 5315 3642 5359 ex
3674 5317 3794 5377 pa-

2200 5501 2327 5536 num
2366 5486 2677 5553 Apaendice
2710 5488 2893 5556 priore
2926 5488 3027 5541 sub
3064 5487 3146 5547 ΙΙΙ,
3184 5487 3249 5552 4;
3286 5482 3423 5539 "ist.
3467 5482 3637 5543 Laus.
3690 5485 3792 5540 eti.

2198 5581 2398 5636 Meurs.
2436 5596 2555 5649 cap.
2596 5582 2682 5635 ὅτ.

2267 5674 2343 5745 (δ)
2389 5672 2501 5728 vv.
2536 5674 2641 5727 PP.
2678 5673 2860 5729 Rosw.
2900 5691 2951 5745 p.
2988 5676 3108 5736 73s,
3152 5675 3203 5728 ες
