4040 6554
295 429 391 485 £05

1795 429 2022 486 VITAE.

3426 440 3529 497 106

291 550 505 625 tribus,
566 550 674 629 qui
731 548 817 611 ibi
866 549 952 625 [in
998 548 1265 626 Cellulis]
1313 556 1510 625 erant,
1566 550 1737 631 quod
1788 552 1853 613 in
1882 555 1927 610 A
1956 556 2057 611 tur
2087 547 2191 631 (2).
2226 571 2254 605 »
2280 553 2638 633 Sequuntur
2656 559 2781 616 tres
2809 556 3196 619 narrationes
3222 558 3298 620 de
3318 557 3521 639 puella

288 651 441 714 locis
458 649 579 712 illis
605 650 730 715 duo
748 650 1184 732 Macariiquasi
1206 650 1332 713 duo
1347 649 1506 713 coeli
1526 649 1855 715 luminaria
1952 648 2018 709 in
2053 666 2276 729 equam
2304 659 2560 729 mutata,
2595 654 2671 717 de
2704 655 2913 735 puella
2937 657 3204 733 minore,
3239 659 3415 721 cuius
3446 678 3522 721 ex
3628 734 3635 745 ί

286 750 691 824 refulsissent,
742 767 822 812 ex
875 750 1103 829 quibus
1152 768 1318 813 unus
1365 751 1709 831 Aegyptius
1750 769 1855 831 ge-

1953 764 2216 829 corpore
2259 752 2562 814 vermium
2596 753 2925 816 innumera
2965 744 3296 820 multitudo
3340 757 3516 821 ebul-

285 867 433 912 nere
486 857 548 912 et
594 850 937 930 discipulus
983 849 1149 912 beati
1196 850 1452 912 Antonii
1496 850 1636 926 fuit,
1691 852 1851 915 alius
1948 846 2159 924 liebat,
2210 857 2271 913 et
2312 852 2391 914 de
2434 860 2683 916 mortuo
2731 854 2987 918 homine
3032 856 3529 921 adHieracitam-

282 949 754 1014 Alexandrinus.
809 951 1045 1024 Quibus
1086 955 1156 1012 ut
1205 950 1505 1013 vocabula
1551 952 1846 1030 nominis,

277 1048 360 1111 ita
380 1050 634 1113 virtutes
665 1051 857 1114 animi
879 1057 939 1114 et
965 1051 1332 1115 coelestium
1361 1052 1693 1132 gratiarum
1721 1072 1850 1116 ma-

276 1152 636 1231 gniﬁcentia
665 1155 1106 1218 concordabat.
1141 1156 1418 1235 Uterque
1446 1155 1615 1217 enim
1650 1158 1848 1220 Maca-

275 1253 429 1329 rius,
475 1259 741 1334 uterque
771 1254 1180 1318 abstinentiae
1223 1255 1533 1319 exercitiis
1572 1262 1632 1319 et
1659 1256 1847 1321 virtu-

1947 946 2331 1014 haereticum
2399 952 2810 1017 refellendum
2880 958 3296 1020 resuscitato:
3357 976 3527 1038 quae

1944 1048 2059 1109 tria
2086 1050 2335 1112 Macarii
2357 1053 2646 1133 Aegyptii
2674 1054 2970 1117 miracula
2997 1055 3121 1117 iam
3144 1072 3220 1117 ex
3243 1055 3519 1118 Palladio

1945 1151 2352 1227 cognovimus
2385 1152 2493 1234 (3).
2542 1153 2780 1216 Finitur
2822 1154 3076 1217 demum
3119 1156 3390 1218 narratio
3435 1154 3518 1217 li-

1943 1247 2041 1310 bri
2086 1251 2348 1314 secundi
2376 1252 2454 1314 de
2482 1254 2748 1317 Macario
2789 1255 3095 1335 Aegyptio
3124 1254 3222 1318 his
3262 1254 3511 1319 verbis:

273 1353 440 1417 tibus
466 1356 658 1418 animi
686 1355 1029 1437 aequaliter
1058 1355 1340 1436 pollens;
1379 1355 1501 1419 hoc
1529 1357 1666 1421 solo
1685 1358 1845 1422 alius
1945 1373 1974 1406 α
2005 1346 2193 1414 Multa
2223 1352 2408 1416 etiam
2452 1360 2514 1416 et
2552 1354 2671 1417 alia
2698 1356 3059 1419 ferebantur
3090 1356 3169 1419 de
3214 1373 3315 1432 eO,
3352 1374 3514 1437 quae

270 1455 661 1532 praecellens
685 1504 701 1532 ,
743 1455 915 1536 quod
972 1457 1150 1538 quasi
1206 1456 1654 1521 haereditatem
1699 1476 1839 1538 gra-

270 1554 494 1616 tiarum
555 1562 617 1617 et
668 1555 963 1618 virtutum
1018 1556 1185 1620 beati
1244 1556 1496 1621 Antonii
1551 1559 1838 1640 posside-

266 1654 371 1715 bat
406 1653 515 1736 (1).
553 1678 582 1712 »

336 1758 436 1817 En
465 1758 796 1820 Macarium
837 1758 1205 1839 Aegyptium
1245 1760 1308 1820 S.
1344 1760 1594 1822 Antonii
1626 1763 1838 1841 magni

1941 1451 2126 1514 nimis
2153 1453 2394 1535 prolixa
2425 1462 2570 1518 sunt
2598 1456 2675 1519 ad
2705 1457 3128 1532 scribendum,
3165 1457 3274 1519 sed
3308 1475 3384 1519 ex
3414 1456 3512 1519 his

1939 1552 2154 1631 paucis
2178 1553 2360 1616 etiam
2383 1562 2586 1618 cetera
2609 1555 2742 1617 eius
2764 1573 2957 1637 Opera
2978 1562 3323 1617 noscuntur
3346 1553 3452 1635 (4).
3478 1577 3506 1611 ι

2016 1654 2214 1717 Nemo
2237 1654 2521 1735 profecto
2544 1656 2871 1731 dubitabit,
2891 1656 3043 1736 quin
3068 1654 3174 1718 hic
3202 1653 3509 1718 Macarius

1936 1754 2275 1833 Aegyptius
2330 1756 2497 1818 idem
2557 1757 2656 1831 sit,
2715 1757 2794 1819 de
2856 1773 2984 1837 quo
3048 1774 3235 1836 supra
3298 1755 3509 1818 retulit

261 1856 645 1937 discipulum
670 1858 1091 1940 virtutumque
1111 1860 1244 1922 eius
1266 1861 1442 1940 quasi
1463 1860 1827 1928 haeredem!
1863 1897 1906 1957 Β
1936 1851 2263 1957 Ρᾶηδάίμεο
2295 1855 2493 1927 Quare
2529 1856 2665 1917 iure
2694 1856 2979 1930 Oﬂ'endit.
3004 1856 3507 1957 quodUMacarius

260 1957 462 2027 Quam
512 1974 641 2018 rem
689 1962 1023 2036 antequam
1070 1958 1498 2038 eXpediamus,
1565 1961 1827 2042 reliqua,

260 2072 429 2134 quae
480 2055 559 2118 de
604 2059 870 2121 Macario
900 2060 1206 2139 Aegyptio
1247 2060 1315 2122 in
1359 2060 1517 2124 libro
1551 2064 1830 2127 secundo

258 2155 750 2234 subiunguntur,
780 2158 1103 2221 audiamus
1135 2177 1149 2220 :

337 2278 372 2313 σι
408 2256 569 2318 Hinc
624 2255 898 2337 denique
940 2257 1172 2334 ferunt,
1239 2258 1574 2340 aliquando
1633 2278 1830 2343 quum

256 2355 668 2418 homicidium
695 2356 763 2418 in
803 2357 958 2420 locis
985 2358 1205 2420 vicinis
1237 2358 1454 2422 fuisset
1489 2362 1825 2426 admissum

254 2463 313 2518 et
340 2456 673 2520 innocenti
688 2457 945 2520 cuidam
971 2458 1419 2538 impingeretur
1446 2462 1684 2526 crimen
1708 2464 1827 2527 ad-

252 2557 454 2631 missi,
496 2556 855 2636 confugisse
889 2557 967 2619 ad
1003 2558 1138 2619 eius
1171 2559 1456 2622 cellulam
1500 2578 1676 2639 eum,
1718 2566 1828 2645 qui

248 2658 633 2721 calumniam
663 2658 1033 2739 patiebatur.
1066 2659 1348 2722 Adfuisse
1370 2662 1553 2725 etiam
1583 2680 1691 2727 eos
1717 2666 1827 2745 qui

251 2762 700 2838 perurgebant,
746 2760 1082 2837 allegantes
1124 2767 1186 2822 et
1227 2761 1529 2838 dicentes,
1573 2764 1823 2843 pericli-

252 2862 367 2923 tari
392 2879 473 2923 se
499 2864 694 2942 ipsos,
727 2862 846 2924 nisi
872 2862 1401 2943 comprehensum
1430 2864 1673 2942 legibus
1704 2872 1826 2929 tra-

248 2961 482 3024 derent
529 2962 930 3025 homicidam.
982 2966 1042 3026 Is
1066 2982 1238 3038 vero,
1291 2965 1394 3027 cui
1428 2966 1667 3029 crimen
1710 2966 1826 3029 im-

242 3060 649 3140 pingebatur,
676 3079 823 3123 cum
851 3064 1253 3125 sacramentis
1282 3063 1644 3140 afﬁrmabat,
1676 3083 1826 3129 con-

1931 1953 2271 2032 Aegyptius
2298 1954 2457 2016 libro
2487 1956 2762 2018 secundo
2793 1958 2854 2017 S.
2882 1955 3133 2018 Antonii
3163 1952 3505 2035 discipulus

1932 2055 2395 2136 gratiarumque
2433 2055 2567 2118 eius
2609 2074 2679 2119 ac
2724 2057 3018 2119 virtutum
3059 2056 3239 2136 quasi
3280 2054 3505 2117 haeres

1930 2162 2205 2230 vocatur,
2266 2156 2443 2219 cuius
2507 2156 2820 2236 dignitatis
2895 2156 3202 2219 Palladius
3268 2154 3502 2218 nullam

1930 2254 2117 2335 plane
2151 2257 2535 2319 mentionem
2573 2256 2741 2320 fecit.
2773 2258 3018 2319 Etenim
3056 2256 3319 2335 legimus
3356 2254 3501 2336 qui-

1930 2350 2072 2413 dem
2094 2350 2159 2414 in
2184 2354 2533 2416 Meursiana
2550 2355 2859 2417 Historiae
2878 2354 3208 2417 Lausiacae
3227 2353 3501 2417 editione

1930 2447 2007 2511 de
2049 2450 2314 2514 Macario
2361 2452 2657 2531 quodam,
2691 2470 2881 2532 quem
2909 2452 3210 2514 virtutum
3245 2469 3498 2515 suarum

1928 2546 2262 2612 haeredem
2288 2549 2427 2617 fore
2464 2553 2526 2614 S.
2563 2553 2871 2615 Antonius
2909 2552 3049 2633 ipse
3085 2551 3497 2633 praedixerit;

1927 2648 2038 2709 sed
2062 2649 2272 2712 locum
2294 2653 2578 2732 spurium
2611 2671 2748 2716 esse
2778 2654 3157 2729 censuimus,
3189 2654 3496 2717 narratio-

1926 2764 2201 2829 nemque
2221 2753 2485 2815 Macario
2506 2753 2921 2816 Alexandrino
2948 2755 3025 2817 ab
3050 2754 3499 2835 interpolatore

1925 2847 2218 2911 tributam
2244 2852 2615 2932 Pispiritano
2645 2854 2864 2933 magis,
2884 2872 3072 2934 quam
3094 2855 3323 2917 nostris
3345 2871 3498 2919 con-

1924 2948 2137 3011 venire
2163 2950 2444 3014 Macariis
2478 2952 2586 3032 (5).
2619 2951 2705 3016 De
2733 2953 2998 3016 Macario
3034 2961 3243 3017 autem
3288 2958 3496 3035 Aegy-

1922 3049 2057 3127 ptio
2085 3049 2239 3112 nihil
2271 3051 2529 3115 omnino
2562 3053 2866 3117 eiusmodi
2897 3059 3306 3118 memoratum
3334 3054 3495 3119 huc-

240 3160 454 3222 scium
494 3179 562 3223 se
604 3160 733 3224 nbn
779 3180 915 3224 esse
962 3163 1283 3241 sanguinis
1325 3164 1509 3226 illius.
1560 3166 1633 3225 Et
1671 3183 1817 3228 cum
1870 3240 1877 3241 ί
1923 3168 2127 3232 usque
2155 3152 2530 3221 invenimus.

240 3262 352 3323 diu
382 3263 468 3324 ab
499 3270 763 3342 utraque
796 3269 971 3342 parte
1004 3240 1321 3325 certamen
1347 3263 1701 3340 haberetur,
1730 3266 1825 3327 in-
1849 3240 1891 3301 c
2000 3276 2159 3337 Rem
2186 3293 2223 3337 a
2249 3277 2501 3340 Socrate
2531 3277 2810 3357 expediri
2835 3276 3001 3341 haud
3030 3283 3267 3342 temere
3298 3276 3497 3341 credi-

240 3362 611 3439 terrogabat
643 3369 896 3425 sanctus
919 3361 1241 3437 Macarius,
1270 3364 1379 3425 ubi
1407 3365 1685 3445 sepultus
1718 3382 1820 3427 es-

242 3471 337 3525 set
388 3464 505 3543 qui
534 3464 855 3527 dicebatur
892 3464 1156 3527 occisus.
1189 3466 1467 3547 Cumque
1496 3467 1820 3546 designas-

236 3568 384 3625 sent
420 3563 653 3640 locum,
695 3581 839 3628 cum
867 3564 1181 3640 omnibus,
1222 3565 1332 3644 qui
1364 3566 1442 3628 ad
1482 3583 1823 3647 perurgen-

238 3664 396 3724 dum
454 3662 778 3728 hominem
831 3674 1163 3743 venerant,
1213 3668 1419 3747 pergit
1472 3669 1551 3730 ad
1606 3671 1818 3750 sepul-

236 3764 497 3838 chrum,
534 3772 720 3847 atque
748 3766 834 3829 ibi
855 3768 992 3829 ﬁxis
1021 3769 1307 3848 genibus,
1338 3768 1625 3832 invocato
1654 3770 1822 3832 Chri-

236 3867 316 3927 sti
369 3867 657 3942 nomine,
702 3867 786 3929 ait
821 3867 897 3930 ad
948 3885 1081 3943 eos,
1120 3869 1230 3949 qui
1264 3870 1588 3932 astabant:
1640 3872 1818 3937 Nunc

236 3967 551 4030 Dominus
594 3968 906 4043 ostendet,
955 3968 1007 4030 si
1050 3987 1195 4031 vere
1233 3986 1377 4031 reus
1415 3962 1507 4032 est
1540 3969 1664 4047 hic,
1708 3973 1814 4052 qui

234 4073 624 4147 perurgetur
663 4085 700 4130 a
732 4068 932 4130 vobis.
979 4070 1054 4129 Et
1098 4067 1331 4131 elevata
1376 4086 1529 4131 voce
1570 4087 1649 4133 ex
1695 4089 1815 4134 no-

230 4167 418 4230 mine
473 4167 698 4230 clamat
744 4167 1130 4230 defunctum.
1170 4170 1445 4246 Cumque
1490 4169 1548 4230 ei
1592 4168 1670 4231 de
1712 4188 1813 4233 se-

232 4269 516 4348 pulchro
561 4275 816 4331 vocatus
862 4269 1310 4349 respondisset,
1362 4268 1448 4330 ait
1491 4269 1569 4330 ad
1615 4288 1809 4333 eum:

231 4372 357 4433 Per
388 4369 582 4433 ﬁdem
610 4370 831 4432 Christi
871 4376 933 4431 te
976 4371 1276 4440 obtestor,
1308 4375 1377 4430 ut
1403 4368 1593 4444 dicas,
1636 4370 1689 4431 si
1735 4372 1813 4433 ab

229 4470 357 4535 hoc
388 4471 671 4545 homine,
722 4469 830 4551 qui
877 4468 1250 4532 calumniam
1280 4468 1534 4548 patitur,
1568 4469 1813 4533 occisus

1922 3372 2110 3449 deris,
2155 3375 2263 3455 qui
2313 3393 2508 3456 quum
2560 3376 2823 3457 reliqua,
2864 3392 3027 3456 quae
3081 3375 3159 3439 de
3216 3375 3497 3438 Macariis

1920 3474 2133 3550 refert,
2169 3492 2247 3537 ex
2281 3474 2456 3539 libris
2491 3476 2733 3556 Evagrii
2774 3482 3092 3539 mutuatus
3126 3470 3226 3551 sit,
3261 3474 3418 3538 haec
3456 3492 3495 3539 e

1918 3574 2080 3639 libro
2130 3577 2408 3641 secundo
2455 3577 2867 3659 assumpsisse
2910 3576 3195 3640 videtur:
3232 3600 3262 3633 α
3293 3579 3492 3640 Porro

1918 3676 2084 3739 inter
2106 3678 2473 3751 monachos,
2489 3678 2597 3759 qui
2616 3695 2693 3741 eo
2721 3683 3005 3757 tempore
3031 3674 3338 3751 vixerunt,
3363 3676 3491 3739 duo

1916 3774 2095 3838 fuere
2135 3776 2506 3839 sanctissimi
2543 3775 2767 3838 eodem
2811 3774 3066 3837 nomine
3103 3774 3449 3855 nuncupati
3470 3792 3487 3847 ;

1917 3881 2184 3954 uterque
2236 3873 2405 3937 enim
2466 3874 2767 3937 Macarius
2823 3873 3165 3936 dicebatur.
3214 3874 3490 3946 Quorum

1917 3971 2075 4034 alter
2123 3990 2201 4035 ex
2258 3972 2584 4053 superiore
2637 3976 2947 4052 Aegypto,
2989 3971 3146 4033 alter
3198 3988 3277 4033 ex
3331 3971 3489 4034 urbe

1915 4072 2285 4135 Alexandria
2313 4078 2443 4136 erat
2470 4072 2793 4135 oriundus.
2817 4073 3102 4134 Ceterum
3122 4070 3309 4134 ambo
3335 4088 3491 4151 prae

1915 4173 2140 4235 ceteris
2165 4172 2436 4235 illustres
2455 4172 2710 4234 fuerunt
2734 4177 2868 4234 tum
2896 4176 3157 4251 prOpter
3175 4168 3489 4232 abstinen-

1914 4272 2086 4346 tiam,
2117 4278 2249 4335 tum
2290 4271 2372 4336 ob
2412 4289 2623 4335 mores
2658 4277 2720 4334 et
2759 4271 3321 4345 conversationem,
3350 4275 3483 4333 tum

1915 4371 1998 4433 ob
2037 4371 2354 4447 miracula,
2382 4390 2544 4453 quae
2580 4389 2698 4453 per
2736 4386 2955 4434 eorum
2995 4386 3219 4434 manus
3252 4385 3484 4451 perpe-

1912 4471 2252 4534 trabantur.
2315 4472 2655 4552 Aegyptius
2708 4471 2965 4552 quidem
3035 4470 3338 4534 Macarius
3390 4474 3487 4532 tot

226 4570 540 4635 cs?Tunc
566 4571 673 4634 ille
707 4572 785 4634 de
813 4568 1148 4651 sepulchro
1175 4569 1341 4633 clara
1371 4585 1527 4632 voce
1553 4586 1815 4650 respon-
1842 4586 1887 4642 ι)
1915 4574 2153 4635 sanavit
2205 4590 2448 4652 aegros,
2488 4579 2581 4636 tot
2640 4572 2932 4635 obsessos
2986 4589 3022 4634 a
3070 4566 3487 4634 daemonibus

223 4673 317 4734 dit
345 4672 623 4735 dicens:
670 4688 801 4734 non
840 4688 908 4733 se
951 4687 1087 4733 esse
1132 4670 1211 4732 ab
1264 4684 1341 4733 eo
1390 4670 1809 4734 interfectum.

221 4774 299 4833 Et
350 4791 505 4837 cum
556 4772 970 4853 obstupefacti
1027 4789 1246 4833 omnes
1301 4770 1678 4835 decidissent
1732 4773 1811 4836 ad

220 4881 469 4936 terram
495 4891 568 4937 ac
605 4873 873 4954 pedibus
906 4873 1040 4936 eius
1069 4872 1566 4947 advolverentur,
1590 4890 1812 4952 rogare

219 4981 608 5055 coeperunt,
651 4981 720 5036 ut
748 4975 1159 5052 interrogaret
1187 4989 1352 5046 eum,
1397 4987 1433 5035 a
1479 4989 1606 5053 quo
1646 4980 1812 5036 esset

216 5076 506 5139 occisus.
536 5078 708 5139 Tunc
737 5075 845 5137 ille
877 5093 891 5135 :
921 5077 1081 5149 Hoc,
1111 5074 1336 5155 inquit,
1368 5090 1498 5135 non
1531 5073 1800 5135 interro-

217 5180 437 5257 gabo;
468 5179 694 5243 sutlicit
722 5179 890 5241 enim
917 5178 1093 5253 mihi,
1128 5185 1197 5240 ut
1221 5178 1531 5239 innocens
1568 5175 1801 5238 libere-

214 5289 357 5358 tur;
389 5298 524 5344 non
546 5285 637 5343 est
653 5288 857 5344 autem
879 5297 1111 5354 meum,
1149 5280 1301 5351 111
1329 5284 1399 5340 u’t
1417 5289 1560 5341 retis
1582 5277 1805 5357 proda-

284 5465 375 5537 (1)
410 5462 525 5518 VV.
558 5463 661 5518 PP.
741 5462 923 5518 Rosw.
974 5462 1070 5516 lib.
1113 5459 1156 5516 ll
1203 5476 1324 5530 cap.
1368 5461 1438 5517 28
1481 5478 1535 5533 p.
1581 5461 1705 5528 4'79,
1742 5462 1796 5516 2.

213 5555 417 5611 Ruﬁni
465 5554 602 5625 Opp.
655 5554 745 5610 ed.
795 5552 1031 5609 Vallarsi
1077 5570 1130 5624 p.
1178 5553 1301 5616 195,
1359 5553 1535 5623 Migne
1591 5552 1797 5609 Patrol.

212 5649 279 5703 T.
318 5647 455 5704 XXI
488 5665 541 5717 p.
575 5647 680 5702 M9
713 5662 797 5716 sq.

283 5741 375 5813 (Ξ)
414 5740 522 5795 νν.
561 5740 661 5794 I’P.
692 5738 872 5793 Rosw.
898 5739 934 5791 Ι.
958 5738 993 5792 l.
1017 5754 1033 5799 ;
1061 5734 1241 5790 Ruﬁni
1270 5736 1407 5806 (ipp.
1441 5737 1529 5791 ed.
1567 5734 1799 5792 Vallius!

213 5837 249 5891 I.
280 5837 348 5895 ι..
402 5833 578 5903 Migne
608 5836 641 5888 l.
674 5834 709 5887 1.
742 5850 795 5902 p.
820 5833 944 5886 450.

287 5927 381 5996 (ὅ)
412 5925 500 5982 Cf.
528 5941 689 5999 supra
718 5925 891 5995 Caput
924 5940 959 5978 ιι
999 5921 1061 5994 §§
1098 5922 1177 5977 12.
1218 5922 1297 5977 l5.
1342 5921 1421 5975 li.
1460 5922 1545 5975 Π.

1912 4672 2216 4750 liberavit,
2244 4670 2399 4749 112
2418 4681 2507 4749 tit,
2529 4690 2692 4756 quae
2717 4691 2834 4755 per
2855 4674 3113 4753 gratiam
3138 4672 3249 4735 Dei
3268 4670 3482 4751 gessit,

1912 4784 2267 4856 separatum
2288 4793 2449 4858 Opus
2469 4776 2827 4840 desiderent
2851 4773 2957 4857 (6).
2981 4796 3009 4833 ν
3036 4774 3203 4848 Quae
3225 4772 3481 4855 quidem

1911 4877 2181 4940 Socratis
2216 4877 2402 4940 verba
2439 4877 2521 4939 ita
2559 4894 2700 4940 cum
2745 4876 2907 4939 libro
2954 4874 3233 4938 secundo
3261 4873 3478 4937 conci-

1912 4982 2092 5051 nunt,
2121 4982 2193 5038 ut
2219 4976 2520 5057 suspicari
2547 4976 2750 5051 liceat,
2773 4974 3143 5055 illud,quod
3172 4978 3479 5049 narratur,

1908 5074 2241 5141 Macarium
2285 5077 2658 5158 Aegyptium
2704 5079 2767 5138 S.
2806 5076 3061 5140 Antonii
3102 5074 3481 5155 discipulum

1907 5178 2328 5259 virtutumque
2374 5178 2509 5241 eius
2560 5178 2739 5259 quasi
2790 5175 3128 5240 baeredem
3157 5176 3373 5252 fuisse,
3411 5175 3480 5240 in

1910 5281 2185 5361 genuino
2226 5297 2450 5361 graeco
2479 5279 2619 5342 libri
2658 5277 2920 5342 secundi
2954 5283 3149 5353 textu,
3181 5294 3311 5358 quo
3358 5278 3477 5341 So-

1973 5466 2049 5537 (4)
2080 5464 2194 5520 νγ.
2236 5464 2340 5519 PP.
2370 5462 2550 5520 Rosw.
2586 5464 2624 5517 l.
2656 5463 2692 5520 l.
2733 5478 2788 5534 p.
2820 5462 2948 5528 480,
2984 5461 3058 5528 Ως
3092 5458 3328 5516 Vallarsi
3359 5459 3399 5516 ι.
3433 5459 3474 5513 ι.

1902 5572 1955 5628 p.
1991 5556 2114 5623 196,
2150 5555 2329 5626 Mignc
2355 5556 2388 5609 l.
2423 5555 2459 5608 l.
2493 5570 2545 5625 p.
2576 5553 2702 5608 452.

1973 5651 2050 5721 (5)
2086 5649 2167 5704 Cf.
2194 5663 2358 5719 supra
2389 5647 2570 5717 Caput
2596 5645 2664 5701 111
2690 5662 2742 5716 p.
2782 5646 2882 5700 102
2907 5662 3028 5717 sqq.

1972 5739 2048 5807 (6)
2083 5739 2242 5795 Socr.
2277 5738 2415 5793 llist.
2468 5736 2616 5793 Eccl.
2659 5736 2755 5792 lib.
2800 5734 2867 5791 ιν
2914 5750 3036 5805 cap.
3059 5732 3131 5789 εδ
3166 5731 3254 5788 ed.
3284 5728 3471 5786 Val-‘5.

1902 5850 1957 5902 ιι.
1997 5832 2124 5886 est.
