4040 6576
578 420 681 476 ἱ(τῖ

1383 412 1482 466 88.
1526 406 1984 465 MACARIORL‘M
2022 402 2337 460 AEGYPTII
2389 400 2475 456 ET
2515 393 2977 455 ALEXANDRINI
3694 384 3781 443 108

569 540 769 597 crates
825 531 1136 601 utebatur,
1184 544 1310 590 non
1366 527 1723 597 inventum,
1766 522 1874 584 sed
1933 519 2143 582 Ruﬁni
2176 525 2214 576 Α
2242 518 2343 590 sit,
2375 523 2437 578 et
2483 523 2624 593 aget
2675 507 3145 594 poenitentiam,
3180 506 3248 564 ut
3292 499 3555 562 salvetur
3594 497 3785 560 anima

569 630 925 711 interpretis
949 629 1207 690 fortasse
1232 634 1651 689 commentum
1675 641 1830 693 esse,
1850 628 1953 682 aut
1975 625 2141 699 post-

569 733 826 797 modum
856 748 891 791 a
922 746 1111 790 manu
1146 724 1605 804 iuterpolatrice
1633 739 1769 783 esse
1806 720 2135 781 adiectum.

650 832 945 892 Ruﬁnum
980 827 1230 908 quidem
1260 827 1423 885 inter
1451 826 1609 884 duos
1643 822 2139 898 Macarios,quos

575 931 640 993 in
669 930 1142 992 Continuatione
1180 926 1485 986 Historiae
1514 922 1973 984 Ecclesiasticae
2013 922 2135 980 Eu-

578 1030 735 1091 sebii
762 1036 939 1091 vocat
966 1028 1071 1106 (1),
1093 1026 1421 1087 Macarium
1455 1022 1937 1084 Alexandrinum
1970 1028 2139 1081 retu-

580 1131 724 1193 lisse
758 1147 835 1191 ex
866 1134 1161 1189 contextu
1200 1132 1492 1204 apparet;
1523 1140 1717 1202 quum
1758 1138 1901 1181 vero
1942 1119 2137 1180 Isido-

581 1246 740 1299 rum,
789 1224 1200 1301 Heraclidem,
1244 1223 1542 1284 Pambum
1590 1222 1757 1281 idem
1807 1218 2144 1298 discipulos

579 1331 632 1389 8.
704 1327 945 1389 Antonii
1013 1324 1307 1405 appellet,
1355 1322 1473 1383 hoc
1534 1319 1902 1381 vocabulum
1958 1334 2145 1378 sensu

582 1428 798 1490 latiore
818 1424 1250 1506 accipiendum
1269 1440 1407 1483 esse
1429 1421 1689 1481 videtur.
1709 1421 1923 1496 Neque
1941 1418 2146 1477 minus

581 1531 648 1592 in
678 1528 977 1609 Apologia
1008 1525 1356 1603 [Invectival
1393 1526 1442 1584 ΙΙ
1474 1522 1553 1603 (2)
1586 1521 1847 1582 Ruﬁnus
1880 1543 1906 1573 «
1941 1520 2142 1578 Maca-

585 1628 745 1690 rium
790 1628 1041 1689 Antonii
1082 1623 1457 1704 discipulum
1494 1646 1519 1676 »
1554 1628 1615 1681 et
1650 1646 1675 1674 «
1710 1619 1971 1680 alterum
2016 1619 2144 1676 Ma-

586 1729 820 1792 carium
870 1751 897 1784 ιι
945 1730 1409 1796 commemorat,
1468 1722 1575 1783 ubi
1654 1729 1861 1781 tamen
1939 1725 2145 1778 utrum

584 1829 990 1891 Macariorum
1010 1826 1105 1888 vel
1136 1843 1285 1887 num
1308 1824 1563 1885 omnino
1593 1838 1786 1882 unum
1818 1837 1893 1880 ex
1922 1818 2147 1879 nostris

586 1928 830 2001 dixerit,
894 1943 1022 1988 non
1088 1924 1470 2001 intelligitur.
1534 1924 1732 1994 Quare
1798 1919 2149 1981 Macarium

584 2028 957 2108 Aegyptium
1002 2045 1037 2089 a
1083 2026 1310 2087 Ruﬁno
1368 2026 1430 2085 S.
1478 2020 1727 2083 Antonii
1777 2017 2149 2099 discipulum

589 2128 843 2209 preprie
877 2128 1107 2201 vocari,
1138 2132 1309 2187 certo
1339 2141 1468 2186 non
1501 2127 1760 2185 constat.

666 2233 864 2308 Atque
892 2226 1218 2288 Macarium
1251 2223 1617 2302 Aegyptium
1648 2222 1709 2280 S.
1758 2217 2007 2279 Antonii
2053 2216 2149 2278 di-

590 2326 900 2405 scipulum
923 2325 1110 2384 fuisse
1126 2321 1606 2402 praeterlibrum
1629 2315 1967 2378 secundum
1984 2311 2154 2372 solus

590 2425 916 2486 Makrizius
948 2424 1154 2484 habet.
1180 2420 1503 2482 Makrizius
1533 2434 1676 2478 eum
1715 2434 1748 2475 a
1787 2417 1846 2475 S.
1887 2411 2153 2473 Antonio

589 2529 759 2584 veste
814 2519 1263 2584 monachorum
1308 2516 1595 2579 indutum
1633 2521 1694 2575 et
1739 2513 1803 2573 in
1850 2509 2153 2571 Wadi-al-

590 2624 827 2686 Natrun
855 2622 898 2683 i.
929 2640 984 2683 e.
1011 2623 1075 2682 in
1109 2619 1329 2681 vallem
1368 2616 1594 2676 Nitriae
1637 2614 1901 2689 [deserta
1940 2610 2152 2684 Scetis)

594 2724 849 2785 missum
892 2738 1050 2794 esse,
1078 2737 1151 2780 ex
1192 2719 1523 2780 traditione
1563 2714 1824 2775 fortasse
1866 2709 2157 2771 coenobii

592 2822 919 2884 Macariani
950 2819 1158 2881 retulit
1190 2818 1295 2897 (3).
1329 2816 1435 2876 Cui
1471 2823 1679 2875 tamen
1718 2816 1931 2889 aperte
1974 2808 2155 2869 oblo-

591 2930 867 3005 quuntur
881 2920 1175 2982 historiae
1191 2917 1332 2979 libri
1347 2916 1544 2996 quinti
1556 2915 1679 2974 VV.
1703 2915 1820 2972 PP.
1836 2913 2037 2972 Rosw.
2073 2908 2152 2989 (4)

594 3032 655 3086 et
686 3020 1293 3103 ApOphthegmatum
1323 3014 1609 3079 Cotelerii
1640 3012 1746 3093 (5),
1773 3011 2001 3092 quibus
2028 3011 2157 3070 Ma-

2245 619 2378 680 eius
2420 616 2526 695 (6).
2565 640 2593 671 ››

2325 763 2352 835 §
2396 757 2492 818 27.
2536 759 2733 828 Ouum
2796 750 2874 812 de
2937 744 3202 809 Macario
3270 735 3681 801 Alexandrino
3729 735 3788 798 in

2245 857 2717 922 Continuatione
2742 849 3046 913 Historiae
3068 839 3533 907 Ecclesiasticae
3556 835 3791 897 Eusebii

2246 962 2510 1023 Ruﬁnus
2542 959 2679 1036 ipse
2716 948 3097 1031 exposuerit,
3128 961 3263 1006 eam
3308 941 3577 1021 primum
3613 954 3790 998 excu-

2245 1062 2491 1123 tiamus.
2516 1056 2630 1117 Ubi
2661 1054 2738 1115 de
2767 1050 2937 1112 Lucii
2966 1047 3332 1108 Arianorum
3359 1037 3642 1119 episcopi
3668 1052 3795 1115 per-

2247 1156 2669 1222 secutionibus
2704 1153 2769 1213 in
2816 1148 3102 1211 eremitas
3138 1144 3323 1205 verba
3360 1138 3596 1200 faciens
3631 1142 3792 1214 post-

2249 1275 2433 1339 quam
2492 1253 2785 1332 scripsit:
2839 1274 2865 1305 κ
2912 1250 3032 1308 Per
3086 1245 3253 1306 idem
3308 1248 3555 1319 tempus
3607 1246 3798 1316 patres

2248 1335 2696 1419 monachorum
2723 1350 2882 1410 vitae
2909 1353 2970 1409 et
2997 1340 3377 1422 antiquitatis
3421 1336 3641 1398 merito
3680 1335 3797 1394 Ma—

2250 1456 2452 1519 carius
2495 1459 2557 1514 et
2607 1449 2883 1511 Isidorus
2935 1445 3219 1521 aliusque
3271 1436 3572 1499 Macarius
3624 1439 3799 1511 atque

2250 1553 2606 1617 Heraclides
2656 1556 2712 1612 et
2760 1547 3027 1609 Pambus
3072 1539 3323 1603 Antonii
3368 1532 3659 1613 discipuli
3698 1550 3801 1610 per

2251 1660 2602 1733 Aegyptum
2630 1658 2692 1711 et
2720 1647 2989 1709 maxime
3013 1644 3079 1704 in
3107 1640 3336 1702 Nitriae
3368 1632 3598 1698 deserti
3632 1630 3805 1709 parti-

2252 1731 2779 1816 bus—habebantur
2804 1795 2816 1807 .
2845 1793 2860 1806 .
2889 1793 2903 1805 .
2931 1742 3037 1823 (7),
3068 1767 3095 1798 »
3120 1741 3280 1801 hanc
3316 1741 3533 1817 postea
3565 1731 3807 1793 subiun-

2185 1878 2222 1930 Β
2254 1856 2337 1933 git
2366 1851 2681 1913 historiam
2707 1865 2720 1908 ε
2750 1872 2777 1903 ‹‹
2815 1850 2971 1906 Ante
3004 1836 3457 1920 aliquantulum
3484 1846 3632 1892 vero
3660 1836 3801 1889 tem-

2251 1929 2422 2033 poris
2468 1967 2690 2013 caecus
2743 1945 2996 2025 quidam
3052 1939 3308 2018 rogabat
3358 1931 3585 1997 deduci
3628 1947 3691 1991 se
3735 1929 3806 1989 ad

2252 2032 2538 2118 cellulam
2571 2047 2838 2121 Macarii,
2864 2062 3025 2125 quae
3054 2040 3272 2104 eratin
3304 2038 3578 2107 deserto,
3600 2032 3809 2092 itinere

2249 2155 2435 2216 trium
2468 2152 2730 2214 dierum.
2765 2150 2897 2221 Quo
2928 2150 3331 2226 posteaquam
3370 2150 3597 2198 caecus
3624 2130 3809 2191 multo

2253 2251 2638 2315 ductantium
2688 2249 2901 2309 labore
2953 2240 3254 2323 pervenit,
3302 2234 3639 2297 Macarium
3688 2246 3807 2290 non

2253 2352 2486 2432 reperit
2532 2348 2721 2411 domi.
2768 2343 3172 2406 Contristatus
3230 2333 3400 2396 valde
3470 2329 3810 2391 nullatenus

2254 2428 2536 2528 mitigare
2579 2444 2952 2508 moestitiam
2995 2444 3260 2520 poterat,
3293 2432 3571 2496 sanitatis
3606 2428 3811 2490 solatio

2257 2571 2497 2618 carens.
2528 2552 2683 2611 Tum
2711 2562 2859 2607 vero
2888 2542 3131 2603 fervore
3164 2535 3307 2598 ﬁdei
3338 2530 3806 2595 concalescens:

2256 2657 2593 2735 Deprecor,
2621 2646 2826 2725 inquit
2862 2643 2941 2704 ad
2974 2658 3083 2702 eos
3120 2638 3229 2717 qui
3268 2634 3673 2699 deduxerant,
3705 2644 3809 2705 ap-

2258 2728 2482 2837 plicate
2505 2768 2605 2813 me
2626 2749 2700 2809 ad
2724 2747 2894 2807 illam
2916 2748 3155 2821 partem
3182 2730 3580 2817 parietis,ubi
3599 2728 3815 2791 cubare

2257 2831 2467 2914 senior
2506 2847 2681 2909 solet.
2714 2846 2788 2904 Et
2824 2857 2967 2903 cum
3006 2837 3222 2898 fuisset
3257 2831 3569 2899 admotus,
3604 2842 3813 2905 parum

2263 2952 2375 3015 luti
2405 2949 2583 3020 aridi,
2603 2945 2770 3007 unde
2801 2940 3003 3021 paries
3032 2934 3260 2998 oblitus
3288 2929 3631 2999 videbatur,
3662 2941 3821 2985 assuo

2258 3070 2437 3115 mens
2474 3048 2711 3129 palmae
2744 3058 2891 3104 suae
2928 3031 3348 3116 superposuit.
3381 3031 3583 3105 Rogat
3622 3024 3813 3095 etiam,

594 3126 828 3189 carium
877 3127 1236 3233 Aegyptum.
1277 3124 1499 3233 sponte
1542 3117 1605 3177 in
1645 3114 1870 3233 Scetim
1908 3111 2155 3233 abiisse,
2188 3208 2226 3233 ρ
2259 3111 2594 3230 m'aqdam
2639 3147 2716 3207 de
2766 3148 2981 3223 puteo,
3005 3111 3091 3198 εἰ
3122 3111 3263 3213 duo
3301 3130 3518 3192 bibere
3567 3124 3814 3196 solebat,

598 3239 803 3303 neque
848 3223 965 3283 Πίδί
1006 3220 1354 3301 Ρθδῖθπίονθ
1400 3225 1681 3296 tempore
1722 3215 1783 3273 δ’
1827 3209 2158 3273 Antonium
2188 3208 2228 3264 Ο
2263 3208 2601 3316 haurirent.
2658 3208 2790 3319 Quo
2844 3208 3111 3303 humore
3154 3208 3473 3297 resolvens
3521 3224 3818 3307 glebulam

599 3324 877 3386 invisisse
911 3322 1192 3383 traditur.

678 3445 1070 3523 QuaprOpter
1098 3457 1132 3501 e
1161 3438 1363 3500 verbis
1390 3435 1533 3499 libri
1561 3432 1817 3496 secundi
1840 3430 1990 3493 nihil
2013 3430 2164 3492 certi

601 3541 811 3619 colligi
845 3557 1033 3620 posse
1052 3539 1317 3610 videtur,
1349 3535 1468 3596 nisi
1509 3534 1679 3614 quod
1723 3539 1784 3593 et
1824 3549 1900 3592 ex
1946 3530 2166 3592 ceteris

602 3640 878 3703 fontibus
906 3639 1226 3714 efﬁciatur,
1252 3636 1581 3698 Macarium
1611 3631 1923 3694 interdum
1955 3648 2030 3691 ex
2058 3646 2166 3691 ore

602 3743 663 3800 S.
704 3740 977 3811 Antonii,
1008 3756 1195 3820 quem
1232 3737 1478 3808 viserat,
1507 3734 1785 3794 instituta
1823 3729 1980 3790 vitae
2014 3731 2167 3801 113

603 3839 1004 3902 monachicae
1022 3838 1378 3920 percepisse
1392 3850 1659 3913 eumque
1679 3830 1862 3893 laude
1878 3828 2169 3889 virtutum

603 3957 804 4023 paene
835 3940 1295 4020 aequiparasse.

679 4063 790 4126 His
830 4062 1129 4143 expositis
1170 4060 1374 4123 solum
1417 4064 1604 4121 restat
1641 4055 1811 4137 quod
1856 4067 2167 4119 moneam,

604 4164 1051 4235 narrationem,
1080 4179 1267 4241 quam
1313 4160 1643 4222 attulimus
1679 4158 1758 4219 de
1803 4161 2051 4217 mortuo
2096 4150 2171 4212 ad

606 4263 1000 4347 purgandum
1065 4262 1409 4335 hominem,
1466 4258 1575 4339 qui
1641 4254 1963 4319 homicidii
2017 4251 2173 4313 falso

2263 3353 2612 3431 eodemque
2662 3348 2791 3407 luto
2831 3342 3049 3405 oculos
3090 3354 3236 3399 suos
3280 3345 3735 3412 superungens,
3766 3333 3823 3385 et

2262 3455 2472 3516 lavans
2516 3451 2591 3512 de
2635 3464 2796 3527 aqua
2845 3459 3005 3523 quae
3052 3440 3269 3502 hausta
3310 3435 3534 3503 fuerat,
3577 3434 3819 3507 repente

2266 3553 2501 3632 recepit
2529 3525 2749 3620 visum,
2770 3547 2853 3607 ita
2872 3551 2941 3605 ut
2960 3541 3134 3604 nullo
3153 3537 3438 3614 indigens
3457 3525 3824 3593 adminiculo

2267 3628 2497 3712 rediret
2541 3648 2619 3710 ad
2663 3663 2793 3707 sua.
2846 3641 2967 3703 Sed
3018 3656 3098 3701 ne
3150 3632 3495 3698 secundum
3554 3628 3823 3707 leprosos

2268 3749 2412 3810 illos
2449 3751 2679 3824 ageret,
2713 3758 2874 3822 quos
2909 3757 2946 3801 a
2982 3755 3048 3799 se
3091 3740 3335 3798 curatos
3376 3730 3444 3790 in
3490 3722 3824 3803 Evangeliis

2268 3852 2543 3928 ingratos
2569 3844 2868 3906 Dominus
2895 3846 3092 3910 notat,
3124 3851 3267 3897 cum
3304 3829 3476 3893 omni
3508 3828 3697 3889 domo
3726 3838 3823 3885 sua

2271 3965 2590 4029 regressus
2614 3952 2674 4006 et
2702 3945 2828 4004 Deo
2859 3939 3017 4010 114
3039 3935 3261 4015 gratias
3286 3931 3565 3993 referens
3594 3943 3746 3998 rem,
3768 3929 3827 3984 ut

2273 4025 2443 4130 gesta
2494 4048 2717 4119 fuerat,
2755 4039 3048 4105 indicavit
3096 4035 3201 4116 (8).
3239 4058 3267 4089 »
3312 4034 3469 4092 Tum
3518 4025 3824 4089 historiam

2273 4151 2521 4213 tradens
2551 4147 2805 4207 leaenae
2834 4142 3095 4219 eiusque
3124 4150 3449 4198 caecorum
3470 4127 3825 4197 catulorum,

2276 4271 2438 4333 quos
2478 4247 2777 4312 Macarius
2806 4242 3061 4312 sanavit,
3089 4238 3354 4299 Ruﬁnus
3392 4233 3489 4293 his
3528 4225 3829 4292 concludit

605 4365 1037 4435 accusabatur,
1086 4379 1121 4423 a
1174 4360 1439 4423 Macario
1494 4355 1860 4421 resuscitato
1914 4352 2046 4413 fere
2099 4351 2175 4412 ad
2276 4327 2531 4415 verbis:
2582 4374 2608 4405 «
2655 4350 2883 4408 Verum
2934 4343 2985 4403 si
3037 4338 3424 4416 singulorum
3473 4327 3827 4391 mirabilium

610 4465 867 4526 verbum
900 4464 968 4525 in
1006 4434 1166 4524 libro
1196 4462 1377 4523 tertio
1404 4459 1551 4537 legi,
1578 4456 1689 4518 ubi
1724 4464 1932 4517 tamen
1961 4453 2026 4512 in
2054 4452 2177 4512 ﬁne
2280 4459 2450 4532 gesta
2484 4444 2779 4529 prosequi
2818 4442 3100 4511 velimus,
3128 4434 3517 4498 excludimur
3542 4447 3575 4490 a
3606 4438 3829 4507 propo-

609 4572 756 4649 post
792 4565 1019 4626 verba:
1053 4588 1081 4620 α
1115 4580 1242 4624 non
1286 4567 1378 4622 est
1416 4568 1622 4620 autem
1664 4573 1895 4628 meum,
1927 4560 1996 4616 ut
2032 4570 2175 4614 reus
2209 4561 2248 4614 D
2278 4556 2390 4615 sita
2422 4552 2739 4621 brevitate,
2772 4546 3037 4607 maxime
3069 4558 3212 4603 cum
3246 4539 3398 4599 haec
3431 4533 3832 4596 narrationem

612 4629 944 4748 prodatur,
985 4689 1014 4723 ιι
1051 4665 1205 4726 haec
1234 4662 1545 4725 adduntur
1588 4678 1600 4720 :
1638 4684 1665 4717 ‹‹
1698 4660 1956 4721 forsitan
2007 4655 2172 4717 enim
2281 4653 2521 4735 proprii
2548 4650 2779 4712 habere
2801 4645 3013 4726 operis
3037 4647 3393 4704 mereantur
3413 4636 3520 4718 (9).
3552 4660 3577 4689 »
3602 4629 3833 4693 Morbus

613 4772 1070 4848 compungetur
1091 4764 1293 4826 adhuc
1324 4778 1440 4842 pro
1467 4760 1702 4822 scelere
1728 4758 1895 4839 quod
1926 4754 2182 4819 commi—
2282 4726 2762 4815 ille-oculorum
2811 4752 2871 4808 et
2916 4743 3178 4806 caecitas
3231 4738 3420 4802 hodie
3477 4748 3731 4814 quoque
3777 4726 3834 4787 in

688 4977 765 5049 (ι)
809 4975 989 5031 Ruﬁni
1044 4973 1183 5028 Hist.
1235 4972 1383 5027 Eccl.
1432 4974 1529 5026 lib.
1575 4973 1617 5026 ll
1659 4986 1780 5040 cap.
1822 4969 1855 5021 4
1893 4969 1980 5024 ed.
2018 4965 2181 5020 Basil.
2288 4962 2479 5016 XXVI.
2510 4960 2743 5015 Coteler.
2781 4956 2926 5009 Eccl.
2950 4955 3143 5008 Graec.
3175 4950 3317 5004 Men.
3355 4947 3460 5001 T.I
3498 4963 3550 5015 p.
3578 4938 3834 4998 526.530.

619 5033 762 5126 ιὸιὶιί
786 5086 836 5139 p.
860 5069 987 5127 242.
1016 5066 1197 5121 Ruﬁni
1222 5064 1359 5135 Opp.
1392 5066 1480 5120 ed.
1506 5033 1744 5119 Vallarsi
1772 5079 1825 5134 p.
1849 5062 1977 5126 271,
2008 5060 2187 5114 Mipne
2287 5056 2423 5120 540;
2462 5053 2673 5107 inlraiu
2694 5052 2889 5104 harum
2916 5045 3311 5112 Quaestionum
3342 5037 3658 5109 Appendice
3685 5033 3838 5085 altera

617 5162 821 5217 Patrol.
860 5160 927 5213 T.
957 5158 1077 5211 XXI
1110 5174 1163 5229 p.
1194 5159 1322 5212 6H.
2290 5146 2393 5200 sub
2430 5143 2516 5196 Ill.

688 5266 763 5335 (2)
798 5265 976 5319 Ruﬁni
1006 5264 1266 5333 Apologia
1290 5258 1609 5334 [lnvectiva]
1635 5260 1688 5312 in
1719 5258 1776 5312 S.
1804 5258 2187 5326 Hieronymum
2364 5251 2441 5320 (6)
2475 5247 2591 5302 VV.
2622 5246 2728 5299 PP.
2757 5244 2940 5298 Rosw.
2972 5242 3047 5295 lib
3084 5240 3150 5293 Ill
3187 5255 3309 5308 cap.
3340 5237 3401 5290 All
3436 5251 3487 5304 p.
3521 5232 3645 5294 507,
3674 5229 3729 5282 9..

622 5354 715 5409 lib.
768 5354 809 5407 ll
853 5370 974 5422 cap.
1023 5353 1111 5411 12.
1152 5352 1289 5422 Opp.
1342 5351 1429 5407 ed.
1463 5350 1694 5405 Vallarsi
1741 5366 1792 5419 p.
1834 5349 1960 5411 567,
2012 5346 2189 5417 Migne
2361 5357 2437 5427 (7)
2465 5354 2549 5410 Cf,
2575 5370 2740 5425 supra
2776 5354 2969 5421 caput.
2996 5349 3017 5402 ι
3049 5349 3134 5420 §6
3162 5364 3214 5418 p.
3252 5348 3335 5401 16.

623 5444 826 5534 Patrol.
854 5443 921 5499 Τ.
945 5442 1061 5496 XXI
1093 5460 1146 5513 p.
1171 5442 1295 5506 594,
1324 5442 1383 5497 S.
1406 5442 1627 5497 llieron.
1680 5441 1814 5510 Opp.
1864 5439 1952 5494 ed.
1986 5437 2151 5493 Beued

2362 5466 2437 5534 (8)
2469 5461 2653 5515 Ruﬁni
2695 5457 2835 5513 Hist.
2868 5457 3078 5510 Eccles.
3126 5455 3219 5507 lib.
3254 5452 3293 5504 ll
3331 5466 3451 5519 cap.
3488 5448 3521 5500 4
3556 5446 3646 5501 ed.
3689 5440 3837 5497 Basil.

623 5533 1028 5647 Τ’,Ξ,Ῠ,Ιῗ’,¹1,ρί
1293 5637 1342 5647 __
1431 5636 1443 5647 _
1548 5636 1580 5647 Α
1664 5644 1672 5647 Δ
1863 5636 1873 5647 ι
1932 5634 1946 5647 _
2107 5630 2163 5647 Μ
2289 5557 2327 5609 1.
2375 5532 2428 5626 p.
2476 5554 2583 5607 242
2626 5569 2735 5621 sq.,
2795 5547 2973 5602 Ruﬁni
3023 5546 3161 5617 Opp.
3198 5544 3287 5599 ed.
3336 5539 3565 5595 Vallarsi
3623 5554 3675 5607 p.
3722 5532 3835 5591 illi.

694 5637 770 5704 (3)
800 5635 1022 5690 Makrizi
1056 5634 1384 5690 Geschichte
1413 5636 1510 5691 der
1543 5636 1783 5705 Coplen,
1811 5636 1897 5689 ed.
1928 5634 1977 5689 l.
2017 5648 2071 5702 p.
2096 5630 2151 5684 4(

2292 5645 2468 5715 Migne
2498 5644 2535 5697 l.
2566 5644 2602 5695 l.
2638 5658 2691 5712 p.
2718 5641 2842 5695 512.

695 5741 772 5811 (ὁ)
797 5740 914 5795 Lib.
946 5740 987 5794 ν
1017 5741 1182 5795 libell.
1215 5742 1266 5800 7.
1302 5740 1354 5795 9.
2367 5751 2443 5819 (9)
2489 5747 2627 5802 Ibid.
2676 5746 2764 5802 ed.
2810 5744 2972 5799 Basil.
3021 5742 3057 5796 Ι.
3106 5758 3158 5811 p.
3206 5739 3334 5805 245,
3379 5731 3607 5792 Vallarsi
3638 5745 3690 5799 p.
3724 5721 3840 5784 273’

694 5844 773 5915 (5)
818 5845 1087 5914 Apoplitli.
1133 5845 1199 5900 dc
1249 5842 1488 5897 Macario
1536 5842 1802 5914 Aegyptio
1839 5857 1960 5911 cap.
2004 5839 2047 5895 Ι.
2097 5837 2185 5893 IV.
2294 5840 2472 5911 Migne
2502 5840 2538 5894 l.
2569 5840 2602 5892 l.
