4040 6540
324 368 421 423 109

1833 367 2058 423 νιΤΑΕ.

3478 384 3577 442 110

321 488 597 563 Aegypto
638 493 699 549 et
736 488 801 550 in
842 490 1034 573 Libya
1071 490 1448 553 creberrima
1486 496 1631 553 sunt
1665 488 1772 573 (1).
1805 491 1892 553 De
1924 496 1968 552 Α
1994 494 2174 555 Scete
2220 495 2400 558 sitam
2450 498 2642 562 fuisse
2670 499 2781 580 (6),
2816 499 3088 563 oﬁcndit
3135 509 3367 578 tamen,
3405 508 3574 586 quod

318 585 577 647 Macario
608 595 814 650 autem
847 590 1266 653 Alexandrino
1294 593 1592 655 Ruﬁnum
1621 593 1709 655 ibi
1742 612 1889 657 nar-

317 700 468 759 rare,
503 685 739 751 indicat
782 689 943 753 liber
990 693 1328 770 secundus,
1368 694 1448 757 ad
1488 712 1678 776 quem
1720 713 1889 759 nunc

320 803 387 845 γρ
395 803 601 849 nlmus
610 836 624 848 .

393 908 420 980 §
466 904 564 968 28.
608 909 889 990 Scriptor
935 910 1074 974 libri
1101 916 1363 978 secundi
1392 918 1515 980 VV.
1540 920 1656 981 PP.
1691 920 1888 984 colle-

314 1005 545 1069 ctionis
573 1011 1062 1088 Rosweidianae,
1095 1021 1431 1097 postquam
1481 1018 1560 1081 de
1616 1021 1889 1084 Macario

309 1108 621 1188 Aegyptio
672 1111 900 1188 retulit,
942 1113 1019 1175 de
1060 1114 1482 1182 Alexandrino
1530 1128 1890 1186 narraturus

310 1208 397 1270 ita
450 1210 675 1290 incipit
714 1231 729 1273 :
773 1236 801 1270 α
849 1211 1021 1277 Alius
1072 1233 1223 1279 vero
1278 1226 1531 1283 sanctus
1587 1223 1889 1288 Macarius

308 1310 672 1387 magniﬁcas
710 1313 894 1375 etiam
936 1315 1074 1395 ipse
1109 1318 1368 1383 virtutes
1409 1326 1885 1400 consummavit,

305 1408 388 1471 de
418 1411 647 1491 quibus
688 1418 749 1475 et
790 1415 895 1477 alii
937 1419 1241 1481 nonnulla
1280 1422 1687 1503 scripserunt,
1725 1446 1887 1507 quae

302 1508 595 1574 sufﬁcere
637 1516 882 1593 possint
924 1518 1003 1580 ad
1046 1519 1341 1584 virtutum
1390 1524 1524 1587 eius
1570 1530 1884 1606 magnitu-

300 1605 521 1671 dinem
549 1616 991 1692 contuendam,
1017 1624 1076 1680 et
1100 1618 1245 1682 ideo
1272 1638 1390 1685 nos
1411 1640 1483 1686 ea
1505 1629 1883 1707 compendio

298 1711 721 1784 praeterimus
760 1714 867 1795 (2).
906 1740 930 1774 ι
981 1719 1073 1781 Ad
1130 1739 1439 1801 quosnam
1494 1725 1573 1787 de
1632 1729 1881 1790 Macarii

1993 593 2117 656 iam
2161 596 2528 679 simpliciter
2570 602 2638 663 in
2683 604 2861 666 Scete
2891 603 3208 667 habitasse
3235 604 3482 683 dicitur,
3512 608 3573 670 id

1994 697 2167 776 quod
2238 700 2464 763 eodem
2530 703 2806 767 Palladio
2863 712 3125 769 auctore
3190 708 3447 787 pr0prie
3502 728 3574 773 ac

1992 796 2202 859 stricte
2244 798 2323 861 de
2370 800 2507 864 solo
2565 804 2831 867 Macario
2875 804 3191 884 Aegyptio
3232 806 3414 869 valet.
3453 810 3571 872 Sed

1992 915 2188 976 quum
2234 901 2504 981 scriptor
2552 903 2694 966 libri
2745 908 3012 970 secundi
3056 906 3134 968 de
3190 906 3572 973 habitatione

1991 998 2239 1060 Macarii
2290 1003 2580 1082 Aegyptii
2622 1004 2777 1067 nihil
2827 1006 3081 1075 referat,
3124 1005 3290 1068 haud
3336 1015 3572 1073 temere

1992 1100 2202 1179 colligi
2231 1102 2494 1179 videtur,
2524 1106 2893 1186 scriptorem
2921 1114 3032 1171 aut
3062 1108 3418 1171 confudisse
3454 1109 3570 1174 hac

1988 1199 2055 1261 in
2082 1218 2151 1263 re
2187 1204 2516 1267 Macarium
2546 1209 2921 1288 Aegyptium
2944 1226 3092 1272 cum
3123 1209 3565 1286 Alexandrino,

1987 1307 2094 1362 aut
2136 1302 2215 1364 de
2255 1303 2637 1370 habitatione
2690 1310 2938 1372 Macarii
2990 1311 3393 1373 Alexandrini
3439 1330 3567 1374 non

1987 1412 2274 1468 accurate
2314 1408 2604 1471 edoctum
2642 1410 2857 1473 fuisse.
2900 1412 3179 1474 Palladio
3222 1414 3411 1488 enim,
3456 1418 3565 1495 qui

1989 1508 2113 1566 tres
2166 1523 2368 1569 annos
2417 1527 2544 1571 una
2598 1529 2739 1573 cum
2806 1513 3074 1577 Macario
3140 1512 3563 1578 Alexandrino

1985 1604 2158 1676 vixit,
2196 1607 2265 1668 in
2315 1625 2388 1671 ea
2433 1627 2501 1671 re
2549 1612 2851 1674 maiorem
2898 1613 3086 1675 ﬁdem
3139 1613 3559 1679 adhibendam

1987 1724 2124 1769 esse
2155 1708 2339 1789 plane
2369 1718 2559 1790 patet.

296 1806 707 1875 Alexandrini
786 1818 1119 1882 virtutibus
1197 1824 1539 1905 scriptores
1618 1836 1881 1908 spectet,
1919 1832 1962 1889 Β
2066 1810 2411 1891 Descriptio
2432 1821 2640 1875 autem
2663 1814 2775 1876 ista
2804 1816 2999 1877 Scetis
3019 1811 3560 1888 selitudinis,cum

296 1926 595 1988 quaeres.
629 1917 776 1980 Sine
821 1921 1014 1984 dubio
1058 1924 1135 1986 ad
1182 1927 1525 1991 Palladium
1567 1934 1883 2013 respicere

294 2016 548 2094 nequit,
564 2017 801 2099 quippe
822 2022 931 2100 qui
952 2024 1287 2089 Historiam
1307 2032 1664 2097 Lausiacam
1685 2038 1882 2101 multo

293 2118 448 2189 post
479 2114 817 2195 scripserit.
856 2123 1055 2194 Quare
1083 2125 1201 2186 soli
1230 2126 1669 2209 relinquuntur
1703 2139 1879 2200 Ruﬁ-

293 2229 425 2273 nus
455 2213 521 2275 in
557 2217 1055 2298 Continuatione,
1091 2243 1273 2305 quam
1310 2232 1650 2313 attulimus,
1682 2246 1744 2300 et
1776 2242 1880 2302 Ti-

288 2314 597 2415 motheus
640 2321 978 2403 episcOpus
1024 2326 1097 2407 ('1'
1132 2328 1278 2410 385)
1315 2330 1421 2413 (3),
1465 2353 1655 2415 quem
1703 2358 1881 2403 com-

293 2409 578 2487 plurium
619 2423 1076 2488 monachorum
1123 2430 1278 2494 vitas
1325 2432 1519 2499 literis
1551 2442 1881 2506 mandasse

288 2514 689 2580 Sozomenus
717 2524 903 2585 tradit
933 2525 1037 2607 (4).
1073 2530 1214 2591 Istis
1250 2539 1458 2597 autem
1494 2540 1698 2603 verbis
1738 2542 1881 2607 libri

285 2814 376 2876 de
421 2817 552 2880 viso
594 2822 831 2887 scilicet
872 2844 1285 2898 monumento
1333 2858 1679 2921 magorum,
1718 2866 1879 2927 quae

286 2918 626 2996 primo,de
662 2944 797 3001 uva,
823 2948 982 3009 quae
1014 2940 1317 3014 secundo,
1338 2950 1399 3003 et
1429 2945 1506 3005 de
1538 2964 1880 3026 congressu

285 3036 444 3079 cum
474 3020 719 3085 duobus
738 3028 1026 3105 tribunis,
1042 3052 1201 3113 quae
1225 3039 1444 3104 ultimo
1466 3044 1607 3107 loco
1628 3020 1873 3127 legitur.

283 3120 420 3181 Sed
456 3121 622 3244 inter
653 3127 917 3205 primam
948 3132 1116 3196 illam
1152 3138 1537 3223 alteramque
1567 3120 1872 3213 narratio-
1901 3188 1947 3244 ε

282 3237 444 3282 nem
502 3223 646 3300 loci,
694 3245 883 3308 quem
942 3234 1241 3302 Macarius
1286 3241 1674 3325 inbabitavit,
1714 3252 1874 3318 hanc

282 3320 784 3403 descriptionem
815 3331 1198 3414 interponit:

375 3445 410 3478 α
442 3426 643 3488 Locus
671 3437 903 3503 autem,
955 3436 1024 3498 in
1052 3456 1179 3517 quo
1212 3439 1526 3509 habitabat
1557 3448 1692 3529 ipse
1738 3471 1879 3516 san-

283 3528 435 3621 ctus
454 3526 778 3604 Macarius,
796 3532 1097 3598 Scithium
1136 3543 1507 3621 appellatur.
1540 3526 1643 3612 Est
1669 3560 1874 3617 autem

281 3620 353 3682 in
388 3639 603 3688 eremo
631 3631 973 3697 vastissima
1004 3640 1267 3716 positus,
1294 3644 1417 3706 diei
1443 3654 1504 3708 et
1532 3652 1735 3714 noctis
1760 3654 1879 3717 iter

282 3721 539 3788 habens
586 3729 665 3790 de
714 3733 946 3819 Nitriae
991 3746 1408 3820 monasteriis,
1448 3756 1509 3810 et
1553 3750 1676 3815 hoc
1720 3756 1875 3827 115

282 3824 469 3888 nulla
507 3831 748 3905 semita,
789 3852 998 3916 neque
1043 3845 1305 3907 terrenis
1343 3846 1657 3928 aliquibus
1695 3824 1875 3918 colli:

283 3922 460 4001 gitur
510 3926 607 3987 vel
660 3940 1037 3998 monstratur
1084 3940 1353 4020 indiciis,
1398 3922 1508 4009 sed
1557 3952 1878 4019 stellarum

282 4025 492 4103 signis
531 4033 593 4089 et
633 4033 919 4096 cursibus
961 4041 1263 4117 pergitur.
1295 4048 1471 4126 Aqua
1515 4069 1654 4114 raro
1698 4055 1873 4118 inve-

284 4126 488 4201 nitur,
523 4134 584 4191 et
623 4131 822 4195 sicubi
852 4135 1100 4201 inventa
1130 4140 1337 4220 fuerit,
1369 4148 1580 4213 odoris
1621 4156 1875 4233 quidem

282 4224 595 4290 dirissimi
634 4239 746 4307 est,
772 4241 833 4295 et
861 4240 1037 4315 quasi
1080 4241 1449 4321 hituminea,
1483 4252 1592 4312 sed
1636 4259 1876 4336 saporis

281 4326 561 4390 innoxii.
597 4333 753 4394 Sunt
785 4353 934 4414 ergo
964 4339 1045 4400 ibi
1085 4343 1198 4404 viri
1231 4346 1407 4409 valde
1436 4326 1732 4431 perfecti;
1759 4376 1875 4423 nee

285 4430 463 4489 enim
497 4433 728 4510 patitur
755 4441 877 4497 tam
920 4443 1211 4505 terribilis
1241 4445 1417 4509 locus
1456 4452 1575 4513 nisi
1611 4458 1874 4534 perfecti

282 4533 604 4611 propositi
626 4534 1003 4603 habitatores
1025 4562 1433 4631 summaeque
1450 4562 1867 4637 constantiae;

284 4631 610 4696 charitatis
657 4644 865 4700 tamen
916 4642 1080 4705 inter
1126 4664 1194 4708 se
1242 4656 1305 4710 et
1354 4670 1499 4731 erga
1541 4675 1786 4737 omnes,
1820 4664 1875 4725 si

283 4735 404 4813 qui
422 4734 586 4797 forte
604 4738 682 4799 ad
700 4756 809 4801 eos
830 4756 1249 4824 accesserunt,
1265 4770 1576 4820 summum
1597 4734 1872 4826 studium

282 4843 522 4913 gerunt
550 4835 656 4918 (5).
696 4861 724 4895 »

368 4936 501 4997 Etsi
547 4954 581 4998 e
629 4939 905 5004 Palladio
951 4942 1305 5023 didicimus,
1345 4968 1379 5013 e
1427 4954 1625 5019 tribus
1670 4961 1869 5037 cellis,

283 5050 450 5114 quas
486 5035 787 5099 Macarius
823 5039 1278 5109 Alexandrinus
1306 5048 1543 5131 habuit,
1576 5075 1764 5121 unam
1803 5035 1869 5125 in

360 5202 439 5271 (l)
478 5202 725 5260 Minutoli
765 5207 802 5262 1.
841 5207 878 5261 1.
908 5224 961 5278 p.
988 5210 1051 5265 3i
1093 5228 1177 5282 sq.
1208 5212 1581 5276 Tischendorf
1602 5224 1639 5279 1.
1669 5226 1707 5281 1.

362 5297 441 5367 (2)
490 5296 603 5351 V'V.
652 5298 757 5352 PP.
811 5303 997 5359 Rosw.
1036 5305 1129 5361 lib.
1174 5308 1217 5363 11
1264 5324 1388 5380 cap.
1438 5314 1507 5369 29
1536 5331 1589 5385 p.
1637 5318 1763 5383 480,
1802 5321 1872 5384 ες

284 5387 525 5445 Vallarsi
556 5392 590 5444 1.
624 5393 659 5446 1.
694 5410 750 5463 p.
784 5394 921 5457 196,
966 5395 1146 5468 Migne
1177 5398 1387 5457 Patro].
1419 5404 1456 5457 1.
1486 5405 1524 5459 1.
1568 5424 1623 5477 p.
1652 5410 1757 5464 452
1780 5430 1878 5483 sq.

361 5484 437 5551 (ὅ)
470 5483 763 5539 Tillemont
790 5486 1077 5545 Mémoires
1107 5490 1170 5545 T.
1212 5491 1277 5545 Vl
1311 5493 1372 5550 P.
1417 5495 1459 5549 11
1488 5514 1539 5567 p.
1574 5500 1696 5554 649.

366 5575 684 5641 (“3020111.
728 5577 866 5634 Hist.
936 5579 1084 5636 Eccl.
1142 5584 1239 5639 lib.
1301 5584 1363 5640 Vl
1403 5605 1522 5660 cap.
1579 5592 1648 5647 ‘29
1695 5593 1783 5648 ed.
1827 5595 1865 5647 1.

281 5680 341 5736 p.
376 5664 497 5720 680.

367 5756 443 5827 (5)
474 5758 582 5812 νγ.
613 5758 718 5818 ΡΡ.
746 5760 925 5821 Rosw.
962 5765 998 5819 1.
1036 5767 1073 5820 1.
1118 5784 1172 5838 p.
1206 5769 1330 5836 481,
1373 5772 1437 5839 l;
1475 5772 1709 5830 Vallarsi
1743 5777 1777 5831 1.
1826 5779 1861 5832 1.

288 5869 348 5922 p.
384 5853 498 5922 197,
546 5855 720 5926 Μίδης
753 5858 790 5911 1.
824 5858 861 5912 1.
892 5874 944 5930 p.
970 5861 1077 5916 155

1986 1911 2232 1989 quantis
2260 1911 2722 1975 difﬁcultatibus
2751 1915 3076 1977 monachis
3113 1964 3127 1990 ,
3160 1917 3270 1995 qui
3300 1934 3439 1978 eam
3470 1918 3562 1978 in-

1983 2008 2365 2085 habitabant,
2399 2012 2823 2075 dimicandum
2854 2014 3061 2089 fuerit,
3084 2017 3232 2077 satis
3261 2018 3554 2078 ostendit.

1982 2113 2150 2184 Quae
2231 2113 2487 2192 quidem
2570 2115 2789 2178 eadem
2863 2116 3199 2196 descriptio
3268 2118 3333 2178 in
3396 2118 3557 2180 libro

1982 2222 2159 2277 sexto
2198 2215 2282 2294 (7)
2323 2215 2571 2295 legitur.
2618 2222 2819 2300 Atque
2864 2220 3207 2299 asperrima
3257 2222 3441 2282 etiam
3491 2222 3556 2282 in

1983 2316 2230 2379 Cellulis
2257 2317 2377 2380 vita
2407 2320 2751 2382 obtinuisse
2782 2321 3046 2395 videtur,
3078 2322 3375 2400 quoniam
3406 2341 3552 2402 per—

1981 2414 2274 2479 fectiores
2314 2419 2547 2481 Nitriae
2585 2421 2816 2482 montis
2853 2421 3146 2483 monachi
3177 2438 3252 2482 eo
3284 2439 3351 2483 se
3390 2423 3551 2484 reci-

1983 2519 2258 2598 piebant,
2292 2521 2648 2602 singulique
2684 2524 2858 2585 cellis
2896 2524 2979 2585 ita
3016 2526 3180 2585 inter
3216 2542 3284 2585 se
3314 2525 3550 2586 distan-

1982 2619 2169 2696 tibus,
2198 2629 2266 2683 ut
2312 2623 2465 2684 alter
2508 2624 2772 2685 alterum
2816 2642 2934 2687 nec
2978 2625 3187 2686 videre
3236 2643 3353 2687 nec
3401 2643 3553 2688 voce

1980 2722 2229 2800 assequi
2268 2730 2501 2801 posset,
2525 2723 2859 2784 utebantur
2886 2723 2993 2803 (8).
3028 2725 3400 2788 Monasteria
3437 2726 3550 2787 de-

1980 2821 2173 2900 nique
2214 2823 2443 2884 Nitriae
2482 2824 2735 2894 montis,
2760 2824 2825 2884 in
2852 2824 3083 2902 quibus
3110 2824 3241 2885 fere
3271 2825 3551 2904 quinque

1980 2920 2170 2983 millia
2203 2924 2477 2984 virorum
2514 2942 2656 2985 cum
2701 2931 2854 2985 octo.
2881 2922 3005 2986 loci
3048 2923 3429 3003 presbyteris
3457 2926 3550 2986 vi-

1978 3022 2226 3096 vebant,
2255 3042 2440 3103 quam
2471 3025 2788 3104 praeclare
2816 3025 3094 3087 instituta
3123 3025 3377 3102 fuerint,
3410 3028 3550 3089 Pal-

1978 3120 2181 3184 ladius
2214 3126 2504 3203 exposuit
2535 3124 2640 3209 (9).

2061 3247 2228 3316 116.
2248 3249 2480 3323 Restat,
2508 3255 2577 3310 ut
2614 3249 2769 3311 duas
2796 3249 2931 3313 illas
2957 3250 3370 3329 narrationes,
3399 3270 3555 3332 quas

1978 3346 2161 3408 nobis
2191 3347 2269 3409 de
2299 3350 2565 3413 Macario
2603 3351 3022 3414 Alexandrino
3052 3351 3213 3414 liber
3239 3353 3557 3416 secundus

1977 3466 2169 3512 novas
2225 3451 2500 3527 exhibet,
2550 3454 2907 3517 ati‘eramus.
2954 3458 3124 3519 Haec
3177 3456 3367 3535 igitur
3413 3464 3557 3537 post

1976 3552 2321 3629 historiam,
2337 3572 2496 3634 quae
2513 3556 2591 3617 de
2614 3575 2731 3619 uva
2750 3558 2897 3636 agit,
2913 3559 3144 3639 scripta
3164 3560 3514 3640 reperimus
3536 3579 3551 3621 :

2059 3679 2086 3710 «
2119 3656 2208 3717 Ad
2249 3657 2435 3720 ﬁdem
2476 3676 2746 3738 namque
2785 3661 3221 3722 conﬁrmatum
3260 3661 3447 3723 nobis
3475 3661 3554 3721 de

1978 3773 2055 3818 eo
2084 3764 2176 3818 est
2201 3757 2279 3819 (1b
2309 3757 2426 3831 his,
2458 3760 2568 3839 qui
2600 3777 2677 3822 ex
2707 3777 2815 3822 ore
2846 3761 2980 3822 eius
3009 3761 3356 3835 audierant,
3382 3761 3555 3840 quod

1978 3859 2250 3935 quodam
2302 3865 2590 3938 tempore
2636 3861 2840 3922 noctis
2886 3860 3155 3923 daemon
3198 3862 3278 3923 ad
3325 3862 3555 3923 ostium

1977 3956 2241 4019 cellulae
2281 3959 2414 4020 eius
2456 3959 2793 4039 pulsaverit
2832 3961 3049 4023 dicens
3085 3979 3098 4022 :
3136 3963 3352 4038 Surge,
3394 3962 3555 4026 abba

1976 4058 2224 4133 Macari,
2260 4066 2330 4120 etv
2351 4077 2566 4121 eamus
2596 4059 2673 4121 ad
2705 4060 3055 4136 collectam,
3085 4063 3196 4124 ubi
3222 4062 3447 4124 fratres
3474 4062 3553 4123 ad

1978 4158 2213 4236 vigilias
2243 4166 2723 4238 congregantur.
2755 4162 2876 4222 Sed
2905 4162 3033 4236 ille,
3065 4163 3174 4243 qui
3210 4164 3405 4241 gratia
3442 4164 3553 4226 Dei

1976 4259 2253 4339 repletus
2296 4260 2426 4322 falli
2467 4278 2597 4322 non
2644 4268 2907 4341 poterat,
2946 4262 3274 4339 intellexit,
3321 4264 3553 4327 diaboli

1978 4377 2116 4422 esse
2159 4361 2486 4435 fallaciam,
2520 4367 2577 4423 et
2622 4362 2707 4422 ait
2741 4379 2754 4421 :
2785 4363 2832 4422 Ο
2866 4361 3140 4423 mendax
3181 4369 3243 4425 et
3282 4363 3551 4425 veritatis

1974 4459 2256 4523 inimice!
2293 4461 2443 4540 quid
2474 4460 2643 4522 enim
2670 4460 2785 4522 tibi
2814 4460 3136 4535 consortii,
3165 4461 3316 4541 quid
3346 4462 3549 4523 socie-

1980 4561 2116 4622 tatis
2143 4567 2235 4620 est
2260 4576 2403 4621 cum
2428 4558 2688 4621 collecta
2715 4565 2774 4621 et
2799 4561 3285 4638 congregatione
3312 4568 3553 4625 sancto-

1976 4659 2153 4723 rum?
2181 4664 2255 4720 At
2281 4660 2386 4721 ille
2414 4678 2426 4719 :
2461 4662 2634 4721 Latet
2667 4677 2816 4738 ergo
2852 4667 2934 4729 te,
2968 4660 3193 4740 inquit,
3225 4679 3263 4724 ο
3301 4663 3548 4739 Macari,

1976 4761 2145 4843 quod
2174 4762 2311 4823 sine
2342 4761 2525 4822 nobis
2549 4759 2718 4821 nulla
2744 4760 3007 4823 collecta
3031 4762 3232 4840 agitur
3253 4761 3551 4843 nullaque

1974 4864 2377 4942 congregatio
2421 4860 2914 4924 monachorum?
2960 4863 3118 4923 Veni
3165 4862 3438 4942 denique
3487 4873 3548 4925 et

1970 4965 2209 5027 videbis
2240 4981 2433 5043 opera
2463 4965 2897 5025 nostra..Tunc
2933 4962 3041 5024 ille
3071 4980 3085 5023 :
3120 4966 3410 5042 Imperet,
3443 4964 3555 5026 in—

1973 5070 2131 5149 quit,
2182 5068 2295 5129 tibi
2354 5066 2685 5138 Dominus,
2730 5065 3017 5126 daemon.
3065 5065 3410 5128 immunde.
3472 5068 3550 5129 Et

1994 5214 1995 5217 Ἴ
2041 5235 2116 5303 (6)
2156 5232 2330 5303 Supra
2361 5233 2494 5300 Cap.
2528 5231 2590 5285 111
2628 5252 2677 5299 ν.
2714 5232 2802 5286 69.
2835 5230 2907 5285 cf.
2942 5247 2992 5301 p.
3024 5232 3114 5286 89.

2039 5326 2115 5392 (7)
2146 5324 2260 5382 vv.
2293 5324 2393 5378 re.
2424 5326 2608 5379 nosw.
2642 5323 2736 5377 lib.
2773 5321 2841 5375 vr
2875 5323 3221 5385 libell.5,15
3249 5341 3299 5394 p.
3325 5326 3449 5389 656,
3485 5328 3520 5379 2

2036 5418 2110 5487 (8)
2146 5415 2261 5470 νγ.
2306 5415 2413 5468 PP.
2459 5413 2643 5468 Bosw.
2687 5414 2783 5469 lib.
2824 5414 2881 5469 11.
2905 5431 3029 5484 cap.
3075 5416 3146 5470 ‘22
3197 5433 3249 5486 p.
3298 5419 3424 5473 478.
3466 5420 3542 5472 εί.

1969 5507 2107 5563 Hist.
2157 5508 2322 5561 Laus.
2367 5505 2456 5561 ed.
2497 5505 2700 5561 Meurs.
2741 5521 2860 5576 cap.
2903 5507 2969 5561 70
3005 5506 3144 5576 Opp.
3194 5507 3397 5564 Mcurs.
3430 5511 3465 5564 1.
3501 5510 3538 5565 1.

2014 5646 2022 5654 .
2059 5599 2181 5653 532.

1971 5617 2302 5757 ν’(ἒῇιὶδι.
2337 5691 2505 5749 Laus.
2536 5691 2625 5747 ed.
2662 5689 2865 5747 Meurs.
2916 5705 3039 5762 cap.
3070 5690 3104 5745 8
3148 5689 3287 5764 Opp.
3338 5692 3529 5748 Meum

1970 5787 2009 5841 1.
2043 5787 2074 5840 1.
2111 5801 2162 5856 p.
2198 5786 2303 5839 560
2327 5802 2410 5856 sq.
