4040 6564
504 333 599 389 HI

1316 337 1418 395 SS.
1462 338 1924 396 MACARIORUM
1954 339 2275 397 AEGYPTII
2312 342 2398 397 ET
2445 343 2914 398 ALEXANDRINI

3652 340 3750 397 lli

501 473 838 519 conversus
877 459 958 537 ad
1008 460 1357 523 orationem
1406 464 1584 542 petiit
1617 481 1651 525 a
1688 464 1979 539 Domino,
2009 470 2076 525 ut
2105 469 2149 525 Α
2178 482 2303 544 que
2331 466 2715 545 conceperit,
2742 483 2819 527 ex
2849 464 3140 526 illusionc
3171 464 3551 526 daemonum
3582 462 3750 535 ﬁant;

499 556 617 618 sibi
677 558 1059 635 ostenderet,
1105 560 1154 629 si
1216 560 1339 623 hoe
1400 580 1610 625 verum
1674 571 1860 638 esset,
1903 565 2073 645 quod

500 657 797 733 gloriatus
825 666 917 721 est
945 660 1236 723 daemon.
1262 662 1423 727 Abiit
1447 680 1595 742 ergo
1617 664 1693 725 ad
1724 663 2073 739 collectam,

500 757 609 820 ubi
639 775 673 820 a
699 759 991 837 fratribus
1021 760 1262 839 vigiliae
1298 762 1710 835 celebrantur,
1746 771 1807 825 et
1851 764 2075 839 iterum

501 856 564 917 in
600 857 883 919 oratione
919 859 1251 920 Dominum
1282 858 1673 938 deprecatur,
1704 866 1774 922 ut
1810 860 1923 922 sibi
1964 879 2073 923 ve-

502 958 746 1019 ritatem
796 958 967 1021 verbi
1013 958 1199 1020 huius
1247 958 1555 1023 ostendat.
1604 961 1675 1021 Et
1725 977 1893 1032 ecce,
1926 960 2078 1022 vidit

504 1075 617 1138 per
648 1064 841 1132 totam
872 1058 1199 1121 ecclesiam
1232 1059 1409 1139 quasi
1452 1061 1742 1142 parvulos
1770 1063 2077 1143 quosdam

504 1158 802 1237 puerulos
834 1158 1175 1239 AethiOpes
1208 1167 1403 1222 tetros
1434 1161 1782 1226 discurrere
1822 1163 1944 1226 huc
1982 1172 2077 1227 at-

428 1344 431 1345 ,
502 1276 628 1338 que
660 1259 831 1334 illuc,
859 1266 921 1321 et
947 1259 1115 1321 velut
1140 1260 1457 1325 volitando
1485 1264 1737 1333 deferri.
1770 1265 1956 1326 Moris
1988 1273 2081 1327 est

503 1364 709 1420 autem
746 1359 909 1421 inibi
962 1360 1329 1423 sedentibus
1378 1364 1618 1425 cunctis
1662 1364 1740 1425 ab
1784 1382 1912 1428 uno
1956 1364 2081 1428 dici

505 1458 835 1538 psalmum,
862 1462 1086 1523 ceteris
1114 1462 1213 1523 vel
1254 1461 1648 1526 audientibus
1676 1465 1771 1526 vel
1811 1483 2077 1545 respon-

505 1558 818 1620 dentibus.
880 1560 1311 1622 Discurrentes
1382 1578 1531 1640 ergo
1588 1561 1677 1623 illi
1742 1562 2081 1643 Aethiopes

506 1658 751 1735 pueruli
798 1660 1060 1739 singulis
1110 1661 1465 1740 quibusque
1512 1661 1872 1724 sedentibus
1918 1663 2078 1725 allu-

504 1757 755 1834 dcbant,
781 1767 842 1821 et
868 1761 919 1822 si
947 1763 1046 1824 cui
1079 1764 1326 1825 duobus
1357 1763 1633 1841 digitulis
1666 1764 1883 1825 oculos
1913 1783 2083 1828 com-

508 1860 895 1935 pressissent,
935 1864 1138 1925 statim
1173 1864 1574 1938 dormitabat;
1619 1866 1668 1927 si
1697 1868 1797 1929 cui
1824 1885 1971 1929 vero
2011 1868 2077 1930 in

504 1972 575 2015 ns
610 1955 1065 2022 immersissent
1105 1961 1390 2039 digitum,
1424 1965 1685 2026 oscitare
1716 1983 1859 2026 eum
1887 1966 2079 2028 facie-

504 2056 671 2120 bant.
704 2059 821 2120 Ubi
857 2078 1007 2123 vero
1043 2070 1181 2142 post
1208 2064 1516 2143 psalmum
1556 2066 1633 2127 ad
1678 2069 1981 2131 orandum
2013 2087 2081 2133 se

504 2160 915 2238 proiecissent
936 2162 1180 2239 fratres,
1204 2172 1653 2245 percurrebant
1674 2169 2082 2234 nihilominus

504 2258 809 2337 singulos,
836 2268 898 2323 et
935 2270 1079 2325 ante
1121 2264 1311 2327 alium
1352 2266 1661 2330 iacentem
1698 2269 1765 2335 in
1799 2273 2082 2334 oratione

504 2360 682 2436 quasi
713 2361 1049 2424 mulierum
1076 2366 1289 2445 specie
1313 2366 1694 2445 ferebantur,
1720 2377 1861 2433 ante
1892 2373 2081 2435 alium

504 2459 681 2536 quasi
711 2460 1111 2526 aediﬁcantes
1142 2472 1329 2545 atque
1360 2474 1680 2547 portantes
1716 2469 1974 2549 aliquid,
2009 2490 2082 2536 ac

503 2560 743 2624 diversa
768 2580 1057 2643 quaeque
1079 2573 1333 2643 agentes
1353 2570 1760 2648 apparebant.
1782 2572 1857 2632 Et
1883 2589 2079 2650 quae-

500 2678 756 2741 cunque
806 2663 1148 2727 daemones
1179 2667 1358 2746 quasi
1383 2668 1659 2731 ludendo
1683 2669 2079 2747 formassent,

502 2764 655 2829 haec
690 2776 940 2831 orantes
966 2770 1056 2831 illi
1081 2771 1147 2831 in
1174 2772 1381 2834 cordis
1412 2774 1509 2835 sui
1543 2776 1921 2853 cogitatione
1948 2793 2083 2837 ver-

500 2866 750 2941 sabant;
779 2886 814 2929 a
847 2870 1168 2945 nonnullis
1197 2878 1429 2947 tamen,
1451 2873 1559 2935 ubi
1585 2874 1823 2954 aliquid
1855 2876 2077 2938 horum

500 2982 683 3041 agere
747 2968 1127 3047 coepissent,
1178 2972 1357 3049 quasi
1405 2972 1461 3033 vi
1524 2974 1791 3052 quadam
1849 2975 2081 3055 repulsi

504 3066 875 3147 praecipites
905 3068 1357 3132 deiiciebantur
1385 3071 1575 3147 ita,ut
1605 3092 1721 3137 nec
1755 3082 1914 3137 stare
1946 3077 2083 3156 qui-

2174 574 2253 627 ab
2302 565 2399 625 his
2447 573 2680 640 autem,
2713 566 2824 645 qui
2864 564 3037 626 omni
3083 563 3369 626 custodia
3413 581 3523 625 cor
3571 578 3752 623 suum

2176 672 2441 738 servant,
2463 666 2604 727 tetri
2630 665 3020 746 repelluntur
3044 664 3404 744 AethiOpes.
3428 664 3556 725 Deo
3585 662 3753 724 enim

2177 764 2511 827 coniuncta
2538 782 2716 827 mens
2747 772 2807 826 et
2835 765 2901 825 in
2937 764 3078 843 ipso
3106 763 3755 843 temporepraecipue

2178 864 2476 925 orationis
2513 865 2773 940 intenta,
2807 864 2961 926 nihil
3005 864 3301 936 alienum,
3331 864 3485 925 nihil
3530 880 3754 943 super-

2176 960 2371 1022 ﬂuum
2407 962 2627 1041 recipit
2656 959 2765 1043 (l).
2804 983 2830 1014 »
2849 961 3303 1035 Animadverte,
3331 959 3591 1022 eandem
3624 976 3755 1021 rem

2156 1062 2255 1149 ad
2294 1064 2552 1124 verbum
2580 1061 2647 1123 in
2676 1062 3143 1124 Rosweidianae
3169 1060 3559 1123 collectionis
3596 1059 3757 1122 libro

2177 1163 2360 1224 tertio
2390 1162 2604 1224 haberi
2624 1161 2729 1249 (2).
2762 1162 2853 1224 Ad
2882 1162 3233 1236 collectam,
3258 1180 3478 1241 graece
3515 1171 3757 1237 σύναξιν,

2180 1282 2303 1343 qua
2334 1264 2539 1325 omnis
2569 1271 2915 1325 conventus
2944 1264 3021 1325 ad
3050 1264 3315 1344 quodvis
3353 1281 3596 1326 sacrum
3640 1263 3759 1324 mi-

2181 1364 2507 1425 nisterium
2534 1364 2904 1441 intelligitur
2929 1363 3037 1443 (3),
3061 1364 3434 1425 Cellularum
3464 1363 3759 1426 monachi

2181 1464 2317 1526 solo
2370 1466 2472 1526 die
2523 1465 2761 1526 sabbati
2809 1474 2871 1526 et
2918 1464 3234 1527 dominica
3278 1465 3758 1538 conveniebant,

2182 1564 2405 1625 ceteris
2428 1582 2575 1625 vero
2605 1564 2825 1625 diebus
2855 1564 3077 1642 singuli
3110 1564 3176 1625 in
3204 1564 3379 1627 cellis
3408 1564 3536 1627 suis
3565 1582 3764 1629 rema-

2182 1662 2545 1745 nebant(4).
2586 1665 2706 1726 Sed
2750 1664 2942 1726 altera
2970 1666 3047 1729 .in
3089 1664 3250 1728 libro
3288 1666 3569 1741 secundo
3608 1666 3763 1729 haec

2184 1765 2451 1826 narratio
2484 1766 2768 1844 sequitur
2798 1783 2812 1826 :

2265 1887 2293 1921 α
2338 1865 2519 1926 Aliud
2558 1883 2815 1945 quoque
2852 1864 3048 1935 multo
3090 1863 3433 1927 terribilius
3470 1864 3762 1940 addebat,

2185 1964 2356 2042 quod
2396 1964 2649 2025 vidisset
2685 1982 2761 2025 eo
2799 1970 3109 2044 tempore,
3139 1982 3266 2044 quo
3310 1962 3535 2025 fratres
3579 1981 3761 2026 acce-

2184 2063 2415 2125 debant
2455 2064 2532 2127 ad
2585 2072 2969 2127 sacramenta
3006 2081 3018 2124 :
3058 2064 3169 2125 ubi
3216 2064 3642 2144 porrexissent
3685 2054 3763 2126 ad

2184 2166 2651 2245 suscipiendum
2680 2165 2939 2245 palmas,
2970 2166 3037 2226 in
3079 2164 3529 2228 nonnullorum
3559 2165 3761 2228 mani-

2182 2265 2300 2328 bus
2336 2267 2811 2346 praevenientes
2846 2266 3187 2346 AethiOpes
3216 2267 3522 2329 carbones
3559 2266 3761 2347 depo-

2184 2383 2357 2441 nere,
2403 2384 2633 2447 corpus
2688 2374 2921 2442 autem,
2973 2366 3146 2447 quod
3209 2367 3366 2429 tradi
3426 2368 3765 2453 sacerdqtis

2182 2468 2469 2528 manibus
2522 2466 2867 2542 videbatur,
2912 2465 3115 2528 redire
3181 2466 3256 2528 ad
3326 2466 3521 2529 altare
3569 2485 3582 2527 :
3629 2467 3767 2531 aliis

2181 2581 2351 2637 vero,
2384 2582 2545 2645 quos
2573 2564 2905 2627 meliorum
2938 2564 3154 2625 merita
3192 2564 3509 2640 iuvabant,
3541 2572 3763 2627 exten-

2183 2666 2476 2729 dentibus
2508 2684 2726 2729 manus
2757 2666 2833 2728 ad
2864 2666 3055 2728 altare
3083 2665 3269 2745 longe
3297 2666 3592 2728 recedere
3624 2666 3767 2737 dae-

2172 2785 2402 2830 mones
2451 2776 2512 2831 et
2557 2787 2697 2830 cum
2742 2768 2985 2846 ingenti
3029 2769 3190 2838 118
3228 2776 3399 2830 metu
3450 2768 3762 2846 refugere.

2180 2868 2481 2946 Angelum
2524 2869 2692 2930 enim
2732 2869 2976 2930 Domini
3013 2870 3299 2932 assistere
3338 2869 3633 2931 cernebat
3670 2866 3764 2929 al-

2180 2968 2317 3041 tari,
2350 2969 2458 3048 qui
2500 2986 2644 3030 cum
2687 2970 3028 3032 sacerdotis
3064 2987 3255 3033 manu
3293 2987 3469 3031 suam
3506 2986 3764 3049 quoque

2176 3084 2437 3129 manum
2481 3068 2547 3129 in
2593 3078 3127 3131 sacramentorum
3170 3068 3609 3132 distributione
3655 3086 3765 3129 su-

501 3164 646 3226 dem
679 3184 937 3247 prorsus
966 3174 1071 3231 aut
1104 3170 1367 3233 transire
1406 3174 1573 3235 iuxta
1605 3192 1715 3236 eos
1751 3176 2077 3238 auderent.
2106 3166 2149 3223 C
2183 3174 2587 3247 perponeret.
2628 3170 2717 3229 EX
2760 3168 2882 3231 hoc
2921 3170 3044 3231 iam
3084 3169 3428 3250 permansit
3465 3168 3521 3229 ei
3560 3186 3596 3230 ἃ
3634 3168 3765 3230 Deo

502 3264 652 3345 Aliis
678 3284 829 3331 vero
861 3270 1019 3340 117
1052 3271 1239 3333 etiam
1269 3273 1533 3336 inﬁrmis
1568 3274 1862 3338 fratribus
1896 3296 2083 3357 supra

500 3368 778 3431 cervices
798 3376 868 3431 .et
896 3370 1082 3434 dorsa
1120 3371 1442 3446 ludebant,
1475 3375 1620 3453 quia
1653 3393 1780 3437 non
1809 3384 1985 3439 erant
2016 3379 2083 3440 in

501 3468 787 3535 oratione
806 3485 916 3531 sua
936 3469 1183 3531 intenti.
1202 3473 1370 3535 Haec
1395 3490 1535 3534 cum
1550 3474 1807 3535 vidisset
1836 3482 2083 3538 sanctus

500 3569 827 3643 Macarius,
857 3571 1163 3648 ingemuit
1195 3572 1481 3650 graviter,
1513 3580 1574 3635 et
1604 3574 1910 3655 lacrymas
1940 3594 2085 3657 pro-

501 3668 777 3735 fundens
811 3670 890 3732 ad
932 3671 1266 3733 Dominum
1294 3691 1306 3733 :
1334 3674 1625 3753 Respice,
1656 3677 1760 3749 ait,
1791 3678 2079 3754 Domine,

502 3780 567 3833 et
596 3790 673 3834 ne
702 3772 909 3846 sileas,
934 3790 1141 3854 neque
1173 3775 1473 3854 mitigeris
1505 3778 2083 3856 Deus.Exsurge,ut

501 3873 940 3951 dispergantur
974 3875 1210 3937 inimici
1248 3876 1361 3950 tui,
1392 3885 1453 3938 et
1480 3884 1549 3938 ut
1586 3877 1828 3957 fugiant
1860 3898 1895 3941 a
1923 3880 2081 3942 facie

502 3982 639 4047 tua;
666 3974 965 4053 quoniam
999 3976 1205 4038 anima
1234 3984 1445 4039 nostra
1473 3978 1751 4057 repletur
1779 3980 2085 4053 illusioni-

502 4072 637 4137 bus.
674 4074 820 4135 Post
859 4074 1209 4139 orationem
1236 4082 1446 4138 tamen
1484 4079 1935 4141 examinandae
1971 4098 2081 4143 ve-

502 4174 702 4240 ritatis
748 4174 941 4251 gratia
987 4192 1273 4238 seorsum
1315 4179 1587 4241 evocatis
1627 4180 1891 4258 singulis
1936 4183 2079 4261 qui-

501 4274 746 4353 busque
771 4274 1088 4350 fratribus,
1110 4283 1251 4338 ante
1282 4294 1552 4357 quorum
1594 4279 1817 4341 faciem
1849 4281 2084 4343 viderat

500 4376 843 4441 daemones
864 4375 1117 4438 diverso
1154 4377 1373 4441 habitu
1403 4386 1467 4441 et
1497 4380 1677 4443 variis
1710 4382 2083 4460 imaginibus

2184 3267 2377 3343 gratia
2402 3267 2539 3343 ista,
2564 3275 2629 3329 ut
2654 3269 2718 3328 in
2746 3267 2971 3347 vigiliis
2998 3266 3257 3330 fratrum
3288 3267 3671 3348 psalmorum
3706 3271 3767 3329 et

2184 3369 2483 3430 orationis
2511 3376 2820 3448 tempore,
2840 3370 2892 3431 si
2918 3370 3059 3449 quis
3085 3370 3255 3431 aliud
3276 3368 3513 3447 aliquid
3542 3384 3769 3430 secun-

2183 3467 2333 3529 dum
2390 3468 2749 3531 illusionem
2805 3468 3186 3531 daemonum
3232 3469 3299 3530 in
3348 3468 3538 3531 corde
3587 3467 3765 3546 cogi-

2182 3574 2393 3640 tasset,
2433 3575 2825 3646 agnosceret,
2866 3575 2928 3629 et
2969 3568 3400 3631 accedentium
3448 3566 3526 3629 ad
3571 3566 3767 3628 altare

2180 3668 2279 3730 vel
2332 3669 2733 3747 indignitates
2794 3687 2938 3731 eum
2992 3670 3083 3731 vel
3146 3670 3363 3741 merita
3419 3686 3549 3730 non
3606 3667 3762 3729 late-

2182 3778 2323 3831 rent
2366 3770 2473 3851 (5).
2541 3795 2568 3827 »
2621 3772 2833 3833 Simile
2894 3772 3046 3850 quid
3102 3789 3292 3851 supra
3353 3771 3431 3832 de
3494 3770 3767 3831 Macario

2181 3870 2601 3933 Alexandrino
2652 3871 3053 3952 percepimus
3086 3871 3193 3953 (6).
3240 3872 3509 3933 Abbates
3554 3878 3763 3933 autem

2182 3971 2633 4033 monachorum
2670 3988 2922 4033 suorum
2951 3989 3051 4034 res
3080 3971 3355 4034 occultas
3380 3987 3766 4049 cognoscere

2182 4071 2348 4134 haud
2378 4090 2519 4134 raro
2550 4071 2989 4135 credebantur.

2261 4174 2677 4250 Congressum
2700 4173 2976 4251 denique
2996 4172 3403 4235 Macariorum
3428 4190 3571 4234 cum
3598 4170 3761 4233 duo-

2178 4273 2299 4334 bus
2310 4273 2573 4334 tribunis
2585 4291 2779 4352 quum
2800 4273 3069 4352 scriptor
3092 4271 3233 4334 libri
3245 4272 3507 4334 secundi
3522 4288 3767 4335 narras-

2183 4374 2599 4453 set,caputde
2624 4373 2903 4435 Macariis
2942 4373 3077 4435 ﬁnit
3098 4373 3413 4435 hisverbis
3449 4392 3462 4433 :
3496 4398 3524 4431 «
3558 4374 3681 4437 Sed
3701 4382 3763 4437 et

499 4474 813 4550 ludentes,
851 4477 1114 4556 requirit
1159 4480 1237 4541 ab
1290 4480 1400 4554 eis,
1439 4479 1493 4542 si
1539 4481 1606 4542 in
1653 4482 1936 4545 oratione
1983 4484 2078 4545 ve]
2112 4474 2398 4560 Dmulta,
2435 4483 2504 4534 ut
2556 4474 2846 4547 diximus,
2889 4473 3007 4535 alia
3065 4474 3143 4535 de
3204 4475 3503 4554 Operibus
3564 4473 3766 4539 sancti

499 4577 875 4640 aediﬁcandi
930 4579 1342 4656 cogitationes
1402 4580 1752 4657 habuerint,
1806 4582 1901 4644 vel
1959 4584 2079 4646 iter

500 4677 751 4755 agendi,
782 4678 879 4741 vel
910 4678 1030 4741 alia
1060 4679 1321 4753 diversa,
1352 4698 1515 4761 quae
1546 4683 1889 4762 unicuique
1916 4684 2077 4746 ima-

500 4779 706 4856 ginata
734 4797 851 4858 per
876 4780 1216 4843 daemones
1235 4782 1491 4855 viderat,
1518 4790 1578 4845 et
1605 4784 1834 4861 singuli
1859 4802 2077 4847 eorum

497 4880 579 4941 ita
620 4880 1082 4943 conﬁtebantur
1120 4882 1183 4942 in
1222 4881 1415 4944 corde
1458 4899 1573 4945 suo
1614 4883 1829 4957 fuisse,
1863 4890 1931 4946 ut
1968 4883 2075 4946 ille

497 4981 817 5058 arguebat.
840 4984 913 5044 Et
941 4989 1090 5043 tunc
1111 4981 1502 5044 intellectum
1529 4990 1645 5059 est,
1664 4985 1835 5063 quod
1857 5002 2077 5047 omnes

496 5098 690 5143 vanae
750 5087 811 5142 et
869 5083 1227 5161 superfluae
1286 5083 1719 5161 cogitationes,
1762 5101 1919 5163 quas
1978 5084 2076 5145 vel

499 5179 882 5259 psalmorum
908 5180 1004 5241 vel
1035 5182 1391 5244 orationum
1422 5189 1705 5255 tempore
1736 5186 2075 5263 unusquis-

569 5356 645 5423 (ι)
674 5354 785 5407 VV.
832 5355 936 5409 PP.
968 5355 1152 5411 Rosw.
1187 5357 1282 5412 lib.
1318 5355 1357 5409 ΙΙ
1394 5374 1517 5427 cap.
1551 5360 1621 5412 29
1657 5376 1709 5427 ρ.
1742 5358 1869 5425 481,
1900 5359 1935 5411 ‘2
1959 5376 2069 5429 sq.;

497 5443 729 5501 Vzillarsi
762 5447 802 5503 ι.
832 5448 867 5500 1.
898 5463 952 5517 p.
989 5448 1089 5502 198
1115 5492 1129 5516 ,
1155 5448 1333 5519 Migne
1363 5452 1401 5506 l.
1436 5451 1472 5505 l.
1507 5468 1558 5519 p.
1591 5452 1719 5506 455.

568 5537 806 5607 (2)1bid.
842 5540 936 5594 lib.
968 5539 1036 5593 ιιι
1062 5556 1182 5607 cap.
1211 5543 1281 5597 is
1312 5559 1365 5611 p.
1400 5543 1524 5606 507,
1552 5545 1607 5597 ἢ.

571 5631 648 5693 ('5)
676 5631 934 5686 Binterim
974 5631 1197 5687 Denkw.
1240 5633 1301 5687 T.
1339 5634 1404 5688 IV
1438 5636 1495 5689 P.
1530 5638 1546 5689 I
1577 5654 1625 5704 p.
1659 5638 1783 5691 557.

576 5723 651 5787 (Ai)
681 5720 795 5777 νγ.
828 5722 928 5775 ΡΡ.
956 5721 1142 5781 Rosw.
1176 5726 1268 5779 lib.
1300 5725 1343 5777 ll
1368 5744 1487 5796 cap.
1522 5730 1592 5781 22
1618 5748 1668 5799 p.
1702 5732 1824 5799 $73,
1857 5735 1876 5787 l
1905 5753 1916 5798 ς
1954 5732 2078 5789 γελι-

497 5815 628 5876 lursi
654 5816 691 5875 ι.
734 5817 771 5871 l.
807 5832 861 5890 p.
904 5816 1037 5882 187',
1070 5817 1246 5889 Migne
1281 5819 1317 5873 l.
1348 5820 1382 5873 Ι.
1418 5837 1470 5894 p.
1500 5822 1605 5880 4M
1634 5840 1719 5895 sq.

2182 4574 2429 4638 Macarii
2500 4573 2900 4635 Alexandrini
2961 4574 3267 4636 mirabilia
3326 4574 3636 4649 feruntur,
3686 4593 3764 4637 ex

2183 4675 2410 4757 quibus
2457 4675 2759 4737 nonnulla
2803 4676 2871 4737 in
2923 4676 3006 4737 XI
3075 4677 3236 4739 libro
3290 4676 3764 4747 Ecclesiasticae

2181 4778 2488 4839 Historiae
2526 4778 2779 4849 inserta,
2810 4776 2920 4856 qui
2960 4777 3257 4856 requiret,
3275 4776 3549 4845 inveniet
3580 4776 3689 4856 (7).
3731 4800 3760 4832 ι

2182 4880 2270 4938 Ex
2317 4878 2544 4956 quibus
2582 4877 2668 4951 id,
2698 4878 2871 4956 quod
2916 4878 3188 4939 diximus
3218 4877 3327 4956 (8),
3354 4878 3763 4959 perspicuum

2184 4987 2297 5050 est,
2320 4980 2385 5039 in
2416 4979 2893 5041 Continuatione
2924 4979 3001 5041 de
3045 4981 3310 5041 Macario
3340 4975 3761 5041 Alexandrino

2184 5081 2480 5141 Ruﬁnum
2539 5080 2848 5143 retulisse.
2906 5083 3031 5141 Iam
3094 5082 3394 5161 expositis
3449 5082 3548 5156 iis,
3598 5100 3760 5162 quae

2186 5182 2447 5242 Ruﬁnus
2509 5179 2695 5241 habet
2754 5181 2833 5241 de
2892 5181 3172 5255 Macariis
3207 5217 3282 5225 —
3320 5199 3465 5245 nam
3512 5182 3575 5244 in
3624 5183 3761 5244 eius

2247 5361 2324 5431 (5)
2348 5358 2463 5413 VV.
2496 5358 2600 5412 PP.
2633 5357 2817 5423 Rosw.
2862 5358 2956 5412 lib.
2994 5357 3182 5428 lleap.
3216 5359 3286 5414 ‘29
3312 5377 3362 5429 p.
3388 5360 3564 5423 46.2.4
3597 5359 3763 5429 ;Val«

2170 5452 2300 5506 larsi
2336 5452 2369 5504 l.
2408 5451 2445 5504 l.
2479 5466 2531 5521 p.
2562 5449 2664 5504 199
2687 5492 2700 5513 ,
2734 5449 2909 5519 Migue
2937 5449 2973 5503 l.
3004 5450 3039 5502 l.
3080 5466 3131 5521 p.
3166 5450 3290 5503 455.

2257 5542 2332 5607 (6)
2369 5542 2455 5595 Cf.
2493 5557 2658 5611 supra
2693 5541 2871 5611 Caput
2904 5541 2973 5597 111
3001 5558 3055 5611 p.
3092 5542 3177 5596 7L.
3214 5544 3334 5597 101.

2258 5636 2333 5708 (7)
2368 5635 2481 5692 νγ.
2506 5633 2610 5690 PP.
2646 5634 2827 5689 Rosw.
2862 5636 2957 5689 lib.
2988 5634 3029 5687 ll
3059 5651 3178 5706 cap.
3202 5636 3270 5691 ‘29
3298 5651 3353 5706 p.
3385 5634 3512 5701 482,
3539 5633 3606 5702 2;
3637 5631 3757 5699 Val-

2183 5730 2312 5784 larsi
2350 5731 2383 5782 l.
2418 5730 2453 5782 l.
2484 5744 2534 5797 p.
2566 5728 2701 5791 200,
2736 5727 2915 5797 Migne
2952 5728 2986 5780 Ι.
3024 5728 3059 5780 Ι.

2259 5822 2333 5894 (8)
2366 5821 2539 5893 Supra
2568 5820 2688 5894 ξεῖ
2718 5822 2774 5877 in
2815 5821 2937 5886 line,
2968 5835 3023 5893 p.
3054 5819 3174 5876 114.
