4040 6562
290 393 385 445 ,ηπ

1760 388 1985 447 ἮΤΔΕ.

3392 398 3496 455 114

295 498 700 584 Αρσιοεὶίιωω
749 497 1235 575 [Ιηνθοῐίνδι-υω]
1284 502 1349 562 in
1403 504 1466 562 S.
1514 503 1825 583 Hierony-
1855 513 1899 567 Α
1930 514 2122 580 ctum,
2152 509 2689 587 interrogavitme,
2730 527 2917 588 quam
2945 511 3025 573 ob
3046 528 3294 574 causam
3314 530 3492 576 acce-

288 618 446 665 mum
458 597 1147 678 librispraetereaquae
1159 618 1345 679 supra
1361 603 1773 682 monuimus(1
1788 606 1827 679 ),

293 700 430 764 nihil
460 698 761 759 invenitur
789 733 864 749 υ-
894 697 972 759 ad
1001 706 1205 761 cetera
1234 708 1640 764 transeamus.

859 816 1101 875 CAPUT
1151 817 1222 876 V.

288 947 608 1004 EVAGRIUS,
679 946 733 991 s.
805 948 1253 1003 HIERONYMUS,

352 1029 414 1072 SA
422 1026 587 1070 NCTIS
657 1026 941 1071 MACARIIS
1014 1028 1321 1074 AEGYPTIO

340 1104 492 1158 'DRIN
502 1105 538 1148 Ο
548 1133 561 1146 .

1351 949 1681 997 CASSIANUS
1746 949 1827 994 DE

1382 1028 1471 1072 ET
1540 1028 1825 1075 ALEXAN-

351 1213 376 1283 §
416 1207 507 1269 29.
551 1208 877 1287 Evagrium
932 1216 1027 1270 ter
1054 1215 1291 1272 tantum
1321 1210 1400 1272 de
1432 1210 1696 1272 Macario
1724 1210 1823 1272 lo-
1864 1212 1866 1215 ’

281 1310 397 1388 qui,
425 1326 607 1387 supra
676 1310 1034 1371 monuimus
1092 1308 1209 1392 (2);
1269 1312 1603 1374 Macarium
1674 1330 1822 1374 vero

275 1409 625 1488 Aegyptium
657 1409 775 1471 dici
804 1411 883 1472 ab
914 1427 1013 1485 eo,
1036 1411 1409 1475 videbimus.
1430 1413 1729 1491 Evagrius
1750 1414 1822 1475 "in

274 1509 417 1569 libro
450 1509 725 1571 secundo
763 1511 957 1572 multo
988 1528 1063 1572 ex
1090 1518 1371 1592 tempore
1402 1531 1436 1575 a
1466 1513 1649 1576 beato
1684 1516 1818 1577 Ma-

271 1610 445 1683 cario,
480 1628 657 1689 quem
694 1611 1178 1689 famosissimum
1216 1614 1282 1674 in
1322 1615 1438 1675 Dei
1475 1616 1685 1693 gratia
1724 1617 1817 1677 si-

268 1711 507 1790 gnisque
535 1720 594 1770 et
614 1711 960 1772 virtutibus
988 1712 1290 1790 insignem
1312 1714 1505 1790 fuisse
1536 1716 1819 1776 omnibus

1930 614 2172 685 ptarum
2197 610 2448 688 quidem
2464 612 2542 672 ab
2558 610 2915 673 hominibus
2934 611 3297 673 iniuriarum
3311 614 3497 675 remi-

1931 706 2231 769 niscendo
2265 709 2601 771 memoriae
2630 709 2753 770 vim
2780 709 3235 772 ac‘facultatem
3264 711 3328 772 in
3346 711 3491 773 ani-

1929 823 2033 867 mo
2062 823 2640 887 .corrumperemus,
2676 817 2961 889 acceptas
2991 826 3138 871 vero
3166 828 3201 870 a
3231 810 3493 871 daemo-

1926 906 2110 969 nibus
2133 908 2387 971 iniurias
2414 911 2751 973 memoriae
2771 910 3283 973 commendantes
3311 910 3488 973 illae-

1925 1006 1977 1067 si
2004 1024 2418 1070 maneremus.
2444 1011 2717 1089 Cumque
2741 1027 2858 1087 ego
2888 1010 3293 1072 baesitassem
3320 1010 3491 1088 igna-

1925 1124 2031 1167 rus
2082 1108 2233 1186 quid
2269 1110 2787 1188 respondendum
2819 1118 3000 1183 esset,
3042 1109 3490 1190 petiissemque

1923 1208 2001 1268 ab
2028 1206 2158 1280 illo,
2182 1214 2260 1269 aut
2294 1207 2429 1287 ipse
2469 1208 2623 1269 mihi
2646 1210 2779 1270 eius
2805 1210 2894 1270 rei
2926 1227 3181 1271 causam
3217 1226 3492 1288 expone—

1923 1313 2017 1369 ret
2066 1325 2079 1367 :
2129 1307 2320 1381 Quia,
2375 1308 2618 1388 inquit,
2672 1309 2857 1388 prior
2916 1308 3172 1388 quidem
3236 1308 3488 1371 affectio

1920 1413 2140 1468 contra
2186 1414 2471 1470 naturam
2496 1455 2510 1481 ,
2558 1408 2871 1487 posterior
2920 1424 3072 1469 vero
3142 1406 3488 1469 secundum

1920 1506 2421 1570 animinaturam
2456 1513 2548 1569 est
2571 1507 2675 1589 (9).
2709 1531 2738 1565 ιι
2774 1510 2951 1570 Idem
2972 1507 3223 1569 Macarii
3253 1507 3488 1569 dictum

1918 1607 2075 1686 legis
2096 1608 2262 1688 apud
2288 1612 2602 1671 Socratem
2637 1607 2777 1689 (10),
2795 1616 2956 1685 1'20
2980 1608 3046 1668 in
3065 1606 3487 1669 V-V.PP.libro

1918 1711 2348 1793 quinto(1p1)-et
2369 1709 2856 1791 septimo(l—2),in
2880 1707 3200 1770 sententiis
3211 1710 3485 1783 Patrum,

266 1817 461 1868 uotum
489 1809 597 1882 sit,
634 1808 971 1873 instructus
1029 1826 1165 1872 esse
1194 1811 1364 1881 119
1395 1812 1656 1875 traditur
1688 1811 1804 1893 (3);
1840 1846 1883 1899 Β
1914 1829 2072 1892 quas
2091 1810 2460 1873 Rosweidus
2474 1807 3486 1889 habet(13),etinAp0phthegma-

265 1918 390 1971 uter
406 1927 547 1971 vero
576 1912 980 1973 Macariorum
998 1912 1258 1987 dicatur,
1276 1930 1310 1975 e
1332 1912 1490 1975 libro
1510 1914 1813 1990 secundo,

261 2011 359 2090 qui
390 2018 730 2091 utrumque
770 2013 1103 2075 Macarium
1133 2036 1162 2069 «
1194 2013 1600 2075 abstinentiae
1622 2030 1815 2076 exer-

260 2108 403 2169 citiis
429 2116 489 2170 et
517 2110 849 2175 virtutibus
873 2111 1065 2174 animi
1091 2111 1431 2190 aequaliter
1456 2112 1752 2192 polluisse
1783 2138 1811 2170 »

256 2207 538 2284 gloriatur
589 2207 695 2289 (4),
738 2226 868 2271 non
938 2208 1271 2287 colligitur.
1330 2211 1601 2284 Accedit,
1642 2212 1813 2291 quod

258 2306 425 2367 verba
470 2307 568 2368 .de
638 2308 904 2371 Macario
970 2310 1213 2388 Evagrii
1278 2316 1691 2391 praeceptore
1746 2312 1813 2374 in

253 2421 460 2481 graeco
510 2406 660 2468 libri
716 2407 977 2470 secundi
1022 2415 1215 2484 textu,
1248 2410 1424 2471 cuius
1465 2409 1811 2488 fragmenta

253 2506 581 2569 Cotelerius
604 2508 816 2583 edidit,
836 2509 1062 2571 desunt
1080 2509 1186 2595 (5).
1209 2512 1427 2591 Neque
1454 2511 1607 2574 illud
1627 2513 1811 2576 etiam

242 2607 382 2668 satis
424 2614 719 2671 constare
765 2610 1031 2684 videtur,
1068 2609 1208 2672 libri
1253 2611 1514 2675 secundi
1553 2613 1758 2675 verbis
1790 2631 1805 2674 :

256 2732 277 2761 ι
298 2708 580 2771 Vidimus
600 2710 686 2772 ibi
707 2716 770 2772 et
788 2712 1307 2791 sapientissimum
1331 2714 1623 2775 virum...
1649 2716 1806 2777 Eva-

242 2808 433 2885 .grium
472 2831 502 2865 »
540 2808 633 2887 (6)
669 2812 1091 2890 comprobari,
1121 2813 1449 2890 Evagrium
1498 2812 1808 2875 habitasse

246 2906 304 2967 in
320 2906 594 2981 Cellulis,
614 2906 693 2968 de
715 2925 978 2987 quarum
1009 2910 1334 2973 monachis
1363 2927 1642 2990 eousque
1660 2928 1805 2973 nar-

249 3014 429 3067 ratum
478 3010 651 3079 erat;
700 3023 844 3068 nam
887 3012 949 3068 et
988 3008 1358 3070 vocabulum
1434 3009 1526 3071 ibi
1567 3010 1633 3071 in
1678 3010 1805 3073 fra-

244 3112 478 3182 gmento
490 3122 726 3184 graeco
740 3104 1130 3169 desideratur
1143 3108 1223 3187 (7)
1235 3155 1248 3168 .
1262 3108 1369 3170 Sin
1381 3120 1588 3172 autem
1603 3110 1708 3172 illa
1718 3116 1808 3174 te-

248 3222 401 3266 mere
417 3224 487 3267 ac
504 3223 705 3285 prave
724 3206 791 3267 in
818 3224 1042 3286 graeco
1056 3206 1405 3286 fragmento
1422 3210 1805 3287 omittantur,
1830 3186 1877 3243 C

243 3306 481 3369 nunime
499 3314 722 3369 tamen
738 3308 1048 3388 sequitur,
1065 3310 1393 3372 Macarium
1420 3309 1806 3374 Alexandri-

240 3423 374 3465 mm
396 3406 600 3469 fuisse
628 3414 1099 3487 praeceptorem
1127 3408 1395 3487 Evagrii;
1418 3426 1495 3471 ex
1515 3426 1593 3473 eo
1614 3411 1806 3486 enim,

242 3501 397 3579 quod
424 3510 583 3569 tunc
617 3503 910 3580 Evagrius
935 3504 1001 3564 in
1028 3503 1277 3567 Cellulis
1305 3505 1474 3580 vixit,
1501 3507 1567 3569 id
1598 3507 1811 3587 colligi

242 3616 357 3667 nan
384 3609 628 3681 potest,
661 3603 999 3683 praecipue
1020 3621 1222 3683 equum
1247 3605 1355 3668 illo
1378 3611 1805 3687 :tempore'Ma-

238 3700 374 3761 carii
389 3701 512 3767 iam
522 3703 769 3769 mortui
782 3710 1009 3767 essent.
1025 3705 1308 3767 Socrates
1319 3722 1465 3769 vero
1479 3708 1807 3786 Evagrium

239 3799 641 3861 Macariorum
655 3800 937 3880 Aegyptii
948 3806 1009 3864 et
1020 3800 1419 3871 Alexandrini
1432 3804 1806 3886 discipulum

238 3906 421 3973 vocat,
443 3917 480 3962 a
506 3898 769 3980 quibus,
790 3917 983 3979 quum
1002 3908 1183 3965 antea
1203 3902 1353 3963 solis
1370 3904 1577 3967 verbis
1603 3904 1807 3984 phile-

236 3998 527 4077 sophatus
541 4008 811 4073 esset,re
823 4002 956 4081 ipsa
967 4001 1397 4082 philosophari
1408 4005 1800 4086 didicerit(8).

305 4098 387 4168 De
405 4101 684 4162 Macario
712 4100 1005 4178 Evagrius
1031 4102 1097 4163 in
1116 4101 1280 4176 libri,
1304 4103 1407 4165 cui
1431 4104 1647 4169 titulus
1674 4116 1797 4175 est:

238 4220 265 4261 ι
281 4199 487 4277 Capita
514 4201 795 4278 practice
822 4202 900 4264 ad
926 4204 1305 4278 Anatolium,
1325 4229 1353 4261 »
1385 4208 1606 4287 capite,
1629 4211 1800 4290 quod

238 4322 255 4354 ι
288 4305 493 4376 Ῥήσεις
515 4309 771 4379 μοηχῶν
790 4308 962 4377 ἁγίων
994 4326 1023 4363 ι)
1060 4303 1438 4380 inscribitur,
1479 4306 1635 4372 haec
1670 4326 1802 4377 me-

234 4405 425 4459 morat
458 4417 474 4460 :

1914 1913 1992 1974 tis
2013 1911 2379 1973 a‘Cotelerio
2407 1910 2589 1972 editis
2622 1908 2767 1988 (1-4),
2800 1908 2919 1971 hoc
2937 1908 3071 1970 solo
3105 1907 3486 1970 discrimine.

1914 2012 2088 2092 quod
2124 2018 2377 2092 praeter
2418 2012 2735 2072 Socratem
2765 2009 2957 2071 ceteri
2992 2010 3347 2086 Evagrium,
3378 2007 3486 2070 cui

1913 2110 2397 2175 Macariusistud
2417 2110 2593 2183 dixit,
2614 2125 2755 2170 non
2775 2109 3120 2172 nominant.

1992 2214 2266 2277 Alterum
2305 2213 2383 2275 de
2439 2210 2706 2273 Macario
2748 2210 3150 2272 enuntiatum
3188 2209 3486 2285 Evagrius

1912 2314 2146 2377 ibidem
2174 2314 2297 2377 hoc
2318 2313 2647 2391 suggerit:
2694 2334 2724 2368 ‹‹
2767 2309 3013 2373 Accessi
3060 2309 3204 2389 ipso
3237 2307 3483 2369 fervido

1912 2411 2173 2472 meridie
2210 2410 2289 2475 ad
2330 2416 2609 2472 sanctum
2640 2415 2877 2489 patrem
2902 2405 3270 2476 "Macarium,
3306 2408 3367 2464 et
3387 2401 3486 2465 siti

1911 2510 2313 2573 vehementer
2342 2527 2679 2591 Oppressus
2717 2524 2943 2587 aquam
2975 2505 3127 2585 petii
3155 2506 3229 2567 ad
3266 2503 3488 2565 biben-

1912 2611 2083 2673 dum.
2134 2614 2192 2672 Is
2246 2619 2454 2674 autem
2494 2629 2508 2671 :
2558 2610 2807 2681 Umbra,
2862 2608 3091 2686 inquit,
3148 2610 3483 2667 contentus

1913 2718 2070 2773 esto.
2091 2711 2264 2773 Multi
2292 2711 2479 2785 enim,
2505 2711 2614 2790 qui
2644 2727 2807 2771 nunc
2840 2708 3209 2770 iterfacium
3240 2706 3338 2769 vel
3360 2722 3481 2768 na-

1907 2811 2139 2890 vigant,
2173 2813 2354 2874 etiam
2387 2812 2571 2873 huius
2609 2818 2821 2873 carent
2858 2809 3111 2871 solatio.
3153 2809 3306 2869 Dein
3352 2808 3481 2871 dis-

1908 2912 2147 2992 putanti
2185 2912 2335 2974 mihi
2364 2919 2425 2974 et
2452 2913 2529 2973 de
2565 2910 2937 2973 abstinentia
2977 2927 3121 2971 cum
3153 2926 3228 2971 eo
3260 2908 3481 2970 confe-

1907 3012 2069 3075 renti
2099 3031 2112 3075 :
2140 3012 2428 3086 Conﬁde,
2450 3012 2672 3091 inquit,
2694 3011 2817 3085 ﬁli;
2849 3016 3015 3072 totos
3040 3008 3259 3087 viginti
3280 3024 3482 3070 annos

1907 3130 2115 3193 neque
2154 3130 2316 3193 pane
2366 3131 2573 3191 neque
2602 3129 2764 3191 aqua
2800 3127 3011 3189 neque
3058 3125 3283 3171 somno
3327 3126 3482 3171 usus

1911 3231 2049 3279 sum
2085 3213 2162 3275 ad
2194 3214 2559 3275 satietatem.
2600 3214 2752 3273 Nam
2792 3229 3017 3291 panem
3058 3225 3269 3270 meum
3309 3214 3481 3271 certo

1910 3314 2192 3393 pondere
2222 3313 2488 3387 comedi,
2536 3329 2760 3391 aquam
2792 3309 2927 3372 bibi
2968 3315 3135 3371 certa
3156 3324 3479 3381 mensura,

1909 3430 1981 3476 ac
2006 3413 2211 3475 somni
2232 3413 2519 3491 exiguam
2559 3417 2795 3491 partem
2836 3410 3172 3471 suli‘uratus
3200 3424 3343 3469 sum
3374 3407 3477 3468 in-

1909 3510 2198 3574 clinando
2221 3530 2321 3574 me
2345 3511 2421 3574 ad
2444 3511 2710 3591 parietes
2729 3508 2874 3588 (15).
2901 3532 2930 3565 ιο
2957 3507 3131 3581 Quod
3148 3505 3312 3567 idem
3343 3524 3481 3567 nar-

1907 3619 2076 3674 ratur
2093 3630 2129 3675 a
2146 3610 2594 3691 Socrate(16)et
2616 3610 2681 3671 in
2703 3609 2863 3670 libro
2879 3616 3056 3669 sexto
3067 3607 3314 3667 VV.PP.
3329 3609 3343 3685 (
3356 3606 3419 3666 l7
3430 3607 3446 3684 )
3459 3652 3473 3666 .

1907 3714 2132 3791 Legem
2169 3718 2376 3774 autem
2416 3710 2561 3781 cibi,
2602 3716 2790 3789 potus
2814 3715 2881 3769 et
2923 3707 3128 3769 somni
3167 3703 3479 3768 desiderio

1906 3829 2227 3891 nunquam
2253 3810 2510 3873 omnino
2542 3805 2961 3870 satisfaciendi
2982 3812 3202 3885 postea
3232 3803 3482 3866 Colum-

1901 3913 2100 3975 banus
2130 3908 2451 3972 monachis
2475 3908 2607 3969 suis
2630 3905 3033 3987 praescripsit
3072 3902 3218 3983 (18).

1979 4011 2223 4073 Tettius
2244 4009 2519 4087 denique
2548 4006 2746 4080 locus,
2780 4022 2908 4085 quo
2949 4003 3281 4066 Macarium
3318 4003 3477 4063 Eva-

1902 4111 2072 4191 grius
2102 4114 2572 4181 commemorat,
2620 4106 2687 4167 in
2734 4104 3017 4167 eiusdem
3063 4102 3207 4165 libri
3244 4103 3473 4182 capite,

1900 4211 2069 4292 quod
2085 4234 2113 4267 α
2134 4217 2321 4288 Θεωρή
2332 4234 2474 4286 ματα
2489 4212 2766 4286 πρακτικὰ
2796 4234 2814 4265 ι
2829 4204 3208 4275 inscribitur,
3222 4202 3325 4265 hic
3345 4207 3439 4269 est
3457 4219 3474 4264 :

1980 4334 2007 4368 α
2045 4308 2342 4373 Nonnulli
2373 4315 2517 4368 sunt
2550 4323 2628 4369 ex
2668 4304 3078 4368 daemonibus
3107 4302 3473 4371 immundis,

1900 4409 2005 4489 qui
2050 4406 2401 4485 legentibus
2446 4420 2693 4482 semper
2735 4403 3032 4475 assident,
3076 4408 3477 4481 mentemque

306 4521 335 4554 α
375 4499 731 4580 Aegyptius
751 4517 943 4571 senex
983 4502 1315 4575 Macarius,
1358 4521 1463 4567 vas
1497 4504 1651 4575 illud
1682 4508 1805 4577 ele»
1834 4524 1878 4579 ι)
1907 4526 2123 4579 eorum
2161 4506 2447 4587 abripere
2498 4512 2829 4578 conantur,
2861 4509 3114 4582 sumpta
3156 4519 3473 4582 saepenu-

293 4640 369 4711 (1)
406 4641 591 4715 Supra
624 4643 657 4716 §
686 4644 755 4699 26
783 4659 836 4715 p.
868 4643 993 4700 112.

296 4730 369 4800 (σε)
397 4730 487 4789 cr.
526 4732 557 4804 §
587 4736 618 4788 7
645 4750 699 4805 p.
732 4734 823 4790 32.

296 4823 372 4894 (δ)
394 4824 513 4881 vv.
543 4826 654 4881 PP.
694 4826 875 4883 Rosw.
906 4828 1002 4885 lib.
1036 4826 1080 4881 η
1100 4843 1222 4899 cap.
1250 4829 1321 4883 γι
1356 4847 1407 4901 ρ.
1436 4832 1562 4896 479,
1592 4833 1658 4899 2;
1690 4834 1800 4891 nu-

222 4912 316 4967 ﬁni
339 4916 480 4984 Opp.
502 4917 602 4973 ed.
631 4916 865 4981 Vallarei
892 4934 948 4987 p.
981 4919 1114 4986 .492;
1147 4919 1326 4991 Migne
1357 4923 1395 4978 Ι.
1422 4923 1456 4975 l.
1488 4939 1540 4994 p.
1566 4924 1694 4978 449.

293 5004 369 5072 (4)
404 5004 493 5058 Cf.
526 5022 699 5075 supra
725 5022 779 5076 p.
806 5008 927 5062 110.

291 5096 365 5164 (5)
396 5097 643 5152 Cotelcr.
674 5096 820 5152 Eccl.
852 5098 1043 5154 Graec.
1068 5098 1211 5157 Men.
1238 5098 1300 5155 Τ.
1326 5099 1390 5153 111
1420 5117 1473 5172 p.
1510 5102 1611 5158 176
1641 5117 1763 5174 sq.;

226 5186 355 5255 Opp.
387 5189 603 5245 Meurs.
636 5190 673 5244 1.
701 5191 737 5243 I.
764 5206 817 5260 p.
845 5190 970 5244 6M.

291 5281 361 5349 (6)
394 5281 520 5337 νγ.
546 5281 655 5336 PP.
686 5282 869 5339 Rosw.
900 5282 937 5337 ι.
983 5282 1055 5348 L;
1090 5282 1320 5338 Vallarsi
1348 5284 1388 5337 ΔΙ.
1414 5283 1479 5349 1.,
1506 5283 1680 5355 Migne
1702 5286 1736 5340 l.
1758 5286 1797 5339 l.

225 5387 272 5439 p.
305 5372 413 5428 448
444 5389 535 5444 sq.

287 5464 362 5531 (7)
390 5464 639 5519 Cotelcr.
668 5464 704 5519 l.
733 5464 770 5516 1.
794 5481 808 5527 ;
828 5461 971 5534 Opp.
992 5462 1199 5520 ‘Meurs.
1236 5465 1272 5521 l.
1301 5465 1339 5519 ι.

289 5552 365 5621 (8)
396 5553 563 5608 Socr.
591 5552 728 5609 Hist.
763 5556 907 5609 Eccl.
934 5556 1030 5609 lib.
1060 5554 1131 5608 Ν
1157 5573 1276 5626 cap.
1308 5558 1379 5611 21’)
1407 5556 1495 5612 eil.
1529 5559 1565 5613 Ι.
1590 5574 1641 5629 p.
1668 5560 1793 5618 254.

291 5645 365 5713 (9)
393 5646 583 5716 Caput
612 5644 792 5711 XCIII,
814 5647 1056 5701 Cotelcr.
1082 5647 1227 5701 Eccl.
1256 5648 1449 5703 Graec.
1478 5649 1619 5707 Μοιι.
1641 5648 1704 5705 T.
1730 5649 1795 5707 Ill

224 5735 353 5801 p.99
366 5752 480 5805 sq.,
503 5735 757 5795 Gallaml.
782 5738 914 5792 Bibl.
935 5738 1036 5792 PP.
1056 5737 1121 5792 T.
1150 5738 1235 5791 νυ
1254 5755 1306 5809 p.
1324 5739 1654 5798 565Jlarum
1678 5758 1798 5796 nar-

225 5828 496 5885 rationum
530 5830 837 5894 versionein
868 5845 897 5884 a
935 5831 1089 5888 nobis
1118 5831 1433 5900 castigatam
1456 5833 1793 5895 exhibemus.

1975 4652 2087 4726 (10)
2118 4652 2275 4706 Socr.
2307 4649 2443 4705 Hist.
2476 4648 2622 4703 Eccl.
2648 4649 2691 4703 ’1.
2720 4650 2763 4702 l.
2789 4664 2844 4718 p.
2872 4647 2999 4703 2‘55.

1973 4745 2086 4817 (ll)
2115 4742 2228 4797 v-v.
2256 4742 2357 4796 PP.
2382 4741 2571 4795 Rosw.
2602 4740 2694 4795 lib.
2726 4739 2952 4795 Vrlibell.
2985 4738 3071 4806 te,
3096 4738 3164 4793 st
3190 4754 3243 4809 p.
3268 4738 3392 4804 599,
3413 4738 3472 4793 2.

1974 4835 2087 4906 (12)
2118 4835 2254 4889 Ibid.
2294 4849 2418 4903 cap.
2448 4833 2540 4896 57,
2564 4832 2597 4884 4
2628 4848 2679 4900 p.
2706 4831 2831 4894 681,
2855 4829 2911 4885 2.

1972 4928 2084 4996 (i5)
2118 4925 2251 4981 Ibid.
2274 4936 2420 4979 sent.
2450 4925 2517 4977 15
2538 4940 2594 4993 p.
2638 4924 2795 4985 1005,
2833 4922 2885 4977 1.

1976 5020 2088 5090 (14)
2116 5018 2357 5073 Cotelcr.
2395 5016 2540 5070 Eccl.
2575 5012 2770 5067 Graec.
2798 5013 2945 5069 Mon.
2978 5010 3044 5065 T.
3082 5010 3102 5064 ῐ
3136 5026 3189 5079 p.
3220 5007 3326 5063 566
3346 5023 3391 5061 s.
3417 5024 3469 5061 ν.

1901 5109 2171 5165 Macarius
2221 5109 2506 5178 Aegyptius
2556 5103 2883 5177 §XXXVI;
2960 5102 3102 5156 infra
3157 5101 3211 5154 in
3272 5102 3471 5153 harum

1900 5195 2291 5261 Quaestionum
2327 5193 2639 5262 Appeudice
2666 5194 2836 5249 altera
2872 5191 2975 5245 sub
3001 5190 3084 5244 lll.

1971 5282 2083 5355 (15)
2107 5284 2240 5353 Cap.
2276 5281 2454 5345 XCIV,
2476 5281 2709 5337 Cotelcr.
2744 5280 2889 5337 Eccl.
2910 5281 3102 5341 Graec.
3135 5278 3279 5336 Non.
3309 5275 3379 5332 Τ.
3398 5275 3470 5336 ,111

1896 5388 1952 5445 p.
1988 5374 2124 5435 100.
2153 5373 2402 5431 Gallaud.
2438 5373 2574 5428 Bibl.
2607 5372 2711 5426 PP.
2743 5373 2778 5425 ι.
2819 5372 2855 5426 1.

1972 5465 2085 5535 (16)
2124 5464 2281 5518 Socr.
2321 5464 2457 5519 Hist.
2485 5464 2630 5517 Eccl.
2665 5464 2700 5516 l.
2730 5462 2768 5518 1.

1971 5555 2083 5626 (17)
2106 5554 2692 5615 VV.PP.Rosw.lib.Vl
2718 5554 3109 5620 libell.4,i7.l8
3137 5552 3358 5623 passae
3380 5566 3466 5622 sq.

1972 5648 2080 5718 (18)
2108 5648 2431 5704 Columbani
2454 5651 2581 5703 abb.
2624 5650 2807 5716 regula
2834 5648 3171 5704 coenobialis
3198 5662 3318 5701 can.
3360 5643 3393 5699 ὅ
3415 5654 3467 5698 et

1901 5742 1957 5797 in
2003 5741 2129 5798 line.
2182 5740 2448 5799 Holstenii
2488 5739 2623 5796 Cod.
2672 5741 2927 5813 chular.
2967 5740 3029 5796 Τ.
3078 5740 3094 5796 l
3142 5756 3196 5812 p.
3246 5737 3365 5805 170,
3408 5735 3466 5797 θ.

1906 5835 2029 5901 171.
2070 5833 2123 5890 2.
