4040 6564
612 374 717 428 "5

1423 381 1525 437 SS.
1568 380 2029 438 MACAIHORUM
2064 375 2381 434 AEGYPTII
2439 375 2527 431 ET
2594 372 3066 432 ALEXANDRINI
3750 382 3837 441 {to

613 503 789 549 mero
825 487 1157 551 occasione
1196 504 1274 550 ex
1312 493 1467 571 ipsis
1503 493 1729 557 divinis
1769 493 2092 574 scripturis
2124 492 2189 553 in
2220 494 2264 550 A
2294 489 2567 569 positum
2596 486 2961 566 virginitatis
2978 490 3084 548 aut
3105 484 3415 547 viduitatis
3444 488 3763 555 servandae
3786 506 3838 561 et

613 610 800 670 prava
830 592 1095 670 cogitata
1142 596 1499 661 desinentes
1570 596 1887 659 Interdum
1929 612 2186 677 quoque

614 700 830 753 contra
885 710 1123 755 morem
1174 696 1437 758 oscitare
1487 697 1640 767 121
1706 701 1958 773 cogunt,
1998 700 2187 772 atque

616 791 1043 867 gravissimum
1065 810 1353 854 somnum
1385 794 1722 856 immittunt
1743 810 2126 873 magnopere
2152 810 2187 855 a

614 896 919 949 consueto
972 891 1308 965 diversum,
1341 892 1557 971 idque,
1592 898 1661 953 ut
1698 893 1764 954 in
1813 893 2187 972 quibusdam

614 988 905 1051 fratribus
932 991 1389 1072 deprehensum
1414 1001 1529 1068 est,
1554 1002 1773 1057 natura
1792 994 2191 1057 ineﬂ‘abiliter

614 1090 945 1150 renitente.
984 1091 1161 1164 Quod
1204 1110 1323 1172 ego
1365 1112 1511 1157 eum
1565 1094 1931 1175 frequenter
1969 1094 2188 1156 obser-

616 1206 877 1261 vassem,
920 1190 1059 1271 ipse
1102 1194 1407 1273 comperi.
1460 1196 1803 1274 Capessunt
1858 1193 2190 1274 palpebras

614 1305 758 1349 eum
779 1295 913 1351 toto
942 1281 1170 1372 capite,
1199 1293 1391 1373 idque
1416 1294 1675 1375 proprio
1710 1310 1977 1374 corpore
1997 1293 2189 1371 frige-

613 1386 879 1463 t‘aetant;
911 1390 1249 1454 admodum
1282 1393 1449 1455 enim
1487 1393 1710 1472 frigida
1752 1400 1897 1455 sunt
1938 1393 2193 1455 daemo-

613 1506 767 1550 num
796 1508 1084 1571 corpora,
1116 1499 1177 1553 et
1204 1493 1495 1572 crystallo
1528 1494 1773 1568 similia,
1809 1493 1975 1555 unde
2007 1500 2069 1556 et
2096 1511 2195 1556 ca-

616 1596 729 1668 put
760 1591 1065 1653 sentimus
1099 1591 1265 1655 velut
1302 1593 1625 1655 cucurbita
1671 1592 2060 1656 medicorum
2095 1602 2189 1656 at-

618 1696 879 1752 tractum
908 1710 1050 1755 cum
1077 1693 1365 1756 stridore.
1401 1696 1536 1757 Hoc
1573 1703 1782 1756 autem
1810 1694 2066 1770 faciunt,
2098 1703 2189 1771 ut,

2285 590 2361 652 ad
2410 589 2862 670 simpliciorem
2906 590 3092 651 vitam
3138 586 3435 661 traduxit,
3487 604 3839 674 quapropter

2286 688 2465 750 multi
2499 707 2643 751 eum
2688 689 3099 767 obiurgabam
3156 686 3265 763 (4).
3313 688 3384 748 In
3427 687 3681 767 epistola
3700 712 3837 774 qua-

2287 789 2431 851 dam
2463 790 2629 853 circa
2662 806 2897 851 annum
2930 788 3045 849 395
3078 788 3310 867 scripta
3340 787 3419 849 de
3453 812 3481 844 α
3515 791 3759 872 Aegypti
3788 808 3841 861 et

2288 891 2800 971 Mosopotamiae,
2835 891 3041 963 Ponti,
3090 889 3517 971 Cappadociae
3560 900 3618 953 et
3654 898 3841 961 Arme-

2289 992 2430 1054 niae
2451 992 2841 1054 examinibus
2862 990 3315 1054 monachorum
3346 1014 3371 1046 ι
3414 990 3685 1070 loquitur
3727 999 3837 1081 (5);

2289 1093 2401 1155 sed
2433 1098 2495 1156 et
2526 1093 2592 1154 in
2621 1093 2794 1155 Italia
2824 1090 3171 1153 monachos
3196 1109 3325 1153 non
3347 1090 3642 1169 defuisse,
3667 1114 3736 1158 ex
3754 1100 3837 1179 iis,

2290 1212 2453 1273 quae
2496 1194 2575 1257 de
2621 1193 2915 1256 defuncta
2944 1193 3192 1256 Fabiola
3227 1211 3395 1255 anno
3442 1193 3554 1255 398
3597 1200 3838 1278 tradidit,

2290 1294 2587 1357 discimus
2655 1294 2760 1375 (6).
2819 1297 2947 1356 Iam
3020 1311 3098 1356 ex
3158 1293 3255 1355 his
3303 1294 3543 1374 paucis,
3599 1314 3841 1375 quanam

2292 1396 2625 1458 occasione
2678 1395 2818 1457 data
2867 1396 2930 1455 S.
2988 1395 3412 1475 Hieronymus
3463 1399 3843 1464 Macariorum

2292 1497 2677 1560 mentionem
2712 1496 2953 1569 fecerit,
2983 1495 3273 1574 colliges;
3305 1502 3412 1558 aut
3428 1497 3597 1558 enim
3642 1502 3841 1578 amico,

2293 1597 2403 1677 qui
2439 1596 2517 1659 ad
2547 1614 2828 1659 eremum
2858 1594 3269 1658 Macariorum
3312 1605 3678 1672 accesserat,
3719 1619 3847 1664 eon-

2295 1697 2656 1775 gratulatur,
2687 1701 2793 1757 aut
2822 1696 3058 1757 amicos
3089 1695 3488 1758 Occidentem
3519 1715 3727 1761 versus
3754 1700 3847 1763 ha-

613 1790 667 1850 si
700 1791 954 1853 insitum
997 1792 1207 1856 calvae
1251 1794 1523 1857 calorem
1559 1796 1635 1857 ad
1682 1814 1750 1858 se
1787 1797 1962 1878 ipsos
1991 1806 2191 1862 traxe-
2222 1841 2264 1898 8
2295 1798 2561 1860 bitantes
2602 1798 2678 1859 ad
2728 1797 3016 1877 exempla
3062 1814 3283 1859 eorum
3338 1806 3609 1860 revocat.
3675 1803 3849 1865 Locos

616 1890 759 1964 rint,
819 1892 1157 1973 palpebrae
1205 1894 1471 1958 humore
1529 1896 1781 1958 demum
1838 1905 1900 1960 et
1956 1898 2189 1978 frigore
2222 1890 2262 1898 ⁷
2293 1905 2520 1979 quanta
2548 1896 2867 1977 potuimus
2885 1895 3402 1974 diligentiahosce
3420 1898 3845 1974 congessimus.

615 1990 923 2055 relaxatae
945 1995 1379 2058 circumﬂuant
1400 1997 1652 2077 pupillis
1670 1999 2020 2061 oculorum.
2038 2003 2193 2073 Qua-

615 2109 682 2154 re
704 2094 1037 2174 palpebras
1060 2114 1251 2177 saepe
1272 2098 1324 2159 si
1346 2099 1748 2173 contrectavi,
1771 2100 1979 2163 inveni
1998 2102 2193 2164 instar

616 2192 890 2270 crystalli
931 2202 1311 2275 compactas,
1343 2202 1665 2277 totamque
1694 2198 1917 2261 faciem
1961 2202 2193 2263 mortui

614 2292 881 2356 similem
925 2303 986 2358 et
1022 2296 1362 2359 horridam.
1403 2300 1689 2361 Attamen
1728 2318 1981 2363 somnus
2019 2310 2194 2364 natu-

616 2394 760 2456 ralis
808 2413 1075 2477 corpora
1138 2396 1442 2473 calefacit,
1500 2418 1923 2483 sanorumque
1988 2404 2192 2466 vultus

616 2496 849 2559 nitidos
870 2497 1095 2572 reddit,
1128 2498 1299 2577 quod
1342 2499 1477 2579 ipsa
1520 2520 1774 2582 quoque
1806 2506 2192 2584 experientia

614 2594 935 2656 discimus.
974 2597 1096 2658 Sed
1134 2597 1227 2658 illi
1277 2605 1493 2661 contra
1534 2607 1814 2662 naturam
1847 2619 1923 2663 ex
1960 2620 2070 2665 ore
2102 2605 2193 2665 ni-

618 2694 812 2755 mium
867 2695 1137 2759 distento
1201 2698 1635 2761 oscitationem
1685 2700 1983 2777 eﬂiciunt,
2037 2711 2192 2767 atte-

615 2802 880 2857 nuantes
918 2814 1008 2869 se,
1049 2803 1110 2859 et
1140 2797 1436 2859 interiora
1466 2800 1592 2863 oris
1623 2810 2027 2882 occupantes.
2059 2806 2189 2884 Ego

614 2896 869 2973 quidem
913 2897 1194 2959 nondum
1235 2898 1357 2961 hoc
1393 2900 1693 2975 intellexi,
1725 2903 1839 2964 etsi
1886 2923 2191 2987 persaepe

615 3014 835 3074 passus
864 2998 1018 3072 sim;
1059 3006 1121 3061 at
1166 3008 1451 3063 sanctum
1496 3002 1829 3065 Macarium
1865 3007 2070 3068 audivi
2110 3008 2189 3070 de

616 3096 735 3159 hoc
761 3098 912 3160 mihi
943 3100 1327 3179 loquentem,
1364 3102 1472 3182 qui
1521 3103 1597 3165 ad
1640 3123 1770 3166 rem
1804 3107 2189 3185 probandam

2368 1998 2645 2059 Primum
2666 1996 2790 2059 huc
2832 2002 3071 2076 spectat
3099 1995 3363 2075 epistola
3396 1994 3431 2056 3
3466 1996 3545 2057 ad
3578 1997 3847 2061 Ruﬁnum

2290 2100 2778 2180 Aquileiensem,
2843 2115 3031 2178 quem
3096 2098 3162 2158 in
3215 2100 3573 2177 Aegyptum
3628 2100 3848 2161 venisse

2290 2203 2353 2263 S.
2376 2202 2796 2280 Hieronymus
2818 2199 3129 2273 audierat,
3153 2205 3387 2260 aestate
3412 2197 3563 2259 anni
3593 2198 3703 2258 374
3725 2203 3851 2260 scri-

2291 2312 2417 2385 pta,
2459 2304 2522 2365 in
2575 2320 2697 2383 qua
2733 2320 2746 2363 :
2782 2324 2809 2357 α
2851 2300 3077 2373 Prima,
3129 2323 3157 2355 ν
3209 2300 3439 2379 inquit,
3486 2322 3515 2356 «
3566 2299 3848 2380 inopinati

2293 2406 2501 2485 gaudii
2529 2405 2607 2466 ab
2642 2402 2985 2489 Heliodoro
3023 2400 3213 2462 fratre
3251 2400 3407 2462 mihi
3453 2409 3551 2463 est
3595 2404 3846 2465 nuntiata

2289 2508 2575 2571 felicitas.
2605 2508 2746 2568 Non
2776 2503 3108 2567 credebam
3140 2508 3403 2577 certum,
3435 2502 3611 2581 quod
3634 2510 3847 2565 certum

2292 2626 2428 2671 esse
2450 2608 2804 2687 cupiebam,
2828 2603 3193 2686 praesertim
3217 2621 3414 2683 quum
3446 2608 3507 2666 et
3527 2603 3635 2665 ille
3653 2606 3728 2666 ab
3745 2605 3851 2667 alio

2292 2726 2360 2771 se
2381 2708 2653 2771 audiisse
2681 2706 2940 2780 diceret,
2955 2710 3017 2768 et
3038 2704 3128 2766 rei
3148 2704 3389 2766 novitas
3411 2702 3603 2765 ﬁdem
3631 2720 3848 2766 sermo-

2290 2808 2387 2868 nis
2424 2806 2715 2867 auferret.
2772 2806 3044 2865 Rursum
3090 2819 3393 2882 suspensa
3427 2808 3595 2877 vota,
3638 2810 3845 2865 nutan-

2290 2914 2547 2986 temque
2586 2910 2861 2967 mentem
2892 2903 3148 2984 quidam
3168 2902 3630 2964 Alexandrinus
3661 2920 3850 2966 mona-

2291 3008 2468 3081 chus,
2501 3007 2609 3086 qui
2635 3006 2711 3068 ad
2737 3004 3077 3085 Aegyptios
3104 3003 3525 3077 confessores,
3553 3011 3616 3065 et
3646 3003 3846 3066 volun-

2291 3116 2415 3171 tate
2437 3109 2557 3170 iam
2575 3115 2901 3186 martyres,
2917 3106 3023 3186 pio
3045 3104 3249 3185 plebis
3262 3104 3387 3166 iam
3410 3103 3651 3165 dudum
3674 3104 3852 3166 fuerat

613 3201 815 3262 attulit
853 3203 1248 3265 oscitantium
1300 3205 1845 3280 consuetudinem,
1894 3226 1965 3269 os
2007 3209 2188 3288 signo
2216 3184 2258 3242 δ
2296 3208 2691 3271 transmissus
2723 3206 3053 3286 obsequio,
3088 3204 3450 3267 manifestus
3492 3205 3573 3267 ad
3602 3204 3851 3267 creduli-

614 3303 820 3364 crueis
847 3304 1170 3366 muniendi
1199 3324 1275 3367 ex
1314 3306 1641 3368 traditione
1686 3308 1940 3387 antiqua
1970 3311 2194 3373 imme-

617 3403 990 3485 moriali(lt.
1040 3407 1325 3468 Ceterum
1369 3408 1578 3473 omnia
1608 3409 1711 3470 illa
1736 3411 2028 3488 patimur,
2045 3414 2192 3492 quia

619 3504 872 3566 lectioni
896 3522 1026 3566 non
1053 3506 1432 3567 attendimus
1452 3506 1799 3585 vigilanter,
1822 3526 2029 3590 neque
2053 3529 2192 3574 san-

616 3612 710 3667 cta
743 3606 851 3667 Dei
889 3607 1008 3666 vivi
1043 3606 1290 3685 eloquia
1326 3624 1442 3668 nos
1479 3607 1688 3685 legere
1733 3610 1915 3671 nobis
1954 3614 2191 3676 conscii

615 3725 833 3769 sumus
880 3706 988 3787 (2).
1021 3730 1048 3763 »
1082 3709 1247 3770 Ilaec
1298 3708 1553 3787 quidem
1580 3711 1821 3789 Evagrii
1847 3714 2083 3775 notatio
2112 3714 2191 3776 ad

613 3814 982 3871 vetustatem
1039 3811 1534 3882 consuetudinis,
1586 3830 1709 3892 qua
1746 3815 2080 3878 oscitantes
2120 3834 2192 3879 os

614 3909 792 3986 signo
840 3910 1044 3972 erucis
1084 3911 1331 3972 munire
1386 3910 1611 3985 solent,
1656 3916 2190 3994 comprobandam

613 4010 969 4087 gravissima
991 4018 1104 4071 est.
1130 4012 1278 4071 Uter
1307 4028 1454 4073 vero
1486 4013 1892 4075 Macariorum
1916 4015 2020 4077 illa
2044 4018 2193 4079 Eva-

613 4110 749 4188 grio
780 4112 1162 4189 exposuerit,
1204 4119 1375 4173 certo
1412 4112 1513 4173 vix
1555 4114 1925 4190 definietur;
1982 4136 2186 4196 quan-

614 4228 802 4289 quam
823 4229 965 4273 cum
996 4212 1289 4290 Evagrius
1319 4212 1414 4273 bis
1445 4214 1775 4277 Macarium
1814 4219 2189 4296 Aegyptium

613 4311 902 4374 laudibus
942 4312 1252 4389 extulerit,
1296 4313 1461 4375 haud
1502 4315 1850 4393 incongrue
1892 4318 2187 4395 creditur,

614 4414 714 4476 hic
738 4431 1020 4495 quoque,
1045 4415 1153 4476 ubi
1184 4415 1550 4496 simpliciter
1577 4418 1823 4479 Macarii
1845 4420 2082 4482 mentio
2099 4421 2186 4496 ﬁt,

2294 3318 2482 3372 tatem
2520 3309 2723 3371 nuntii
2766 3315 2984 3370 auctor
3019 3306 3375 3387 impulerat.
3426 3308 3655 3369 Fateor
3703 3313 3761 3368 et
3797 3306 3853 3367 in

2293 3408 2415 3472 hoc
2459 3426 2661 3469 meam
2712 3407 2953 3469 labasse
3000 3406 3395 3468 sententiam.
3433 3407 3592 3467 Nam
3643 3424 3777 3469 cum
3803 3412 3855 3467 et

2292 3512 2556 3592 patriam
2576 3518 2743 3573 tuam
2772 3509 3089 3588 ignoraret
3111 3515 3174 3570 et
3201 3508 3544 3583 nomen,in
3567 3526 3645 3571 eo
3666 3516 3855 3570 tamen

2294 3612 2436 3693 plus
2464 3612 2787 3673 videbatur
2816 3610 3064 3683 afferre,
3088 3608 3260 3689 quod
3285 3609 3506 3671 eadem
3529 3610 3852 3681 asserebat,

2294 3730 2457 3793 quae
2506 3713 2629 3775 iam
2666 3711 2826 3773 alius
2861 3711 3263 3771 indicaverat.
3296 3710 3577 3772 Tandem
3617 3710 3858 3791 plenum

2292 3814 2565 3876 veritatis
2586 3813 2833 3889 pondus
2859 3812 3097 3891 erupit:
3124 3812 3423 3873 Ruﬁnum
3449 3812 3624 3873 enim
3648 3811 3858 3872 Nitriae

2294 3931 2434 3976 esse
2465 3921 2527 3974 et
2563 3913 2639 3975 ad
2680 3913 2930 3973 beatum
2982 3912 3335 3990 perrexisse
3376 3912 3716 3973 Maearium
3746 3927 3864 3971 cre-

2294 4015 2404 4077 bra
2441 4013 2925 4076 commeantium
2983 4010 3314 4072 multitudo
3375 4010 3713 4072 referebat.
3762 4009 3860 4071 Hic

2292 4133 2443 4179 vero
2496 4122 2624 4177 tota
2673 4112 3059 4176 credulitatis
3110 4111 3286 4173 frena
3342 4110 3567 4185 laxavi,
3615 4118 3681 4173 et
3732 4118 3867 4172 tunc

2291 4235 2438 4278 vere
2464 4223 2788 4294 aegrotum
2830 4231 2966 4276 esse
2994 4230 3096 4274 me
3127 4212 3324 4274 dolui.
3345 4214 3418 4273 Et
3447 4211 3570 4273 nisi
3594 4229 3696 4273 me
3723 4218 3863 4272 atte-

2294 4317 2467 4381 nuati
2511 4316 2796 4397 corporis
2822 4315 2985 4376 vires
3023 4313 3295 4394 quadam
3343 4315 3659 4394 compede
3694 4330 3863 4394 prae-

2293 4418 2635 4500 pedissent,
2694 4432 2812 4477 nec
2860 4414 3106 4476 mediae
3154 4413 3362 4475 fervor
3402 4420 3560 4490 123
3601 4413 3861 4484 aestatis,

614 4515 887 4578 eundem
915 4514 1200 4593 intelligi.
1222 4516 1341 4577 Sed
1364 4516 1691 4580 audiamus
1712 4537 1879 4583 nunc
1900 4538 1995 4596 ea,
2021 4540 2185 4603 quae
2219 4539 2263 4594 ι)
2293 4540 2410 4585 nec
2448 4519 2881 4598 navigantibus
2919 4535 3169 4597 semper
3204 4517 3513 4579 incertum
3556 4536 3731 4579 mare
3774 4516 3861 4597 pia

612 4616 796 4679 nobis
825 4617 1080 4697 praebet
1110 4620 1172 4679 S.
1205 4619 1649 4699 Hieronymus.

691 4721 718 4792 ξ
754 4716 851 4778 30.
894 4720 954 4779 Is
999 4718 1302 4780 Macarios
1346 4720 1578 4799 passim
1620 4721 1685 4783 in
1724 4722 2028 4802 epistolis,
2077 4728 2190 4790 sed

611 4816 816 4879 obiter
884 4823 1126 4879 tantum
1194 4829 1666 4883 commemorat.
1726 4825 1797 4884 In
1844 4826 2191 4891 Palaestina

610 4917 768 4980 vitae
797 4916 1356 4998 monachicaeipse
1378 4936 1445 4979 se
1469 4920 1747 4995 dederat,
1780 4941 1966 5002 quam
1987 4944 2191 5005 quan-

608 5027 669 5080 ta
719 5018 1055 5081 dulcedine
1102 5018 1428 5098 amplexus
1465 5021 1563 5094 sit,
1606 5022 1739 5084 eius
1781 5024 2081 5104 epistolae
2128 5028 2186 5090 2.

608 5120 665 5181 3.
726 5119 817 5181 14.
859 5120 955 5180 22.
1002 5120 1099 5193 24,
1142 5138 1304 5201 quae
1344 5138 1564 5184 omnes
1600 5132 1744 5186 ante
1797 5142 2031 5189 annum
2076 5129 2193 5191 384

608 5219 873 5301 scriptae
888 5223 1201 5294 l22sunt
1216 5220 1322 5303 (3),
1343 5224 1702 5297 ostendunt,
1738 5244 1854 5287 nec
1868 5244 1995 5290 non
2008 5228 2189 5306 aliae,

608 5333 762 5395 quas
772 5325 992 5398 postea
1004 5319 1421 5399 scripsit,com
1429 5322 1717 5401 probant.
1735 5325 1972 5389 Romae
1996 5346 2191 5407 quum

610 5422 978 5491 moraretur,
1000 5419 1360 5499 complures
1381 5420 1626 5484 nobiles
1650 5422 1915 5487 feminas
1934 5426 2012 5488 ad
2038 5448 2185 5508 pro-

678 5588 755 5657 (l)
780 5587 988 5644 Graece
1017 5609 1030 5643 :
1059 5590 1197 5644 κατὰ
1225 5592 1459 5663 ἀρχαίαν
1482 5594 1783 5665 παράδοσιν
1817 5596 2078 5669 ἄῤῥητον.

678 5682 757 5754 (2)
799 5684 932 5755 Cap.
969 5684 1154 5749 LXVI,
1191 5686 1428 5742 Coteler.
1466 5688 1613 5743 Eccl.
1664 5688 1859 5746 Graec.
1911 5691 2058 5748 Mon.
2117 5689 2184 5749 Τ.

608 5774 674 5831 ΙΙΙ
711 5793 763 5845 p.
796 5777 866 5831 88
896 5794 1007 5849 sq.,
1055 5777 1306 5834 Galland.
1341 5780 1477 5835 Bibl.
1510 5781 1610 5839 PP.
1648 5786 1683 5839 ι.
1718 5784 1754 5838 l.
1796 5800 1848 5854 p.
1876 5785 2003 5840 561.

679 5869 755 5940 (3‘
779 5869 865 5927 Cf.
893 5867 1603 5943 S.llieron.0pp.ed.Migne
1626 5873 1689 5931 T.
1720 5874 1934 5932 lPraef.
1964 5892 2014 5944 p.
2039 5876 2078 5931 L
2097 5896 2178 5954 sq.

2284 4623 2688 4685 festinatione
2720 4618 3029 4698 gradienti
3056 4617 3349 4679 valuisset
3380 4618 3716 4681 obsistere.
3735 4619 3860 4679 Cre-

2290 4726 2400 4788 das
2437 4724 2613 4796 mihi,
2650 4721 2863 4794 frater,
2903 4738 3029 4781 non
3074 4720 3163 4781 sic
3201 4726 3575 4799 tempestate
3616 4720 3863 4781 iactatus

2292 4834 2541 4907 portum
2566 4832 2749 4886 nauta
2772 4826 3148 4903 prospectat,
3184 4837 3311 4881 non
3348 4821 3435 4882 sic
3471 4821 3745 4882 sitientia
3766 4821 3864 4880 im-

2293 4928 2437 4989 bres
2469 4943 2610 4988 arva
2642 4923 3025 4995 desiderant,
3066 4937 3185 4982 nec
3227 4922 3317 4982 sic
3359 4939 3551 4983 curvo
3594 4920 3865 4983 assidens

2294 5028 2485 5091 littori
2518 5027 2698 5089 anxia
2733 5025 2927 5087 ﬁlium
2958 5032 3156 5087 mater
3200 5031 3519 5104 exspectat
3573 5022 3683 5103 (7).
3721 5047 3748 5079 ι)
3788 5020 3865 5082 lbi

2296 5132 2663 5195 alterutrum
2714 5146 2791 5188 ex
2844 5127 3075 5188 nostris
3118 5124 3420 5199 Macariis,
3479 5131 3539 5186 et
3597 5122 3868 5185 fortassis

2295 5231 2549 5314 quidem
2589 5226 3099 5302 Alexandrinum,
3150 5226 3259 5306 qui
3294 5243 3496 5306 prepe
3530 5222 3864 5287 Nitriamin

2295 5349 2508 5395 eremo
2529 5328 2901 5392 Cellularum
2929 5327 3100 5399 vixit,
3126 5326 3392 5404 intelligi
3424 5326 3488 5386 in
3512 5333 3739 5405 aperto
3761 5330 3863 5385 est.

2295 5436 2593 5497 Rufinum
2626 5448 2774 5493 vero
2796 5430 2962 5493 circa
3001 5429 3261 5490 Nitriam
3296 5446 3437 5490 cum
3475 5428 3731 5489 duobus
3750 5426 3866 5487 Ma-

2368 5599 2446 5669 (i)
2472 5596 2558 5653 cr.
2586 5595 2683 5665 Ep.
2716 5594 2803 5648 66.
2836 5592 2924 5646 73.
2951 5591 3038 5645 45.
3068 5590 3155 5644 59.
3196 5589 3286 5643 54.

2366 5692 2444 5761 (5)
2477 5689 2577 5759 Ep.
2607 5688 2699 5752 58,
2730 5684 2789 5741 S.
2815 5684 3044 5737 Hieron.
3072 5680 3212 5751 Opp.
3244 5680 3332 5735 ed.
3365 5680 3401 5733 1.
3427 5678 3489 5733 Τ.
3516 5678 3532 5731 1
3569 5696 3624 5749 p.
3660 5679 3785 5731 581.

2365 5783 2438 5853 (6)
2473 5781 2569 5853 Ep.
2604 5780 2693 5847 73,
2720 5778 2780 5835 S.
2806 5775 3185 5846 Hieron.0pp.
3210 5772 3298 5828 ed.
3328 5774 3363 5825 1.
3390 5771 3454 5826 Τ.
3487 5770 3505 5824 1
3530 5788 3585 5841 p.
3611 5770 3741 5827 694.

2366 5876 2443 5943 (7)
2466 5875 2532 5933 VS.
2573 5872 2797 5931 llieron.
2828 5871 2967 5942 Opp.
3000 5867 3090 5925 ed.
3134 5868 3172 5923 l.
3205 5866 3270 5922 Τ.
3296 5864 3313 5921 I
3340 5883 3393 5939 p.
3418 5864 3521 5921 5'52
3556 5881 3648 5937 sq.
