4040 6544
270 388 364 446 “7

1749 380 1978 439 VlTAE.

268 501 432 568 cariis
465 514 870 576 congressum
912 513 1044 557 esse
1076 496 1528 576 persecutionis
1557 514 1591 558 a
1622 496 1813 558 Lucio
1843 497 1885 555 Α
1915 494 3490 574 HistoriciThucyoidem,Sallustium,Herodotum,

266 605 447 666 factae
488 603 795 677 tempore,
835 614 961 675 quo
1022 596 1281 675 epistola
1340 598 1399 656 S.
1448 593 1816 672 Hieronymi

267 703 480 780 scripta
513 708 625 771 est,
664 698 787 759 iam
826 714 859 758 e
904 697 1111 757 Ruﬁni
1155 698 1630 759 Continuatione
1671 697 1813 757 His-

149 823 155 829 ·
270 803 449 867 toriae
490 799 953 861 Ecclesiasticae
982 798 1227 858 Eusebii
1264 798 1664 877 percepimus
1707 794 1813 877 (1).

338 905 522 963 Porro
564 899 872 961 laudanda
911 906 1004 959 est
1040 897 1304 977 epistola
1351 896 1449 969 22,
1487 898 1565 958 de
1603 907 1813 959 custo-

265 1002 476 1064 dienda
530 1000 876 1077 virginitate
921 998 997 1060 ad
1041 997 1440 1059 Eustachium
1486 997 1814 1074 virginem,

266 1102 474 1164 Paulae
524 1100 944 1164 nobilissimae
971 1096 1133 1179 apud
1160 1099 1477 1158 Romanos
1497 1104 1816 1157 matronae

266 1204 462 1274 tiliam,
480 1219 646 1263 anno
670 1200 782 1261 384
803 1201 1050 1280 scripta.
1074 1200 1225 1261 Eam
1248 1197 1415 1259 enim
1444 1196 1815 1268 admonens,

263 1300 638 1362 utavaritiam
660 1299 904 1371 vitet,S.
926 1300 1347 1375 Hieronymus
1361 1295 1530 1357 addit
1568 1312 1581 1355 :
1608 1319 1636 1349 «
1658 1294 1817 1367 Quid

260 1407 390 1463 ante
419 1416 549 1460 non
577 1400 788 1479 plures
813 1416 1012 1460 annos
1036 1399 1267 1459 Nitriae
1300 1406 1541 1476 gestum
1581 1396 1679 1469 sit,
1712 1413 1817 1457 re-

259 1501 542 1562 feremus.
599 1498 855 1571 Quidam
904 1515 981 1559 ex
1020 1497 1309 1589 fratribus
1349 1496 1597 1575 parcior
1621 1494 1818 1572 magis

258 1618 433 1680 quam
487 1599 749 1673 avarior,
786 1606 847 1659 et
892 1598 1180 1661 nesciens
1224 1597 1472 1675 triginta
1510 1594 1818 1675 argenteis

258 1700 582 1763 Dominum
635 1698 975 1769 venditum,
1034 1703 1287 1758 centum
1350 1693 1608 1768 solidos,
1658 1709 1818 1772 quos

1918 596 2178 657 Livium.
2210 598 2499 657 Oratores
2521 596 2790 675 Lysiam,
2813 597 3103 669 Graecos,
3131 596 3495 658 Demosthe-

1917 717 2083 773 nem,
2113 700 2407 761 Tullium.
2442 701 2514 760 Et
2544 706 2611 761 ut
2640 699 2715 759 ad
2750 706 2959 760 nostra
2988 697 3327 771 veniamus,
3354 699 3492 778 epi-

1918 801 2096 881 SCOpi
2152 808 2213 861 et
2272 801 2617 881 presbyteri
2668 799 2938 861 habeant
2998 798 3062 859 in
3134 797 3493 879 exemplum

1917 898 2250 978 Apostolos
2280 906 2341 960 et
2369 898 2749 979 apostolicos
2777 897 2963 970 viros,
2998 913 3262 976 quorum
3297 894 3498 957 hono-

1917 1014 2049 1059 rem
2079 996 2469 1077 possidentes
2506 997 2736 1059 habere
2779 997 3054 1058 nitantur
3082 1002 3143 1058 et
3176 995 3493 1057 meritum.

1916 1098 2044 1157 Nos
2070 1102 2276 1157 autem
2307 1095 2646 1157 habeamus
2677 1096 2980 1175 prepositi
3022 1095 3219 1157 nostri
3251 1095 3493 1175 princi-

1920 1214 2033 1277 pes
2058 1196 2283 1258 Paulos
2318 1203 2379 1258 et
2418 1197 2742 1270 Antonios,
2789 1196 3085 1269 Iulianos,
3118 1195 3494 1269 Hilariones,

1915 1298 2216 1360 Macarios
2249 1298 2329 1375 (7)
2351 1321 2401 1359 .»
2426 1301 2620 1372 Quem
2652 1297 2959 1359 Iulianum
2992 1298 3174 1370 dicat,
3210 1298 3494 1375 ambigo;

1916 1416 1996 1460 an
2028 1398 2186 1460 forte
2225 1398 2631 1472 Edessenum,
2672 1398 2749 1460 de
2790 1416 2917 1478 quo
2953 1400 3339 1459 Sozomenus
3365 1405 3496 1458 tra-

1918 1500 2007 1561 dit
2062 1498 2187 1583 (8)?
2240 1501 2574 1563 Macarium
2617 1518 2764 1563 vero
2808 1500 3291 1562 Alexandrinum
3318 1499 3499 1560 intel-

1916 1600 2024 1680 ligi
2055 1637 2128 1645 —
2160 1606 2490 1663 numerum
2523 1600 2825 1681 pluralem
2858 1618 2974 1680 pro
2996 1598 3293 1677 singulari
3331 1598 3498 1679 posi-

1918 1708 2049 1763 tum
2087 1719 2223 1763 esse
2253 1708 2479 1782 sponte
2519 1702 2810 1783 liquet—
2834 1719 2907 1764 ex
2967 1700 3130 1775 loco,
3190 1699 3296 1780 qui
3351 1717 3495 1761 cum

258 1800 376 1861 lino
417 1797 693 1861 texendo
726 1796 1118 1877 acquisierat,
1149 1794 1426 1857 moriens
1462 1793 1815 1873 dereliquit.
1849 1840 1893 1899 Β
1921 1809 2135 1864 nostro
2165 1802 2584 1865 conferendus
2621 1809 2735 1875 est,
2777 1809 3080 1882 sequente
3125 1800 3492 1863 conieceris.

255 1901 472 1962 Initum
519 1904 613 1963 est
658 1898 821 1961 inter
848 1896 1190 1959 monachos
1226 1894 1554 1958 consilium
1576 1930 1648 1939 -—
1673 1912 1817 1956 nam

255 2000 315 2061 in
349 1996 576 2060 eodem
621 1996 760 2059 loco
813 1995 1060 2057 circiter
1088 1993 1367 2074 quinque
1400 1992 1589 2054 millia
1609 1991 1820 2052 divisis

254 2097 485 2162 cellulis
534 2096 893 2159 habitabant
921 2130 996 2139 —
1025 2094 1177 2174 quid
1225 2093 1391 2156 facto
1432 2110 1595 2173 Opus
1634 2096 1816 2152 esset.

256 2196 360 2258 Alii
396 2196 783 2276 pauperibus
827 2192 1290 2256 distribuendos
1322 2209 1463 2254 esse
1507 2191 1816 2263 dicebant,

253 2298 347 2359 alii
376 2297 621 2359 dandos
652 2296 973 2370 ecclesiae,
1012 2294 1297 2358 nonnulli
1329 2294 1690 2374 parentibus
1718 2312 1819 2357 re-

254 2397 606 2460 mittendos.
628 2396 929 2458 Macarius
956 2413 1101 2457 vero
1123 2402 1184 2458 et
1218 2396 1449 2457 Pambo
1473 2403 1531 2456 et
1552 2395 1822 2456 Isidorus

255 2505 310 2559 et
332 2497 549 2567 ceteri,
580 2514 740 2576 quos
768 2503 975 2577 patres
993 2503 1243 2569 vocant,
1270 2502 1485 2557 sancto
1514 2495 1579 2557 in
1611 2496 1701 2557 eis
1726 2494 1818 2557 lo-

254 2606 475 2680 quente
518 2597 751 2677 Spiritu
788 2597 1217 2669 decreverunt,
1254 2595 1653 2658 infodiendos
1685 2612 1821 2657 esse

255 2716 385 2760 cum
405 2696 668 2759 domino
694 2714 807 2757 suo
839 2696 1146 2757 dicentes:
1180 2695 1450 2756 Pecunia
1486 2702 1593 2755 tua
1613 2700 1821 2755 tecum

254 2799 326 2859 sit
367 2798 430 2858 in
473 2796 920 2877 perditionem.
962 2797 1088 2857 Nec
1135 2794 1252 2856 hoc
1296 2793 1630 2855 crudeliter
1656 2794 1825 2872 quis-

255 2916 430 2978 quam
460 2903 642 2978 putct
678 2896 908 2958 factum
931 2901 1166 2956 :tantus
1196 2902 1457 2956 cunctos
1489 2911 1601 2973 per
1628 2902 1823 2955 totam

253 3004 597 3078 Aegyptum
645 3003 845 3059 terror
895 2995 1140 3069 invasit,
1200 3001 1269 3055 ut
1312 3012 1506 3055 unum
1554 2993 1821 3055 solidum

253 3101 555 3161 dimisisse
577 3098 653 3159 sit
681 3097 958 3159 criminis
992 3096 1096 3176 (2).
1122 3120 1149 3151 »
1179 3096 1514 3157 Macarium
1562 3095 1823 3157 Alexan-

253 3198 493 3259 drinum
532 3195 905 3257 Cellularum
948 3197 1381 3273 presbyterum
1424 3194 1523 3256 hic
1558 3194 1820 3273 intelligi
1847 3178 1889 3232 C

252 3305 525 3380 apparet.
554 3299 705 3357 Nam
732 3297 796 3357 in
829 3303 1043 3357 monte
1072 3296 1302 3357 Nitriae
1322 3296 1556 3357 Pambo
1586 3295 1824 3357 habita-

251 3399 332 3459 vit
386 3398 487 3476 (3).
534 3396 810 3458 Isidorus
862 3395 1083 3458 cellam
1142 3393 1359 3456 habuit
1397 3394 1505 3473 (4).
1536 3395 1821 3474 Quinque

252 3513 389 3558 vero
414 3495 613 3557 millia
632 3494 1084 3556 monachorum
1112 3501 1390 3555 montem
1422 3494 1599 3556 illum
1627 3496 1825 3557 Cellu-

250 3596 458 3674 lasque
482 3594 829 3656 incoluisse
853 3596 1083 3675 pariter
1128 3595 1439 3657 Palladius
1481 3596 1817 3678 retulit(5).

254 3697 405 3769 124
429 3697 724 3757 Ceterum
744 3694 911 3756 idem
933 3694 1011 3756 de
1040 3694 1273 3757 Nitriae
1303 3695 1614 3758 monacho
1635 3714 1819 3760 avaro

250 3792 309 3853 in
340 3795 460 3855 VV.
484 3796 607 3855 PP.
627 3796 841 3856 Rosw.
865 3793 1024 3855 libro
1048 3794 1232 3856 tertio
1262 3795 1524 3857 traditur
1554 3795 1662 3874 (6).

322 3894 519 3958 Etiam
556 3895 621 3956 in
646 3893 911 3975 epistola
943 3892 1042 3967 58,
1074 3894 1237 3956 circa
1268 3911 1502 3956 annum
1533 3894 1647 3956 395
1674 3913 1823 3959 con-

249 3994 492 4076 scripta,
541 3996 843 4058 Macarios
891 3997 954 4056 S.
1004 3995 1425 4074 Hieronymus
1464 4004 1665 4059 vocat.
1703 3999 1821 4060 Ubi

249 4094 395 4175 legis
418 4115 432 4157 :
458 4120 487 4152 α
519 4097 631 4158 Sin
657 4103 864 4159 autem
886 4096 1065 4176 cupis
1080 4113 1216 4158 esse
1238 4097 1405 4176 quod
1431 4098 1822 4173 diceris,mo-

248 4197 502 4273 nachus,
523 4198 593 4259 id
640 4204 733 4259 est
780 4197 975 4271 solus,
1010 4197 1162 4277 quid
1207 4196 1361 4259 facis
1412 4198 1477 4258 in
1535 4199 1816 4274 urbibus,

247 4316 400 4377 quae
430 4298 658 4377 utique
699 4315 829 4360 non
852 4303 996 4359 sunt
1016 4296 1293 4359 solorum
1315 4296 1686 4371 habitacula,
1710 4300 1818 4361 sed

246 4397 585 4460 multorum
609 4395 640 4459 Ἰ
664 4399 865 4459 Habet
892 4398 1394 4477 unumquodque
1425 4401 1816 4478 prepositum

1996 1902 2241 1964 Etenim
2275 1903 2497 1965 eodem
2523 1920 2776 1983 prorsus
2797 1903 3058 1964 modoS.
3077 1902 3500 1979 Hieronymus

1918 2003 2250 2064 Macarium
2264 2003 2327 2063 in
2346 2002 2604 2083 epistola
2624 2001 2926 2076 108,anno
2944 2001 3054 2062 404
3068 2001 3492 2081 scripta,citat.

1919 2103 2011 2165 Ibi
2041 2122 2235 2183 quum
2260 2105 2444 2165 vitam
2467 2104 2691 2166 Paulae
2723 2110 3091 2171 enarrasset.
3117 2103 3379 2182 eiusque
3400 2102 3498 2162 iti-

1922 2218 2072 2263 nera
2094 2203 2195 2282 pia
2214 2210 2501 2265 accurate
2523 2203 2974 2283 descripsisset,
2998 2202 3254 2263 Nitriam
3272 2200 3496 2281 appel-

1922 2302 2059 2365 lata
2094 2304 2396 2384 oppidum
2428 2305 2695 2379 Domini,
2728 2306 2794 2366 in
2835 2322 2962 2385 quo
3003 2304 3337 2384 purissimo
3372 2306 3494 2366 vir-

1921 2410 2121 2466 tutum
2145 2406 2307 2467 nitro
2338 2405 2555 2467 sordes
2585 2406 2865 2467 lavantur
2884 2405 3165 2485 quotidie
3188 2404 3493 2484 plurimo-

1924 2522 2086 2567 rum.
2142 2506 2318 2579 Quod
2370 2524 2511 2569 cum
2545 2506 2776 2583 [Paula]
2826 2507 3101 2579 vidisset,
3129 2514 3498 2569 occurrente

1924 2605 2041 2667 sibi
2066 2612 2277 2668 sancto
2301 2614 2361 2668 et
2390 2608 2726 2669 venerabili
2760 2608 3061 2687 epiSCOpo
3088 2607 3329 2669 Isidoro
3351 2625 3502 2669 con-

1921 2702 2161 2765 fessore
2207 2712 2266 2766 et
2310 2705 2509 2766 turbis
2547 2706 3106 2768 innumerabilibus
3146 2707 3496 2769 monacho-

1924 2821 2084 2876 rum,
2115 2820 2190 2865 ex
2217 2805 2442 2884 quibus
2464 2806 2690 2867 multos
2715 2807 3112 2869 sacerdotalis
3134 2817 3194 2869 et
3218 2809 3498 2871 leviticus

1923 2902 2294 2966 sublimabat
2332 2905 2580 2984 gradus,
2606 2906 2947 2969 laetabatur
2975 2909 3228 2987 quidem
3260 2910 3335 2971 ad
3358 2909 3494 2986 gio-

1923 3003 2076 3064 riam
2120 3006 2387 3080 Domini,
2428 3007 2536 3067 sed
2589 3023 2656 3068 se
2695 3008 3014 3085 indignam
3050 3017 3221 3071 tanto
3252 3009 3496 3072 honore

1922 3102 2253 3167 fatebatur.
2296 3107 2453 3179 Quid
2494 3125 2649 3185 ergo
2686 3126 2929 3169 narrem
2960 3110 3279 3183 Macarios,
3312 3114 3496 3172 Arse-

1922 3205 2086 3281 nios,
2108 3209 2479 3288 Serapionas
2502 3216 2561 3270 et
2588 3210 2826 3289 reliqua
2856 3210 3288 3273 columnarum
3322 3212 3491 3273 Chri-

1922 3306 1998 3367 sti
2019 3308 2266 3369 nomina
2288 3306 2316 3369 Ῥ
2339 3309 2523 3370 Cuius
2553 3326 2679 3370 non
2716 3310 2959 3371 intravit
2990 3318 3144 3388 125
3168 3310 3498 3373 cellulam?

1922 3409 2194 3481 Quorum
2226 3408 2491 3488 pedibus
2520 3426 2645 3470 non
2674 3410 2960 3473 advoluta
3024 3419 3117 3474 est
3165 3410 3287 3492 (9)?
3312 3438 3338 3468 »
3382 3413 3497 3475 Hic

1924 3511 2176 3591 quidem
2205 3512 2537 3574 Macarium
2560 3511 3064 3587 Alexandrinum,
3104 3512 3336 3574 clarum
3369 3512 3499 3575 Cel-

1922 3612 2185 3673 lularum
2220 3612 2653 3691 presbyterum
2689 3619 2749 3674 et
2778 3613 2841 3673 in
2873 3613 3098 3674 Nitriae
3124 3620 3333 3674 monte
3364 3614 3493 3676 cel-

1920 3711 2043 3773 lam
2078 3710 2408 3773 habentem
2443 3711 2644 3783 innui,
2667 3710 3000 3772 verisimile
3036 3718 3148 3771 est.
3180 3712 3358 3772 Unde
3386 3730 3495 3772 su-

1922 3830 2057 3893 pra,
2091 3829 2284 3891 quum
2311 3812 2533 3872 eodem
2587 3811 2776 3872 modo
2831 3811 3180 3883 inducatur,
3223 3812 3496 3873 eundem

1921 3914 2107 3995 plane
2142 3912 2476 3974 Macarium
2513 3912 2995 3973 Alexandrinum
3036 3911 3299 3990 intelligi
3328 3912 3494 3975 haud

1921 4020 2154 4074 temere
2186 4011 2442 4073 dixeris.

1997 4112 2363 4174 Prodendus
2391 4112 2665 4192 denique
2696 4120 2787 4173 est
2816 4111 3071 4173 ultimus
3101 4114 3160 4172 S.
3182 4112 3494 4191 Hierony-

1920 4213 2004 4273 mi
2057 4212 2233 4275 locus
2289 4212 2366 4274 de
2414 4214 2730 4286 Macariis;
2790 4230 2933 4275 nam
2999 4214 3299 4275 Macarius
3354 4214 3493 4287 iste,

1920 4329 2108 4391 quem
2145 4312 2207 4373 in
2232 4313 2552 4392 epitaphio
2582 4313 2904 4375 Marcellae
2938 4314 3155 4375 viduae
3182 4314 3242 4373 S.
3267 4314 3492 4375 Hiero-

1920 4431 2143 4492 nymus
2163 4420 2341 4475 vocat
2373 4413 2518 4493 (10),
2542 4422 2603 4476 et
2640 4415 2903 4476 Ruﬁnus
2928 4415 2990 4475 in
3016 4413 3400 4505 praefatione
3430 4414 3492 4474 in

246 4498 564 4579 principes
598 4516 767 4561 suos.
809 4498 1076 4561 Romani
1121 4498 1312 4560 duces
1355 4500 1675 4560 imitentur
1702 4502 1813 4561 Ca-

1919 4513 2197 4589 Origenis
2213 4512 2405 4575 libros
2426 4520 2559 4587 Περὶ
2578 4519 2758 4590 ἀρχῶν
2783 4514 3061 4593 (11),net-,
3089 4532 3213 4573 non
3231 4513 3294 4573 in
3320 4498 3488 4592 Apo-

245 4598 468 4674 millos,
490 4599 828 4672 Fabricios,
848 4599 1143 4677 Regulos,
1168 4598 1513 4679 Scipiones.
1539 4601 1817 4664 Philoso-

245 4695 347 4774 phi
406 4703 771 4777 proponant
816 4698 934 4758 sibi
978 4697 1415 4776 Pythagoram,
1471 4699 1810 4775 Socratem,

245 4793 587 4863 Platonem,
604 4794 1015 4857 Aristotelem.
1032 4797 1258 4856 Poetae
1281 4794 1672 4857 aemulentur
1687 4799 1814 4861 IIo-

243 4910 505 4970 merum,
545 4894 893 4973 Virgilium,
947 4894 1375 4967 Menandrum,
1423 4896 1806 4961 Terentium.

307 5037 384 5108 (l)
413 5038 485 5092 Cf
539 5054 702 5109 supra
733 5036 759 5108 §
788 5036 820 5090 6
850 5053 901 5106 p.
931 5036 1016 5090 16.
1048 5034 1122 5089 cf.
1154 5035 1296 5089 inl'ra
1331 5035 1480 5107 ςμε.

308 5130 384 5198 (2)
416 5128 476 5183 S.
523 5129 749 5183 Hieron.
774 5128 913 5198 Opp.
941 5128 1027 5182 ed.
1059 5128 1095 5180 l.
1125 5126 1187 5181 T.
1219 5126 1239 5181 Ι
1272 5143 1326 5196 p.
1347 5127 1453 5180 418
1482 5142 1569 5195 sq.

305 5221 380 5289 (5)
410 5221 556 5275 Hist.
586 5219 750 5275 Laus.
796 5219 886 5277 ed.
929 5218 1131 5273 Meurs.
1171 5232 1294 5288 cap.
1339 5216 1406 5272 12
1437 5218 1573 5287 Opp.
1603 5219 1809 5276 Meurs.

242 5311 277 5366 I.
299 5313 335 5365 l.
367 5328 421 5381 p.
454 5312 583 5366 3'75.

304 5405 376 5475 (4)
404 5404 548 5459 Ibid.
578 5420 699 5473 cap.
728 5404 751 5456 1
782 5418 835 5475 p.
867 5404 987 5458 548.

304 5495 380 5564 (5)
410 5494 552 5549 Ibid.
574 5511 693 5565 cap.
722 5496 754 5550 8
780 5512 829 5566 p.
859 5496 984 5549 56!.

306 5588 380 5657 (ti)
404 5587 521 5641 vv.
553 5586 653 5641 rp.
684 5590 865 5643 Rosw.
892 5588 984 5642 lib.
1013 5586 1078 5639 lll
1112 5604 1232 5655 cap.
1262 5587 1367 5641 219
1401 5603 1454 5657 p.
1488 5588 1614 5655 εδδ,
1647 5589 1698 5644 1.

302 5680 378 5748 (7)
412 5681 473 5734 S.
509 5679 730 5734 Hieron.
760 5680 898 5749 Opp.
923 5681 1010 5734 ed.
1038 5681 1074 5733 l.
1098 5681 1163 5733 Τ.
1192 5678 1206 5731 Ι
1242 5696 1291 5749 ρ.
1318 5681 1442 5735 585.

306 5772 381 5839 (8)
417 5769 639 5826 Sozom.
677 5771 817 5827 Hist.
850 5772 997 5826 Eccl.
1041 5773 1137 5826 lib.
1174 5770 1241 5825 lll
1282 5788 1404 5841 cap.
1453 5772 1519 5825 Η
1560 5771 1645 5827 ed.
1678 5772 1714 5826 l.
1748 5788 1800 5841 p.

241 5862 359 5919 520.
413 5866 750 5920 Edesscnum
800 5864 906 5919 dici
946 5865 1226 5921 existimat
1270 5860 1653 5917 Tillemoutius
1698 5861 1808 5917 Mii-

1921 4612 2102 4692 logiis
2139 4614 2503 4689 [lnvectivis]
2552 4613 2759 4675 laudat
2805 4613 2952 4692 (12),
2987 4614 3330 4691 Origenista
3360 4616 3490 4673 Ru-

1922 4715 2157 4795 ﬁnique
2192 4714 2533 4794 discipulus
2562 4714 2695 4775 fuit.
2740 4716 2911 4776 Unus
2942 4715 3129 4792 igitur
3171 4714 3341 4776 locus
3388 4730 3490 4774 re-

1916 4822 2055 4888 stat,
2099 4834 2287 4896 quem
2316 4816 2691 4877 dit'ﬁcultatis
2721 4816 3060 4895 quidquam
3108 4815 3339 4876 habere
3369 4815 3491 4875 iam

1915 4935 2104 4997 supra
2136 4917 2497 4979 monuimus
2532 4916 2677 4995 (13),
2712 4916 2937 4995 hisque
2969 4917 3320 4993 concipitur
3350 4932 3488 4974 ver-

1924 5056 2126 5110 moires
2154 5054 2217 5110 Τ.
2256 5054 2343 5108 \‘ll
2372 5054 2429 5107 P.
2472 5055 2537 5108 lll
2562 5072 2612 5124 p.
2642 5056 2777 5108 101⁵1
2800 5071 2921 5123 sqq.
2950 5054 3129 5107 Alium
3159 5054 3383 5108 innuero
3412 5054 3489 5108 vi-

1916 5149 2115 5203 dentur
2143 5147 2287 5201 docti
2321 5147 2560 5201 editores
2583 5146 2717 5217 Opp.
2750 5146 2806 5200 S.
2838 5147 3057 5201 Hieron.
3087 5147 3152 5200 ad
3194 5146 3248 5198 h.
3278 5148 3312 5199 l.

1985 5240 2060 5308 (9)
2098 5237 2154 5292 S.
2187 5237 2404 5292 Hieron.
2436 5238 2573 5307 Opp.
2608 5241 2694 5291 ed.
2722 5237 2759 5289 l.
2787 5236 2849 5290 Τ.
2884 5237 2897 5287 l
2937 5252 2987 5305 p.
3013 5236 3137 5290 890.

1982 5330 2093 5399 (10)
2136 5331 2193 5384 S.
2229 5330 2452 5385 llieron.
2482 5331 2621 5398 Opp.
2641 5329 2728 5383 ed.
2751 5327 2949 5381 llened.
2980 5326 3042 5380 Τ.
3070 5324 3134 5377 IV
3160 5321 3271 5377 Νι
3306 5325 3489 5393 p.782.

1977 5424 2085 5492 (Η)
2114 5423 2207 5490 Ep.
2235 5424 2326 5485 80,
2346 5424 2403 5476 S.
2424 5422 2645 5476 Hieron.
2664 5422 2797 5490 Opp.
2825 5422 2915 5476 ed.
2938 5420 3111 5490 Migne
3136 5419 3197 5474 Τ.
3228 5418 3245 5471 l
3280 5436 3331 5487 p.
3367 5421 3488 5475 755.

1979 5515 2092 5582 (12)
2124 5516 2305 5569 Ruﬁni
2339 5515 2496 5585 Apol.
2531 5512 2853 5585 [lnvectiva]
2889 5515 2941 5566 in
2989 5514 3045 5566 ὃ.
3100 5511 3486 5582 Hieronymqu

1905 5606 2000 5660 lib.
2044 5605 2203 5671 lcap.
2241 5607 2329 5667 Η.
2368 5606 2506 5675 Opp.
2550 5605 2638 5659 ed.
2674 5603 2904 5657 Vallarsi
2939 5620 2990 5673 p.
3035 5604 3171 5661 516.
3217 5601 3394 5671 Migue
3429 5618 3485 5673 ι).

1908 5699 2050 5761 5ι8;
2094 5696 2153 5751 S.
2195 5697 2415 5753 llieroa.
2452 5696 2588 5768 Opp.
2635 5697 2722 5752 ed.
2769 5696 2968 5759 Bencd,
3006 5695 3039 5749 Ι.
3072 5696 3107 5750 l.
3152 5710 3204 5764 p.
3250 5694 3373 5751 560.

1983 5791 2097 5861 (15)
2125 5790 2208 5846 Cf.
2238 5807 2290 5861 p.
2325 5790 2415 5845 55.
