4040 6598
540 396 645 449 H9

1376 396 1477 452 SS.
1520 396 1982 453 MACARIORUM
2023 398 2342 454 AECYPTH
2378 401 2463 456 ET
2492 402 2956 457 ALEXANDRINI
3676 402 3775 459 :20

523 504 620 565 bis
650 522 667 565 :
705 526 734 562 ι
764 507 1013 567 Amatas
1032 521 1191 566 vero
1214 512 1277 565 et
1315 502 1617 566 Macarius
1647 505 1937 586 discipuli
1968 511 2095 568 Au-
2127 515 2173 570 A
2198 508 2461 572 fortasse
2491 517 2598 572 aut
2627 510 2749 572 alio
2778 511 2999 591 quovis
3028 512 3278 573 Antonii
3298 511 3604 592 discipulo
3624 529 3775 575 con-

527 603 710 679 tonii,
734 621 769 667 e
790 605 1017 684 quibus
1041 604 1329 683 superior
1343 604 1618 681 magistri
1648 620 1882 683 corpus
1911 622 2099 684 sepe-

530 704 682 779 livit,
712 706 896 769 etiam
934 723 1101 767 nunc
1132 705 1458 778 aﬂirmant,
1489 705 1747 767 Paulum
1786 706 2103 785 quendam

528 806 890 867 Thebaeum
924 806 1273 886 principem
1302 804 1480 865 istius
1522 805 1612 865 rei
1658 805 1839 881 [vitae
1877 822 2101 867 mona—

528 904 995 981 chicacifuisse,
1028 920 1157 965 non
1189 902 1492 972 nominis;
1525 920 1713 980 quam
1735 903 2106 982 Opinionem

526 1022 646 1067 nos
673 1021 929 1084 quoque
960 1002 1299 1082 probamus
1339 1000 1445 1080 (1).
1474 1024 1503 1057 ιο
1524 1001 1789 1063 Eosdem
1821 1002 2101 1081 discipu-

522 1104 625 1165 los
680 1104 865 1166 ambo
923 1100 1285 1182 sepelivisse
1337 1102 1675 1164 Antonium
1719 1101 1986 1179 legimus
2037 1102 2107 1165 in

522 1204 799 1267 Historia
819 1204 1112 1265 Lausiaca
1151 1202 1257 1284 (2),
1299 1202 1492 1265 multo
1512 1212 1653 1283 post
1666 1203 1850 1264 vitam
1872 1204 1933 1263 S.
1954 1205 2111 1265 Pau-

531 1304 597 1375 li,
622 1306 687 1367 in
711 1323 837 1384 qua
854 1306 1044 1367 verba
1064 1304 1169 1367 illa
1198 1305 1527 1378 habentur,
1569 1305 1732 1367 edita
1779 1305 1887 1384 (3).
1908 1307 2111 1378 Quan-

534 1424 723 1485 quam
755 1407 823 1468 in
857 1407 1099 1468 duabus
1130 1406 1408 1468 eiusdem
1444 1408 1505 1466 S.
1536 1406 1709 1467 Pauli
1735 1406 1974 1483 graecis
2014 1405 2107 1466 vi-

534 1511 634 1579 tis,
658 1526 814 1587 quas
842 1508 920 1569 ab
950 1507 1436 1586 Hieronymiana
1467 1505 1779 1586 profectas
1807 1522 1943 1567 esse
1971 1520 2114 1585 pro-

537 1606 844 1677 babimus,
878 1610 1132 1669 Amatae
1162 1612 1224 1668 et
1250 1606 1498 1668 Macarii
1526 1605 1854 1667 nominum
1875 1606 2112 1669 mentio

544 1726 671 1769 non
694 1709 779 1769 ﬁt.
800 1710 1089 1770 Erasmus
1108 1707 1363 1787 quidem
1390 1708 1652 1780 monuit,
1684 1707 1846 1769 vitae
1876 1709 1937 1769 S.
1960 1709 2116 1771 Pau-

2205 608 2474 683 cinnata,
2505 609 2614 688 qui
2632 609 2776 671 ideo
2797 610 3138 689 scripserit,
3173 613 3448 671 Amatam
3484 618 3543 671 et
3571 612 3775 673 Maca-

2204 706 2363 769 rium
2418 708 2767 768 etiamnunc
2822 710 3085 769 Paulum
3130 709 3404 789 primum
3454 710 3778 772 eremitam

2205 808 2591 885 praedicare.
2634 808 2757 870 Sed
2798 826 3039 884 vereor,
3072 827 3151 872 ne
3178 810 3293 872 viri
3323 809 3490 873 docti
3528 827 3778 872 errave-

2206 906 2352 968 rint.
2390 909 2544 969 Nam
2565 906 2669 969 illa
2698 908 2884 969 verba
2904 908 2967 969 in
2992 926 3216 987 graeco
3246 910 3475 987 legeris
3500 916 3777 990 Oportet-

2204 1019 2281 1083 ὡς
2308 1020 2469 1084 αὑτός
2505 1037 2593 1090 μοι
2623 1020 2944 1091 διηγήσατο,
2976 1026 3091 1089 pro
3123 1010 3352 1090 quibus
3378 1011 3441 1071 S.
3463 1010 3780 1088 Hierony-

2208 1125 2348 1169 mus
2365 1108 2551 1170 habet
2582 1126 2596 1169 :
2627 1132 2656 1165 α
2680 1114 2751 1170 ut
2780 1108 2915 1189 ipse
2944 1124 3223 1170 asserere
3261 1107 3522 1171 solebat.
3562 1130 3593 1163 ι
3634 1108 3785 1180 Quis

2206 1206 2397 1284 igitur
2424 1223 2551 1268 non
2571 1207 2803 1281 credat,
2825 1207 2894 1268 in
2921 1207 3138 1269 codice
3167 1222 3413 1285 graeco,
3440 1206 3787 1269 editoribus

2208 1306 2962 1388 testibus,mendis,quae
3007 1325 3089 1369 ne
3118 1308 3238 1388 ipsi
3282 1309 3536 1388 quidem
3573 1309 3787 1372 omnia

2213 1414 2651 1487 expunxerunt
2732 1409 2799 1470 in
2868 1409 3155 1471 versione
3208 1426 3320 1470 sua
3373 1408 3482 1487 (8),
3536 1416 3785 1471 scaten-

2211 1514 2273 1568 tc
2314 1507 2422 1587 (9),
2444 1526 2561 1588 pro
2596 1535 2683 1588 μοι
2728 1508 3065 1588 legendum
3096 1527 3233 1572 esse
3268 1512 3393 1591 μένι
3428 1513 3559 1585 Quo
3579 1512 3789 1593 posito

2213 1608 2365 1670 nihil
2390 1608 2671 1688 profecto
2706 1616 3014 1689 superest,
3049 1628 3161 1673 cur
3180 1629 3317 1673 eam
3343 1612 3787 1692 Hieronymia-

2216 1723 2296 1769 na
2369 1707 2788 1787 antiquiorem
2846 1709 3100 1771 dixeris.
3172 1710 3441 1773 Alteram
3502 1728 3792 1789 graecam

540 1810 582 1870 li
613 1810 990 1890 exemplaria
1008 1812 1093 1873 ita
1117 1812 1281 1872 inter
1296 1827 1366 1872 se
1395 1809 1859 1891 discrepare,ut
1886 1811 1947 1871 S.
1969 1810 2116 1873 Hie—
2151 1847 2191 1902 Β
2220 1810 2281 1869 S.
2327 1809 2500 1871 Pauli
2521 1810 2730 1883 vitam,
2762 1810 3047 1873 Bavarica
3079 1811 3184 1874 illa
3226 1818 3286 1874 et
3308 1812 3445 1891 ipsa
3472 1814 3792 1892 Hierony-

538 1929 839 1990 ronymus
865 1913 1004 1993 ipse
1032 1912 1200 1975 idem
1226 1919 1665 1991 argumentum
1696 1913 1947 1993 saepius
1975 1912 2111 1975 aliis
2215 1905 2422 1969 miana
2455 1906 2954 1988 locupletiorem.
2996 1909 3107 1971 sed
3154 1910 3233 1972 ab
3276 1911 3794 1991 Hieronymiana.

537 2013 742 2074 verbis
769 2018 1063 2075 tractasse
1082 2018 1187 2075 aut
1215 2012 1372 2074 alius
1404 2012 1525 2075 hoc
1544 2012 1778 2075 fecisse
1806 2014 2109 2076 videatur.

540 2118 674 2188 Quo
724 2113 890 2177 facto
927 2114 1385 2176 Centuriatores
1425 2114 1993 2194 Magdeburgenses
2036 2133 2113 2179 eo

541 2214 904 2278 temeritatis
976 2216 1292 2296 progressi
1348 2222 1517 2289 sunt,
1574 2222 1643 2278 ut
1702 2217 1888 2279 vitam
1945 2218 2116 2280 illam

543 2322 969 2379 commentum
991 2316 1327 2379 exercendi
1356 2317 1594 2395 ingenii
1622 2334 1832 2393 causa,
1850 2336 1981 2381 non
2013 2336 2115 2381 se-

545 2420 639 2481 rio
659 2436 694 2480 a
722 2420 784 2479 S.
807 2419 1193 2498 Hieronymo
1223 2419 1651 2499 conscriptum
1704 2420 1973 2483 dixerint
2009 2420 2114 2502 (4).

549 2519 710 2590 126
751 2516 873 2579 Sed
917 2518 1287 2582 Rosweidus
1342 2520 1507 2583 bene
1544 2520 1995 2597 animadvertit,
2051 2538 2120 2584 se

547 2616 805 2693 quidem
832 2626 1066 2681 tantam
1096 2620 1454 2682 varietatem
1484 2638 1614 2684 non
1644 2621 1961 2686 invenisse
2007 2622 2118 2705 (5),

546 2711 717 2772 idem
746 2714 917 2793 quod
960 2720 1021 2776 et
1070 2715 1409 2778 Bollandus
1446 2723 1635 2798 atque
1682 2721 2122 2785 Henschenius

551 2827 628 2869 cx
670 2819 913 2892 septem
954 2819 1175 2877 octove
1213 2814 1477 2878 aliorum
1517 2818 1805 2881 codicum
1840 2827 2122 2884 veterum

552 2910 675 2973 ﬁde
727 2923 1127 2977 asseruerunt
1169 2916 1276 2996 (6),
1318 2925 1380 2980 et
1415 2918 1538 2998 ipsi
1588 2921 1950 2984 examinatis
1978 2922 2123 3003 qui-

553 3014 810 3078 busdam
886 3017 1209 3081 codicibus
1268 3022 1773 3100 comprobamus.
1851 3024 2125 3086 Graecae

554 3131 702 3177 vero
737 3115 899 3178 duae
928 3118 989 3178 S.
1026 3118 1197 3179 Pauli
1227 3119 1385 3181 vitae
1416 3119 1606 3183 modo
1636 3138 1781 3183 cum
1809 3122 2122 3202 Hierony-

2217 2014 2287 2069 ut
2331 2006 2511 2069 facile
2557 2007 2785 2083 elucet,
2837 2009 3204 2089 profectam,
3263 2010 3330 2072 in
3384 2012 3602 2076 codice
3650 2013 3798 2075 Cae-

2220 2126 2398 2173 sareo
2427 2110 2898 2173 Vindobonensi
2928 2111 3049 2191 ipsi
3073 2110 3376 2174 adivimus
3400 2112 3544 2192 (10),
3566 2115 3635 2177 in
3666 2133 3800 2196 quo

2222 2209 2399 2273 locus
2426 2210 2531 2273 ille
2551 2213 2631 2274 de
2653 2214 2713 2274 S.
2736 2212 2986 2275 Antonii
3010 2215 3169 2287 12']
3191 2213 3512 2295 discipulis
3539 2215 3639 2279 his
3656 2234 3798 2281 ver-

2222 2309 2318 2370 bis
2339 2326 2405 2371 se
2435 2310 2655 2372 otl‘ert:
2710 2321 2997 2376 Ἀντωνίου
3043 2321 3152 2393 γὰρ
3188 2321 3270 2376 ἔτι
3313 2322 3409 2376 καὶ
3450 2324 3697 2396 σήμερον
3748 2324 3798 2379 οι

2225 2422 2477 2493 φοιτηταὶ
2509 2423 2809 2494 περιόντες,
2826 2424 2915 2494 ὑφ’
2936 2416 3011 2478 ὧν
3040 2425 3247 2488 ἐκεῖνος
3270 2425 3365 2479 καὶ
3385 2426 3556 2495 τάφου
3582 2425 3798 2497 ἔτυχεν,

2225 2528 2380 2581 αὐτοὶ
2434 2526 2773 2599 βεϐαιοῦσιν,
2818 2529 3030 2585 Παῦλόν
3073 2548 3194 2584 τινα
3248 2530 3505 2607 Θηϐαῖον⁹
3536 2549 3593 2586 κ.
3651 2549 3707 2585 τ.
3748 2530 3797 2585 λ.

2227 2618 2426 2691 Quare
2446 2619 2582 2683 iure
2603 2620 2872 2696 dubites,
2890 2639 2969 2684 an
2988 2621 3247 2684 omnino
3263 2621 3520 2684 nomina
3546 2625 3801 2684 Amatae

2228 2725 2291 2780 et
2324 2720 2595 2795 Macarii,
2622 2721 3071 2802 discipulorum
3112 2722 3175 2783 S.
3207 2721 3482 2797 Antonii,
3512 2720 3805 2801 primitus

2226 2818 2292 2881 in
2313 2825 2483 2881 textu
2516 2822 2575 2881 S.
2602 2821 2967 2902 Hieronymi
2998 2823 3365 2886 exstiterint.

2307 2919 2885 3001 Quomodocunque
2915 2940 3062 2984 vero
3090 2921 3153 2983 id
3182 2938 3251 2983 se
3282 2921 3492 2996 habet,
3521 2924 3802 2983 Amatam

2229 3024 2293 3079 et
2338 3020 2673 3082 Macarium
2723 3021 3002 3099 insignes
3048 3022 3111 3082 S.
3163 3020 3416 3083 Antonii
3459 3018 3806 3101 discipulos

2231 3118 2444 3194 fuisse,
2481 3138 2607 3183 non
2651 3122 2855 3184 solum
2886 3140 2963 3184 ex
3007 3122 3306 3197 Palladio,
3354 3121 3465 3185 sed
3502 3121 3693 3184 etiam
3732 3136 3804 3183 ex

550 3216 761 3278 miana
812 3218 1176 3292 concinunt,
1235 3218 1426 3283 modo
1485 3221 1564 3283 ab
1613 3239 1685 3284 ea
1746 3223 2124 3305 discrepant,
2153 3213 2196 3271 C
2229 3222 2291 3282 S.
2324 3221 2694 3301 Hieronymi
2733 3221 3040 3284 Chronico
3076 3228 3342 3295 constat,
3372 3221 3440 3283 in
3479 3236 3607 3300 quo
3638 3220 3722 3281 ad
3748 3236 3803 3282 a.

557 3315 857 3395 ipsaeque
884 3318 1048 3380 inter
1078 3336 1145 3381 se
1178 3336 1433 3399 perraro
1454 3322 1855 3385 conveniunt.
1877 3326 1966 3385 Ex
1994 3326 2132 3405 qui-

556 3415 676 3477 bus
706 3416 898 3478 altera
924 3417 1227 3480 Bollando
1259 3424 1320 3481 et
1348 3420 1773 3497 Henschenio,
1805 3423 1912 3502 qui
1934 3441 2071 3487 eam
2094 3442 2130 3487 e

560 3515 780 3578 codice
825 3518 1118 3581 Bavarico
1158 3536 1384 3598 graeco
1442 3538 1745 3601 perquam
1804 3524 2027 3587 vitioso
2063 3525 2126 3587 in

560 3613 822 3676 latinum
852 3632 1208 3676 sermonem
1246 3633 1608 3678 conversam
1655 3617 2002 3692 ediderunt,
2049 3618 2132 3680 ob

564 3714 749 3777 verba
770 3732 931 3795 quae
966 3717 1282 3779 continet:
1322 3740 1349 3773 α
1380 3724 1448 3779 ut
1476 3718 1743 3797 ipsemet
1779 3717 2129 3802 (Antonius)

564 3814 719 3876 mihi
772 3816 1041 3878 narravit
1085 3816 1237 3896 (7),»
1301 3817 1789 3897 Hieronymiana
1810 3819 1984 3881 Pauli
2010 3820 2133 3882 vita

563 3914 880 3996 antiquior
908 3916 1037 3979 visa
1065 3922 1179 3991 est,
1204 3922 1267 3979 et
1291 3917 1369 3979 ab
1388 3917 1527 3997 ipso
1546 3922 1762 3982 Amata
1787 3919 2133 3983 Macariove

644 4206 717 4277 (l)
753 4204 811 4262 S.
838 4206 1060 4263 Hieron.
1088 4206 1224 4278 Opp.
1250 4207 1338 4263 ed.
1368 4206 1568 4264 Bened.
1596 4206 1662 4264 Τ.
1688 4207 1753 4262 ιν
1776 4207 1838 4265 P.
1873 4206 1918 4262 ll
1952 4224 2005 4278 p.
2049 4207 2138 4264 69.

641 4299 723 4368 (2)
747 4299 833 4353 Cl.
869 4315 1032 4370 supra
1057 4316 1109 4370 p.
1138 4301 1256 4356 107.

645 4393 722 4461 (5)
756 4392 813 4445 S.
844 4391 1161 4463 Hieronymi
1198 4393 1365 4446 vitam
1396 4390 1454 4447 S.
1488 4389 1644 4446 Pauli
1678 4392 1840 4462 primi
1884 4391 2144 4447 eremitae

569 4483 810 4540 editores
839 4482 1173 4538 Beuedictini
1200 4484 1349 4538 circa
1376 4499 1427 4538 a.
1460 4483 1566 4538 565
1589 4483 1854 4552 scriptam
1881 4498 2005 4537 esse.
2030 4482 2145 4536 exi-

573 4578 819 4631 stimant.
851 4576 938 4631 Ci.
974 4575 1035 4630 S.
1072 4575 1297 4631 Hieron.
1326 4575 1464 4647 Opp.
1501 4574 1587 4630 ed.
1622 4574 1822 4630 Bened.
1862 4574 1901 4629 l.
1944 4574 1982 4630 l.

647 4669 723 4738 (4)
757 4667 913 4722 Cent.
942 4665 1031 4731 IV,
1058 4667 1147 4721 to.

648 4760 726 4829 (5)
767 4757 825 4811 lu
866 4760 1035 4813 vitam
1076 4757 1135 4811 S.
1178 4756 1360 4811 Pauli.
1407 4766 1523 4810 not.
1573 4756 1624 4821 1,
1650 4754 1765 4812 VV.
1816 4754 1922 4809 PP.
1959 4752 2143 4810 Rosw.

578 4871 630 4924 p.
676 4852 761 4906 21.

648 4946 723 5014 (6)
750 4944 865 4999 AA.
893 4942 995 4998 ss.
1030 4941 1165 4998 Boll.
1200 4942 1314 4997 Ian.
1348 4940 1456 4996 T.|
1499 4956 1552 5011 p.
1577 4940 1701 4994 602.

646 5037 727 5105 (7)
752 5035 888 5090 Ibid.
915 5051 969 5105 p.
996 5034 1119 5090 605.

646 5132 722 5200 (8)
761 5129 1088 5186 Lambecius
1131 5129 1462 5184 Commentt.
1507 5126 1595 5182 ed.
1642 5127 1813 5179 altera
1844 5124 1908 5178 T.
1938 5122 2053 5178 Vlll
2095 5140 2148 5195 p.

582 5225 707 5279 721.

654 5315 728 5385 (9)
755 5313 869 5368 AA.
912 5311 1013 5369 ss.
1055 5311 1194 5367 Boll.
1238 5312 1275 5366 ι.
1312 5312 1349 5367 ι.
1382 5328 1436 5382 p.
1472 5311 1599 5372 603,
1634 5310 1685 5364 t.

655 5405 766 5476 (10)
801 5405 983 5460 Exstat
1002 5406 1149 5459 enim
1167 5405 1219 5458 in
1240 5403 1361 5459 cod.
1390 5420 1491 5458 ms.
1510 5417 1691 5475 graec.
1709 5401 1848 5457 Bibl.
1864 5400 2158 5456 Caes.Vin-

2228 3320 2363 3381 XIX
2394 3321 2735 3383 Constantii
2760 3321 3085 3385 iuniorisi.
3112 3339 3232 3384 e.a.
3265 3319 3376 3383 359
3400 3319 3552 3399 legis
3577 3336 3591 3379 :
3617 3343 3646 3375 α
3673 3319 3805 3382 Sar-

2229 3425 2391 3480 mata
2414 3466 2429 3493 ,
2464 3422 2708 3482 Amatas
2754 3426 2816 3483 et
2876 3420 3180 3483 Macarius
3223 3418 3513 3500 discipuli
3552 3417 3803 3482 Antonii

2230 3516 2508 3596 insignes
2538 3518 2851 3581 habentur
2876 3517 3026 3600 (11).
3066 3541 3096 3574 ιο

2310 3621 2526 3699 Itaque
2555 3620 2894 3699 quaeritur,
2918 3638 3070 3682 num
3088 3619 3388 3682 Macarius
3412 3617 3678 3697 insignis
3708 3615 3807 3679 hic

2238 3720 2300 3780 S.
2331 3720 2581 3782 Antonii
2609 3721 2952 3801 discipulus
2978 3737 3141 3783 unus
3176 3738 3253 3782 ex
3282 3719 3508 3783 nostris
3529 3717 3809 3781 Macariis

2238 3818 2460 3882 fuerit?
2490 3821 2611 3883 Sed
2642 3839 2787 3884 eum
2815 3839 2850 3884 a
2873 3821 3099 3883 nostris
3135 3821 3414 3884 Macariis
3449 3822 3650 3901 probe
3680 3819 3807 3881 dis-

2241 3920 2625 3982 cernendum
2671 3936 2838 3995 esse,
2886 3919 3010 3982 iam
3072 3937 3261 3999 supra
3306 3918 3508 3981 obiter
3554 3917 3807 3980 monui-

2244 4209 2629 4264 cumstantibus
2671 4220 2722 4263 et
2751 4208 2992 4278 Epistola
3029 4209 3092 4265 Β.
3137 4208 3204 4265 Ρ.
3245 4209 3462 4265 Claudii
3489 4208 3708 4265 Sicanii
3750 4206 3806 4266 8.

2248 4300 2299 4355 Ι.
2334 4302 2608 4358 Missionis
2653 4303 2941 4374 Aegyptiae
2986 4302 3272 4369 superioris
3312 4302 3383 4355 de
3416 4314 3517 4356 suo
3550 4318 3645 4371 per
3673 4303 3809 4368 infe-

2248 4396 2442 4448 riorem
2479 4396 2791 4450 Thebaidem
2834 4394 3075 4463 confecto
3114 4394 3299 4447 itinere
3340 4392 3703 4461 hodiernoque
3731 4409 3810 4447 re-

2248 4504 2367 4541 rum
2435 4497 2577 4541 statu
2641 4486 3130 4555 antiquissimorum
3202 4486 3647 4539 monasteriorum
3709 4484 3811 4540 SS.

2171 4592 2222 4649 ι)
2251 4579 2415 4633 Pauli
2446 4589 2495 4633 et
2531 4578 3139 4643 Antonii,consimilibus
3180 4579 3321 4632 notis
3354 4588 3532 4644 aucta,
3563 4595 3669 4647 qua
3701 4586 3815 4646 per-

2254 4672 2423 4723 multa
2462 4671 2515 4722 in
2562 4670 2842 4724 antedictis
2880 4670 3027 4722 Actis
3057 4670 3307 4723 hactenus
3342 4668 3568 4723 obscura
3592 4680 3641 4724 et
3680 4671 3815 4723 alios

2251 4761 2521 4831 incognita
2568 4762 2944 4825 illustrantur;
3002 4760 3179 4814 studio
3233 4770 3283 4814 et
3342 4777 3502 4830 opera
3556 4759 3815 4813 Matthiae

2254 4854 2566 4907 Fuhrmann
2598 4855 2716 4909 ord.
2752 4853 2922 4907 eiusd.
2954 4850 3012 4906 S.
3045 4849 3206 4905 Pauli
3237 4852 3395 4920 primi
3421 4851 3671 4906 eremitae
3698 4866 3816 4920 pro-

2249 4948 2453 5001 vinciae
2510 4946 2757 4999 Austriae
2825 4944 3136 4998 sacerdotis.
3188 4941 3491 4997 Neostadii.
3568 4943 3818 4997 Austriae

2256 5037 2414 5092 1760.
2467 5037 2741 5091 Kollarius
2773 5035 3055 5104 (Lambec.
3103 5032 3432 5088 Commentt.
3466 5033 3505 5087 l.
3548 5032 3588 5087 1.
3628 5048 3685 5103 p.
3718 5031 3818 5087 7l9

2253 5131 2393 5201 not.)
2429 5138 2600 5194 notat,
2631 5129 2929 5185 editionem
2972 5127 3114 5181 hanc
3150 5126 3453 5196 puerilibus
3495 5135 3708 5182 scatere
3734 5141 3817 5181 er-

2256 5222 2498 5285 roribus,
2524 5228 2691 5290 atque
2714 5220 3070 5289 interpretem
3107 5217 3443 5273 coniecturis
3468 5218 3651 5288 potius
3683 5217 3814 5278 suis,

2256 5326 2420 5382 quam
2442 5311 2651 5367 codicis
2685 5311 2846 5364 inniti
2878 5310 2982 5364 iide
3010 5309 3275 5365 voluisse.
3320 5308 3437 5362 Hoc
3480 5308 3699 5378 quidem
3726 5322 3816 5362 ve-

2260 5415 2405 5463 rum,
2436 5399 2533 5454 sed
2559 5409 2744 5453 tamen
2780 5399 2873 5452 illa
2916 5396 3124 5453 codicis
3152 5399 3331 5468 potius
3357 5397 3508 5463 vitia,
3541 5412 3703 5468 quam
3735 5411 3819 5451 cr—

584 5500 714 5552 (iub.
746 5497 837 5551 Nr.
869 5497 937 5551 58
960 5497 1087 5550 olim
1116 5496 1179 5548 51
1211 5512 1262 5566 p.
1287 5496 1414 5561 257,
1437 5495 1473 5548 2
1495 5492 1702 5547 -247,
1736 5492 1943 5546 Prodiit
1964 5505 2159 5561 graece
2262 5506 2414 5546 rores
2445 5490 2673 5545 editoris
2703 5498 2851 5554 sunt,
2898 5491 2972 5545 ita
3003 5498 3062 5543 ut
3107 5506 3269 5544 manu!
3317 5489 3652 5559 pcritissima
3686 5503 3818 5558 opus

587 5604 642 5643 et
666 5589 836 5643 latine
870 5590 975 5643 sub
1000 5588 1161 5641 titulo
1189 5606 1203 5641 :
1236 5590 1373 5642 Acta
1404 5589 1611 5640 sincera
1648 5583 1705 5639 S.
1736 5583 1899 5639 Pauli
1932 5582 2159 5637 Thebaei
2261 5581 2350 5645 sit,
2381 5596 2520 5648 quae
2546 5588 2752 5634 textum
2783 5584 3057 5636 restituat.
3086 5578 3143 5633 Id
3170 5580 3388 5657 quidem
3413 5586 3671 5634 accurato
3705 5578 3819 5634 eius

591 5690 933 5753 cognomento
964 5681 1122 5748 primi
1160 5681 1411 5733 eremitae
1459 5676 1856 5745 graeco-latina
1897 5692 2017 5728 eum
2066 5691 2152 5727 va-

590 5772 857 5827 riantibus
906 5771 1215 5826 lectionibus
1255 5780 1305 5825 et
1363 5771 1500 5823 notis
1549 5770 1837 5822 variorum.
1886 5766 2156 5820 Accedunt

591 5864 897 5921 dissertatio
948 5864 1340 5918 nraeliminaris
1387 5863 1451 5916 de
1494 5861 1666 5915 dubiis
1712 5861 1835 5914 haec
1866 5859 2000 5913 Acta
2050 5860 2155 5913 cir-

2259 5673 2509 5727 cxamine
2538 5674 2641 5742 ipsi
2672 5672 2832 5727 nobis
2860 5671 3235 5742 persuasimus

2333 5768 2378 5837 (1
2400 5766 2444 5835 1)
2480 5765 2539 5823 S.
2560 5764 2779 5821 Hieron.
2807 5764 2943 5836 Opp.
2977 5766 3065 5822 cd.
3088 5764 3263 5837 Migue
3294 5763 3356 5819 T.
3384 5763 3499 5819 Vlll
3525 5780 3579 5834 ιδ.
3614 5762 3732 5818 687.
