4040 6568
254 276 342 333 Hi

1766 264 1993 321 VITAE‘.

3368 271 3475 330 1‘29

255 405 400 454 mus.
421 382 778 466 (l).Btcnim
796 383 1129 444 Macarium
1147 381 1604 461 Aegyptiumin
1624 379 1803 444 Scéte
1834 381 2062 443 Abens
2092 380 2317 459 iugiter
2361 382 2637 445 deﬁxum
2682 400 2832 447 suae
2877 384 3107 447 mentis
3145 380 3469 457 intuitum,

246 487 480 556 abiisse,
515 481 993 544 Alexandrinum
1051 492 1327 545 extrema
1356 484 1541 544 etiam
1610 500 1797 546 sene-

252 592 406 651 ctute
434 580 795 645 Cellularum
817 583 1257 661 presbyterum
1289 581 1502 655 fuisse,
1535 598 1569 643 e
1595 581 1797 643 Palla-

252 685 349 747 dio
379 680 730 755 didicimus;
762 681 1095 744 Macarium
1128 700 1279 744 vero
1307 683 1368 743 S.
1401 684 1652 745 Antonii
1707 684 1800 747 di-

243 781 536 863 scipulum
551 780 754 842 eidem
770 782 1144 843 successisse
1156 782 1221 843 in
1234 781 1801 861 coenobioPispiri-

236 881 609 960 tano,ibique
628 881 812 942 vitam
835 880 1299 954 finivisse,infra
1323 880 1794 962 videbimus<(2).

309 981 486 1043 Hisce
512 980 912 1042 continentur
931 997 1024 1054 ea,
1046 998 1205 1060 quae
1231 999 1309 1043 ex
1330 984 1390 1043 S.
1409 982 1796 1062 Hieronymo

239 1079 435 1157 colligi
464 1086 747 1158 possunt.
774 1082 850 1141 Ut
879 1081 1174 1159 Evagrius
1228 1082 1561 1142 Macarium
1602 1085 1798 1161 Aegy-

240 1179 444 1261 ptium,
474 1178 557 1240 ita
587 1180 649 1238 S.
667 1179 1086 1259 Hieronymus
1097 1181 1583 1244 Alexandrinum
1602 1182 1799 1245 laudi-

240 1281 344 1341 bus
385 1279 621 1340 extulit.
675 1281 892 1360 Neque
936 1281 999 1343 id
1046 1288 1282 1344 temere
1326 1282 1494 1345 fecit.
1528 1285 1681 1345 Nam
1729 1285 1796 1346 in

235 1385 567 1459 Aegyptum
596 1380 1018 1456 adventantes,
1041 1382 1119 1443 ad
1150 1400 1313 1462 quos
1332 1383 1427 1445 vel
1458 1384 1536 1445 de
1566 1384 1815 1463 quibus.

234 1484 289 1543 S.
316 1482 733 1560 Hieronymus
766 1482 1097 1556 scribebat,
1128 1483 1361 1546 Nitriae
1400 1491 1505 1545 aut
1547 1484 1611 1546 in
1655 1484 1792 1546 Cel-

235 1582 361 1645 lulis
402 1582 736 1643 Macarium
780 1582 1214 1661 presbyterum
1259 1582 1631 1654 lmifacile
1677 1584 1791 1646 ad-

230 1682 406 1755 ibant,
439 1680 504 1740 in
533 1680 742 1741 abdita
772 1698 917 1742 vero
946 1682 1142 1744 Scetis
1172 1681 1417 1744 deserta
1444 1699 1573 1743 non
1610 1681 1791 1745 facile

231 1781 645 1863 penetrabant.
694 1780 872 1843 Unde
927 1781 1258 1844 Macarium
1305 1781 1789 1844 Alexandrinum

229 1884 283 1944 in
311 1883 641 1944 Occidente
667 1880 1069 1946 illustriorem
1090 1881 1293 1945 fuisse
1321 1888 1569 1963 oportet
1597 1881 1708 1963 (3).

296 1986 343 2060 §.
374 1980 467 2043 31.
498 1982 624 2043 Sed
654 1982 1102 2045 transeundum
1147 1989 1239 2045 est
1281 1983 1359 2045 ad
1397 1984 1782 2059 Cassianum,

228 2084 322 2162 qui
351 2083 636 2162 quinque
678 2082 834 2146 locis
878 2084 955 2145 de
1001 2084 1540 2147 nostrisMacariis
1576 2086 1782 2147 tradit.

226 2185 304 2245 Ex
330 2184 402 2244 iis
426 2201 652 2259 unum,
686 2202 817 2264 quo
850 2185 928 2249 de
958 2193 1204 2249 mortuo
1238 2204 1273 2249 a
1301 2190 1590 2264 Macario,
1622 2213 1650 2245 α
1677 2190 1787 2267 qui

225 2281 658 2346 habitationem
694 2286 1109 2365 Scythioticae
1152 2287 1504 2350 solitudinis
1544 2290 1786 2369 primus

224 2384 468 2461 invenit,
500 2386 643 2448 n-ad
689 2385 1075 2451 haereticum
1121 2388 1533 2452 refellendum
1570 2408 1783 2453 resus-

225 2483 390 2547 citato
411 2492 723 2559 narratur,
754 2487 877 2548 iam
906 2505 1094 2568 supra
1137 2489 1522 2552 exeussimus
1555 2490 1662 2571 (4).
1698 2494 1783 2553 Ac

221 2592 381 2648 sexto
409 2586 689 2666 quodam
713 2586 854 2649 loco
884 2587 962 2649 de
991 2588 1278 2664 Macario,
1311 2590 1420 2669 qui
1447 2612 1476 2645 «
1506 2589 1789 2652 xenodo-

221 2682 353 2747 chio
378 2684 546 2765 apud
580 2684 1013 2749 Alexandriam
1043 2686 1334 2767 praefuit,
1370 2710 1399 2743 »
1429 2703 1636 2750 sermo
1656 2694 1780 2761 est,

220 2802 253 2847 a
274 2785 489 2847 nostris
508 2785 795 2848 Macariis
822 2791 991 2848 certe
1018 2786 1461 2865 distinguendo
1494 2786 1601 2868 (5).
1652 2788 1781 2847 Re-

223 2893 373 2948 stant
398 2886 596 2964 igitur
623 2886 1100 2967 quatuornobis
1125 2886 1250 2949 loci
1278 2887 1696 2949 examinandi.

287 2988 355 3048 Et
372 2988 583 3067 primo
605 2987 862 3069 quidem
887 2988 1233 3051 Cassianus
1253 2988 1322 3050 in
1368 2988 1555 3062 libro,
1593 3004 1783 3068 quem

1902 497 2031 559 quo
2061 482 2345 559 quotidie
2374 482 2763 562 singulisque
2791 485 3126 546 momentis
3154 501 3477 547 accersen-

1900 581 2051 642 dum
2099 598 2235 643 esse
2280 599 2348 644 se
2400 583 2597 646 credit
2631 581 2738 663 (6).
2778 605 2811 639 ››
2851 584 3002 645 Uter
3038 583 3472 659 Macariorum,

1896 681 1993 743 vel
2027 683 2212 744 etiam
2244 700 2399 745 num
2424 682 2720 745 alteruter
2750 700 2833 745 ex
2860 684 3091 745 nostris
3130 702 3202 746 ea
3237 686 3475 748 docue-

1898 782 1999 857 rit,
2048 784 2371 847 Cassianus
2418 802 2549 846 non
2600 785 2834 847 docuit.
2874 786 3179 864 Equidem
3227 788 3475 849 Macarii

1896 885 2187 964 Aegyptii
2215 886 2589 947 sententiam
2616 886 2937 955 129-esse
2965 904 3042 947 ex
3067 886 3473 950 similitudine

1897 999 2041 1043 cum
2086 983 2392 1060 doctrina,
2441 1003 2630 1065 quam
2676 985 2727 1046 is
2755 986 3012 1063 Evagrio
3053 986 3223 1049 dedit
3255 989 3364 1069 (7),
3411 996 3475 1050 et

1896 1098 2040 1144 cum
2071 1080 2353 1146 homiliis
2376 1084 2510 1147 eius
2539 1084 2753 1146 timide
2793 1088 3195 1148 coniecerim.

1974 1179 2211 1241 Deinde
2256 1181 2544 1243 Cassiano
2588 1181 2655 1242 in
2687 1180 3042 1244 Collationis
3073 1184 3326 1263 quintae
3362 1202 3469 1248 ca-

1896 1277 2047 1356 pite,
2081 1279 2251 1359 quod
2280 1279 2641 1343 inscribitur
2668 1282 2788 1341 «In
2820 1298 2947 1360 quo
2978 1283 3144 1344 utilis
3170 1284 3248 1344 sit
3272 1302 3467 1346 ceno-

1896 1376 2107 1451 doxia,
2150 1401 2179 1433 »
2215 1380 2519 1459 Serapion
2550 1397 2744 1442 senex
2770 1381 3051 1460 exponit,
3084 1382 3314 1444 multos
3341 1402 3475 1446 sae-

1895 1494 2242 1557 penumero
2259 1479 2551 1543 homines
2568 1481 2774 1544 adhuc
2790 1482 3069 1545 carnales
3085 1484 3471 1546 cenodoxiae

1893 1576 2041 1639 vitio
2072 1577 2309 1641 ala-aliis
2338 1578 2621 1659 turpibus
2647 1578 3047 1659 indignisque
3076 1579 3239 1640 vitiis
3270 1586 3475 1641 custo-

1895 1678 2037 1740 diri.
2067 1679 2421 1742 Nonnullos
2458 1679 2719 1759 quidem
2754 1680 3077 1743 confessos
3108 1698 3269 1756 esse,
3300 1698 3367 1742 se
3405 1679 3472 1741 in

1862 1780 1865 1783 ¹
1896 1780 2110 1858 Syriae
2144 1782 2469 1843 coenobiis
2498 1782 2708 1862 quinis
2753 1782 2975 1845 diebus
3024 1782 3235 1844 cibum
3295 1799 3471 1843 sum-

1894 1879 2099 1959 psisse
2126 1882 2443 1961 talemque
2465 1882 2903 1945 abstinentiam
2932 1883 3066 1945 sine
3083 1882 3472 1947 laboretole-

1894 1996 2089 2055 rasse,
2119 1980 2186 2041 in
2215 1998 2428 2043 eremo
2458 1988 2863 2044 autemtanta
2894 1999 2960 2044 se
3003 1982 3168 2046 fame
3204 1984 3351 2047 inde
3392 1987 3472 2047 ab
3516 2068 3517 2073 η

1894 2078 2047 2143 hora
2074 2081 2255 2143 tertia
2278 2083 2511 2156 vexari,
2534 2089 2603 2144 ut
2623 2083 2700 2145 ad
2722 2100 2951 2145 nonam
2980 2102 3184 2164 usque
3206 2086 3309 2148 vix
3327 2104 3474 2166 pos-

1892 2181 2017 2242 sint
2041 2181 2273 2243 ieiunia
2302 2182 2667 2262 quotidiana
2705 2182 2980 2245 differre.
3013 2185 3161 2245 Post
3186 2184 3341 2248 haec
3366 2186 3472 2248 ad-

1893 2279 1981 2341 dit
2013 2299 2026 2340 :
2061 2305 2089 2338 «
2128 2283 2330 2362 Super
2372 2300 2496 2363 qua
2544 2301 2612 2345 re
2658 2282 2920 2363 pulchre
2952 2283 3144 2346 abbas
3168 2285 3470 2347 Macarius

1892 2382 2139 2446 cuidam
2170 2385 2630 2465 percunctanti,
2661 2402 2776 2447 cur
2800 2384 2966 2447 fame
2996 2385 3074 2447 ab
3105 2384 3262 2449 hora
3289 2388 3487 2450 tertia-

1889 2486 1955 2547 in
1985 2504 2197 2549 eremo
2224 2486 2600 2567 pulsaretur,
2634 2487 2743 2567 qui
2777 2486 2844 2548 in
2881 2487 3192 2550 coenobio
3222 2487 3491 2559 hebdo-.

1891 2584 2179 2646 madibus
2207 2586 2465 2664 integris
2492 2586 2905 2649 refectionem
2948 2605 3137 2668 saepe
3181 2597 3468 2651 contem-

1890 2703 2048 2747 nens
2092 2704 2219 2749 non
2251 2687 2547 2749 sensisset
2591 2688 2884 2763 esuriem,
2920 2689 3287 2768 respondit:
3317 2690 3470 2763 Quia

1890 2783 2098 2846 nullus
2118 2785 2219 2847 hic
2241 2792 2335 2846 est
2359 2785 2580 2847 ieiunii
2607 2786 2698 2847 tui
2726 2786 2920 2861 testis,
2952 2786 3062 2867 qui
3087 2793 3150 2849 te
3179 2788 3308 2850 suis
3340 2788 3470 2851 lau-

1890 2882 2071 2945 dibus
2103 2886 2333 2947 nutriat
2361 2892 2550 2966 atque
2580 2893 2906 2959 sustentet,
2937 2888 3028 2950 ibi
3055 2894 3264 2950 autem
3294 2895 3358 2951 te
3378 2890 3470 2951 di-

1890 2985 2051 3063 gitus
2082 2985 2409 3048 hominum
2455 2994 2517 3049 et
2562 2987 2950 3051 cenodoxiae
2996 2990 3256 3052 refectio
3298 2992 3467 3070 sagi-

224 3107 248 3140 «
278 3083 349 3147 de
374 3084 606 3165 spiritu
663 3086 1125 3165 gastrimargiae
1161 3110 1189 3142 »
1220 3085 1570 3165 inscripsit,
1626 3086 1782 3148 haec
1809 3084 1854 3141 C
1886 3086 2073 3148 nabat
2096 3086 2203 3167 (8).
2233 3110 2261 3144 »
2290 3087 2546 3149 Cuinam
2570 3088 2838 3150 Macario
2865 3105 2937 3149 ea
2968 3090 3295 3151 tribuenda
3318 3091 3466 3167 sint,

220 3185 387 3248 verba
402 3185 565 3249 facit
600 3204 613 3247 :
651 3209 680 3243 at
703 3186 920 3249 Adhuc
948 3203 1147 3248 unum
1179 3186 1345 3249 beati
1364 3186 1612 3249 Macarii
1640 3204 1787 3268 pro—
1884 3186 2529 3249 nonestindicatum.
2562 3187 2824 3266 Utrique
2854 3194 3213 3251 nostrorum
3243 3207 3467 3272 reapse

218 3286 395 3351 fertur
414 3287 903 3351 nobis‘salutare
930 3286 1315 3361 mandatum,
1344 3303 1471 3367 quo
1501 3286 1783 3350 libellum
1884 3287 2121 3367 optime
2150 3288 2555 3350 conveniunt.
2597 3289 2727 3351 Nec
2774 3288 3075 3350 dubitavit
3116 3289 3465 3353 Tillemon-

219 3386 580 3449 ieiuniorum
619 3394 680 3449 et
723 3386 1149 3449 continentiae
1194 3386 1351 3448 tanti
1387 3387 1504 3448 viri
1540 3386 1803 3450 claudat.
1881 3386 2025 3461 tius,
2073 3404 2147 3448 ea
2193 3388 2458 3450 Macario
2502 3389 2810 3469 Aegyptio
2856 3388 3261 3465 adiudicata,
3287 3391 3480 3455 cuius-

218 3487 527 3549 sententia.
552 3488 647 3549 Ita
696 3485 902 3566 inquit
957 3487 1188 3549 debere
1216 3486 1596 3549 monachum
1625 3487 1785 3549 ieiu-

218 3591 326 3652 niis
361 3608 623 3672 Operam
670 3591 841 3666 dare,
890 3598 960 3654 ut
1002 3596 1254 3653 centum
1299 3590 1487 3652 annis
1520 3590 1588 3651 in
1638 3608 1781 3653 cor-

219 3708 357 3771 pore
387 3698 951 3766 commoraturum,
978 3692 1063 3755 ita
1092 3696 1301 3754 motus
1321 3690 1513 3752 animi
1546 3690 1782 3754 refrae-

220 3810 367 3855 nare.
385 3800 448 3857 et
470 3793 851 3857 iniuriarum
877 3791 1187 3867 oblivisci,
1217 3790 1625 3870 tristitiasque
1680 3809 1784 3854 re-

217 3912 447 3977 spuere,
462 3896 723 3960 dolores
743 3911 998 3976 quoque
1010 3912 1086 3957 ac
1108 3893 1480 3956 detrimenta
1506 3899 1759 3956 contem
1778 3931 1786 3940 -

218 4014 374 4069 nere,
409 4004 719 4077 tanquam
771 3994 1053 4076 quotidie
1098 3994 1495 4056 moriturum.
1546 3994 1617 4054 In
1672 3992 1783 4055 illo

217 4112 470 4177 namque
504 4096 684 4159 utilis
727 4101 823 4157 est
862 4093 1271 4174 prudensque
1310 4092 1628 4167 discretio,
1672 4109 1782 4154 ae-

215 4196 369 4273 quali
395 4195 781 4259 monachum
824 4193 1212 4256 districtione
1255 4191 1493 4254 faciens
1533 4209 1785 4272 semper

213 4294 514 4372 incedere,
542 4313 669 4359 nec
699 4294 1066 4376 permittens
1093 4295 1214 4356 sub
1241 4292 1572 4355 occasione
1601 4291 1781 4356 debi-

1881 3490 2089 3546 tamen
2123 3485 2213 3547 rei
2244 3486 2552 3548 rationem
2583 3504 2712 3549 non
2733 3487 2972 3549 addidit
3002 3486 3109 3568 (9).

1962 3587 2119 3647 Tum
2148 3586 2505 3650 Collationis
2547 3590 2852 3669 septimae
2879 3590 3109 3671 capite,
3147 3590 3324 3672 quod.
3361 3592 3465 3655 in»

1884 3684 2177 3747 scribitur
2223 3710 2252 3742 «
2305 3688 2391 3749 De
2438 3689 2784 3751 tentatione
2832 3690 3074 3765 abbatis
3118 3692 3387 3770 Moysis,
3436 3716 3464 3749 ιι

1884 3786 2154 3847 Serenus
2182 3787 2382 3850 abbas
2403 3788 2488 3850 ita
2530 3789 2812 3869 loquitur
2842 3808 2856 3850 :
2886 3813 2914 3847 α
2949 3792 3275 3855 Secundus
3314 3811 3465 3858 vero

1885 3902 2075 3965 quem
2100 3886 2456 3951 diximusoin
2474 3888 2591 3952 hac
2615 3907 2830 3954 eremo
2852 3900 3307 3956 commoratum
3337 3896 3469 3972 [ab-

1886 3982 1995 4044 bas
2027 3987 2319 4064 Moyses],
2370 3982 2515 4049 cum
2557 3989 2695 4069 ipse
2729 4008 2984 4072 quoque
3033 3993 3367 4072 singularis
3403 4003 3471 4057 et

1882 4083 2390 4165 incomparabilis
2431 4089 2524 4151 vir
2556 4096 2741 4163 esset,
2788 4092 2871 4153 ob
2903 4093 3462 4173 reprehensionem

1887 4184 2071 4246 unius
2102 4187 2432 4261 sermonis,
2467 4205 2658 4267 quem
2687 4196 2905 4252 contra
2933 4191 3221 4254 abbatem
3256 4195 3460 4257 Maca-

1884 4282 2045 4346 rium
2071 4286 2397 4366 disputans
2422 4288 2612 4367 paulo
2640 4288 2858 4351 durius
2885 4290 3165 4369 protulit,
3190 4292 3458 4371 quadam

215 4392 354 4457 litati
407 4399 701 4478 corporis
752 4396 832 4457 de
894 4394 1106 4457 arduis
1163 4393 1241 4456 ad
1306 4392 1781 4474 perniciossima
1812 4436 1856 4490 υ
1884 4383 2121 4446 scilicet
2160 4386 2468 4466 opinione
2484 4395 2883 4467 praeventus,
2907 4396 3031 4451 tam
3058 4390 3197 4452 diro
3235 4392 3469 4453 confe--

214 4505 533 4578 praerupta
566 4496 841 4572 devolvi;
871 4496 939 4559 in
971 4495 1093 4558 hoc
1124 4511 1272 4557 vero
1305 4493 1780 4572 magnanimitas
1812 4488 1841 4490 “
1883 4488 2025 4550 stim
2048 4496 2140 4550 est
2159 4489 2422 4551 traditus
2444 4490 2841 4565 daemoni,ut
2869 4490 3174 4553 humanas
3199 4493 3469 4570 egestio-v

216 4595 506 4672 salutaris,
540 4614 707 4676 quae
728 4596 947 4667 valeat,
982 4612 1111 4657 non
1137 4595 1343 4657 solum
1372 4610 1536 4673 quae
1568 4592 1784 4654 viden-

218 4702 303 4757 tur
327 4715 636 4779 prospera
671 4697 890 4759 mundi
922 4694 1269 4776 praesentis
1293 4694 1642 4774 despicere,
1671 4711 1780 4755 ve-

216 4811 337 4856 rum
365 4795 553 4858 etiam
584 4794 857 4857 adversis
878 4794 1282 4873 tristibusque
1305 4810 1435 4854 non
1465 4791 1690 4870 frangi,
1722 4796 1784 4854 et

214 4911 277 4954 ea
302 4896 465 4958 velut
495 4914 685 4977 parva
719 4895 1016 4975 nullaque
1045 4904 1472 4969 contemnere,
1504 4895 1631 4958 illic
1660 4894 1776 4957 ha-

278 5106 348 5173 ‹ι)
371 5105 453 5160 οι.
482 5122 538 5176 ρ.
577 5105 674 5159 107
707 5120 790 5167 sq.

274 5197 347 5265 (ἓ)
372 5196 453 5251 Cf.
482 5195 625 5250 infra
650 5195 826 5263 Caput
848 5190 913 5245 ΙΧ
941 5192 1080 5263 §45.

279 5288 348 5355 (ὅ)
367 5287 451 5341 Cf.
473 5287 814 5357 propositum
843 5284 1061 5339 Macarii
1086 5282 1316 5337 Romam
1338 5277 1578 5337 abeundi
1607 5291 1776 5347 supra

217 5394 264 5450 p.
283 5379 365 5435 75.
400 5381 469 5439 99
498 5396 585 5450 sq.

274 5473 346 5542 (4)
369 5473 451 5529 Cf.
484 5474 512 5546 §
548 5474 614 5527 14
638 5490 693 5543 p.
718 5473 785 5525 47
811 5488 956 5541 sqq..
1003 5469 1255 5524 Cassian.
1280 5468 1417 5521 Coll.
1451 5465 1544 5519 XV
1576 5483 1697 5537 cap.
1726 5468 1777 5534 3,

214 5559 441 5617 Cassiani
487 5562 626 5634 Opp.
680 5563 768 5617 ed.
822 5560 957 5615 Gaz.
988 5558 1189 5630 p.468,
1236 5557 1410 5628 Migne
1463 5556 1666 5613 Pati-0|.
1715 5559 1778 5612 T.

214 5652 358 5725 xux
391 5672 442 5724 p.
482 5655 609 5711 995.

276 5746 345 5817 (ὅ)
375 5749 516 5805 Coll.
577 5745 689 5803 ΧΗ
732 5760 853 5817 cap.
886 5745 939 5811 4,
970 5742 1219 5798 Cassiani
1249 5740 1385 5813 Opp.
1417 5743 1500 5798 ed.
1549 5741 1680 5797 Gaz.
1727 5758 1780 5812 ι),

1878 4606 1992 4651 nes
2006 4589 2097 4651 ori
2112 4607 2249 4663 suo,
2265 4591 2343 4652 ab
2360 4608 2437 4654 eo
2450 4592 2799 4673 suppletus,
2814 4593 3148 4671 ingereret.
3164 4594 3340 4667 Quod
3354 4594 3463 4656 ﬂa-

1879 4692 2109 4771 gellum
2128 4693 2523 4772 purgationis
2542 4695 2734 4772 gratia
2756 4711 2823 4755 se
2836 4694 3134 4756 Dominus
3148 4694 3455 4769 intulisse,

1878 4784 1959 4857 ne
1981 4793 2217 4856 scilicet
2236 4794 2300 4854 in
2323 4811 2398 4856 eo
2420 4794 2515 4855 vel
2534 4794 2963 4856 momentanei
2983 4794 3193 4857 delicti
3214 4794 3461 4857 macula

1884 4893 2207 4968 resideret,
2237 4893 2563 4957 velocitate
2592 4894 2931 4957 curationis
2955 4895 3091 4956 eius
3122 4900 3310 4974 atque
3341 4913 3463 4956 au-

1877 5100 2002 5162 450,
2029 5102 2203 5173 Migue
2259 5117 2312 5171 p;
2340 5101 2478 5169 938;
2518 5100 2658 5157 "ist.
2687 5101 2851 5155 Laus.
2900 5103 2986 5156 ed.
3014 5101 3213 5158 Meurs.
3256 5118 3377 5173 cap.
3425 5106 3454 5158 7

1878 5194 2016 5263 Opp.
2050 5193 2253 5248 Meurs.
2296 5195 2332 5247 Ι.
2372 5192 2414 5247 1.
2443 5208 2495 5263 p.
2515 5193 2614 5248 757
2640 5193 2712 5247 cf.
2749 5208 2909 5261 supra
2934 5192 2959 5263 §
2981 5193 3051 5247 9.5
3075 5210 3126 5262 p.
3166 5194 3287 5249 105.

1950 5283 2024 5353 (6)
2050 5282 2123 5338 De
2147 5285 2535 5339 coenobiorum
2557 5285 2823 5339 institutis
2842 5283 2986 5338 lib.V
3008 5284 3096 5356 (de
3118 5285 3455 5357 spingastr.)

1876 5390 1996 5445 cap.
2021 5376 2082 5429 At
2107 5375 2353 5431 Cassiani
2384 5374 2520 5445 Opp.
2546 5374 2633 5429 ed.
2655 5374 2786 5430 Gaz.
2809 5392 2860 5446 p.
2885 5376 3007 5441 104,
3050 5375 3224 5448 Migne
3250 5394 3303 5449 p.
3327 5378 3456 5434 203.

1951 5468 2025 5539 (7)
2053 5467 2137 5522 Cf.
2181 5483 2345 5537 supra
2378 5467 2514 5539 §29.

1950 5558 2026 5629 (8)
2047 5560 2186 5614 Coll.
2218 5559 2262 5615 V
2298 5577 2418 5632 cap.
2446 5562 2511 5615 1:2
2536 5559 2783 5615 Cassiani
2802 5560 2940 5632 Opp.
2972 5561 3062 5617 ed.
3090 5561 3221 5619 Gaz.
3246 5579 3300 5636 p.
3327 5561 3455 5621 289.

1953 5652 2029 5721 (9)
2056 5652 2342 5709 Mémoires
2381 5652 2444 5709 τ.
2477 5652 2590 5706 ιἰιι
2618 5652 2680 5707 r.
2705 5651 2769 5706 ιιι
2795 5669 2846 5725 ρ.
2879 5654 3006 5710 985.
