4040 6578
526 280 632 337 ηδ
1329 273 1431 331 ss.
1473 247 1927 329 uacanioauu
1982 266 2297 325 aecvr'ru
2334 265 2421 321 er
2473 260 2934 320 aerumnam:
3656 252 3762 309 ηδ

512 400 687 455 ctore
717 386 979 450 remedii
998 387 1464 449 demonstravit.
1489 388 1641 448 Nam
1662 384 1963 449 continuo
1990 382 2101 445 ab-
2123 388 2169 445 Α
2198 380 2514 459 ingressus
2541 383 2656 453 est,
2683 376 2786 439 die
2814 372 3160 438 secundum
3186 368 3274 444 id,
3306 367 3477 448 quod
3501 382 3763 446 compe-

515 492 659 552 bate
688 489 955 552 Macario
977 488 1044 549 in
1072 488 1352 549 oratione
1382 486 1691 548 submisso
1735 484 1893 553 130
1928 482 2096 544 dicto
2196 485 2381 553 rerat,
2402 479 2480 541 ab
2503 493 2894 557 unoquoque
2920 470 3275 536 mercedem
3306 468 3404 530 sui
3430 467 3641 547 Operis
3666 482 3767 527 re-

515 592 701 652 citius
730 606 1004 669 nequam
1041 588 1296 667 spiritus
1332 587 1411 647 ab
1442 602 1519 647 eo
1557 585 1805 661 fugatus
1841 583 2096 644 absces-

517 690 600 751 sit
632 688 739 766 {1).
778 712 804 743 »
838 688 997 759 Quin
1053 684 1356 746 Macarius
1407 682 1748 760 Aegyptius
1784 677 2097 754 intelliga-

521 797 644 861 tur,
672 788 772 848 vix
805 786 1065 848 dubium
1096 793 1219 856 est;
1250 800 1395 843 nam
1416 784 1662 859 Moyses
1690 779 1882 840 abbas
1910 793 2098 855 egre-

522 890 661 968 gius
703 888 897 948 Scetis
927 883 1273 946 monachus
1321 881 1439 942 fuit
1469 879 1573 958 (2).
1627 878 1803 951 Quod
1835 886 1895 938 et
1929 881 2100 956 Apo-

524 990 931 1071 phthegmata
958 1004 993 1047 a
1034 983 1341 1046 Cotelcrio
1374 982 1539 1043 edita
1566 978 1999 1058 comprobant,
2031 976 2100 1036 in

525 1091 753 1170 quibus
780 1088 934 1164 legis
966 1104 979 1146 :
1014 1110 1040 1141 «
1084 1087 1332 1163 Moyses
1368 1083 1560 1144 abbas
1600 1078 1863 1141 Macario
1896 1074 2103 1137 abbati

522 1191 590 1252 in
616 1190 777 1250 Sceti
806 1206 819 1248 :
844 1187 1024 1260 Volo,
1055 1185 1283 1264 inquit,
1312 1200 1452 1245 eum
1492 1181 1703 1261 quiete
1744 1196 1815 1240 ac
1852 1174 2100 1238 silentio

527 1289 753 1356 vivere,
806 1304 921 1347 nec
968 1286 1179 1346 sinunt
1224 1301 1325 1344 me
1372 1282 1613 1343 fratres.
1664 1279 1772 1339 Cui
1804 1276 2104 1338 Macarius

524 1387 717 1451 abbas
764 1385 1087 1464 respondit
1131 1383 1372 1444 :Video
1419 1390 1482 1441 te
1530 1378 1759 1439 indolis
1803 1375 2105 1437 mollioris

528 1505 689 1559 esse,
737 1504 855 1547 nec
890 1502 1073 1564 posse
1102 1483 1355 1544 fratrem
1389 1496 1423 1541 a
1454 1486 1515 1540 te
1556 1484 1865 1547 avertere;
1897 1472 2007 1533 sed
2054 1472 2107 1533 si

530 1585 846 1647 desideras
875 1584 1148 1663 quietam
1182 1581 1391 1651 vitam,
1427 1576 1824 1658 proﬁciscere
1855 1573 1932 1634 ad
1965 1587 2105 1633 ere-

530 1703 725 1757 mum,
758 1685 945 1756 intro,
976 1683 1041 1743 in
1072 1687 1243 1761 petra
1287 1679 1497 1758 quiete
1542 1676 1755 1753 deges.
1788 1674 1958 1736 Fecit
1984 1672 2103 1749 igi-

530 1743 1276 1856 tur—hocietconquievit
1308 1743 1442 1853 ‘(3).
1496 1796 1523 1828 »
1555 1743 1883 1832 Praeterea
1912 1743 2103 1828 Tille-
2137 1743 2177 1797 Β

532 1882 805 1943 montius
834 1879 1003 1939 illam
1030 1875 1261 1955 Moysis
1289 1872 1528 1936 abbatis
1557 1869 1942 1931 sanationem
1976 1868 2105 1927 Ma-

533 1982 700 2043 cario
754 1978 1057 2059 Aegyptio
1107 1975 1243 2037 sine
1295 1972 1421 2035 ulla
1472 1969 1881 2032 haesitatione
1932 1965 2105 2029 attri-

536 2081 671 2143 buit
705 2078 810 2160 (4).

614 2181 877 2242 Ultimus
912 2177 1184 2255 denique
1213 2170 1485 2235 Cassiani
1512 2170 1688 2232 locus
1718 2167 1796 2229 de
1832 2163 2110 2228 Macariis

536 2281 763 2345 nostris
806 2278 870 2340 in
902 2276 1240 2339 Collatione
1267 2271 1562 2350 vigesima
1609 2274 1826 2348 quarta
1864 2265 2109 2326 inveni-

534 2391 659 2450 tur.
698 2380 805 2441 ubi
853 2376 1100 2439 Macarii
1146 2372 1355 2436 fabula
1406 2372 1484 2433 ab
1532 2368 1839 2430 Abraham
1888 2365 2111 2427 abbate

537 2488 781 2544 narrata
810 2479 965 2540 haec
1007 2482 1100 2538 est
1133 2492 1146 2535 :
1181 2499 1209 2530 α
1253 2474 1408 2534 Nam
1436 2468 1607 2550 quod
1654 2466 1809 2529 alios
1854 2479 2112 2544 quoque

535 2583 771 2646 salvare
809 2596 920 2639 vos
964 2591 1150 2657 posse
1197 2570 1540 2641 conﬁditis,
1589 2574 1651 2629 et
1700 2582 1813 2646 Spe
1863 2562 2114 2625 maioris

538 2681 695 2744 lucri
720 2679 796 2741 ad
832 2673 1220 2739 revisendam
1257 2670 1515 2750 patriam
1545 2665 1871 2737 festinatis,
1904 2661 2112 2724 audite

539 2782 725 2843 etiam
762 2792 952 2856 super
980 2774 1100 2834 hoc
1132 2770 1446 2850 quandam
1475 2765 1713 2829 abbatis
1743 2762 1987 2824 Macarii
2014 2760 2110 2821 fa—

538 2880 746 2943 bulam
796 2872 1243 2937 iucundissime
1287 2875 1472 2947 atque
1520 2863 1837 2945 aptissime
1884 2862 2111 2937 ﬁgura-

538 2989 687 3052 tam,
717 2992 903 3055 quam
937 2978 997 3034 et
1028 2970 1132 3031 ille
1177 2966 1425 3030 cuidam
1455 2963 1760 3025 similibus
1787 2958 2113 3021 desideriis

2196 580 2487 660 cepisset,
2519 579 2597 642 ad
2617 594 2941 658 vesperam
2970 591 3037 636 se
3064 572 3279 633 videns
3300 567 3596 648 grandem
3627 565 3771 626 soli-

2199 680 2421 742 dorum
2455 696 2786 741 numerum
2815 672 3287 754 conquisivisse,
3320 669 3397 730 ad
3440 665 3769 728 macellum

2198 779 2397 842 laetus
2422 778 2712 851 intendit,
2745 793 2918 837 escas
2950 770 3272 835 refectioni
3300 785 3445 829 suae
3477 783 3775 827 necessa—

2200 878 2323 938 rias
2351 882 2775 955 coempturus.
2812 875 2973 945 Quas
3003 888 3145 933 cum
3191 867 3503 946 coepisset
3545 879 3771 941 magno

2201 976 2542 1039 solidorum
2568 975 2770 1054 pretio
2793 986 3178 1050 comparare,
3213 964 3504 1045 expensis
3536 964 3595 1023 in
3630 980 3775 1041 per-

2202 1078 2428 1155 exiguo
2458 1076 2624 1137 victu
2664 1072 2969 1135 universis
3017 1085 3177 1148 quos
3221 1065 3591 1146 acquisierat
3620 1062 3772 1123 soli-

2202 1175 2321 1249 dis,
2354 1191 2434 1235 ne
2470 1173 2655 1235 unius
2694 1171 2948 1252 quidem
2984 1166 3221 1229 denarii
3256 1164 3462 1226 intulit
3504 1162 3771 1223 lucrum.

2203 1274 2479 1351 Cumque
2494 1273 2579 1332 ita
2594 1269 2851 1348 singulis
2868 1267 3088 1329 diebus
3104 1263 3573 1343 acquisitionem
3598 1278 3772 1321 suam

2202 1372 2452 1433 vidisset
2477 1370 2730 1443 insumi,
2756 1374 2826 1430 ut
2852 1384 2980 1430 non
3021 1364 3224 1426 solum
3256 1361 3407 1423 nihil
3439 1360 3771 1438 redigeret,

2205 1472 2315 1534 sed
2344 1473 2443 1533 vix
2468 1471 2670 1551 ipsam
2711 1467 3109 1549 quotidianae
3138 1463 3515 1527 substantiae
3549 1477 3772 1523 neces-

2207 1573 2445 1635 sitatem
2475 1576 2686 1652 posset
2723 1569 2998 1649 explere,
3033 1566 3199 1647 apud
3238 1563 3642 1644 semetipsum
3671 1580 3773 1624 re-

2207 1670 2485 1748 cogitans
2507 1688 2518 1729 :
2539 1672 2855 1741 Revertar,
2876 1665 3101 1745 inquit,
3124 1664 3199 1726 ad
3220 1663 3525 1725 civitatem
3546 1678 3771 1731 meam,

2204 1770 2506 1849 illumque
2535 1774 2809 1848 repetam
2838 1765 3273 1829 tenuissimum
3312 1768 3664 1840 quaestum,
3699 1778 3775 1821 ex

2208 1886 2338 1949 quo
2380 1868 2536 1930 mihi
2580 1867 2824 1948 expleta
2869 1865 3041 1928 omni
3080 1864 3365 1943 corporis
3401 1879 3570 1935 cura,
3604 1860 3776 1940 quod

2207 1968 2284 2029 ad
2306 1968 2817 2029 sustentationem
2840 1964 3176 2026 senectutis
3198 1968 3601 2035 accresceret,
3625 1977 3780 2040 quo-

2206 2068 2437 2130 tidiana
2481 2066 2885 2129 exuberantia
2932 2063 3315 2127 conferebat.
3356 2063 3531 2136 Quod
3564 2079 3781 2141 quam-

2207 2169 2301 2229 vis
2328 2186 2583 2249 parvum
2608 2166 2920 2228 videretur
2937 2172 3224 2239 ettenue,
3244 2182 3371 2226 non
3398 2164 3779 2226 mediocrem

2208 2276 2418 2331 tamen
2439 2284 2744 2330 summam
2764 2266 2891 2345 iugi
2915 2266 3192 2345 pariebat
3210 2271 3566 2343 augmento.
3586 2266 3781 2335 Quae-

2211 2369 2482 2431 stuosior
2528 2368 2766 2447 quippe
2820 2364 2973 2426 mihi
3022 2365 3139 2425 fuit
3192 2363 3299 2426 ille
3344 2380 3776 2436 nummorum,

2212 2486 2398 2547 quam
2418 2468 2535 2529 iste
2565 2466 2907 2529 solidorum
2936 2463 3334 2541 imaginarius
3361 2469 3680 2542 quaestus,
3705 2478 3780 2521 ex

2212 2586 2339 2648 quo
2376 2586 2505 2630 non
2539 2567 2740 2629 solum
2786 2563 2941 2626 nihil
2991 2563 3310 2636 exuberat,
3344 2562 3515 2642 quod
3552 2580 3779 2625 recon-

2212 2672 2376 2742 dam,
2409 2668 2517 2730 sed
2545 2668 2726 2729 etiam
2757 2668 2861 2729 vix
2898 2669 3034 2749 ipsa
3062 2667 3411 2748 quotidiani
3437 2665 3634 2725 victus
3664 2680 3779 2723 ne-

2213 2771 2466 2833 cessitas
2512 2768 2869 2830 sustinetur.
2920 2772 2992 2830 Et
3040 2770 3275 2832 idcirco
3326 2767 3557 2830 rectius
3602 2764 3781 2826 nobis

2215 2878 2329 2943 est,
2366 2869 2533 2931 hunc
2567 2868 2917 2930 solitudinis
2946 2869 3131 2931 huius
3178 2867 3612 2931 tenuissimum
3660 2863 3786 2923 fru-

2216 2976 2381 3032 ctum
2425 2967 2742 3047 indirupta
2787 2970 3041 3047 iugitate
3070 2970 3314 3043 sectari,
3345 2985 3529 3047 quem
3576 2964 3783 3026 nullae

540 3074 849 3141 aestuanti
874 3071 1249 3135 medicinam
1289 3064 1855 3147 opportunissimae
1896 3076 2110 3125 narra-

2215 3069 2563 3131 saeculares
2592 3087 2800 3144 curae,
2835 3069 3043 3131 nullae
3080 3069 3433 3130 mundanae
3465 3065 3785 3128 distentio-

541 3175 729 3237 tionis
750 3171 1026 3249 ingessit.
1050 3170 1215 3241 Erat,
1238 3165 1464 3245 inquit,
1485 3164 1551 3225 in
1573 3164 1815 3225 civitate
1843 3159 2113 3240 quadam

2216 3186 2348 3241 nes,
2375 3169 2541 3231 nulla
2558 3169 2942 3231 cenodoxiae
2971 3187 3042 3230 ac
3073 3169 3353 3230 vanitatis
3380 3164 3627 3229 arrodat
3655 3162 3784 3224 ela—

542 3273 955 3356 Ρθνίίίδδίωυε
983 3279 1221 3339 tonsor,
1246 3264 1355 3345 qni
1376 3263 1644 3325 denariis
1676 3260 1870 3322 ternis
1893 3276 2117 3321 υηιιῐῐι-
2213 3270 2323 3344 tio,
2356 3269 2563 3331 nullae
2607 3270 3058 3332 sollicitudines
3097 3269 3358 3330 diurnae
3400 3263 3784 3329 necessitatis

543 3389 861 3455 quemque
891 3366 1265 3437 detondenS,
1304 3371 1560 3425 tenuem
1604 3360 1916 3439 vilemque
1946 3375 2114 3419 mer-
2215 3368 2587 3430 imminuant
2644 3370 2747 3449 (5).
2788 3392 2814 3425 υ
2857 3369 3004 3430 Uter
3054 3368 3461 3430 Macariorum
3497 3366 3593 3427 vel
3633 3381 3784 3426 num

544 3474 763 3537 cedem
813 3471 907 3533 sui
956 3468 1165 3548 Operis
1200 3461 1605 3543 acquirendo,
1637 3478 1714 3521 ex
1744 3459 1861 3520 hac
1896 3458 2113 3520 eadem

2218 3469 2476 3530 omnino
2520 3487 2685 3530 unus
2735 3487 2812 3531 ex
2856 3469 2933 3529 iis
2981 3466 3462 3547 pulcherrimam
3510 3465 3785 3528 fabulam

545 3572 888 3655 quantitate
911 3566 1259 3632 necessaria
1284 3580 1399 3625 suo
1421 3560 1606 3623 victui
1629 3558 1910 3640 quotidie
1939 3574 2115 3619 com-

546 3672 822 3754 parabat,
872 3677 1252 3745 centumquc
1298 3664 1588 3726 denarios
1653 3659 1901 3741 expleta
1945 3657 2118 3720 omni

546 3770 829 3851 corporis
876 3784 1026 3830 cura
1072 3763 1391 3843 marsupio
1436 3778 1551 3823 suo
1596 3759 1817 3821 diebus
1861 3755 2119 3834 singulis

545 3869 873 3932 inferebat.
907 3865 1027 3927 Sed
1064 3882 1207 3928 cum
1236 3862 1663 3925 indesinenter
1689 3858 1857 3919 hunc
1886 3854 2121 3919 condc-

545 3978 641 4034 ret
668 3977 1020 4051 quaestum,
1054 3966 1286 4028 audivit
1312 3965 1378 4025 in
1407 3961 1673 4043 quadam
1703 3959 1889 4036 longe
1920 3956 2119 4037 posita

548 4072 791 4134 civitate
812 4067 1201 4147 singulorum
1232 4063 1576 4127 solidorum
1607 4059 1884 4138 singulos
1913 4056 2119 4119 homi-

549 4189 664 4234 nes
717 4169 959 4233 tousori
1014 4166 1317 4247 praebere
1374 4161 1751 4224 mercedem.
1821 4160 1952 4231 Quo
2014 4154 2121 4217 ille

550 4277 872 4350 comperto
908 4286 920 4329 :
954 4266 1260 4341 Quamdiu
1300 4280 1432 4338 ero,
1465 4261 1691 4341 inquit,
1721 4258 1837 4319 hac
1873 4255 2119 4318 mendi-

550 4370 734 4434 citate
764 4374 1118 4440 contentus,
1150 4371 1217 4427 ut
1251 4363 1439 4424 trium
1467 4359 1865 4423 denariorum
1895 4356 2120 4435 stipem

550 4487 694 4533 cum
742 4468 957 4529 labore
1012 4465 1411 4544 conquiram,
1461 4477 1653 4540 quum
1718 4457 1953 4538 possim
2005 4454 2116 4516 illo

552 4587 820 4651 pergens
865 4566 1104 4647 ingenti
1166 4564 1509 4627 solidorum
1568 4565 1829 4640 quaestu
1876 4555 2117 4619 divitias

552 4665 969 4746 congregare?
1022 4669 1236 4744 Itaque
1284 4680 1537 4725 sumens
1582 4661 1727 4722 artis
1775 4658 1926 4728 131
1971 4672 2121 4718 suae

550 4769 838 4849 protinus
895 4766 1338 4838 instrumenta,
1396 4761 1690 4842 expensis
1748 4759 1814 4819 in
1871 4762 2118 4834 sumptu

551 4868 873 4939 omnibus,
925 4882 1087 4945 quae
1138 4864 1238 4926 hic
1283 4862 1481 4924 multo
1527 4868 1812 4939 tempore
1861 4856 2122 4919 collecta

550 4974 842 5040 servarat,
889 4966 965 5027 ad
1020 4965 1239 5026 urbem
1292 4963 1459 5024 illam
1504 4956 2120 5039 quaestuosissimam

552 5086 693 5132 cum
713 5085 958 5130 summo
986 5066 1201 5128 labore
1234 5063 1536 5145 pervenit.
1562 5060 1679 5123 Ubi
1704 5077 1846 5122 cum
1877 5075 1971 5131 ea,
1995 5074 2119 5136 qua

619 5307 695 5378 (1)
717 5306 853 5363 Coll.
872 5306 961 5359 \‘ll
989 5320 1110 5375 cap.
1133 5304 1200 5358 27
1219 5303 1620 5372 CassianiOpp.
1638 5300 1725 5357 ed.
1756 5298 1887 5355 Gaz.
1917 5312 1969 5367 p.
1995 5296 2121 5362 528,

555 5396 729 5467 Migne
760 5412 812 5464 p.
847 5394 950 5448 706
979 5410 1063 5463 sq.

624 5488 702 5557 (2)
728 5486 812 5541 Cf.
845 5487 1094 5541 Cassian.
1122 5486 1262 5540 Coll.
1300 5482 1343 5538 1.

625 5578 956 5647 (3)00tclcr.
1009 5576 1152 5630 Eccl.
1204 5575 1398 5630 Graec.
1446 5574 1590 5628 Mon.
1634 5573 1701 5626 Τ.
1750 5572 1769 5626 1
1828 5587 1881 5641 p.
1920 5571 2021 5625 558
2067 5585 2122 5622 ν.

557 5669 822 5724 Macarius
879 5670 1158 5737 Aegyptius
1200 5662 1423 5739 §XXII;
1450 5666 1588 5720 infra
1639 5667 1693 5721 in
1730 5667 1917 5719 harqu
1943 5663 2119 5729 Quae-

553 5765 790 5821 stionum
816 5764 1121 5821 Auoendice
1169 5764 1336 5815 altera
1365 5764 1468 5815 sub
1491 5759 1577 5813 III.

2216 3569 2546 3643 invenerit,
2580 3586 2710 3631 non
2736 3570 3017 3631 traditur.

2297 3698 2425 3757 Iam
2469 3696 2789 3757 recensitis
2833 3696 3101 3758 Cassiani
3130 3712 3383 3774 quoque
3414 3696 3788 3757 testimoniis

2220 3793 2413 3856 libros
2458 3796 2581 3855 VV.
2635 3796 2751 3854 PP.
2800 3812 2835 3855 a
2882 3795 3207 3856 Rosweido
3260 3794 3480 3867 editos,
3516 3813 3783 3874 quorum

2220 3893 2557 3971 scriptores
2585 3899 2772 3972 atque
2801 3898 3066 3955 aetatem
3110 3893 3473 3970 ignoramus
3534 3892 3643 3973 (6),
3677 3911 3785 3954 ex-

2222 3992 2550 4054 cutiamus.

2724 4134 2878 4205 132
2916 4135 3158 4196 CAPUT
3195 4135 3296 4195 VI.

2223 4296 2657 4340 COLLECTIONIS
2720 4297 3195 4341 ROSWEIDIANAE
3250 4298 3430 4343 LIBER
3492 4300 3789 4354 TERTIUS,

2303 4374 2595 4431 QUINTUS,
2624 4375 2881 4432 SEXTUS,
2911 4376 3209 4421 SEPTIMUS
3239 4378 3514 4421 VITARUM
3540 4378 3793 4421 PATRUM

2303 4454 2380 4496 ET
2448 4454 2828 4498 SENTENTIAE
2896 4455 3147 4499 PATRUM
3210 4457 3650 4501 AEGYPTIORUM
3714 4457 3793 4498 DE

2300 4530 2550 4576 SANCTIS
2578 4533 2863 4577 HACARIIS
2889 4535 3192 4579 AEGYPTIO
3219 4536 3294 4578 ET
3323 4534 3791 4578 ALEXANDRINO.

2302 4656 2349 4728 ᾗ.
2387 4652 2483 4714 32.
2515 4654 2697 4717 Liber
2714 4657 2931 4719 tertius
2952 4658 3206 4718 VV.PP.
3224 4657 3610 4720 collectionis
3632 4659 3791 4718 Ros—

2221 4752 2557 4815 weidianae
2584 4756 2859 4818 sedecim
2900 4757 3186 4819 historias
3227 4758 3304 4819 de
3334 4758 3611 4819 Macariis
3638 4775 3792 4819 con-

2224 4854 2403 4914 tinet.
2436 4857 2702 4927 Quarum
2727 4866 3013 4937 quatuor,
3047 4859 3124 4920 de
3150 4859 3428 4931 homine,
3459 4861 3567 4938 qui
3590 4860 3793 4921 caedis

2228 4973 2395 5028 reus,
2429 4956 2585 5020 facta
2614 4978 2646 5020 a
2679 4963 2943 5025 Macario
2991 4964 3295 5043 Aegyptio
3341 4964 3450 5024 viri
3499 4964 3687 5026 occisi
3717 4963 3791 5024 ad

2222 5057 2408 5119 vitam
2467 5063 2886 5137 revocatione,
2928 5063 3223 5126 liberatus
3268 5072 3361 5125 est
3408 5066 3516 5145 (7),
3557 5066 3635 5127 de
3682 5083 3791 5126 uva

2287 5296 2363 5363 (4)
2403 5296 2688 5352 Mémoires
2715 5299 2777 5357 T.
2813 5300 2922 5355 VIII
2953 5301 3012 5355 P.
3048 5301 3110 5355 III
3137 5318 3188 5372 p.
3216 5302 3374 5360 1007.

2292 5386 2368 5455 (5)
2395 5388 2532 5443 Coll.
2585 5389 2749 5444 XXIV
2792 5407 2912 5461 cap.
2964 5393 3030 5447 15
3074 5394 3321 5449 Cassiani
3353 5393 3490 5464 Opp.
3541 5392 3632 5449 ed.
3659 5390 3782 5447 Gaz.

2222 5492 2276 5547 ρ.
2299 5480 2423 5541 618,
2457 5481 2631 5552 Migne
2661 5500 2713 5553 p.
2747 5484 2872 5537 1501
2910 5501 2995 5553 sq.

2284 5571 2361 5635 (6)
2397 5570 2481 5625 Cf.
2508 5587 2670 5641 supra
2697 5573 2724 5643 ᾗ
2751 5574 2818 5626 10
2844 5590 2896 5643 p.
2924 5575 3013 5628 54.

2298 5662 2377 5725 (Ἱὶ
2409 5660 2516 5717 νγ.
2544 5662 2626 5718 PP
2683 5663 2862 5721 Rosw.
2898 5666 2992 5719 lib.
3026 5664 3089 5720 III
3118 5680 3245 5734 cap.
3267 5664 3321 5723 II
3357 5680 3409 5731 ιι.
3434 5660 3561 5723 507.
3587 5662 3635 5717 ι.
3740 5706 3747 5717 .
